4016 6354
659 344 766 400 915

1466 339 1525 397 s.
1564 338 1919 397 pascuasu
1957 308 2302 398 mansuri
2337 336 2629 395 ABBATIS
2661 332 3110 395 conuersum
3718 344 3795 406 εκ

659 465 822 519 etiam
850 461 1215 518 inimicorum.
1243 458 1526 528 Quomodo
1565 474 1698 531 ergo
1716 470 1824 515 non
1850 467 1999 516 recte
2019 467 2243 515 vocatur
2268 462 2319 524 Α
2345 460 2511 513 etiam
2550 455 2774 521 altiora,
2829 456 2995 513 simul
3041 471 3230 514 omnes
3268 458 3455 528 collati,
3486 470 3798 526 commutant.

662 551 1099 619 amicus,saltem
1128 565 1196 606 ex
1222 550 1449 621 antiquo
1481 550 1701 606 nomine
1720 559 1776 605 et
1797 564 2089 617 consensu,
2110 549 2241 605 dum

661 647 877 702 dicatur
928 642 983 699 in
1026 640 1277 714 psalmo:
1307 640 1385 695 Tu
1414 658 1532 697 vero
1571 642 1835 697 unanimis
1883 641 1997 695 dua:
2022 656 2168 697 mens
2193 649 2243 697 et

659 749 814 793 notus
837 753 1006 802 meus,
1027 737 1117 808 qui
1143 734 1301 790 simul
1322 751 1522 790 mecum
1544 734 1723 790 dulces
1743 735 1983 806 cupiebas
2004 734 2165 800 citos,
2187 734 2245 790 in

658 830 813 885 domo
827 828 922 884 Dei
937 827 1316 883 ambularimus
1331 843 1448 881 cum
1462 843 1713 882 consensu
1733 826 1906 895 (Psal.
1924 825 2241 900 quLIS).

659 919 801 992 Ergo
815 920 1144 974 unauimitas
1164 928 1216 972 et
1239 933 1540 974 consensus
1567 934 1704 974 unus
1728 918 1851 984 fuit,
1873 935 1980 975 non
2006 918 2246 975 immeri-

666 1020 742 1076 to,
762 1009 873 1065 etsi
889 1025 955 1064 ex
980 1010 1146 1080 priori
1168 1008 1427 1064 vocabulo
1442 1008 1649 1064 amicus
1664 1008 1984 1079 appellatur;
2000 1025 2104 1064 non
2120 1008 2246 1065 ﬁcte

660 1101 903 1173 quidem,
935 1100 1029 1155 sed
1058 1115 1123 1154 ex
1160 1099 1390 1155 veritate
1423 1100 1630 1169 antiqui
1677 1100 1931 1155 nominis.
1956 1098 2071 1155 Non
2100 1100 2243 1156 enim

661 1192 921 1259 simulare
967 1208 1066 1247 nos
1120 1192 1299 1256 docet,
1346 1194 1439 1249 sed
1482 1192 1881 1263 simplicitatem
1909 1208 2061 1247 suam
2089 1193 2246 1249 nobis

660 1286 922 1353 insinuat,
946 1303 1021 1343 ne
1053 1286 1195 1342 forte
1220 1288 1551 1358 proditorem
1580 1302 1736 1342 suum
1764 1286 2014 1358 refugere
2036 1287 2246 1343 videre-

659 1388 770 1445 tur,
801 1379 896 1449 qui
927 1380 1082 1435 nobis
1114 1380 1279 1435 etiam
1313 1379 1564 1435 inimicos
1609 1379 1833 1451 diligere
1872 1378 2046 1450 jubet.
2093 1378 2245 1435 Unde

662 1468 709 1524 si
740 1468 963 1523 vulnera
986 1468 1151 1536 Petri,
1182 1483 1213 1523 a
1236 1469 1432 1539 quibus
1464 1468 1691 1524 Domino
1727 1470 2043 1540 increpatur
2062 1469 2243 1525 cousi-

670 1558 855 1624 deras,
882 1567 938 1613 et
966 1558 1212 1613 osculum
1237 1558 1411 1625 Judze,
1436 1558 1690 1629 probabis
1718 1542 1844 1629 quia
1877 1558 2099 1614 meliora
2122 1566 2248 1615 sunt

659 1651 885 1706 vulnera
935 1650 1151 1724 1124
1194 1652 1488 1721 diligentis,
1535 1667 1699 1723 quam
1747 1651 1931 1707 oscula
1986 1651 2242 1707 odientis.

660 1740 777 1798 Non
807 1742 951 1798 enim
978 1759 1142 1798 unum
1174 1753 1294 1799 erat
1315 1743 1557 1798 osculum
1590 1741 1760 1803 Judm.
1784 1753 1839 1796 et
1861 1742 2103 1798 osculum
2130 1740 2246 1810 ejus

2344 548 2584 617 Denique
2645 548 2789 615 quod
2824 545 3005 603 Lucas
3040 547 3120 603 sit
3154 564 3168 602 :
3214 542 3440 606 Videntes
3489 553 3562 622 qui
3607 558 3718 611 circa
3748 555 3805 629 ip-

2339 655 2458 695 ενπη
2488 633 2700 707 1125
2726 644 2877 690 "am
2910 637 3050 707 quod
3080 636 3308 707 futurum
3346 649 3469 705 erat,
3506 642 3704 698 dixerunt
3743 650 3806 708 ei;

2342 729 2590 793 Domine,
2614 729 2997 801 sipercutimus
3025 728 3080 782 in
3107 727 3316 799 gladio?
3340 727 3483 797 (Luc.
3510 733 3709 799 xxu,l9,
3726 735 3807 809 5i.)

2344 823 2601 896 Majorem
2644 826 2804 882 nobis
2856 824 3206 895 qutestinnem
3234 832 3460 891 generat,
3488 827 3682 882 maxime
3708 829 3810 899 quod

2344 918 2630 974 audierant
2659 918 3007 989 respondisse
3053 915 3352 980 Dominum,
3382 914 3531 972 Sinite
3570 936 3702 988 usque
3725 922 3810 977 hu.

2347 1007 2448 1065 Ubi
2498 1025 2737 1080 pnesens
2777 1008 3127 1079 Evangelium
3171 1016 3351 1061 narrat
3391 1008 3570 1064 dixisse
3604 1010 3812 1066 Dominum

2345 1102 2507 1159 Petro
2536 1121 2550 1157 :
2575 1101 2829 1158 Converte
2856 1102 3090 1174 gladium
3123 1112 3267 1156 tuum
3309 1100 3363 1156 in
3401 1100 3555 1156 locum
3580 1112 3812 1168 sumite.

2346 1193 2439 1249 Sic
2468 1192 2667 1263 quippe
2695 1191 2871 1247 Lucas
2899 1191 2967 1247 de
3002 1191 3416 1261 interrogatione
3435 1191 3817 1262 discipulorumet

2344 1281 2560 1337 Domini
2611 1283 2986 1353 responsione,
3034 1296 3142 1352 qua
3197 1281 3275 1335 ait
3313 1298 3327 1334 :
3374 1277 3531 1335 Sinite
3575 1297 3703 1349 usque
3731 1283 3816 1348 liae,

2344 1386 2532 1427 narrat
2555 1373 2708 1442 quasi
2733 1380 2852 1443 post
2879 1371 3023 1426 illam
3058 1371 3451 1441 percussionem
3469 1371 3534 1425 ita
3557 1371 3721 1425 dictum
3742 1373 3819 1428 luo-

2344 1463 2440 1527 rit,
2469 1471 2521 1517 et
2542 1462 2805 1532 placuerit
2839 1462 3070 1517 Domino
3097 1476 3268 1532 usque
3298 1462 3421 1525 huc,
3443 1460 3539 1515 hoc
3564 1458 3819 1516 {actutum-

2347 1561 2460 1607 tum
2515 1567 2581 1606 ne
2612 1552 2843 1621 amplius
2872 1552 3048 1606 ﬁeret.
3082 1550 3190 1605 Sed
3204 1550 3355 1619 juxta
3380 1551 3511 1604 hunc
3546 1549 3690 1603 locant
3712 1564 3820 1619 qua

2347 1650 2661 1705 tractamus,
2692 1642 2771 1695 sic
2803 1640 3004 1695 dictum
3036 1649 3120 1695 est
3144 1655 3177 1697 ιι
3205 1639 3441 1701 Domino,
3466 1647 3518 1692 ut
3550 1637 3820 1707 intelligamus

2345 1735 2393 1788 ei
2416 1734 2594 1804 potius
2619 1742 2789 1788 totum
2814 1733 3153 1803 displicuisse
3183 1732 3323 1801 quod
3345 1730 3527 1785 Petrus
3548 1745 3632 1784 suo
3655 1744 3751 1783 usus
3766 1735 3821 1783 est

657 1848 777 1902 qua:
807 1834 936 1889 dicit
972 1833 1026 1888 in
1065 1834 1307 1890 Canticis
1336 1852 1349 1887 :
1390 1831 1672 1889 Osculetur
1700 1852 1780 1889 me
1823 1834 2000 1888 osculo
2027 1836 2134 1888 oris
2162 1835 2243 1888 sui
2276 1836 2318 1897 B
2346 1824 2542 1895 gladio.
2573 1824 2639 1878 Ει
2672 1825 2809 1878 mira
2839 1823 2934 1878 Dei
2972 1822 3275 1895 dispositio.
3317 1819 3373 1875 Si
3398 1820 3683 1875 nolebateos
3703 1818 3822 1889 gladio

660 1918 840 1993 (Cant.
866 1939 908 1988 ι,
938 1921 1012 1992 1).
1048 1922 1155 1978 Nec
1183 1933 1362 1977 tamen
1393 1923 1815 1994 benignissimus
1837 1923 2095 1979 Dominus
2124 1939 2247 1993 pro-

659 2008 892 2067 ditorem
923 2027 1080 2066 suum
1110 2028 1139 2067 a
1168 2028 1227 2068 se
1258 2013 1485 2083 repellit,
1522 2015 1606 2069 cui
1652 2015 1854 2069 amoris
1883 2013 2114 2069 olliciutn
2138 2029 2243 2070 non

658 2103 900 2171 negavit,
946 2114 1000 2157 et
1045 2104 1376 2173 increpantis
1418 2120 1546 2161 voce
1591 2104 1761 2161 dicit:
1799 2106 1995 2170 Amice,
2024 2106 2093 2160 ad
2120 2106 2246 2175 quid

664 2186 890 2246 uenisti?
922 2192 999 2249 Ac
1030 2193 1074 2247 si
1124 2193 1365 2248 diceret:
1391 2193 1473 2249 Ad
1524 2196 1665 2264 quod
1707 2196 1915 2257 venisti,
1959 2212 2059 2249 cur
2101 2195 2247 2251 aliud

664 2296 827 2353 agere
875 2291 926 2337 te
982 2284 1258 2338 ostendis?
1294 2284 1549 2341 Osculum
1595 2285 1810 2355 quidem
1857 2285 2108 2355 porrigis,
2152 2285 2245 2340 sed

666 2372 880 2443 signum
905 2380 988 2428 est
1016 2373 1340 2429 traditionis.
1369 2373 1502 2429 Rem
1531 2376 1689 2429 aliam
1712 2375 1825 2446 agis
1842 2391 1963 2431 cum
1982 2391 2067 2429 me
2088 2391 2247 2430 oscu-

661 2460 817 2529 laris,
844 2471 900 2517 et
940 2465 1258 2535 sanguinem
1288 2465 1627 2519 innocentem
1668 2465 2103 2535 persecutoribus
2132 2473 2245 2519 tra-

667 2552 770 2608 dis.
800 2551 954 2608 Uude
980 2553 1069 2610 l‘ac
1095 2555 1160 2610 ad
1191 2558 1335 2625 quod
1382 2556 1601 2623 venisti,
1621 2565 1675 2611 et
1720 2556 1922 2625 perﬁce
1943 2565 2144 2627 coepta,
2179 2568 2247 2610 ne

663 2641 971 2699 itnmoreris
993 2646 1138 2701 circa
1162 2648 1369 2723 oscula,
1398 2649 1651 2717 quoniam
1680 2649 1923 2703 osculum
1959 2656 2106 2703 tuum
2141 2664 2244 2703 non

662 2736 876 2809 signum
905 2748 989 2794 est
1014 2740 1181 2811 pacis,
1209 2756 1385 2811 neque
1405 2740 1659 2796 amicitia!
1686 2743 1860 2797 virtus
1893 2760 1905 2796 :
1938 2742 2138 2797 idcirco
2162 2740 2247 2797 l'ac

660 2830 731 2883 ad
783 2830 925 2899 quod
976 2831 1191 2895 venisti,
1238 2831 1362 2900 quia
1414 2847 1519 2887 non
1574 2833 1740 2887 habes
1791 2847 1978 2901 pacem
2010 2848 2243 2897 mecum,

659 2936 823 2992 quam
853 2934 961 2975 non
990 2922 1202 2977 amasti.
1232 2921 1343 2977 lloc
1365 2924 1566 2994 quippe
1594 2924 1810 2979 nomine
1833 2934 1992 2994 quam
2023 2940 2164 2993 saepe
2190 2923 2246 2979 in

668 3012 966 3081 Scripturis
998 3012 1228 3083 legimus
1254 3016 1513 3084 reprolos
1544 3015 1865 3085 increpatos,
1890 3026 1943 3069 ut
1972 3023 2053 3069 est
2076 3015 2202 3069 illud
2228 3033 2240 3068 :

664 3102 881 3174 Amice,_
914 3105 1176 3175 quomodo
1226 3105 1328 3159 Ituc
1376 3106 1618 3170 intrasti,
1675 3123 1779 3160 non
1821 3106 2016 3160 habens
2057 3115 2245 3161 restem

663 3287 805 3358 [acia
854 3288 949 3343 tibi
998 3290 1248 3357 injuriam
1286 3290 1499 3361 (Matth.
1545 3306 1679 3355 χιιι,
1724 3290 1845 3359 12);
1899 3305 2018 3360 quae
2065 3291 2246 3346 omnia

668 3378 842 3452 magis
885 3380 1217 3452 increpantis
1270 3390 1396 3436 sunt
1459 3396 1621 3451 quam
1685 3382 2051 3452 approbantis.
2104 3381 2248 3437 Tune

665 3474 989 3539 accedentes,
1006 3491 1193 3529 manus
1218 3475 1508 3545 injecerunt
1532 3476 1587 3531 in
1600 3473 1636 3529 Ι
1640 3492 1816 3539 esum;
1838 3475 1963 3545 quia
1989 3474 2251 3532 timebant

666 3582 735 3623 ne
761 3564 899 3621 forte
930 3565 996 3623 de
1024 3564 1277 3623 manibus
1324 3580 1512 3621 eorum
1560 3567 1853 3622 laberetur.
1908 3566 2062 3622 Licet
2094 3565 2248 3635 juxta

660 3642 920 3713 joauucm
949 3658 1117 3712 verbo
1157 3656 1414 3729 perculsi,
1447 3655 1501 3712 in
1558 3668 1757 3713 terram
1788 3665 2085 3713 retrorsum
2109 3657 2249 3713 ceci-

662 3750 902 3817 dissent;
935 3760 1116 3806 tamen
1150 3750 1275 3820 quia
1317 3751 1387 3807 ad
1431 3751 1532 3807 hoc
1557 3760 1839 3816 venerant,
1869 3750 1984 3821 ipso
2022 3750 2247 3820 permit-

665 3828 831 3909 tente,
881 3851 1171 3899 tenuerunt
1216 3860 1364 3912 eum,
1419 3853 1475 3901 et
1501 3844 1741 3901 vinctum
1785 3845 2155 3916 perduxerunt
2180 3843 2248 3900 ad

665 3935 881 3991 domum
913 3936 1176 4008 principis
1204 3938 1570 3993 sacerdotum.
1604 3937 1823 3994 Interim
1854 3953 1983 3995 vero
2014 3955 2029 3993 :
2126 3986 2133 3993 .

736 4030 873 4087 Ecce
901 4048 1038 4087 unus
1071 4048 1137 4087 ea:
1163 4032 1247 4087 his
1286 4033 1377 4104 qui
1428 4042 1577 4088 erant
1616 4050 1733 4087 cum
1774 4032 1925 4098 Iesu,
1968 4031 2249 4087 extendens

666 4140 881 4179 manum
907 4126 1093 4180 exemit
1118 4124 1352 4195 gladium
1393 4143 1575 4192 suum,
1618 4137 1669 4181 et
1704 4126 1997 4196 percutiens
2041 4142 2250 4182 servum

663 4213 917 4286 principis
944 4216 1293 4280 sacerdotum,
1312 4218 1601 4288 amputavit
1621 4216 1917 4272 auriculam
1941 4217 2073 4287 ejus.
2094 4216 2249 4288 Saepe

665 4323 880 4374 moneo,
902 4318 957 4364 et
976 4323 1199 4365 monere
1214 4316 1427 4379 oportet
1440 4308 1695 4365 lectorem
1709 4307 1882 4365 sancti
1897 4309 2172 4380 Evangeli,
2189 4315 2251 4364 ut

665 4414 731 4455 ex
752 4398 1040 4456 collatione
1058 4398 1515 4469 evangelistarum
1536 4399 1711 4455 discat
1733 4398 2065 4455 diﬂ‘erentias
2079 4400 2251 4455 dicto-

665 4505 807 4545 rum.
851 4489 1116 4556 Quoniam
1160 4504 1322 4546 nemo
1377 4499 1462 4546 est
1507 4492 1597 4561 qui
1647 4491 1716 4546 ad
1761 4489 2022 4561 liquidum
2082 4504 2248 4546 unum

2347 1916 2530 1981 ferire,
2579 1933 2677 1971 cur
2704 1924 3033 1985 przeceperat
3082 1924 3142 1969 ut
3180 1912 3431 1970 venderet
3468 1913 3664 1982 quisque
3697 1922 3824 1963 eorum

2348 2007 2584 2061 tunicam
2634 2022 2811 2069 suam,
2839 2017 2893 2060 et
2924 2016 3126 2061 emeret
3150 2004 3407 2076 gladium,
3445 2016 3532 2058 seu
3558 2010 3717 2056 cetera
3747 2011 3824 2067 qua

2347 2099 2411 2155 de
2449 2099 2626 2170 gladio
2676 2099 2763 2153 ubi
2796 2098 2878 2151 vel
2933 2098 3023 2153 ubi
3055 2096 3352 2151 dicuntur?
3382 2094 3504 2162 Qua:
3535 2093 3684 2148 omnia
3724 2089 3826 2144 nobis

2344 2190 2564 2259 pariunt
2594 2189 2952 2258 quaestiones;
2998 2196 3052 2243 et
3076 2187 3196 2242 sine
3221 2185 3384 2241 dubio
3410 2182 3591 2253 majora
3614 2181 3825 2248 intelligeti-

2348 2281 2493 2336 tibus
2513 2290 2772 2349 generant
2796 2286 2946 2335 saera
2956 2290 3160 2335 menta.
3177 2279 3310 2334 Illud
3332 2287 3521 2340 autem,
3535 2276 3664 2346 juxta
3675 2272 3825 2335 thcam,

2347 2374 2489 2442 quod
2521 2373 2874 2443 interrogant,
2910 2371 3154 2434 Domine,
3188 2373 3237 2425 si
3266 2369 3566 2441 percutimus
3598 2366 3643 2418 in
3680 2358 3828 2434 gladio?

2348 2464 2512 2519 Prius
2551 2465 2775 2520 omnino
2806 2463 3207 2536 intelligendum
3256 2472 3359 2527 est,
3396 2475 3544 2531 quam
3579 2459 3730 2513 Petrus
3760 2451 3830 2521 gla-

2348 2557 2495 2611 dium
2542 2556 2827 2623 eximeret,
2859 2566 2914 2613 et
2964 2556 3085 2611 ideo
3131 2556 3421 2611 Dominum
3456 2552 3529 2608 sic
3557 2547 3824 2620 reSpondisse.

2349 2648 2515 2705 Sinite
2542 2665 2704 2719 usque
2733 2646 3221 2710 Imc,mauifcstum
3249 2656 3352 2702 est.
3383 2645 3458 2701 Ac
3483 2644 3523 2699 si
3544 2642 3737 2697 diceret:
3757 2633 3830 2689 Non

2348 2756 2444 2795 vos
2481 2750 2697 2795 moveat
2726 2739 2867 2809 quod
2895 2737 3134 2792 futurum
3159 2747 3268 2801 est,
3316 2736 3409 2792 sed
3444 2732 3699 2806 permittite
3721 2739 3831 2796 usque

2349 2832 2416 2887 ad
2444 2848 2530 2886 me
2558 2831 2835 2893 accedere,
2853 2840 2911 2885 ut
2935 2845 3020 2885 me
3034 2829 3515 2899 comprehendant,
3531 2835 3583 2880 ut
3601 2821 3832 2893 impleantur

2349 2942 2470 2995 qua:
2499 2926 2566 2980 de
2596 2940 2681 2979 me
2711 2925 2915 2995 scripta
2958 2934 3105 2987 sunt,
3155 2931 3271 2979 etc.
3304 2922 3408 2979 Sed
3438 2920 3569 2976 inter
3592 2930 3733 2973 moras
3757 2924 3832 2965 ter-

2348 3017 2540 3072 borum
2581 3018 3052 3088 iuterrogantium,
3081 3017 3209 3071 dum
3258 3015 3618 3085 colloquuntur
3642 3008 3695 3065 ad
3716 3000 3833 3062 Domi-

2350 3125 2500 3172 num,
2531 3116 2587 3164 et
2617 3108 2762 3164 illius
2783 3107 3108 3170 dulcissimae
3135 3105 3505 3179 responsionis
3532 3102 3686 3165 verba,
3709 3094 3833 3150 Petili
3936 3118 3937 3173 ι

664 3194 949 3264 nuptialem
986 3196 1201 3266 (Matth.
1250 3198 1506 3269 χκ,15)ἳ
1550 3206 1607 3252 et
1650 3198 1780 3253 illud
1830 3215 1844 3252 :
1889 3199 2086 3265 Amice,
2138 3212 2241 3252 non
2270 3197 2316 3261 C
2349 3215 2501 3257 more
2538 3216 2635 3256 suo
2689 3216 2757 3256 ex
2808 3199 3021 3256 fervore
3050 3198 3174 3254 ﬁdei
3200 3210 3266 3255 et
3291 3195 3834 3263 cliaritatis,quamseﬂ-
3936 3194 3937 3269 ξ

2352 3310 2448 3366 per
2494 3294 2731 3349 habebat
2770 3294 2823 3348 in
2856 3292 3164 3358 Dominum,
3194 3307 3271 3346 ex
3315 3290 3560 3345 aviditate
3603 3273 3836 3371 defensio"?

2352 3364 2427 3457 pii
2458 3385 2723 3457 magistri,
2750 3392 2807 3439 et
2834 3383 3026 3455 majori
3050 3397 3148 3454 pro
3186 3381 3425 3438 Domino
3460 3364 3836 3457 commotionent

2351 3456 2396 3533 si
2421 3456 2603 3542 homo,
2631 3477 2758 3546 quia
2784 3476 3012 3531 necdum
3039 3474 3106 3529 ad
3133 3472 3360 3544 plenum
3381 3472 3577 3529 sciebat
3592 3456 3835 3547 sacramenti
3936 3532 3937 3547 χ

2351 3566 2469 3630 Dei,
2522 3544 2785 3636 impulsus
2838 3565 2907 3620 ad
2939 3565 3266 3631 vindictam,
3314 3578 3503 3636 parum
3546 3554 3733 3615 attendit
3758 3544 3837 3639 quid

2349 3657 2531 3712 caeteri
2555 3657 2819 3724 dicerent,
2849 3656 2934 3712 vel
2963 3656 3091 3727 quid
3116 3666 3373 3728 agerent,
3400 3654 3557 3711 etiam
3575 3649 3647 3705 vel
3666 3644 3761 3716 quid
3777 3639 3838 3694 ου-
3936 3694 3937 3727 ξ

2353 3747 2532 3803 minus
2555 3747 2925 3818 responderet.
2957 3746 3107 3802 lnter
3133 3747 3241 3803 has
3263 3747 3426 3819 igitur
3453 3756 3615 3800 moras
3636 3738 3838 3819 dictum.

2350 3840 2603 3911 percussit
2636 3812 2841 3894 servum
2868 3838 3121 3909 principis
3144 3812 3505 3894 sacerdotum.
3536 3833 3630 3888 Sed
3656 3828 3710 3884 ab
3729 3812 3841 3911 Emi:

2351 3902 2560 4003 gelistis
2590 3947 2697 3987 non
2735 3902 3221 4002 potuerunt'simul
3252 3931 3383 3995 dici,
3424 3941 3539 4000 qua:
3560 3918 3697 3979 simul
3722 3902 3839 4003 inuti

2353 3996 2596 4097 iempore
2620 3996 2760 4082 facta
2788 4043 2884 4083 seu
2905 4027 3049 4083 dicta
3086 4035 3238 4081 sunt.
3270 3996 3473 4081 Probth
3508 4030 3666 4077 autem
3693 4016 3767 4070 hoc

2351 4134 2494 4185 esse,
2541 4119 2698 4187 juxta
2737 4118 2958 4181 Lucam,
3016 4122 3305 4188 responsio
3345 4110 3641 4173 Salvatoris.
3671 4120 3749 4177 ill"
3774 4114 3796 4153 η

2352 4213 2498 4269 facto
2524 4212 2692 4280 Petri,
2738 4214 2833 4270 sed
2860 4211 3273 4282 interrogationi
3306 4206 3670 4279 discipulorum
3703 4204 3846 4282 νεεροξξ

2353 4268 2496 4360 disse
2529 4268 2809 4374 probatur.
2853 4268 3096 4357 Necdum
3141 4302 3333 4373 itaque
3379 4268 3569 4356 Petrus
3615 4268 3843 4374 patientia!

2354 4362 2721 4467 evangeltam
2760 4392 2862 4449 sibi
2901 4408 2931 4447 a
2976 4392 3205 4447 Domino
3235 4362 3495 4450 traditam
3524 4362 3760 4443 retinebat,

2353 4457 2538 4560 pacem
2572 4457 2734 4556 quam
2778 4485 2858 4540 eis
2885 4484 3141 4551 dederat,
3159 4484 3258 4540 sed
3302 4482 3592 4541 secundum
3625 4457 3848 4560 Ιεὲίδίβίξ

664 4548 895 4646 eorum:
908 4588 1219 4651 utoportct,
1264 4548 1567 4653 intelligere
1612 4590 1795 4653 queat,
1817 4548 1929 4638 nisi
1954 4597 2143 4638 omnes
2175 4598 2242 4639 eo
2269 4580 2321 4642 Ι)
2351 4548 2611 4633 iutiouem
2652 4577 2831 4631 adhuc
2860 4574 3046 4630 ulcisci
3077 4548 3135 4631 se
3160 4575 3230 4631 de
3259 4574 3498 4631 inimicis
3520 4548 3849 4653 cogitabatalif

665 4682 1024 4751 persequatur
1043 4675 1387 4746 spiritn,quo
1409 4675 1508 4746 ipsi
1539 4675 1681 4731 inter
1710 4690 1770 4732 se
1803 4684 1898 4731 aut
1942 4676 2245 4742 variantur,

666 4772 760 4820 aut
785 4764 926 4822 alius
940 4780 1130 4821 eorum
1152 4766 1353 4837 aliquid
1374 4766 1672 4837 plus,alins
1693 4783 1821 4824 vero
1843 4767 2044 4839 aliquid
2067 4768 2246 4825 minus

666 4853 903 4923 dixerit;
928 4863 1022 4911 aut
1062 4865 1212 4912 certe
1242 4857 1350 4914 alio
1374 4857 1426 4912 in
1452 4858 1592 4924 loco,
1635 4875 1756 4929 qu:e
1794 4859 1937 4914 dicta
1982 4859 2063 4915 vel
2094 4867 2246 4931 gesta

662 4954 813 5013 sunt,
846 4945 1295 5019 qualitercunque
1334 4957 1496 5019 prout
1527 4950 1787 5021 oportuit,
1817 4950 2145 5006 iuterscruit.
2168 4936 2244 5005 ἰιι

666 5053 777 5109 quo
805 5051 971 5109 Opere
1018 5034 1119 5096 etsi
1173 5056 1401 5112 magnus
1445 5050 1527 5096 est
1555 5041 1727 5107 labor,
1762 5042 1946 5112 utique
1975 5042 2247 5113 protieuus

663 5136 751 5181 est
802 5125 1036 5196 fructus,
1082 5140 1137 5185 et
1184 5129 1424 5201 locuples
1478 5130 1853 5201 intelligentia,
1896 5139 1957 5186 ut
1981 5140 2112 5201 puta
2144 5132 2250 5188 hoc

664 5218 808 5285 loco,
856 5221 980 5290 quis
1005 5223 1075 5278 sit
1110 5222 1212 5278 iste
1238 5238 1380 5277 unus
1421 5237 1489 5276 ex
1528 5221 1612 5277 bis
1637 5222 1911 5293 quierant
1951 5237 2072 5278 cum
2098 5223 2248 5291 Jesu,

672 5313 764 5382 qui
795 5314 1042 5369 extendit
1070 5330 1309 5378 manum,
1336 5322 1393 5368 et
1424 5313 1628 5368 exemit
1650 5314 1883 5384 gladium
1924 5330 2114 5379 suum;
2144 5315 2252 5371 uti-

666 5414 774 5471 que
809 5404 1102 5459 secundum
1151 5402 1414 5460 Joannem
1444 5403 1640 5460 Petrus
1677 5404 1843 5460 fuisse
1884 5416 2156 5471 narratur,
2194 5413 2250 5463 et

668 5506 829 5561 quem
893 5496 1221 5566 percusserit
1280 5495 1422 5549 idem
1471 5493 1713 5551 Malcbus
1776 5505 2021 5551 vocatur.
2084 5496 2249 5553 Auri-

669 5582 847 5638 culam
898 5601 1027 5642 vero
1074 5604 1237 5660 quam
1291 5589 1544 5653 abscidit,
1598 5590 1892 5645 secundum
1946 5590 2146 5647 Lucam
2196 5599 2254 5647 et

668 5670 960 5746 Joannem,
1000 5680 1275 5736 dexteram
1333 5679 1501 5737 fuisse
1536 5690 1888 5738 memoratur.
1954 5680 2081 5738 Haec
2135 5700 2253 5739 om-

672 5764 766 5826 nia
811 5776 865 5826 et
908 5785 1129 5836 sensum
1175 5782 1405 5849 augent,
1454 5782 1511 5835 et
1547 5774 1809 5852 mysteria
1846 5775 1900 5831 in
1937 5776 2052 5851 ipso
2086 5777 2249 5846 iacto,

2351 4667 2420 4725 ad
2448 4666 2593 4738 quod
2617 4666 2879 4721 Dominus
2903 4664 3111 4736 gladios
3144 4679 3336 4720 emere
3356 4636 3647 4722 monuerat,

2352 4732 2630 4812 didicerat.
2668 4756 2886 4828 1123
2907 4732 3019 4822 cui
3044 4771 3152 4811 non
3184 4756 3314 4812 ideo
3330 4755 3569 4825 jusserat
3590 4758 3639 4802 ut
3678 4732 3847 4828 tenuit;

2350 4847 2447 4902 sed
2485 4862 2552 4902 ne
2583 4818 3251 4917 imparaTivinvenirentur
3292 4846 3456 4911 forte,
3486 4842 3562 4897 vel
3595 4818 3849 4917 quiadeail’

2351 4938 2587 4995 dicebat.
2604 4914 2756 4994 Unde
2786 4953 2910 4994 cum
2931 4937 3196 4994 dixissent
3228 4953 3243 4992 :
3281 4937 3527 4999 Domine,
3550 4934 3645 4986 duo
3667 4931 3759 4981 sint!
3778 4914 3850 4999 εἷος

2354 5029 2429 5084 dii
2460 5030 2566 5095 hic,
2609 5030 2783 5085 dixit:
2818 5028 2962 5085 Satis
2989 5039 3102 5095 est;
3135 5029 3265 5099 quia
3309 5026 3583 5098 discipulis
3614 5012 3847 5099 Chrisliﬂf

2352 5122 2474 5193 plus
2513 5131 2638 5177 sunt
2667 5123 2956 5179 necessarii
3000 5137 3163 5193 quam
3192 5120 3326 5187 duo,
3377 5135 3480 5175 nec
3521 5116 3680 5172 minus
3716 5102 3851 5193 haberi

2352 5187 2634 5287 congruit,
2678 5231 2843 5269 unum
2882 5214 2937 5269 in
2978 5187 3167 5280 verbo,
3210 5227 3322 5282 quo
3354 5211 3585 5267 feriatur
3614 5187 3850 5287 ιιυίειιυενξ

2354 5310 2684 5374 vivilicetur;
2716 5310 2968 5372 alterum,
3008 5325 3118 5380 quo
3149 5308 3457 5364 ulciscatur
3501 5313 3652 5360 omne
3672 5282 3851 5380 scelus?

2352 5403 2735 5468 inobedientia,
2777 5413 2833 5458 et
2885 5403 2930 5458 si
2970 5418 3078 5458 non
3120 5416 3179 5457 se
3212 5399 3537 5461 correxerit,
3564 5364 3851 5465 (ιοίάαδωοῶ

2352 5506 2456 5562 est,
2488 5498 2836 5568 praecidatur,
2865 5505 2919 5551 et
2961 5505 3236 5552 resecetur
3276 5509 3308 5548 a
3363 5504 3606 5562 corpore.
3634 5475 3849 5568 Em”)?

2354 5560 2526 5643 solum
2566 5602 2686 5656 qua:
2716 5586 3137 5658 benignissimus
3177 5583 3434 5640 Salvator
3466 5560 3595 5652 egit.
3640 5569 3707 5625 vel
3743 5560 3847 5657 dixit;

2353 5679 2510 5750 plena
2541 5687 2669 5734 sunt
2694 5680 2987 5751 mysteriis,
3015 5695 3203 5735 verum
3235 5676 3406 5731 etiam
3435 5682 3489 5729 et
3515 5684 3624 5742 qna-
3645 5660 3851 5751 Petillii“

2356 5736 2458 5831 bac
2476 5736 2884 5846 perturbatione
2909 5736 3028 5845 sua,
3066 5769 3391 5831 obumbrata
3415 5736 3849 5825 miserantmi-
