4016 6354
214 376 310 436 ιιι

966 382 1323 442 EXPOSITIO
1359 382 1427 441 1N
1466 382 1986 443 MATTHEUM.-—
2024 386 2149 444 LIB.
2185 390 2305 478 ΧΠ,
2347 391 2497 447 CAP.
2541 380 2723 449 XXVI.

3376 372 3481 458 uti

216 493 372 553 Unde
393 508 502 551 non
518 495 1098 567 qualecunqueinllixit
1124 500 1337 567 vulnus,
1354 514 1451 556 nec
1465 499 1792 571 quicunque,
1821 504 1872 564 Α
1899 508 1954 556 et
1972 503 2193 559 redeant
2218 506 2283 560 ad
2309 506 2494 570 vitam,
2519 516 2610 562 aut
2627 524 2711 574 eo,
2727 508 2850 578 quia
2872 511 3072 582 corrigi
3089 526 3147 568 se
3167 515 3477 570 noluerunt.

214 582 309 646 ted
332 586 497 644 servo
525 589 787 660 principis
814 591 1158 647 sacerdotum
1184 594 1471 664 amputavit
1502 593 1797 649 auriculam

213 683 504 737 dexteram.
536 678 672 750 Quia
702 681 804 754 ipsi
835 683 1109 754 principes
1132 687 1473 741 sacerdotum
1511 682 1623 755 jam
1655 684 1798 741 servi

214 780 373 831 erant
395 774 622 843 peccati,
648 789 877 845 quorum
910 776 1086 832 omnis
1117 777 1333 832 auditus
1358 793 1465 832 non
1495 777 1548 832 in
1571 776 1795 843 dextris,

214 864 306 918 sed
330 863 387 917 in
412 864 651 920 sinistris
674 873 794 919 erat
822 865 986 936 legis;
1015 876 1070 921 et
1100 866 1220 920 ideo
1240 868 1364 938 jure
1394 877 1705 939 amputatur
1731 869 1799 925 ab

212 954 311 1016 eis,
342 954 607 1023 quidquid
634 954 981 1010 dexterorum
1009 964 1149 1019 erat,
1178 972 1245 1011 ne
1274 957 1411 1012 ultra
1440 958 1802 1028 gloriarentur

212 1045 299 1100 his
337 1060 462 1116 quae
494 1046 592 1115 ipsi
625 1046 765 1101 male
790 1046 1151 1117 perdiderant.
1186 1048 1340 1104 Unde
1365 1058 1417 1105 et
1455 1051 1569 1120 ipse
1611 1066 1801 1107 servus

211 1143 361 1190 recte
386 1145 610 1190 vocatur
648 1130 907 1192 Malchus.
955 1138 1197 1194 Malchus
1226 1156 1458 1211 namque
1494 1157 1587 1197 rex
1634 1144 1800 1198 inter—

209 1236 481 1299 pretatur,
510 1227 633 1297 quia
663 1228 891 1299 populus
911 1228 1214 1285 Iudaeorum
1238 1234 1488 1302 quamvis
1515 1250 1544 1287 a
1572 1233 1800 1291 Domino

208 1320 262 1374 in
304 1333 531 1391 regnum
571 1321 643 1375 sit
684 1322 911 1387 electus,
952 1322 1051 1391 ipsi
1096 1338 1155 1378 se
1201 1339 1388 1381 servos
1416 1326 1796 1395 exhibuerunt,

207 1411 385 1481 culpis
423 1412 783 1483 exigentibus,
833 1416 1206 1486 sempiternos.
1244 1417 1308 1471 Et
1343 1418 1463 1473 ideo
1492 1420 1802 1489 prarciditur

207 1502 278 1556 ab
296 1502 379 1557 eis
409 1503 625 1559 auditus
667 1505 876 1570 dexter,
905 1521 1028 1561 cum
1069 1506 1314 1562 aufertur
1341 1509 1687 1582 intelligentia
1718 1512 1801 1567 di-

205 1596 324 1649 vini
362 1595 535 1650 verbi.
573 1595 708 1653 llinc
751 1598 1013 1668 propheta
1065 1599 1179 1652 ait:
1216 1598 1438 1654 Excwca
1486 1618 1575 1654 cor
1621 1602 1801 1673 populi

207 1686 375 1754 hujus
403 1694 449 1738 et
478 1702 633 1740 aures
661 1704 840 1741 eorum
865 1682 1114 1758 aggrara,
1144 1706 1206 1743 ne
1229 1692 1455 1745 videntes
1483 1691 1711 1757 rideant,
1748 1701 1797 1748 et

205 1774 482 1829 audientes
522 1776 839 1847 intelligunt,
892 1788 947 1831 ut
990 1790 1362 1834 convertantur
1400 1790 1447 1835 et
1484 1799 1662 1836 sunem
1709 1799 1797 1839 eos

1901 600 1959 645 ut
1981 603 2141 649 ruant
2165 609 2232 650 ex
2262 594 2446 651 divino
2484 597 2688 668 judicio
2730 609 2785 654 et
2814 602 3177 669 praecidantur
3223 618 3253 658 a
3279 604 3483 661 Christi

1901 696 2145 752 corpore.
2181 683 2333 751 Quod
2368 684 2413 740 si
2446 686 2518 741 ita
2556 697 2658 752 est,
2683 689 2774 757 qui
2813 689 2988 760 gladio
3038 701 3261 748 utuntur
3301 686 3484 761 quoii:

1898 773 1990 828 bet
2015 774 2312 845 pacto,jam
2333 776 2558 846 judicati
2590 781 2875 849 sunt,quia
2895 797 2961 836 ex
2987 798 3052 837 eo
3069 792 3282 839 utentes
3303 766 3481 856 gladio

1901 865 2217 921 interibunt.
2254 866 2359 922 Sed
2388 884 2495 924 non
2525 869 2792 934 omnibus,
2848 881 2907 926 ut
2943 874 3076 939 dixi,
3112 876 3288 946 gladio
3330 887 3485 933 uten-

1902 957 2063 1025 tibus,
2089 975 2235 1016 mors
2265 962 2399 1016 ‘solet
2429 977 2547 1018 esse
2576 978 2671 1032 per
2698 964 2953 1035 gladium.
2988 967 3118 1020 Nam
3140 967 3321 1037 plures
3344 969 3482 1025 alius

1902 1050 2153 1105 accidens
2212 1066 2372 1108 casus
2422 1055 2714 1120 consumit,
2768 1058 2859 1125 qui
2904 1056 3101 1127 gladio,
3155 1066 3249 1111 aut
3294 1057 3485 1127 judicii

1902 1154 2089 1205 causa,
2118 1150 2209 1196 aut
2232 1143 2435 1200 militia:
2458 1143 2632 1201 ollicio
2670 1156 2915 1201 utttntur.
2948 1148 3148 1203 Tamen
3171 1164 3264 1204 eos
3295 1165 3483 1206 omnes

1901 1234 1991 1301 qui
2022 1234 2304 1289 adversum
2336 1236 2619 1292 Dominum
2655 1237 2845 1308 gladiis
2872 1241 3103 1310 armati,
3138 1251 3192 1295 et
3224 1240 3482 1308 fustibus,

1902 1334 2299 1393 processerant,
2327 1326 2445 1381 ideo
2481 1327 2637 1383 Petro
2686 1328 2919 1400 gladium
2962 1347 3116 1387 suum
3146 1333 3198 1386 in
3233 1333 3481 1405 vaginam

1902 1429 2052 1469 suam
2081 1417 2373 1472 recondere
2424 1420 2665 1484 mandat,
2715 1420 2841 1490 quia
2873 1436 2966 1477 eos
2995 1438 3183 1479 omnes
3232 1439 3338 1479 non
3385 1426 3484 1479 hu-

1901 1519 2081 1568 mano,
2118 1507 2211 1562 sed
2236 1506 2414 1577 gladio
2437 1508 2549 1564 oris
2577 1520 2955 1582 perempturus
2980 1522 3117 1567 erat.
3149 1513 3284 1581 Quia
3335 1524 3483 1571 recte

1901 1595 1968 1648 ad
1998 1612 2182 1652 necem
2209 1613 2394 1653 eorum
2424 1599 2633 1671 gladius
2665 1600 2809 1657 Petri
2840 1614 3119 1673 exemptus
3152 1613 3254 1670 est,
3287 1612 3345 1660 ut
3392 1620 3486 1676 pe-

1899 1689 2123 1745 rimeret
2160 1707 2254 1747 eos
2283 1692 2460 1763 gladio
2503 1694 2674 1759 verbi,
2702 1695 2794 1765 qui
2835 1711 2932 1751 suo
2962 1698 3252 1752 utebantur
3290 1698 3357 1752 ad
3404 1700 3483 1752 t'ac

1901 1780 2075 1836 ciuus.
2126 1780 2235 1837 Nec
2285 1789 2465 1839 tamen
2516 1785 2630 1853 ipse
2665 1785 2859 1840 Petrus
2884 1787 3060 1857 gladio
3089 1788 3178 1842 illo
3218 1804 3325 1857 quo
3353 1802 3484 1844 usus

205 1862 346 1933 (lea.
376 1880 449 1929 vt,
474 1864 594 1937 10).
619 1865 725 1920 Nec
747 1867 1019 1947 immerito
1039 1867 1233 1924 Petrus
1254 1871 1483 1925 abscidit
1509 1870 1625 1939 ejus
1648 1872 1797 1927 auri-
1827 1879 1873 1941 Β
1900 1880 1984 1926 est
2011 1882 2320 1943 peremptus
2370 1873 2586 1945 legitur,
2620 1876 2722 1930 nisi
2746 1878 2871 1945 quia
2913 1876 3050 1931 forte
3083 1878 3337 1947 majorem
3365 1893 3484 1933 sus-

202 1957 410 2023 culam,
439 1959 567 2028 quia
605 1946 1023 2031 accepit'claves
1050 1962 1199 2032 regni
1225 1964 1504 2019 oculorum.
1526 1963 1798 2036 llleigitur

195 2047 327 2118 jure
371 2051 697 2106 condemnat
726 2051 817 2122 qui
858 2061 914 2107 et
959 2053 1211 2121 absolvit,
1258 2056 1382 2126 quia
1427 2064 1716 2126 utramque
1764 2070 1797 2112 a

200 2138 439 2194 Domino
468 2142 677 2212 accepit
705 2151 1046 2215 potestatem.
1083 2144 1189 2200 Sed
1238 2146 1385 2201 solus
1413 2156 1497 2202 est
1538 2147 1797 2203 Dominus

199 2232 300 2302 qui
323 2234 546 2303 prmeisa
576 2244 765 2301 sanat;
797 2236 942 2291 solus
963 2237 1052 2307 qui
1076 2252 1142 2293 ex
1166 2237 1362 2293 Judteis
1385 2239 1796 2309 quampluriniis

198 2324 453 2378 auditum
505 2325 700 2380 reddit.
735 2326 984 2395 Alioquin
1036 2328 1353 2382 nisi'bouus
1408 2328 1667 2384 Dominus
1698 2328 1797 2384 ali-

196 2412 405 2483 quibus
424 2416 665 2469 auditum
689 2415 1015 2483 refunderet,
1055 2418 1153 2490 ipsi
1192 2420 1378 2490 utique
1420 2420 1595 2475 adhuc
1637 2421 1796 2477 hodie

196 2503 358 2558 surdi
405 2505 814 2560 remansissent.
864 2506 1128 2573 Quoniam
1153 2524 1311 2562 nemo
1358 2525 1546 2564 eorum
1575 2510 1795 2565 verbum

195 2598 486 2681 sapientia:
530 2600 792 2666 audisset,
830 2601 952 2671 quia
984 2616 1173 2657 omnes
1207 2604 1346 2657 servi
1390 2612 1565 2669 erant,
1593 2604 1796 2661 venditi

196 2694 305 2749 Sub
345 2702 589 2764 peccato.
647 2693 780 2748 Nam
841 2695 931 2765 qui
983 2706 1203 2765 peccat,
1254 2714 1433 2751 servus
1481 2706 1554 2751 est
1602 2700 1797 2767 peccati

198 2783 405 2853 (Inan.
442 2800 556 2851 xxI,
585 2784 707 2857 54).
737 2786 803 2840 Ει
830 2786 932 2841 nisi
965 2797 1146 2842 essent
1173 2788 1312 2842 servi
1337 2789 1431 2858 qui
1456 2804 1679 2857 regnare
1706 2789 1797 2843 de-

196 2877 460 2942 buerant,
490 2879 730 2933 auricula
762 2895 948 2933 corum
990 2896 1264 2949 nunquam
1296 2896 1327 2933 a
1368 2879 1529 2934 Petro
1554 2890 1798 2949 amputa-

196 2976 379 3022 retur.
412 2968 508 3023 Cui
537 2969 673 3023 dixit
714 2969 1010 3024 Dominus:
1036 2968 1284 3024 Courerte
1306 2970 1541 3040 gladium
1572 2981 1718 3023 tuum
1740 2972 1797 3024 in

197 3059 382 3115 locum
433 3078 609 3115 suum.
644 3060 834 3116 Omnes
877 3064 1015 3117 enim
1058 3065 1148 3133 qui
1197 3064 1487 3133 acceperint
1536 3062 1791 3133 gladium,

195 3153 387 3224 gladio
404 3154 663 3223 peribunt.
688 3153 765 3209 De
787 3171 893 3225 quo
921 3170 1049 3208 Sane
1072 3154 1304 3225 capitulo
1321 3154 1472 3209 multi
1498 3155 1794 3224 disputant,

1900 1966 2043 2035 cepit
2063 1980 2299 2036 poenam.
2319 1966 2441 2021 ldco
2469 1968 2569 2022 hoc
2584 1984 2753 2038 genus
2785 1968 3069 2024 locutionis
3098 1972 3175 2024 sic
3213 1971 3483 2040 accipien-

1898 2057 2027 2113 dum
2049 2068 2153 2124 est,
2176 2062 2448 2130 quomodo
2471 2060 2709 2115 membra
2743 2070 2948 2127 nostra,
2965 2060 3121 2130 juxta
3146 2063 3482 2139 Apostolum,

1898 2164 2182 2205 monemur
2202 2167 2270 2207 ne
2300 2152 2651 2207 cxhibeamus
2678 2167 2828 2206 arma
2869 2155 3095 2223 peccati.
3135 2154 3268 2219 Quia
3299 2154 3487 2224 quale-

1899 2254 2113 2311 cunque
2142 2243 2444 2296 membrum
2488 2242 2578 2306 sit,
2620 2242 2671 2296 in
2716 2257 2824 2312 quo
2852 2242 3214 2313 peccavimus,
3245 2243 3328 2297 vel
3351 2258 3482 2312 qua-

1899 2334 2179 2405 liscunque
2222 2335 2457 2391 carnalis
2488 2336 2940 2404 concupiscentia,
2970 2336 3180 2407 gladius
3221 2337 3363 2406 jure,
3399 2334 3484 2392 vel

1899 2440 2049 2479 arma
2089 2426 2320 2496 peccati,
2359 2435 2602 2479 vocatur.
2655 2426 2771 2492 Quo
2799 2427 2888 2494 qui
2934 2442 3061 2481 usus
3083 2426 3247 2480 fuerit
3282 2427 3481 2497 gladio,

1898 2515 2021 2584 quia
2048 2515 2225 2585 gladio
2256 2516 2456 2585 peccati
2483 2516 2751 2583 percussit
2798 2517 3014 2588 1128
3062 2534 3136 2579 se,
3182 2531 3276 2572 aut
3318 2518 3482 2573 alium

1900 2605 1953 2658 in
1980 2614 2227 2668 mortem,
2257 2605 2434 2673 gladio
2455 2605 2661 2674 peecati
2694 2606 2909 2674 peribit,
2946 2607 2996 2660 id
3027 2614 3108 2660 est
3134 2607 3184 2659 in
3226 2622 3323 2660 suo
3357 2622 3482 2676 pec.

1898 2692 2184 2761 catojusle
2228 2694 2694 2759 condcmnahitur,
2736 2695 3095 2764 quodcunque
3129 2696 3478 2751 commiserit.

1898 2787 2032 2854 Quia
2062 2788 2197 2841 sicut
2236 2786 2412 2841 nullus
2440 2787 2822 2856 penetrabiliur
2851 2786 3060 2858 gladius
3096 2795 3179 2842 est
3217 2787 3285 2841 ad
3333 2802 3481 2842 mor-

1901 2886 2026 2941 tem,
2079 2892 2240 2947 quam
2290 2885 2591 2947 peccatum,
2642 2878 2715 2931 ita
2760 2877 2937 2932 nullus
2985 2878 3373 2949 penetrabilior
3397 2886 3482 2935 est

1898 2966 2108 3037 gladius
2158 2967 2224 3021 ad
2253 2967 2442 3030 vitam,
2494 2983 2656 3036 quam
2687 2968 2857 3022 virtus
2898 2969 3050 3024 verbi
3090 2969 3204 3023 Dei.
3242 2969 3480 3039 Uterque

1900 3058 2061 3129 igitur
2086 3058 2293 3129 gladius
2316 3058 2533 3127 perimit
2560 3059 2856 3124 hominem,
2889 3069 2979 3114 aut
3009 3060 3074 3114 ad
3110 3073 3358 3128 mortem,
3386 3068 3482 3116 aut

1900 3152 1963 3204 ad
1992 3152 2175 3206 vitam.
2213 3152 2278 3206 Et
2312 3153 2429 3206 ideo
2457 3152 2753 3215 indeﬁnite,
2783 3154 3094 3224 quicunque
3123 3154 3356 3225 gladium
3389 3169 3479 3211 ac-

195 3247 363 3317 quasi
395 3261 583 3301 omnes
605 3247 827 3317 perituri
875 3246 983 3301 sint
1012 3245 1102 3316 qui
1154 3248 1256 3302 hoc
1291 3256 1515 3301 utuntur
1541 3245 1716 3316 gladio
1739 3245 1793 3299 in
1822 3254 1867 3325 (ς
1899 3244 2123 3312 ceperit,
2145 3244 2228 3299 vel
2258 3260 2399 3319 usus
2420 3244 2601 3309 fuerit,
2629 3262 2722 3301 seu
2766 3246 2971 3316 peccati
3009 3247 3074 3300 ad
3104 3256 3352 3311 mortem,
3380 3244 3477 3302 seu

194 3339 415 3397 bellicis
442 3340 626 3406 rebus,
647 3350 702 3395 et
732 3341 783 3395 in
808 3340 1035 3410 publicis
1062 3340 1311 3410 negotiis.
1356 3340 1432 3394 De
1478 3355 1584 3409 quo
1614 3338 1790 3410 gladio
1889 3336 2112 3407 justitia:
2142 3339 2208 3392 ad
2235 3338 2424 3402 vitam,
2466 3337 2644 3408 gladio
2688 3337 2918 3407 peribit;
2949 3346 3041 3392 aut
3078 3339 3227 3393 verbi
3270 3338 3384 3402 Dei,
3415 3344 3478 3395 ut

193 3435 339 3490 dicit
364 3433 691 3504 Apostolus:
729 3432 852 3488 Non
877 3435 1013 3487 enim
1044 3436 1155 3488 sine
1188 3450 1347 3487 causa
1367 3433 1527 3505 judex
1555 3432 1790 3503 gladium

192 3536 417 3598 portat;
440 3527 676 3582 minister
696 3528 832 3582 enim
858 3527 955 3581 Dei
979 3537 1052 3581 est
1082 3525 1257 3597 (Rom.
1288 3542 1407 3590 xm,
1433 3525 1522 3597 4),
1552 3527 1604 3579 in
1628 3518 1788 3592 bono,

199 3614 277 3670 a'd
308 3616 601 3672 vindictam
645 3615 1087 3681 malefactorum;
1141 3617 1284 3687 quod
1314 3616 1358 3671 si
1400 3618 1536 3670 male
1575 3614 1786 3679 feceris,

197 3707 356 3761 time.
388 3704 523 3761 Nam
550 3707 594 3763 si
630 3707 742 3763 htec
769 3708 980 3779 1127
1018 3709 1282 3764 Sententia
1310 3709 1375 3763 ad
1403 3707 1635 3763 litteram
1675 3724 1793 3763 om-

194 3795 369 3852 nibus
387 3807 531 3852 esset
549 3800 832 3863 servanda,
861 3799 1045 3854 nescio
1070 3799 1113 3854 si
1138 3799 1190 3854 in
1211 3799 1444 3855 Ecclesia
1476 3800 1792 3855 interlaicos

196 3886 331 3944 talis
351 3889 683 3945 consuetudo
713 3904 831 3945 esse
860 3888 1116 3955 deberet,
1159 3899 1216 3945 ut
1241 3890 1294 3944 in
1326 3890 1502 3961 gladio
1532 3901 1790 3960 quantum

194 3990 418 4054 spectat
463 3983 530 4038 ad
574 3997 733 4039 usum
760 3976 1001 4038 omnium
1032 3998 1219 4038 eorum
1262 3983 1575 4037 militarent.
1606 3982 1793 4036 Salva-

191 4082 295 4128 tor
329 4081 512 4128 tamen
542 4072 813 4129 neminem
851 4073 1099 4151 excepit;
1131 4072 1224 4129 sed
1253 4089 1450 4136 omnes,
1478 4072 1674 4140 inquit,
1703 4073 1794 4142 qui

191 4165 501 4234 acceperint
548 4164 800 4235 gladium,
830 4163 1007 4236 gladio
1050 4166 1313 4235 peribunt.
1356 4163 1465 4219 Nec
1491 4164 1620 4218 dicit
1652 4166 1794 4234 quod

192 4256 390 4330 gladio
423 4256 600 4326 perire
622 4255 874 4318 debeant,
904 4255 985 4309 vel
1011 4257 1079 4311 ad
1112 4257 1254 4326 quod
1282 4257 1593 4325 acceperint
1618 4256 1794 4325 ipsum

192 4347 472 4419 gladium,
523 4347 569 4403 si
599 4346 739 4403 forte
787 4349 854 4403 ad
904 4346 1253 4403 homicidium
1298 4346 1384 4401 vel
1411 4347 1476 4401 ad
1505 4345 1793 4402 vindictam

192 4438 645 4506 malefactorum,
689 4439 784 4496 sed
814 4439 879 4494 ad
911 4455 1287 4510 quamcunque
1336 4455 1551 4494 causam
1582 4438 1793 4495 inditi‘e-

190 4537 397 4585 tenter
421 4528 516 4593 ait,
543 4529 722 4584 omnis
742 4528 833 4599 qui
857 4529 1128 4601 acceperit
1150 4529 1404 4598 gladium.
1431 4528 1536 4584 Sed
1570 4544 1666 4585 nec
1690 4545 1797 4599 quo

1895 3426 1948 3479 in
1973 3426 2165 3481 melius
2188 3435 2330 3481 totus
2361 3428 2471 3481 Deo
2498 3437 2764 3499 resurgat,
2803 3437 2895 3483 aut
2934 3429 3110 3499 gladio
3157 3429 3383 3499 peccati,
3415 3436 3479 3485 ut

1895 3516 2125 3573 intereat
2155 3519 2206 3572 in
2236 3519 2409 3590 pejus,
2437 3527 2490 3573 et
2513 3520 2579 3574 ad
2603 3529 2831 3574 mortem
2866 3530 3004 3575 ruat.
3292 3574 3299 3579 κ

1965 3608 2045 3662 Αη
2066 3619 2239 3679 putas,
2291 3611 2488 3679 inquit,
2523 3612 2647 3681 quia
2675 3628 2779 3665 nou
2810 3628 3018 3681 possum
3043 3628 3229 3681 rogare
3259 3610 3476 3669 Patrem

1895 3715 2088 3762 meum,
2113 3710 2160 3752 et
2185 3700 2440 3754 exhibebit
2465 3700 2593 3754 mihi
2622 3700 2739 3771 plus
2763 3718 2919 3772 quam
2945 3702 3221 3756 duodecim
3249 3703 3474 3773 legiones

1895 3792 2365 3862 angelorum?Cui
2416 3794 2672 3849 continuo
2716 3794 2913 3866 ingerit
2947 3794 3294 3864 quaestionem
3346 3809 3478 3865 pro-.

1894 3886 2109 3956 phetize,
2145 3894 2198 3941 et
2248 3885 2485 3947 insinuat
2526 3901 2632 3955 quo
2661 3886 2816 3941 aliter
2863 3901 2968 3941 non
3015 3894 3193 3956 potest
3234 3887 3475 3953 evenire,

1896 3978 1998 4034 nisi
2030 3980 2423 4050 utprtedictum
2451 3986 2586 4043 erat,
2622 3994 2685 4034 ac
2723 3979 2881 4035 dicit:
2917 3977 3192 4044 Quomodo
3224 3994 3346 4048 ergo
3380 3980 3478 4034 im-

1894 4071 2172 4142 plebantur
2213 4070 2515 4141 Scriptura',
2547 4073 2669 4142 quia
2696 4073 2771 4127 sic
2797 4081 2994 4143 oportet
3020 4072 3146 4141 ﬁeri
3176 4072 3200 4125 Ρ
3229 4071 3307 4127 Ac
3328 4072 3373 4128 si
3397 4072 3483 4128 dl-

1896 4171 2042 4216 cerct
2075 4161 2236 4216 Petro
2268 4180 2281 4215 :
2323 4162 2461 4229 Quid
2488 4171 2590 4228 est,
2624 4164 2766 4233 quod
2808 4171 2862 4217 tu
2898 4164 3027 4218 mihi
3052 4165 3306 4219 auxilium
3335 4179 3480 4235 pra:-

1897 4262 2043 4309 stare
2085 4253 2330 4319 festinas,
2388 4262 2442 4310 et
2492 4254 2546 4309 in
2597 4255 2775 4325 gladio
2829 4264 2920 4309 tuo
2972 4256 3213 4312 humano
3262 4246 3482 4312 vincere

1897 4347 2166 4415 malimus?
2181 4345 2260 4401 An
2283 4356 2441 4415 putas
2460 4346 2585 4417 quia
2603 4362 2706 4402 non
2724 4362 2940 4417 possum
2964 4358 3185 4418 propter
3199 4347 3482 4405 duodecim

1897 4440 2188 4511 apostolos,
2218 4440 2380 4494 etiam
2422 4438 2542 4508 plus
2589 4454 2749 4509 quam
2778 4439 3060 4494 duodecim
3104 4440 3342 4510 legiones
3386 4438 3484 4495 im;

1896 4542 2113 4604 petrare
2141 4546 2171 4585 a
2219 4530 2379 4586 Patre
2428 4546 2550 4586 meo
2588 4530 2938 4600 angelorum?
2976 4529 3090 4585 Non
3128 4546 3258 4602 ergo
3304 4538 3483 4585 vestro

126 4638 131 4642 ο
187 4617 391 4690 gladio
412 4618 639 4689 perituri
673 4618 804 4682 sint,
844 4619 927 4673 vel
954 4621 1243 4690 quomodo,
1291 4621 1424 4674 satis
1453 4621 1635 4675 edicit.
1678 4619 1792 4676 Hoc
1821 4622 1871 4683 D
1895 4623 2110 4693 indigeo
2149 4620 2370 4685 auxilio,
2401 4637 2577 4692 neque
2602 4621 2839 4675 humano
2869 4620 3047 4691 gladio
3073 4638 3088 4686 ;
3133 4622 3253 4677 ideo
3282 4623 3483 4690 reponi:

189 4717 391 4763 tamen
422 4723 523 4778 pro
551 4719 703 4765 certo
732 4709 957 4776 scimus,
980 4710 1106 4781 quia
1133 4725 1323 4765 omnes
1343 4710 1430 4780 qui
1455 4709 1602 4778 justo
1634 4720 1793 4766 utun-

186 4812 298 4857 tur
316 4794 521 4871 gladio,
572 4815 679 4855 non
727 4817 794 4858 eo
821 4818 1036 4873 semper
1088 4809 1336 4873 pereunt,
1388 4803 1622 4857 maxime
1668 4817 1793 4857 cum

189 4892 327 4950 ideo
374 4900 621 4959 utantur,
656 4907 722 4948 eo
759 4908 827 4948 ne
859 4901 1104 4965 pereant.
1142 4891 1324 4964 Neque
1369 4894 1481 4947 ﬁeri
1512 4901 1703 4964 potest,
1736 4902 1794 4948 ut

188 4986 290 5058 qui
321 5000 475 5041 nunc
498 4985 658 5040 istum
681 4995 902 5056 portant
927 4984 1160 5057 gladium
1179 4986 1331 5041 veliu
1362 4985 1541 5057 gladio
1570 4985 1792 5052 feriunt,

188 5088 259 5135 ut
288 5077 392 5134 iilo
415 5075 600 5134 divino
626 5093 837 5145 omnes,
883 5078 1087 5147 absque
1136 5076 1239 5133 ulla
1291 5077 1672 5132 retractatione
1713 5075 1795 5133 fe-

188 5172 429 5229 riantur
470 5171 524 5227 in
567 5170 826 5227 ultionem
871 5171 1101 5241 peccati.
1148 5170 1396 5226 Profecto
1422 5186 1544 5225 cum
1587 5180 1642 5225 et
1678 5169 1792 5239 ipsa

189 5264 491 5335 rumphaaa
521 5278 642 5334 qua:
690 5263 925 5318 vertitur
975 5271 1099 5318 ante
1143 5262 1479 5333 paradisum,
1521 5261 1794 5316 versatilis

186 5369 327 5411 esse
358 5353 585 5419 dicitur,
640 5361 696 5409 et
739 5353 946 5425 gladius
978 5354 1067 5424 qui
1098 5354 1426 5425 procedebant
1449 5354 1515 5408 de
1552 5368 1647 5408 ore
1675 5351 1791 5417 Dei,

189 5449 253 5504 in
289 5446 626 5519 Apocalypsi
659 5444 906 5512 Joannis,
930 5457 1153 5518 utraque
1173 5457 1321 5518 parte
1342 5457 1526 5501 acutus
1553 5447 1734 5518 (Apoc.
1756 5463 1796 5515 ι,

190 5540 271 5598 16
290 5549 331 5610 ).
365 5537 708 5611 Quapropter
736 5547 795 5594 et
823 5553 945 5594 eum
974 5539 1239 5594 dixissent
1267 5539 1522 5609 apostoli,
1552 5548 1609 5593 ut
1637 5551 1801 5609 supra

179 5624 319 5708 βω
350 5630 487 5698 dixi,
529 5628 664 5688 Sunt
702 5631 809 5686 duo
845 5630 1010 5703 gladii
1038 5631 1141 5697 hic,
1172 5632 1248 5686 ait
1276 5632 1543 5696 Salvator,
1567 5630 1753 5701 sufﬁcit
1779 5645 1799 5684 :

189 5720 421 5786 iacirco
466 5740 575 5798 quo
620 5724 799 5798 gladio
845 5726 1071 5798 perituri
1121 5727 1229 5782 sint
1269 5726 1577 5798 quicunque
1620 5725 1799 5797 gladio

184 5804 464 5889 ἶῑυιιωι.
480 5826 693 5881 certum
711 5826 818 5890 est.
844 5820 901 5881 id
918 5830 1025 5891 θεῖ,
1045 5827 1139 5879 aut
1156 5835 1243 5891 eo,
1266 5828 1326 5878 ut
1347 5828 1573 5891 surgant
1592 5832 1624 5875 a
1642 5819 1803 5892 culpa

1896 4715 2130 4787 gladium
2158 4722 2307 4770 tuum
2338 4714 2392 4767 in
2431 4712 2607 4767 locum
2641 4728 2818 4767 suum.
2862 4711 2997 4778 Quia
3035 4712 3247 4768 etiamsi
3281 4713 3484 4770 duode-

1895 4806 2000 4861 cim
2031 4804 2203 4860 tribus
2244 4802 2407 4859 Israel
2434 4802 2566 4858 mihi
2593 4802 2793 4857 vellent
2823 4801 2966 4858 ferre
2997 4801 3275 4866 auxilium,
3300 4798 3484 4874 plurei

1894 4897 2101 4953 habere
2139 4895 2432 4968 potuissem
2477 4894 2715 4966 legiones
2766 4893 2992 4965 angelici
3042 4892 3332 4959 exercitus,
3388 4894 3483 4964 qui

1896 4989 2123 5053 ferrent,
2147 4989 2191 5044 si
2215 4982 2431 5052 vellem,
2452 4986 2815 5058 adjutorium,
2842 4985 2895 5039 in
2928 4985 3105 5056 gladio
3133 5000 3232 5041 suo
3259 4986 3483 5040 inexsu-

1898 5079 2144 5153 perabili.
2169 5078 2245 5134 Ex
2267 5078 2463 5149 quibus
2489 5076 2730 5148 profecto
2754 5077 2932 5132 verbis
2958 5084 3128 5148 patet,
3150 5076 3290 5146 quod
3314 5072 3485 5132 instar

1899 5175 2150 5230 humanm
2182 5172 2413 5237 militiae,
2438 5170 2606 5226 multo
2636 5170 2908 5242 copiosior
2934 5169 3005 5224 sit
3043 5168 3133 5225 ille
3168 5169 3483 5240 angelorum

1898 5266 2190 5329 exercitus,
2235 5275 2290 5320 et
2321 5264 2719 5319 numerosiores
2764 5263 2872 5318 sint
2913 5276 3099 5317 eorum
3126 5259 3389 5330 legiones,
3427 5260 3485 5315 in

1901 5356 2206 5413 ministerio
2253 5357 2521 5425 deputata:
2549 5354 2772 5409 humani
2821 5352 3025 5409 auxilii.
3066 5352 3220 5410 Unde
3265 5361 3320 5407 et
3344 5352 3486 5422 apud

1902 5451 2125 5515 Lucam,
2160 5450 2213 5504 in
2244 5458 2366 5504 ortu
2398 5446 2719 5510 Salvatoris,
2746 5445 3035 5500 multitudo
3061 5443 3300 5500 cmlestis
3330 5442 3487 5500 exe’r-

1905 5544 2045 5599 citus
2084 5541 2401 5597 decantasse
2442 5555 2504 5594 ac
2549 5539 2796 5594 laudasse
2850 5537 3019 5593 Deum
3078 5537 3291 5594 dicitur.
3341 5531 3488 5605 Quoi

1903 5635 2110 5705 positos
2136 5633 2190 5687 in
2212 5630 2520 5686 defensione
2541 5638 2875 5694 sanctorum,
2891 5638 3114 5699 propter
3137 5642 3232 5683 eos
3259 5627 3350 5696 qui
3377 5627 3489 5685 ha!-

1905 5726 2191 5781 reditatem
2232 5732 2357 5778 sunt
2404 5720 2700 5790 accepturi,
2756 5720 2954 5776 Paulus
2995 5718 3270 5790 apostolus
3308 5724 3488 5788 prote-

1904 5828 2100 5877 statur.
2122 5813 2231 5876 Sed
2257 5824 2313 5874 et
2336 5813 2504 5874 Jacob
2524 5815 2738 5873 obviam
2780 5814 2969 5872 habuit
3002 5811 3107 5870 sibi
3134 5809 3305 5868 divini
3328 5816 3492 5881 exet,
