4016 6354
506 2646 513 2651 ‘
603 2648 712 2689 non
752 2634 956 2691 fuerint
986 2638 1241 2692 exhibita:
1282 2639 1536 2707 angelicae
1567 2638 1820 2709 legiones.
1864 2637 1969 2694 Sed
1998 2638 2184 2694 Domi-

618 325 727 388 919
1426 328 1484 384 S.
1523 322 1877 385 PASCHASII
1912 326 2261 384 RADBERTI
2300 326 2594 385 ABBATIS
2630 322 3082 385 CORBEIENSIS
3682 347 3767 404 9η

617 442 759 497 citus
805 438 1227 505 multitudinem,
1279 439 1371 509 qui
1423 440 1728 495 relevarent
1773 434 1972 496 eum‘a
2003 441 2198 497 timore
2224 440 2483 505 Anebl‘is
2522 442 2982 512 Comprehendere
3020 445 3355 514 ωθνθηίεῑίεν
3396 456 3596 522 ecquod
3626 456 3767 520 Ιαωθιι

612 529 877 595 fraterno,
930 539 986 587 et
1027 531 1376 587 custodirent.
1429 531 1582 587 Unde
1630 540 1686 587 et
1713 532 1912 598 locum,
1961 549 2069 603 quo
2116 533 2200 589 usi
2305 547 2494 587 verum
2534 533 2868 604 perdidistis.
2915 533 3032 589 Hoc
3059 544 3227 591 autem
3252 547 3402 593 totum
3433 542 3601 611 factum
3620 560 3697 616 est,
3725 564 3771 608 ιε

614 632 743 679 sunt
781 624 883 695 ipsi
931 624 1144 680 vocavit
1187 622 1442 686 Manaim,
1489 623 1542 678 id
1584 634 1667 679 est
1696 636 1873 679 castra
1917 625 2034 680 Dei.
2075 623 2204 681 Haec
2306 623 2717 693 adimplerentur
2759 625 3053 696 Scriptura:
3089 628 3454 697 prophetarum.
3487 633 3670 694 llultum
3700 658 3773 698 an.

614 721 817 777 idcirco
853 721 1102 784 dixerim,
1129 728 1188 773 ut
1216 719 1387 774 discat
1414 717 1586 773 fidelis
1609 719 1787 774 anima
1821 718 2096 776 conﬁdere
2133 734 2202 775 ex
2304 724 2412 771 tem
2441 726 2547 783 est,
2573 719 2716 789 quod
2746 719 2800 774 in
2828 720 2933 774 hoc
2957 734 3063 773 uno
3094 719 3284 774 factum
3316 730 3429 787 est;
3451 733 3501 779 et
3522 726 3623 783 ideo
3647 729 3771 786 diem

615 814 799 870 divino
828 812 1030 868 auxilio
1081 820 1138 866 et
1192 810 1441 881 praesidio
1472 809 1805 881 angelorum,
1843 810 2014 882 magis
2037 826 2198 881 quam
2306 810 2374 866 Ut
2410 812 2794 883 complerentur
2829 811 3118 883 Scriptura:
3143 815 3504 884 prophetarum.
3537 818 3634 876 Non
3665 823 3775 878 enim

613 905 869 960 humanis
922 904 1147 958 viribus.
1197 902 1462 970 Quoniam
1535 903 1843 973 ubicunque
1901 911 2028 957 sunt
2073 918 2203 959 vere
2301 903 2463 959 unius
2488 904 2764 974 prophetae
2790 904 2845 959 in
2875 905 2975 960 hoc
3013 913 3218 959 tantum
3253 905 3510 977 Scriptura
3542 912 3779 981 completur

612 997 782 1052 Deum
809 998 1085 1061 timentes,
1118 996 1188 1051 ibi
1217 1004 1271 1049 et
1298 996 1441 1049 circa
1480 1011 1574 1050 eos
1606 994 1728 1063 jure
1770 993 2079 1066 angelorum
2111 1011 2200 1052 ca-
2301 995 2441 1061 loco,
2471 1012 2658 1053 verum
2690 1011 2829 1067 pene
2855 996 3096 1051 omnium
3131 997 3507 1066 prophetarum,
3526 1002 3605 1071 qui
3634 1003 3779 1059 dehoc

611 1097 724 1144 stra
748 1088 1073 1153 creduntur;
1109 1087 1173 1141 de
1194 1087 1388 1156 quibus
1405 1087 1570 1141 David
1593 1086 1646 1140 in
1665 1086 2197 1153 Psalmiszlmmitet,
2303 1086 2467 1141 rebus
2492 1093 2547 1141 et
2585 1086 2768 1141 verbis
2809 1084 3123 1151 multifarie,
3173 1086 3444 1157 multisque
3479 1089 3628 1144 modis
3656 1090 3783 1147 locuti

612 1178 1034 1248 inquit,angelos
1054 1177 1331 1231 Dominiin
1348 1179 2200 1241 circuitutimentiumeum,eteri-
2301 1188 2448 1235 sunt.
2500 1178 2655 1235 Unde
2682 1178 2866 1235 nescio
2899 1179 2943 1233 si
2990 1178 3131 1233 ullus
3159 1178 3349 1249 eligere
3383 1189 3546 1249 queat,
3580 1181 3651 1235 vel
3673 1181 3782 1236 colli-

609 1256 2199 1338 pieteos(Psal.xxxiii.8).lpsenamqueestmagniconsilii
2300 1284 2447 1340 gere,
2509 1270 2687 1339 qualia
2736 1278 3009 1339 quantave
3056 1271 3165 1325 sint
3207 1269 3407 1339 eloquia
3450 1271 3779 1340 prophetarum,

611 1356 848 1426 angelus,
880 1358 1094 1429 1129
1114 1358 1206 1427 qui
1235 1357 1467 1423 suos,ad
1497 1374 1571 1420 se,
1591 1358 1841 1413 timentes
1855 1359 2021 1412 mittit
2041 1359 2201 1430 legio—
2299 1376 2419 1430 quze
2462 1361 2514 1415 in
2550 1362 2654 1416 hoc
2682 1361 2800 1417 loco
2823 1361 3090 1431 completa
3120 1373 3260 1417 sunt.
3289 1362 3354 1416 Et
3378 1372 3435 1417 ut
3465 1376 3614 1432 pauca
3637 1362 3691 1417 de
3718 1364 3780 1418 in-

608 1461 708 1501 nes
738 1455 793 1502 et
822 1449 1113 1512 exercitus.
1148 1449 1262 1519 ipse
1289 1449 1382 1518 qui
1417 1458 1473 1503 et
1516 1465 1661 1505 nunc
1682 1448 1966 1520 profitetur
1990 1466 2048 1505 se
2091 1450 2195 1504 im-
2300 1452 2541 1507 numeris
2578 1453 2753 1508 dicam
2781 1471 2795 1507 :
2830 1452 2978 1509 Sicut
3014 1454 3122 1509 oris
3158 1454 3226 1507 ad
3245 1454 3533 1508 occisionem
3555 1453 3779 1509 ductum

606 1547 828 1609 petrare
856 1555 1016 1610 posse
1046 1556 1075 1595 a
1099 1540 1258 1596 Patre
1291 1540 1409 1610 plus
1434 1556 1595 1610 quam
1622 1541 1904 1596 duodecim
1931 1541 2190 1612 legiones.
2302 1540 2434 1607 (lsa.
2464 1557 2581 1607 LIII,
2611 1542 2690 1613 7),
2745 1550 2799 1598 ct
2827 1541 3033 1612 reliqua
3062 1558 3185 1614 quae
3231 1542 3302 1598 ibi
3328 1542 3563 1612 pradicta
3599 1551 3712 1597 sunt.
3733 1542 3783 1598 Et

608 1629 946 1703 Quapropter
975 1635 1199 1688 audiant
1236 1635 1327 1705 qui
1362 1635 1548 1689 dicunt
1589 1650 1712 1689 eum
1743 1635 1988 1689 timuisse
2018 1635 2071 1689 in
2101 1651 2192 1689 ar-
2297 1631 2448 1697 alibi,
2473 1634 2542 1688 ab
2582 1634 2782 1703 iniquis
2810 1634 3014 1705 populi,
3042 1651 3137 1691 seu
3164 1635 3232 1690 ah
3271 1635 3440 1704 impiis
3464 1634 3632 1690 ductus
3655 1636 3782 1691 estad

604 1722 773 1778 ticulo
801 1725 1068 1793 passionis
1119 1741 1248 1780 suae.
1283 1726 1420 1780 Ecce
1444 1727 1557 1797 jam
1600 1726 1743 1782 inter
1781 1742 1973 1781 manus
2010 1742 2194 1798 perse-
2299 1732 2548 1780 mortem.
2608 1725 2784 1795 Atque
2836 1725 2965 1781 illud
3005 1744 3018 1779 :
3062 1724 3512 1780 Circumdederunt
3562 1742 3629 1780 me
3669 1742 3782 1780 canes

606 1815 890 1885 quentium
922 1830 1003 1880 se,
1038 1816 1181 1871 inter
1220 1815 1429 1886 gladios
1476 1825 1532 1869 et
1577 1815 1767 1881 fustes,
1800 1817 1944 1871 inter
1975 1818 2191 1872 univer—
2223 1803 2267 1861 Β
2297 1816 2483 1879 multi,
2531 1816 2808 1870 consilium
2866 1815 3275 1888 malignantium
3315 1816 3499 1870 obsedit
3542 1832 3611 1869 nte
3652 1813 3779 1883 (Pal.

612 1919 731 1960 sam
768 1906 1047 1961 cohortem
1092 1922 1150 1961 se
1184 1907 1353 1961 Deum
1386 1905 1602 1960 Patrem
1626 1907 1829 1960 habere
1858 1914 2108 1971 testatur,
2138 1915 2194 1961 et
2297 1921 2413 1970 ut,
2465 1906 2574 1978 l7),
2618 1922 2712 1962 seu
2758 1907 2963 1978 reliqua
3018 1909 3200 1963 omnia
3245 1921 3362 1977 qua:
3403 1906 3455 1960 in
3499 1919 3557 1960 eo
3592 1904 3784 1975 leguntur

610 1995 906 2067 angelicas,
954 1997 998 2051 si
1050 1996 1231 2062 vellet,
1264 1998 1508 2067 legiones
1540 1999 1833 2067 impetrare
1872 2012 2049 2068 posse.
2084 1996 2193 2053 Nec
2294 1997 2521 2068 psalmo.
2550 1999 2629 2053 Ac
2658 2013 2753 2069 per
2784 2000 2889 2056 hoc
2926 1999 3075 2069 (quia
3106 1999 3325 2071 longum
3360 2006 3458 2063 est,
3487 2011 3611 2050 nunc
3631 2009 3682 2050 ea
3702 1995 3782 2048 sin-

608 2095 789 2143 tamen
819 2089 919 2144 ista
951 2090 1072 2145 ideo
1100 2092 1249 2157 dicit,
1282 2092 1435 2162 quasi
1470 2093 1540 2147 sit
1574 2093 1687 2161 ipse
1717 2090 1939 2147 inferior
1964 2092 2186 2163 angelis,
2295 2089 2419 2160 gula
2466 2087 2873 2157 Scripturarum
2921 2089 3185 2160 replicare
3239 2088 3549 2158 testimonia)
3590 2085 3786 2156 intelligat

604 2189 668 2234 ut
693 2179 932 2253 indigeat
978 2198 1165 2239 eorum
1207 2184 1504 2252 adjutorio;
1546 2184 1847 2254 licetjuxta
1890 2186 2091 2241 Lucam
2136 2187 2188 2240 in
2292 2181 2529 2252 prudens
2578 2180 2749 2236 lector
2798 2182 2865 2237 ab
2908 2196 2973 2235 eo
3014 2181 3134 2236 loco
3186 2182 3278 2237 ubi
3326 2179 3620 2235 aitzAdlwc
3660 2192 3706 2230 εο
3734 2175 3786 2228 Ιο-

604 2272 798 2342 agonia
851 2275 1060 2343 positus
1107 2274 1445 2331 confortatus
1497 2276 1706 2347 legatur
1753 2277 1821 2330 ab
1868 2277 2079 2348 angelo.
2131 2278 2188 2332 Si
2289 2285 2499 2344 quente,
2527 2292 2643 2330 ecce
2669 2275 2863 2341 ludas,
2900 2284 2953 2329 et
2981 2284 3179 2330 caetera
3204 2290 3325 2345 qua:
3352 2280 3642 2343 sequuntur.
3662 2282 3785 2337 usque

602 2364 750 2419 enim
770 2363 927 2433 juxta
953 2367 1225 2434 Elisceum,
1258 2377 1317 2422 ut
1344 2368 1481 2423 liber
1512 2368 1677 2423 refert
1697 2368 2026 2439 Regnorum,
2052 2369 2190 2423 mul-
2290 2366 2358 2420 ad
2390 2366 2553 2420 linem
2604 2366 2873 2436 passionis
2907 2382 3051 2433 sure;
3102 2366 3285 2421 omnia
3334 2380 3450 2436 quae
3498 2364 3546 2418 in
3584 2377 3640 2417 eo
3672 2369 3783 2431 gesta

604 2461 692 2508 tus
717 2455 1005 2511 admodum
1037 2458 1086 2512 ei
1123 2458 1299 2513 astitit
1324 2459 1595 2513 exercitus
1622 2458 1674 2513 in
1706 2459 1989 2525 auxilium,
2022 2460 2189 2515 multo

604 2544 919 2601 credibilius
968 2556 1052 2602 est
1114 2564 1221 2603 non
1272 2548 1507 2604 defuisse
1557 2548 1685 2603 inibi
1738 2558 1884 2614 tunc,
1938 2550 2187 2619 quamvis

2289 2466 2434 2518 sunt,
2463 2457 2584 2513 ideo
2609 2466 2734 2512 sunt
2755 2467 2903 2527 gesta
2929 2468 2989 2511 ut
3009 2456 3310 2527 Scriptura
3329 2454 3685 2525 complerentur
3698 2464 3787 2520 pro-

2287 2546 2595 2616 phetarum.
2642 2545 2789 2602 Tunc
2832 2547 2990 2602 simul
3019 2564 3221 2615 omnes,
3267 2547 3440 2602 relicto
3476 2562 3550 2610 eo,
3581 2544 3782 2614 fugem.

2288 2637 2546 2709 Discipuli
2577 2638 2802 2703 scilicet,
2841 2640 2935 2710 qui
2964 2655 3126 2712 supra
3170 2655 3233 2696 se
3265 2656 3364 2712 pro
3391 2654 3455 2695 eo
3500 2636 3622 2693 mori
3644 2632 3787 2705 gloria-

2285 2726 2503 2797 bantur,
2549 2737 2605 2784 et
2630 2730 3020 2800 promittebant
3054 2746 3114 2787 se
3158 2746 3437 2803 nunquam
3475 2743 3586 2786 eum
3616 2737 3781 2795 negare.

2286 2821 2527 2889 Quorum
2576 2821 2746 2893 ﬁgura
2801 2823 3065 2893 dispersio
3116 2825 3304 2896 gregis
3357 2831 3458 2888 est,
3515 2831 3565 2877 et
3603 2815 3787 2873 veritatis

2286 2913 2620 2983 adimpletio,
2649 2922 2709 2968 ut
2738 2915 2854 2985 ipse
2884 2915 2950 2970 de
2978 2929 3037 2971 se
3063 2930 3162 2987 per
3190 2917 3505 2988 prophetam
3546 2913 3643 2967 ait:
3663 2909 3789 2975 Super

2285 3019 2461 3057 omnes
2488 3002 2727 3058 inimicos
2765 3021 2927 3070 meos,
2952 3006 3125 3075 factus
3165 3024 3289 3062 sum
3326 3005 3631 3079 opprobrium
3658 2998 3789 3055 vicinis

2284 3095 2413 3148 meis
2441 3094 2607 3161 valde,
2645 3106 2693 3150 et
2723 3097 2879 3151 timor
2918 3098 3056 3151 notis
3081 3099 3232 3154 meis.
3279 3098 3383 3165 Qui
3410 3096 3625 3153 videbant
3654 3106 3717 3145 me
3733 3090 3791 3158 [o-

602 2742 727 2792 nus,
760 2737 822 2783 ut
853 2728 1148 2799 Scriptura:
1168 2732 1592 2800 complerentur,
1622 2732 1702 2786 sic
1724 2733 1976 2787 universa
2002 2732 2183 2803 dispo-

604 2819 734 2883 suit,
792 2828 855 2874 ut
900 2829 1293 2876 monstraretur
1338 2823 1463 2892 quia
1510 2822 1650 2876 Deus
1695 2834 1805 2877 erat
1854 2824 1909 2877 in
1954 2823 2180 2889 Christo,

599 2910 855 2963 mundum
878 2911 1220 2966 reconcilians
1245 2913 1342 2967 sibi
1376 2912 1460 2984 (Il
1491 2911 1611 2966 Cor.
1651 2930 1706 2978 v,
1738 2915 1844 2983 l9),
1876 2915 1990 2985 ipse
2019 2916 2183 2970 homo

598 3008 902 3068 pateretur,
936 3003 1061 3070 quia
1095 3004 1173 3057 sic
1201 3005 1483 3074 oportebat
1522 3004 1661 3069 fieri,
1692 3015 1745 3059 et
1789 3022 1854 3060 ex
1888 3006 2031 3062 facto
2078 3008 2181 3062 hoc

602 3108 821 3171 semper
848 3094 1011 3149 altior
1054 3104 1447 3152 monstraretur
1481 3098 1805 3164 intellectus,
1843 3108 1901 3153 ut
1940 3110 2067 3169 puta
2113 3115 2180 3154 ex

599 3186 888 3243 duodecim
919 3188 1238 3260 legionibus.
1268 3189 1401 3245 Nam
1431 3207 1536 3245 una
1575 3191 1736 3263 legio,
1764 3191 1916 3262 juxta
1946 3204 2175 3260 veteres,
2209 3186 2253 3213 υ
2285 3203 2372 3240 ras
2419 3186 2662 3257 fugerunt
2709 3204 2742 3240 α
2784 3204 2883 3243 me.
2936 3186 3201 3244 Obliviom'
3253 3190 3411 3244 dum
3452 3203 3560 3243 sum
3604 3194 3792 3252 tam”

600 3293 697 3336 sex
724 3281 889 3336 millia
919 3298 1043 3339 esse
1075 3284 1334 3340 dicuntur
1364 3285 1663 3339 hominum.
1698 3285 1866 3353 Quem
1914 3301 2043 3342 sane
2087 3303 2183 3342 nu-

2284 3286 2519 3331 mortuus
2546 3295 2578 3330 a
2601 3278 2775 3332 corde.
2811 3277 2877 3331 At
2907 3277 2987 3332 illi
3012 3288 3248 3334 tenentes
3274 3278 3458 3334 Iesum
3496 3277 3715 3331 duxerunt
3742 3266 3791 3320 ad

598 3387 810 3427 merum
842 3374 886 3428 si
916 3374 970 3428 in
1004 3390 1270 3430 summam
1320 3376 1559 3441 duxeris,
1606 3379 1943 3446 septuaginta
1989 3388 2044 3434 et
2075 3380 2181 3436 duo

2284 3363 2538 3436 Caipham
2566 3368 2851 3438 principem
2894 3368 3258 3437 sacerdotum,
3289 3370 3377 3425 ubi
3404 3367 3591 3425 Scribte
3615 3375 3654 3420 et
3678 3361 3798 3418 κηίον

598 3465 765 3521 millia
798 3467 1110 3537 angelorum
1141 3477 1285 3533 sunt,
1309 3477 1363 3523 et
1390 3485 1495 3523 non
1525 3470 1727 3538 absque
1758 3486 1955 3542 magno
1981 3481 2180 3543 myste-

2284 3475 2363 3513 res
2388 3469 2754 3515 convenerant.
2780 3459 2896 3515 Non
2929 3462 3109 3532 itaque
3136 3461 3204 3517 ad
3241 3463 3460 3518 domum
3480 3459 3671 3529 Caiphae
3686 3452 3797 3525 prius

598 3556 701 3612 rio.
740 3555 875 3611 Nam
918 3557 1259 3627 septuaginta
1288 3567 1343 3614 et
1385 3559 1503 3613 dua:
1535 3558 1726 3630 lingure
1758 3559 2037 3616 hominum
2059 3577 2179 3617 esse
2279 3550 2446 3617 venit,
2496 3550 2590 3606 sed
2634 3550 2930 3607 secundum
2957 3551 3254 3620 Joannem.
3286 3555 3356 3609 ad
3392 3554 3586 3645 Annal"
3620 3549 3794 3645 Ρτίηικξ

596 3647 894 3703 creduntur
935 3648 990 3718 in
1039 3648 1258 3703 mundo.
1290 3648 1498 3704 Idcirco
1527 3665 1556 3704 a
1592 3650 1856 3719 sapientia
1886 3652 2005 3717 Dei,
2045 3651 2178 3708 satis

2284 3645 2477 3697 ductus
2502 3651 2605 3706 est,
2637 3658 2887 3698 socerum
2917 3642 3158 3715 Caipltte,
3187 3646 3291 3715 qui
3317 3654 3438 3700 erat
3463 3652 3515 3699 et
3542 3643 3641 3712 ipse
3672 3642 3799 3707 ponli'

596 3738 874 3806 sapienter
904 3738 994 3793 hic
1022 3754 1282 3794 numerus
1318 3740 1742 3810 comprehensus
1784 3751 1899 3808 est;
1932 3752 1991 3798 ut
2022 3742 2180 3799 intel—
2280 3733 2391 3798 ἴθι»
2420 3734 2472 3788 in
2504 3734 2659 3805 cuius
2682 3734 2843 3791 domo
2871 3749 3045 3805 usque
3074 3751 3241 3793 mane
3281 3736 3478 3792 mulus
3495 3730 3797 3805 Permmm‘

598 3828 796 3900 ligeres
824 3830 870 3884 si
912 3838 1056 3886 totus
1085 3831 1318 3888 mundus
1348 3839 1538 3888 contra
1563 3848 1687 3888 eum
1726 3835 1981 3900 venisset,
2020 3835 2177 3902 nihil,
2281 3826 2549 3891 tumelias.
2580 3827 2796 3898 quando
2825 3835 2880 3882 ει
2916 3828 3109 3885 Petrus
3132 3829 3286 3886 inter
3316 3829 3531 3886 easdem
3563 3837 3714 3882 ωοηε
3736 3832 3798 3872 ⁸³·

598 3902 705 3974 nisi
735 3920 849 3990 ipse
892 3920 1072 3985 vellet,
1102 3931 1296 3977 contra
1329 3939 1453 3977 eum
1490 3933 1694 3994 posset,
1730 3926 1820 3994 qui
1849 3935 2037 3981 contra
2068 3927 2180 3981 sin-

2284 3931 2384 3986 que
2409 3918 2570 3973 tertio
2595 3918 2835 3988 negavit.
2879 3918 2985 3974 Sed
3024 3918 3147 3989 quia
3177 3920 3252 3975 de
3292 3920 3380 3976 his
3402 3933 3520 3990 quat
3551 3923 3682 3987 gesta
3708 3912 3801 3965 subi

596 4009 749 4081 gulas
792 4011 1011 4066 humani
1046 4014 1260 4084 generis
1306 4014 1553 4070 nationes
1596 4014 1884 4085 plusquam
1938 4016 2179 4088 singulas
2280 4009 2335 4064 in
2357 4010 2515 4065 domo
2545 4010 2736 4081 ipsius,
2765 4018 2819 4065 et
2851 4026 2973 4081 qute
2998 4011 3050 4065 in
3076 4009 3246 4067 domo
3275 4010 3514 4082 Caiphae,
3541 4001 3799 4076 longumest

596 4101 814 4156 mittere
851 4117 1205 4172 supernorum
1244 4103 1441 4159 civium
1474 4106 1738 4175 potuisset
1778 4105 2035 4177 legiones.
2072 4106 2179 4163 Sed
2280 4099 2550 4156 disserere
2595 4116 2659 4156 ac
2698 4100 2969 4157 difﬁcilius
3000 4101 3362 4173 distinguere.
3405 4100 3527 4172 quia
3557 4096 3645 4167 ipsi
3671 4091 3799 4146 3'“?

595 4191 755 4264 elegit
794 4202 854 4248 ut
891 4194 1291 4266 complerentur
1339 4195 1393 4249 in
1440 4211 1507 4251 eo
1555 4194 1871 4267 scripturae,
1921 4197 2051 4267 quia
2097 4198 2180 4254 sic
2278 4192 2486 4263 gelislze
2525 4192 2667 4247 inter
2716 4208 2775 4248 se
2821 4192 3107 4249 dissentire
3150 4193 3435 4258 videnlur.
3471 4186 3692 4261 (ιιιαωνίε
3723 4191 3799 4233 tu"

594 4284 877 4355 oportebat
898 4302 1020 4343 eum
1045 4286 1180 4358 pati,
1222 4302 1286 4342 ac
1322 4302 1631 4359 resurgere,
1661 4296 1717 4343 et
1743 4288 1948 4343 intrare
1974 4288 2029 4343 in
2062 4289 2180 4360 glo-
2278 4285 2573 4356 loquantur
2596 4285 2811 4357 spiritu,
2846 4287 2973 4341 dum
3006 4284 3143 4340 alius
3169 4284 3411 4342 intendit
3445 4283 3662 4370 primum
3686 4282 3802 4370 neti:

596 4376 733 4433 riam
763 4393 937 4433 suam.
2278 4377 2482 4433 tionem
2524 4375 2673 4431 Petri
2718 4390 3011 4447 exponere,
3072 4386 3185 4432 tum
3238 4377 3463 4432 demum
3507 4374 3599 4428 has
3637 4367 3799 4421 Domini

666 4468 735 4524 In
762 4462 856 4522 illa'
894 4469 1024 4523 hora
1046 4470 1179 4525 dixit
1208 4470 1361 4525 Iesus
1386 4471 1551 4525 turbis
1576 4484 1594 4523 :
1621 4470 1893 4544 Tanquam
1922 4490 1992 4528 aa
2021 4484 2180 4529 tatro-
2205 4512 2256 4574 Β
2278 4468 2635 4574 contumelia:
2674 4468 2881 4574 11.131
2902 4468 3214 4574 .adnqui.
3262 4468 3405 4523 alius
3451 4478 3572 4574 “Io
3609 4452 3795 4574 MS:

596 4577 713 4616 nem
760 4562 941 4616 existis
994 4579 1111 4616 cum
1152 4562 1343 4635 gladiis
1384 4576 1432 4619 et
1472 4564 1696 4635 fustibus
1746 4567 2178 4638 comprehendere
2207 4554 2254 4574 ν
2281 4569 2568 4615 lerserere.
2594 4559 2662 4614 Et
2677 4558 2814 4614 alius
2832 4558 2984 4629 prius
3005 4558 3218 4614 Domini
3241 4556 3595 4615 contumelias
3610 4554 3799 4606 nam":

594 4666 696 4715 me,
736 4667 852 4705 cum
892 4652 1127 4722 quotidie
1163 4653 1304 4723 apud
1342 4670 1429 4708 vos
1467 4654 1728 4720 sedebam,
1767 4656 1958 4711 docens
1997 4674 2084 4713 vos
2120 4659 2176 4713 in

2284 4651 2474 4707 deinde
2503 4649 2650 4706 Petri
2676 4650 3055 4706 tentationem.
3093 4649 3305 4707 Omnes
3339 4660 3520 4705 tamen
3546 4654 3678 4700 more
3709 4647 3800 4693 δυο.

596 4741 806 4811 templo,
845 4751 892 4797 et
933 4759 1039 4798 non
1066 4760 1147 4798 me
1170 4745 1426 4799 tenuistis.
1468 4744 1548 4801 Ac
1574 4747 1619 4801 si
1663 4746 1909 4803 diceret:
1937 4747 2172 4805 Stultum
2279 4743 2486 4815 singula
2533 4744 2647 4799 suis
2688 4746 2741 4797 in
2779 4743 2913 4801 locis
2952 4744 3027 4800 ita
3067 4745 3278 4811 dicunt,
3326 4753 3389 4801 ut
3423 4742 3615 4799 veritas
3645 4742 3734 4828 te“

594 4843 681 4891 est
713 4851 836 4890 eum
862 4852 1106 4906 quaerere
1131 4852 1253 4893 cum
1284 4837 1476 4909 gladiis
1509 4847 1563 4895 et
1588 4838 1841 4908 fustibus,
1882 4842 1974 4913 qui
2006 4844 2197 4915 ultro-_
2277 4834 2479 4892 Christi
2509 4844 2763 4891 contexta
2803 4847 3061 4891 cernatur
3084 4844 3258 4902 veste.
3287 4845 3348 4893 ei
3372 4834 3602 4891 varicus
3626 4826 3804 4883 mm“

595 4941 731 4982 neus
761 4941 819 4983 se
850 4929 1044 4983 vestris
1074 4927 1296 4987 tradidit
1342 4930 1621 4997 manibus;
1666 4940 1721 4987 et
1750 4933 1916 4988 nimia
1951 4935 2171 4990 caecitas
2275 4928 2493 5001 qnidem
2535 4928 2696 4982 modo
2738 4942 3007 4984 exornare
3050 4928 3348 4998 probetur;
3384 4935 3441 4982 et
3474 4925 3519 4980 si
3547 4920 3661 4992 quid
3702 4921 3805 5001 unus

594 5029 698 5084 est,
731 5021 1007 5091 multaque
1032 5022 1250 5076 vesania
1282 5022 1482 5089 cordis,
1513 5023 1566 5078 in
1595 5032 1754 5081 nocte
1780 5041 2024 5096 quaerere
2048 5042 2172 5082 cum
2279 5000 2465 5078 eorum
2492 5020 2860 5091 praetermisit,
2882 5019 2951 5076 ab
2967 5019 3074 5074 alio
3093 5019 3395 5091 exintegro
3416 5000 3804 5072 fulciatur.Unde

594 5110 807 5168 facibus
829 5121 885 5168 et
913 5113 1275 5179 lanternis,ac
1296 5114 1341 5170 si
1367 5114 1629 5170 latronem
1656 5116 1710 5169 in
1741 5116 1979 5174 tenebris
2004 5116 2174 5173 laten-
2278 5122 2333 5169 et
2374 5111 2657 5167 Matthteus
2704 5126 2866 5181 quam
2906 5121 3067 5168 caute
3114 5111 3375 5182 loquatur
3413 5100 3804 5166 considerandi!m

595 5213 806 5272 tem,ac
830 5206 927 5260 sia
951 5207 1145 5260 vestris
1174 5206 1482 5277 aspectibus
1507 5206 1890 5269 declinantem,
1915 5208 2005 5276 qui
2031 5223 2172 5263 sem-
2278 5211 2381 5259 est.
2417 5201 2534 5258 Non
2582 5202 2725 5257 enim
2768 5203 2907 5258 sicut
2942 5201 3197 5265 Joannes,
3244 5202 3314 5257 ad
3347 5216 3511 5273 quem
3564 5198 3630 5252 sit
3658 5193 3805 5246 ductus

590 5309 691 5367 per
719 5295 996 5351 vobiscum
1023 5311 1192 5350 eram.
1228 5294 1364 5362 Quid
1392 5286 1519 5363 ergo
1543 5309 1763 5348 necesse
1792 5295 1892 5349 fuit
1912 5309 2011 5364 per
2030 5296 2175 5351 hunc
2279 5295 2534 5365 primum,
2562 5295 2850 5364 expressit,
2897 5295 2993 5351 sed
3022 5293 3267 5350 absolute
3300 5294 3383 5348 ait
3407 5313 3422 5347 :
3456 5291 3588 5359 Quia
3627 5287 3807 5339 teneam

591 5387 925 5458 proditorem
961 5402 1205 5458 quaerere
1234 5402 1340 5452 me,
1364 5395 1418 5441 et
1446 5402 1511 5441 ac
1543 5385 1587 5441 si
1615 5384 1911 5455 fugientem
1952 5386 2173 5441 investio
2277 5384 2460 5440 Jesum
2494 5386 2755 5440 duxerunt
2780 5386 2848 5440 ad
2880 5383 3133 5457 Caipham
3173 5385 3466 5456 principem
3506 5375 3803 5435 sacerdotum.

593 5492 746 5549 gare,
773 5480 863 5550 qui
907 5478 1147 5548 quotidie
1188 5478 1466 5533 vobiscum
1493 5474 1770 5541 sedebam,
1813 5483 1868 5531 et
1910 5475 2170 5530 docebam
2276 5475 2390 5532 Nec
2414 5477 2546 5532 dicit
2567 5478 2820 5547 primum,
2848 5489 2949 5531 nec
2975 5476 3212 5547 quando,
3254 5475 3354 5530 sed
3385 5473 3513 5543 quia
3547 5470 3718 5562 ductus
3746 5462 3810 5562 es!

592 5588 783 5629 (mnes
828 5574 1043 5643 palam?
1083 5572 1296 5643 1130
1332 5572 1468 5638 Quid
1518 5579 1600 5626 est
1650 5571 1793 5640 quod
1834 5570 2027 5640 agitis?
2070 5569 2173 5623 nisi
2274 5569 2345 5623 ad
2372 5584 2518 5624 eum.
2545 5569 2699 5635 Quod
2726 5568 2961 5624 Joannes
2996 5568 3304 5639 diligentius
3332 5555 3805 5621 commendansaii:

593 5665 722 5736 quia
764 5681 859 5721 vos
897 5666 1289 5721 demonstratis
1328 5681 1447 5720 esse
1478 5666 1530 5719 in
1562 5663 1814 5718 tenebris.
1855 5662 1988 5729 Quia
2019 5670 2170 5730 pote-
2277 5659 2476 5715 Cohors
2516 5677 2636 5731 ergo
2667 5671 2714 5715 et
2745 5662 3006 5726 tribunus,
3040 5670 3087 5715 et
3115 5659 3345 5714 ministri
3373 5656 3677 5713 Judteorutl
3701 5656 3813 5699 σοι·

486 5760 493 5765 ”
592 5765 707 5816 stas
736 5768 915 5825 vestra,
952 5765 1195 5831 potestas
1236 5765 1324 5813 est
1368 5757 1740 5833 tenebrarum;
1786 5764 1840 5813 ct
1868 5754 1987 5839 ideo
2012 5752 2067 5810 ilt
2098 5761 2187 5837 ιε·¹
2276 5752 2657 5827 prehenderunt
2700 5753 2905 5824 Jesum,
2950 5763 2998 5808 et
3035 5753 3331 5826 ligaverunt
3367 5764 3515 5837 eum,
3549 5753 3594 5801 et
3624 5736 3829 5815 addam,

2209 3150 2253 3213 C
