4016 6354
190 346 279 414 tibi

930 344 1291 403 EXPOSITIO
1328 342 1394 401 IN
1432 340 1868 399 MATTHIEUM.
1908 372 1976 381 ——
2013 338 2138 395 LIB.
2184 338 2297 404 XII,
2338 336 2489 391 CAP.
2527 330 2718 390 XXVI.

3347 324 3452 382 θ’ὶὲ

187 476 305 524 runt
335 480 456 521 eum
472 464 542 519 ad
566 465 773 519 Annam
794 462 1021 532 primum
1050 460 1230 530 (Joan.
1262 475 1417 523 xvm,
1442 458 1552 529 12).
1583 457 1638 511 In
1667 472 1754 511 cu-
1788 463 1838 522 Α
1867 466 1981 509 stus
2022 461 2124 517 est,
2163 453 2253 521 qui
2298 450 2465 506 dicit:
2492 449 2604 520 Ego
2632 463 2747 501 sum
2777 455 2813 503 Α
2850 453 2896 499 et
2925 451 2974 497 Ω
2994 484 3007 510 ,
3041 443 3358 514 principium
3401 426 3451 499 et

182 560 270 631 jus
295 559 479 627 itaque
505 554 667 610 domo
696 552 842 607 illata
873 559 1000 606 sunt
1037 551 1085 605 ei
1115 551 1280 605 multa
1317 548 1763 605 contumeliarum

186 662 405 721 genera,
434 660 607 714 usque
629 657 808 707 mane,
836 650 1057 711 peracta
1096 640 1208 711 jam
1244 640 1329 693 illa
1359 640 1644 709 negatione
1666 637 1766 693 Pe-

186 739 276 793 tri.
302 736 475 799 Tunc,
505 734 645 789 sicut
677 732 887 803 plenius
909 730 1145 785 Joannes
1172 738 1418 795 testatur,
1452 729 1619 783 mittit
1644 744 1766 783 eum

183 831 370 884 Aonas
399 827 643 882 vinctum
669 822 736 878 ad
763 822 1026 894 Caipham
1064 821 1402 892 pontiﬁcem,
1447 820 1588 890 quod
1625 834 1769 874 nunc

184 919 474 975 Mattbaus
508 918 585 971 ait
624 915 991 986 praetermisso
1036 915 1216 979 Anna,
1241 914 1309 968 ad
1343 927 1501 983 quem
1533 912 1766 982 primum

183 1022 268 1068 est
306 1011 599 1075 adductus,
622 1018 678 1065 et
714 1008 898 1063 multis
927 1008 1125 1063 ibidem
1162 1008 1467 1078 injuriatus.
1512 1006 1770 1075 Quamvis

186 1113 243 1161 et
289 1106 358 1160 de
403 1104 490 1159 his
520 1117 759 1173 przesens
793 1100 1126 1170 evangelista
1172 1099 1427 1155 nonnulla
1465 1101 1543 1154 sic
1584 1082 1781 1153 narrat

184 1193 616 1266 recapitulando,
658 1194 798 1249 sicut
826 1201 881 1248 et
911 1193 977 1247 de
1019 1192 1203 1255 Petro,
1247 1200 1308 1246 ut
1338 1192 1392 1246 in
1423 1206 1527 1245 una
1559 1191 1770 1245 eadem-

181 1303 293 1359 que
312 1287 499 1351 domo,
535 1284 641 1339 nisi
668 1283 977 1355 diligentius
1001 1283 1330 1348 consideres,
1373 1283 1655 1337 videantur
1690 1283 1771 1337 fa-

183 1388 294 1434 cta.
338 1376 451 1432 Nec
478 1374 645 1447 igitur
675 1374 902 1428 multum
932 1374 1175 1437 interest,
1212 1374 1259 1427 si
1290 1389 1397 1427 una
1433 1374 1649 1427 dicatur
1675 1374 1770 1427 do-

122 1516 131 1527 .
184 1483 310 1522 mus
333 1480 552 1530 eorum,
589 1478 835 1533 unusque
863 1462 1079 1532 Caipha:
1102 1461 1597 1532 principatus,quia
1625 1462 1771 1530 prior

184 1568 309 1612 erat
330 1557 388 1611 in
411 1554 738 1619 sacerdotio,
773 1554 839 1608 ad
868 1568 1027 1623 quem
1050 1552 1313 1621 quidquid
1353 1551 1539 1605 Aonas
1566 1550 1771 1605 fecerat

185 1649 513 1721 pertinebat.
550 1648 791 1716 Quorum
831 1663 935 1702 una
980 1656 1101 1702 erat
1134 1646 1386 1711 intentio,
1435 1660 1540 1699 una
1581 1646 1773 1699 volun-

187 1752 294 1807 tas,
335 1755 552 1811 unaque
597 1739 874 1810 iniquitas,
922 1748 978 1793 et
1019 1754 1160 1792 unus
1200 1737 1420 1792 malitia:
1452 1752 1767 1792 consensus.

1867 549 1990 618 ﬁnis
2015 549 2197 619 (Apoc.
2228 562 2268 612 ι,
2298 545 2375 615 8).

1940 642 2191 713 Princeps
2220 650 2393 694 autem
2420 637 2774 698 sacerdotum,
2813 643 2861 688 et
2885 648 3036 687 omne
3069 630 3372 695 concilium,
3400 637 3451 683 et

1868 739 2095 793 seniores
2122 734 2323 806 populi,
2344 733 2646 805 quwrebant
2669 728 2863 799 falsum
2887 727 3236 782 testimonium
3268 733 3453 780 contra

1869 828 2049 883 Iesum
2099 838 2155 881 ut
2204 843 2322 881 eum
2374 825 2531 879 morti
2552 825 2836 883 traderent,
2882 830 2929 874 et
2975 836 3080 873 non
3124 820 3450 884 invenerunt,

1870 935 1987 972 cum
2010 918 2159 972 multi
2184 916 2306 986 falsi
2328 925 2479 969 testes
2501 913 2854 968 accessissent.
2882 909 3019 977 Quid
3050 909 3216 979 igitur
3238 923 3346 963 non
3370 906 3457 963 in-

1870 1010 2171 1065 venerunt?
2195 1007 2447 1076 Nunquid
2481 1020 2590 1061 non
2625 1003 2951 1059 invenerunt
2980 999 3175 1054 falsum
3204 998 3451 1053 testimo-

1870 1103 2021 1157 nium
2067 1110 2256 1157 contra
2297 1098 2606 1161 Dominum,
2650 1095 2791 1165 quod
2829 1091 3180 1163 quaerebant?
3212 1088 3366 1157 Quod
3408 1086 3454 1143 si
3500 1128 3511 1143 κ

1872 1192 2066 1247 falsum
2094 1208 2199 1247 non
2234 1192 2576 1250 invenerunt,
2607 1187 2750 1243 absit
2790 1187 2857 1241 ab
2882 1184 2990 1240 ullo
3021 1183 3354 1247 mortalium,
3395 1190 3458 1237 ut

1873 1288 2059 1342 credat
2084 1287 2228 1355 quod
2252 1300 2439 1339 verum
2462 1291 2651 1339 contra
2692 1297 2816 1337 eum
2868 1279 3203 1341 invenerint;
3235 1272 3295 1333 ut
3330 1293 3453 1332 eum

1866 1379 1989 1449 jure
2034 1377 2196 1433 morti
2250 1377 2543 1431 traderent.
2593 1374 2741 1429 Alias
2792 1382 2994 1437 autem,
3022 1372 3292 1441 quomodo
3332 1367 3455 1425 falsi

1875 1477 2042 1523 testes
2077 1477 2259 1523 essent
2289 1468 2336 1521 si
2368 1480 2555 1520 verum
2587 1462 2861 1519 dicerent?
2889 1461 2954 1515 Et
2976 1462 3101 1532 quia
3140 1459 3262 1515 falsi
3290 1467 3458 1515 testes

1874 1568 2033 1615 erant
2078 1558 2167 1628 qui
2218 1562 2595 1620 accesserunt,
2658 1553 2929 1624 quomodo
2980 1566 3087 1605 non
3136 1551 3460 1605 invenerunt

1876 1650 2071 1705 falsum
2119 1648 2489 1703 testimonium
2539 1644 2680 1714 quod
2730 1642 3083 1714 qumrebant?
3131 1641 3457 1695 Invenerunt

1876 1742 2062 1810 utique
2090 1739 2280 1793 falsum
2318 1739 2459 1807 quod
2501 1736 2832 1805 qurercbant,
2866 1743 3049 1789 etnon
3080 1748 3299 1797 verum;
3332 1732 3457 1801 quia

191 1832 300 1890 Nec
326 1834 498 1904 igitur
528 1833 725 1886 mirum
752 1830 798 1885 si
826 1830 995 1901 iniqui
1022 1829 1303 1899 pontiﬁces
1331 1829 1516 1899 iniqua
1548 1828 1772 1883 consilia
1802 1830 1847 1890 Β
1874 1835 2031 1892 Jesns
2061 1835 2319 1888 innocens
2340 1839 2477 1896 erat,
2500 1839 2554 1884 et
2576 1831 2690 1899 ipse
2713 1829 2898 1883 miseri
2927 1844 2991 1883 ac
3014 1829 3144 1883 caeci
3173 1828 3456 1882 veritatem

189 1931 409 1996 gerunt,
451 1922 635 1992 inique
672 1921 919 1992 judicant
966 1928 1019 1973 et
1052 1921 1268 1989 iniquos
1312 1921 1377 1974 ad
1432 1919 1769 1988 iniquitatem

190 2015 407 2079 fovent;
435 2013 527 2084 qui
559 2029 666 2067 non
694 2028 761 2068 ex
803 2013 1168 2076 successione,
1207 2023 1266 2066 ut
1298 2011 1380 2065 Iex
1416 2008 1569 2078 jubet
1608 2026 1637 2063 a
1671 2011 1771 2065 Do-

190 2108 338 2162 mino
365 2106 731 2178 promulgata,
779 2104 1140 2159 sacerdotium
1183 2103 1513 2165 obtinuerat,
1555 2102 1672 2167 sed,
1713 2110 1774 2155 ut

190 2195 456 2266 Iosephus
483 2195 670 2260 refert,
707 2195 867 2250 unius
904 2194 1031 2249 anni
1064 2203 1272 2248 tantum
1305 2193 1673 2262 pontiﬁcatum
1706 2192 1774 2247 ab

191 2289 408 2345 Herode
441 2289 618 2359 pretio
656 2288 798 2343 male
836 2288 1158 2342 redemerat.
1188 2285 1343 2341 Tales
1372 2287 1535 2355 igitur
1560 2300 1776 2355 semper

194 2384 422 2439 timendi
464 2391 591 2439 sunt
620 2382 953 2448 sacerdotes,
986 2382 1292 2452 quicunque
1338 2380 1536 2450 pretio,
1567 2388 1622 2435 et
1666 2394 1775 2433 non

195 2489 260 2530 ex
288 2475 466 2547 gratia
513 2474 752 2545 Spiritus
778 2474 970 2538 sancti,
1005 2474 1239 2528 honores
1280 2479 1557 2527 sectantur
1584 2468 1771 2524 Eccle-

196 2569 396 2624 siarum
419 2585 435 2634 ;
460 2584 586 2623 cum
617 2568 815 2637 quibus
836 2581 1051 2636 semper
1074 2565 1269 2620 falsum
1306 2570 1626 2634 aggregatur
1646 2576 1776 2616 con-

197 2658 401 2724 cilium,
432 2657 557 2713 falsi
602 2666 768 2713 testes
797 2665 1131 2727 qumruntur,
1161 2671 1283 2710 cum
1309 2654 1504 2724 quibus
1540 2668 1646 2708 non
1687 2667 1778 2707 vc-

201 2751 352 2817 ritas,
376 2767 487 2806 non
518 2750 730 2822 religio,
764 2751 859 2805 sed
894 2749 1079 2818 iniqua
1107 2762 1321 2817 semper
1349 2748 1405 2802 in
1431 2746 1611 2802 causis
1635 2759 1774 2815 prae-

202 2840 373 2898 fertur
394 2844 403 2849 ’
418 2842 735 2899 auctoritas.

274 2931 463 2987 Petrus
512 2944 687 2987 autem
722 2932 1034 3003 sequebatur
1072 2946 1191 2985 eum
1234 2947 1266 2985 a
1309 2927 1489 2999 longe,
1520 2943 1680 2998 usque
1722 2928 1777 2981 in

212 3024 397 3076 atrium
448 3022 699 3094 principis
754 3021 1105 3076 sacerdotum.
1167 3017 1236 3073 Et
1288 3019 1551 3088 ingressus
1598 3018 1773 3081 intro,

215 3113 408 3167 sedebat
462 3130 581 3169 cum
631 3113 884 3168 ministris
934 3121 992 3166 ut
1045 3112 1237 3166 videret
1281 3111 1437 3180 ﬁnem
1495 3110 1589 3163 rei.
1656 3108 1778 3164 llaec

1872 1942 1978 1982 non
1992 1926 2325 1995 quaerebant,
2346 1922 2438 1977 sed
2452 1921 2747 1976 deliberate
2771 1921 2952 1974 animo
2964 1933 3172 1981 omnes,
3188 1918 3459 1988 quomodo

1877 2018 2087 2090 1133
2118 2033 2240 2071 eum
2269 2016 2386 2072 neci
2421 2015 2713 2070 traderent.
2738 2013 2892 2069 Unde
2919 2014 3059 2068 sicut
3087 2011 3325 2066 nonnulli
3348 2027 3453 2065 co-

1875 2111 2021 2164 dices
2069 2108 2290 2169 habent,
2330 2114 2389 2159 ut
2418 2105 2525 2159 dixi
2555 2146 2569 2170 ,
2617 2119 2723 2159 non
2773 2103 3097 2157 invenerunt
3150 2101 3375 2166 exitum,
3407 2099 3463 2155 id

1874 2213 1957 2259 est
1981 2203 2252 2272 quomodo
2276 2200 2359 2255 vel
2386 2200 2562 2271 ipsum
2605 2197 2799 2253 falsum
2829 2196 3201 2252 testimonium
3228 2193 3464 2250 colloca-

1874 2303 2019 2358 rent,
2048 2294 2131 2347 vel
2165 2294 2435 2362 quomodo
2482 2290 2606 2344 ficte
2635 2290 2714 2344 sic
2748 2286 3089 2358 proferrent,
3118 2296 3179 2341 ut
3207 2286 3294 2341 vel
3318 2284 3464 2341 veri-

1876 2386 2051 2442 simile
2082 2384 2283 2440 habcre
2322 2383 2613 2437 videretur.
2644 2380 2711 2434 Et
2758 2381 2860 2435 hoc
2905 2389 2990 2434 est
3032 2379 3174 2448 quod
3225 2392 3461 2448 evange-

1875 2477 1996 2532 lista
2049 2476 2221 2529 dicit:
2258 2472 2382 2527 Non
2421 2473 2755 2536 invenerunt,
2810 2471 2934 2539 quia
2979 2470 3083 2524 hoc
3123 2469 3459 2538 quaerebant.

1876 2566 1992 2621 Non
2049 2556 2173 2635 quia
2219 2564 2410 2617 falsum
2459 2563 2808 2623 invenerunt,
2847 2560 2939 2615 sed
2973 2560 3052 2613 sic
3083 2557 3463 2612 adumbratum

1876 2655 2120 2709 invenire
2149 2668 2254 2707 non
2281 2660 2595 2722 potuerunt,
2636 2659 2697 2704 ut
2724 2649 2931 2704 falsitas
2960 2649 3126 2703 etiam
3156 2647 3327 2702 Pilato
3356 2662 3463 2702 non

1876 2747 2170 2821 videretur.
2205 2745 2273 2799 Et
2300 2745 2419 2799 ideo
2466 2743 2659 2796 sciebat
2708 2741 2912 2795 Pilatus
2968 2738 3290 2804 manifeste,
3340 2740 3467 2809 quia

1875 2852 1969 2907 per
1994 2835 2246 2889 invidiam
2279 2851 2396 2890 eum
2437 2832 2799 2887 tradidissent.
2823 2832 2959 2886 Nam
2987 2840 3039 2885 ct
3062 2830 3165 2885 alia
3197 2831 3463 2899 interpre-

1879 2934 2013 2988 tatio
2050 2932 2297 2987 codicum
2338 2931 2415 2986 sic
2455 2929 2650 2995 habet,
2676 2943 2799 2984 cum
2831 2926 2987 2981 multi
3034 2925 3154 2980 falsi
3185 2933 3350 2979 testes
3370 2938 3466 2978 ac-

1879 3027 2192 3091 cessissent,
2217 3040 2321 3079 non
2347 3025 2672 3078 invenerunt
2700 3023 2753 3076 in
2784 3037 2850 3077 eo
2894 3020 3209 3090 quidquam.
3241 3017 3320 3071 Ex
3361 3031 3468 3086 quo

1878 3128 2029 3192 patet
2052 3120 2178 3189 quia
2214 3119 2510 3175 secundum
2561 3116 2754 3171 Isaiam
2794 3117 3133 3187 prophetam,
3164 3129 3230 3170 eo
3276 3113 3331 3167 in
3372 3127 3471 3184 po-

218 3204 418 3270 omnia,
447 3212 509 3258 ut
546 3204 694 3270 dixi,
748 3204 813 3259 de
849 3202 1050 3268 Petro,
1093 3210 1148 3256 et
1190 3201 1419 3271 plurima
1467 3216 1587 3271 qua:
1629 3208 1780 3271 gesta

1886 3215 2012 3284 pulo
2056 3230 2087 3269 a
2132 3214 2314 3283 planta
2378 3211 2534 3281 pedis
2595 3226 2765 3280 usque
2827 3210 2895 3263 ad
2955 3209 3214 3263 verticem
3278 3204 3474 3276 capitis

218 3307 333 3349 sunt
392 3295 604 3367 1132
658 3296 711 3350 in
772 3294 958 3350 Jesum
1018 3293 1466 3348 contumeliarum
1519 3291 1780 3360 supplicia

219 3387 346 3454 apud
392 3368 639 3451 Annam,
701 3386 1016 3457 priusquam
1083 3383 1149 3438 ad
1207 3381 1463 3454 Caipham
1536 3382 1774 3446 veniret,

220 3476 350 3535 facta
374 3491 519 3535 recte
547 3481 938 3551 intelliguntur.
970 3480 1159 3535 Petrus
1184 3487 1362 3532 tamen
1392 3492 1503 3547 prae
1531 3477 1780 3533 munibus

221 3570 381 3625 adhuc
424 3586 492 3626 ex
525 3572 722 3628 ardore
768 3571 891 3627 fidei
945 3571 1205 3642 sequitur,
1232 3573 1483 3642 quamvis
1526 3587 1556 3624 a
1602 3570 1776 3639 longe.

223 3659 346 3728 Quia
380 3665 545 3733 prima
583 3662 921 3731 confusione,
943 3664 1055 3734 jam
1100 3666 1291 3719 timore
1320 3679 1598 3734 pervasus,
1629 3662 1783 3730 sequi

220 3763 250 3802 a
276 3753 511 3819 proximo
556 3769 666 3809 non
714 3754 966 3819 audebat,
1016 3756 1157 3810 sicut
1199 3756 1401 3809 dictum
1431 3762 1558 3809 est:
1598 3751 1664 3805 Et
1692 3754 1783 3823 qui

210 3840 360 3910 juxta
386 3861 463 3899 me
500 3856 668 3910 erant,
697 3846 762 3901 de
799 3846 949 3918 longe
969 3856 1221 3901 steterunt
1255 3846 1424 3916 (Psal.
1459 3862 1632 3911 xxvii,
1671 3845 1780 3916 15).

224 3930 546 4003 Sequebatur
581 3946 761 3992 autem
794 3937 875 3992 vel
910 3952 1095 3993 amore
1134 3936 1400 4006 discipuli,
1430 3936 1513 3991 vel
1549 3937 1784 3991 humana

224 4030 540 4097 curiositate,
580 4032 723 4087 scire
751 4031 939 4085 volens
978 4030 1107 4100 quid
1143 4029 1416 4085 accideret
1438 4029 1508 4095 ei,
1550 4028 1633 4083 vel
1656 4027 1786 4098 quid

215 4118 470 4190 judicaret
499 4125 565 4179 de
588 4139 654 4178 eo
682 4121 947 4194 pontifex,
977 4132 1231 4177 utrumne
1256 4138 1379 4177 eum
1416 4122 1578 4176 morti
1610 4122 1788 4178 trade-

223 4220 316 4278 ret,
349 4229 413 4268 an
442 4213 670 4284 ﬂagellis
708 4229 904 4269 caesum
948 4213 1263 4269 dimitteret.
1303 4212 1416 4268 Nec
1464 4214 1596 4268 satis
1624 4214 1789 4285 igitur

227 4306 625 4373 recordabatur,
661 4322 825 4378 quam
855 4322 996 4377 saepe
1027 4305 1270 4361 audierat
1301 4321 1330 4360 a
1362 4305 1607 4369 Domino,
1642 4306 1785 4377 quod

226 4393 592 4468 ﬂagellandus,
646 4408 703 4455 et
756 4400 1151 4472 cruciﬁgendus
1192 4408 1356 4455 esset.
1400 4400 1787 4455 Verumtamen

223 4486 386 4543 adhuc
419 4486 566 4544 Petri
617 4487 787 4557 major
815 4490 1117 4545 constantia
1158 4499 1478 4544 cancrorum
1520 4489 1788 4560 apostolo-

1882 3305 2027 3359 nulla
2090 3312 2208 3360 erat
2234 3303 2470 3367 sanitas,
2514 3303 2609 3357 sed
2656 3318 2762 3356 una
2805 3301 3061 3371 iniquitas
3102 3299 3157 3353 in
3192 3298 3469 3364 omnibus,

1883 3410 2097 3465 unaque
2144 3395 2392 3448 intentio.
2440 3392 2551 3447 Nec
2583 3402 2766 3447 tamen
2804 3407 2997 3447 eorum
3044 3388 3312 3445 calliditas
3360 3397 3471 3443 tam

1883 3496 2058 3543 astuta
2083 3487 2363 3557 probatur,
2394 3492 2452 3537 ut
2478 3484 2557 3536 vel
2602 3484 2716 3553 ipsa
2765 3482 2976 3537 falsitas
3004 3480 3205 3550 aliquid
3238 3480 3353 3535 veri
3384 3480 3467 3533 vi-

1883 3581 2104 3635 deretur
2141 3578 2341 3633 habere
2378 3575 2574 3631 simile.
2622 3573 2757 3628 Nam
2806 3576 2946 3643 apud
3000 3574 3215 3641 iniquos
3257 3570 3469 3640 judices

1885 3667 2018 3723 falsa
2057 3667 2363 3721 testimonia
2404 3674 2534 3719 tunc
2576 3664 2754 3718 locum
2789 3664 2990 3718 habere
3022 3658 3221 3726 solent,
3249 3662 3468 3731 quando

1885 3759 2069 3815 dolose
2099 3774 2220 3812 cum
2253 3757 2434 3811 colore
2472 3755 2653 3824 aliquo
2684 3755 3034 3825 proferuntur
3059 3753 3322 3807 veritatis.
3360 3752 3469 3808 Sed

1887 3848 2238 3903 mundissima
2278 3845 2477 3901 Christi
2507 3843 2848 3899 conversatio
2876 3845 2978 3899 hoc
3014 3843 3232 3905 habuit,
3258 3852 3312 3899 et
3338 3844 3475 3899 irre-

1886 3938 2267 4009 prehensibilis
2305 3936 2437 4001 vita,
2467 3950 2532 3990 eo
2568 3935 2710 4004 quod
2751 3934 2906 3989 dolus
2931 3950 3037 3989 non
3089 3942 3174 3989 est
3220 3934 3505 3991 inventus

1887 4031 1942 4086 in
1973 4046 2058 4085 eo.
2091 4031 2321 4102 Ideoque
2371 4031 2498 4087 fecit
2541 4046 2609 4086 ne
2658 4030 2822 4085 ullam
2866 4030 3173 4085 invenirent
3210 4031 3474 4085 adversus

1887 4139 2011 4178 eum
2041 4124 2404 4190 occasionem,
2437 4139 2544 4194 qua
2573 4124 2781 4194 possint
2809 4139 2904 4178 sua
2937 4122 3224 4193 suffragari
3252 4122 3477 4178 menda-

1889 4216 1993 4271 cia.
2024 4216 2189 4272 Miser
2213 4218 2462 4288 populus,
2505 4215 2657 4286 cujus
2689 4217 2958 4288 principes
2999 4216 3169 4287 iniqui
3218 4224 3375 4281 sunt,
3421 4225 3480 4272 et

1892 4322 2120 4378 quorum
2152 4310 2394 4365 seniores
2447 4309 2719 4380 perversi,
2771 4309 2898 4379 quia
2935 4307 3089 4363 multi
3140 4306 3262 4363 falsi
3311 4316 3479 4362 testes

1890 4400 1944 4455 in
1974 4416 2161 4455 eorum
2206 4418 2482 4472 nunquam
2527 4403 2719 4457 desunt
2751 4402 3017 4457 conciliis.
3063 4401 3197 4457 Nam
3226 4401 3481 4473 princeps

1891 4491 1984 4561 qui
2040 4491 2273 4546 libenter
2313 4493 2464 4547 audit
2490 4492 2790 4554 mendacia,
2827 4508 3016 4548 omnes
3056 4492 3334 4547 ministros
3380 4492 3481 4547 ha-

220 4591 331 4631 rum
373 4595 495 4637 esse
539 4582 774 4646 videtur,
826 4582 951 4637 dum
993 4582 1070 4636 illi
1111 4580 1343 4653 fugiunt,
1390 4581 1511 4646 iste,
1544 4584 1790 4651 quamvis
1817 4572 2044 4638 Dbebit
2075 4585 2289 4653 impios,
2318 4593 2521 4655 quanto
2550 4586 2723 4657 magis
2764 4593 2818 4640 et
2862 4585 2909 4640 si
2938 4585 3216 4655 qumsierit
3259 4599 3370 4649 eos,
3421 4591 3484 4638 ut

217 4672 415 4740 procul,
440 4673 633 4729 saltem
660 4690 691 4729 a
718 4674 875 4746 longe
906 4676 1151 4745 sequitur
1192 4673 1553 4730 Salvatorem.
1584 4675 1692 4731 Nec
1723 4691 1790 4731 ex

218 4768 325 4815 toto
344 4762 415 4817 ab
442 4763 534 4818 illo
563 4764 841 4830 recedens,
883 4781 983 4822 nec
1009 4780 1130 4821 cum
1161 4765 1253 4820 illo
1280 4781 1346 4821 ex
1377 4774 1491 4821 toto
1519 4765 1585 4821 de
1626 4781 1790 4836 prope

217 4863 464 4920 sequens.
492 4850 750 4907 Pervenit
778 4860 959 4910 tamen
988 4854 1055 4907 ad
1085 4853 1283 4908 atrium
1320 4854 1579 4925 principis
1605 4870 1788 4910 sacer-

217 4942 419 5009 dotum,
450 4957 553 4999 nec
584 4941 824 5013 Caiphae,
864 4944 958 4999 sed
985 4944 1174 5008 Anam,
1211 4942 1299 4998 ubi
1347 4955 1639 5015 negaturus
1674 4953 1791 5001 erat

172 5056 181 5069 ι
215 5034 521 5093 Dominum.
552 5036 669 5093 Non
702 5046 913 5109 poterat
932 5026 1076 5094 enim
1101 5053 1210 5093 non
1238 5040 1456 5093 evenire
1484 5040 1626 5108 quod
1650 5055 1791 5109 prte-

212 5128 416 5185 dictum
450 5131 630 5186 fuerat
656 5147 688 5186 a
726 5132 971 5187 Domino.
1008 5131 1074 5185 Et
1114 5133 1380 5202 ingressus
1411 5134 1551 5186 intra
1583 5134 1792 5188 sedebat

209 5234 326 5272 cum
357 5220 635 5275 ministris.
670 5218 785 5276 Non
811 5230 872 5276 ut
902 5222 1260 5287 ministraret,
1296 5224 1389 5277 sed
1420 5224 1611 5278 videret
1640 5224 1797 5293 ﬁnem

213 5308 316 5373 rei,
343 5325 504 5378 quem
536 5325 642 5365 non
669 5321 883 5380 poterat
918 5312 1104 5367 videre
1129 5312 1181 5366 iu
1217 5312 1355 5367 atrio
1388 5314 1663 5384 principis,
1701 5330 1799 5371 ne-

208 5412 318 5467 que
344 5399 435 5454 ubi
464 5402 709 5457 seniores
748 5401 892 5457 illius
921 5401 1102 5472 populi
1142 5404 1447 5472 congregati
1476 5415 1651 5458 erant.
1692 5403 1797 5460 Ne-

207 5490 329 5544 scio
361 5490 547 5559 itaque
575 5491 620 5545 si
652 5492 794 5547 forte
840 5493 962 5561 quis
1005 5492 1490 5561 impraesentiarum
1529 5505 1692 5564 queat
1719 5494 1799 5547 vi—

203 5586 343 5639 dere
368 5584 578 5637 exitum
608 5583 759 5649 Jesn,
803 5584 943 5653 quod
975 5584 1215 5638 nonnulli
1247 5586 1461 5639 codices
1494 5587 1713 5650 habent,
1743 5586 1798 5640 in

194 5690 316 5745 quo
345 5683 431 5728 est
464 5674 585 5728 ﬁnis
605 5674 1109 5729 consummationis.
1142 5673 1274 5739 Quia
1308 5675 1409 5729 hoc
1441 5676 1621 5729 videre
1648 5686 1801 5743 pote-

194 5769 297 5836 rit,
337 5766 806 5823 v'idebithrbum
859 5766 952 5823 Dei
993 5775 1048 5823 et
1086 5766 1441 5839 Sapientiam,
1477 5785 1596 5842 qua}
1638 5768 1798 5826 Chri-

1903 4674 2035 4731 istos
2093 4675 2285 4732 fecisse
2344 4678 2655 4733 cernimus?
2715 4676 2855 4734 Hinc
2904 4688 2988 4734 est
3036 4678 3180 4749 quod
3238 4678 3480 4733 dicitur:

1899 4766 2096 4840 Stuppa
2119 4770 2334 4825 collecta
2364 4788 2629 4843 synagoga
2656 4773 2983 4843 peccantium
3011 4771 3202 4843 (Eccli.
3228 4786 3338 4829 ut.
3366 4768 3480 4841 IO).

1899 4858 2005 4915 Sed
2034 4860 2152 4915 laus
2175 4862 2277 4915 viri
2300 4861 2431 4932 justi
2473 4877 2597 4916 cum
2646 4862 2843 4919 talibus
2873 4864 3131 4918 innocens
3156 4861 3487 4916 condemna-

1900 4958 2005 5004 tur.
2040 4950 2273 5017 Interca,
2303 4961 2359 5008 et
2389 4953 2442 5007 in
2490 4954 2593 5008 hoc
2623 4953 2744 5009 Ioco
2771 4954 2913 5023 quod
2946 4952 3096 5008 multi
3149 4951 3266 5007 falsi
3320 4959 3485 5007 testes

1884 5044 2143 5127 veniunt,
2174 5042 2327 5099 favor
2351 5053 2434 5100 est
2461 5044 2678 5115 Caiphae
2699 5086 2714 5111 ,
2754 5054 2809 5101 et
2837 5044 3138 5116 principum
3166 5042 3483 5107 concitatio,

1901 5136 2239 5191 sacerdotum
2282 5152 2498 5208 quoque
2544 5146 2599 5193 et
2644 5138 2959 5193 Scribarum
3013 5135 3351 5199 convocatio,
3384 5147 3487 5189 nec

1900 5241 2008 5280 non
2037 5233 2092 5280 et
2121 5228 2394 5281 seniorum
2434 5236 2596 5297 atque
2636 5227 2815 5281 omnis
2864 5225 3079 5282 concilii
3131 5221 3484 5294 conspiratio,

1896 5308 1960 5372 rut
2000 5318 2053 5372 in
2085 5319 2332 5373 omnibus
2362 5320 2533 5389 major
2560 5320 2675 5373 laus
2701 5318 2900 5373 Christi
2938 5334 3001 5373 ac
3024 5318 3132 5372 vita
3160 5325 3214 5373 et
3238 5315 3486 5371 doctrina

1900 5406 2396 5477 irreprehensibilis
2429 5409 2775 5479 praedicetur.
2801 5407 2904 5475 Qui
2933 5408 3011 5463 sic
3039 5409 3220 5462 omnia
3254 5408 3487 5476 irrepre-

1900 5496 2236 5551 hensibiliter
2268 5496 2395 5551 fecit
2436 5507 2491 5552 et
2516 5497 2719 5559 docuit,
2747 5497 2882 5550 utin
2923 5511 2988 5550 eo
3011 5495 3144 5551 nihil
3184 5495 3489 5549 invenirent

1881 5584 2025 5640 'mali
2070 5587 2266 5652 simile,
2299 5588 2449 5641 multi
2482 5588 2790 5651 mendaces,
2824 5586 3021 5650 callidi,
3055 5595 3109 5641 et
3134 5585 3293 5640 astuti
3328 5584 3477 5656 prin-

1900 5679 2069 5746 cipes.
2107 5678 2255 5733 Unde
2293 5681 2577 5748 sequitur:
2616 5679 2909 5735 Novissime
2950 5689 3194 5735 venerunt
3223 5679 3327 5733 duo
3358 5678 3485 5749 falsi

1882 5779 2075 5839 ‘testes,
2106 5781 2152 5826 et
2207 5771 2451 5825 dixerunt
2491 5785 2511 5825 :
2552 5770 2655 5827 Hic
2703 5772 2835 5827 dixit
2880 5786 2899 5826 :
2945 5770 3171 5829 Possum
3223 5771 3491 5830 destruere
