4016 6354
647 280 753 339 915

1456 283 1512 341 S.
1553 282 1901 340 PASCHASII
1940 282 2287 340 RADBERTI
2318 280 2607 338 ABBATIS
2640 279 3086 339 CORBEIENSIS
3710 302 3785 357 ρει

653 394 769 465 Dei,
801 409 848 455 et
878 410 990 468 post
1028 398 1265 453 triduum
1298 398 1616 467 recedi/iocre
1663 398 1815 453 illud.
1848 396 2231 454 Verumtamen
2259 398 2314 460 Α
2337 394 2556 451 Excutit
2597 409 2728 464 ergo
2774 395 3085 465 pontificem
3127 396 3371 452 ves‘ifﬁum
3413 398 3471 456 de
3509 404 3620 461 solio
3653 408 3791 479 judicii

653 503 708 547 et
735 490 833 559 ipsi
861 490 1001 544 inter
1036 501 1096 543 se
1122 488 1228 543 duo
1258 485 1578 542 dissidentes
1608 496 1780 551 erant,
1809 488 1949 543 sicut
1996 487 2234 544 ostendit

656 574 999 647 Marcusﬂta
1026 579 1212 635 dicens
1238 599 1251 634 :
1286 580 1353 634 Et
1377 579 1469 634 alii
1495 590 1761 649 surgentes
1796 579 2010 653 1135
2034 579 2229 650 falsum

652 678 892 733 dicebant
923 677 1279 732 testimonium
1318 677 1566 731 adversus
1596 694 1713 731 eum
1738 718 1753 742 ,
1786 678 2011 732 dicentes
2044 691 2062 729 :
2094 678 2233 744 Quo-

652 770 795 822 niam
832 783 925 821 nos
952 768 1248 821 audivimus
1291 767 1543 821 dicentem
1584 769 1764 822 hunc:
1796 768 1908 838 Ego
1951 769 2231 823 dissolvam

651 859 749 912 hoc
789 858 1037 927 templum
1088 857 1485 926 ntunufuctum,
1544 869 1591 912 et
1639 870 1752 929 post
1806 859 2042 912 triduum
2097 858 2231 913 illud

656 949 995 1015 resuscitubo,
1034 967 1139 1003 non
1170 950 1406 1002 nutnilms
1448 950 1662 1018 fictum.
1699 949 1763 1003 Et
1789 968 1890 1003 non
1913 959 2023 1002 erat
2054 966 2235 1004 conre-

653 1045 800 1097 niens
830 1043 1179 1097 testimonium
1211 1041 1421 1095 illorum
1447 1040 1639 1113 (Marc.
1688 1058 1796 1105 xlv,
1828 1041 1916 1103 58,
1945 1042 2056 1109 59).
2092 1041 2234 1112 Ergo

656 1134 778 1187 ideo
803 1150 907 1188 non
938 1143 1057 1187 erat
1079 1134 1738 1202 conveniens,quiaaliter
1759 1134 1969 1188 dicebat
1991 1134 2075 1187 ille
2092 1133 2233 1188 forte

2335 485 2486 541 furor
2512 486 2764 541 immanis
2798 495 2853 542 et
2895 484 3089 541 levitas
3122 488 3330 542 mentis.
3358 488 3476 557 Quia
3500 508 3663 563 quanto
3682 501 3791 561 beni.

2334 578 2624 649 guissimus
2642 576 2798 633 Jesus
2828 576 2947 648 plus
2977 578 3188 633 tacebat
3211 577 3499 652 intrepidus,
3527 596 3649 644 tanto
3674 597 3794 667 magi;

2336 671 2425 725 ille
2452 671 2682 725 amentia
2715 680 3024 741 superatus,
3050 687 3174 726 eum
3218 670 3280 725 ad
3319 676 3685 744 respondendum
3707 700 3793 754 pro.

2336 770 2492 818 vocat
2525 763 2761 833 qualibet
2796 764 3087 819 occasione
3130 767 3409 831 sermonis,
3441 769 3480 823 si
3525 771 3638 827 forte
3669 775 3797 836 locum

2337 856 2576 910 inveniat
2602 856 2915 910 accusandi.
2960 854 3065 910 Sed
3096 856 3400 915 mitissimus
3428 859 3636 919 Salvator
3660 869 3800 926 nihilo.

2337 947 2517 1002 minus
2563 954 2739 1012 tacet,
2788 947 2912 1017 quia
2960 947 3165 1001 sciebat
3216 950 3361 1018 quasi
3417 951 3571 1019 Deus,
3608 959 3799 1028 quidquid

2339 1035 2750 1106 respondisset,
2797 1036 2939 1107 quod
2988 1046 3157 1091 totum
3209 1046 3519 1110 rclorqneret
3562 1048 3615 1097 ad
3655 1050 3802 1103 calum-

2338 1131 2503 1185 niam.
2535 1129 2653 1197 Quo
2698 1129 2911 1184 silentio
2950 1130 3180 1201 amplius
3208 1144 3466 1201 permotus
3486 1174 3500 1198 ,
3533 1136 3595 1190 ait
3616 1136 3674 1189 illi
3697 1154 3708 1191 :
3729 1140 3803 1193 Ad-

656 1224 812 1291 cujus
852 1225 1016 1278 Verba
1051 1224 1261 1278 Marcus
1308 1226 1573 1291 retexuit,
1624 1236 1677 1281 et
1724 1226 1879 1281 aliter
1928 1228 2028 1281 iste
2081 1227 2233 1297 cujus

2337 1221 2457 1292 iuro
2486 1231 2533 1275 te
2558 1237 2648 1291 per
2683 1219 2849 1274 Deum
2883 1221 3072 1285 virum,
3099 1231 3151 1273 ut
3176 1220 3317 1275 dicas
3356 1222 3487 1277 nobis
3510 1225 3548 1278 si
3565 1238 3611 1278 tu
3632 1245 3674 1281 es
3698 1229 3803 1282 Clui-

658 1312 961 1370 Mattltteus.
1026 1314 1142 1370 Uno
1188 1325 1364 1369 tamen
1415 1317 1604 1387 spiritu
1665 1321 1878 1388 utrique
1922 1320 2231 1384 mendaces,

656 1417 711 1462 et
735 1409 894 1461 ambo
926 1409 1047 1463 ideo
1081 1407 1197 1462 falsi
1229 1417 1409 1464 testes.
1445 1410 1570 1464 Sive
1589 1426 1717 1479 ergo
1743 1412 1824 1465 bis
1849 1412 1952 1467 hoc
1977 1412 2233 1478 dixerint,

657 1513 778 1567 quae
807 1497 894 1552 isti
928 1499 1033 1553 duo
1064 1508 1290 1553 narrant
1317 1501 1690 1571 evangelistze;
1725 1502 1837 1556 sive
1867 1519 2003 1557 unus
2035 1494 2153 1566 hoc,
2180 1510 2237 1558 et

658 1588 798 1644 alter
822 1590 998 1656 istud,
1036 1592 1224 1646 alltb'ts
1261 1600 1440 1647 tamen
1484 1593 1529 1647 si
1579 1594 1803 1663 respicis
1836 1610 1955 1664 qua:
2001 1593 2237 1650 Joannes

659 1682 737 1736 ait
782 1681 985 1737 dixisse
1035 1682 1316 1737 Dominum
1349 1683 1414 1737 de
1466 1684 1566 1738 hoc
1617 1684 1839 1754 templo,
1874 1682 2037 1740 falsos
2072 1683 2238 1742 fuisse

2337 1323 2446 1366 stus
2474 1309 2520 1364 F
2524 1311 2646 1364 ilius
2677 1310 2789 1364 Dei.
2822 1308 3047 1379 Adjurat
3088 1325 3240 1382 ergo,
3280 1312 3422 1381 quasi
3461 1329 3520 1367 ex
3542 1313 3657 1383 lege,
3680 1327 3724 1370 ut
3742 1317 3805 1370 ad-

2329 1399 2547 1470 juratur
2576 1401 2779 1469 .mulier
2809 1399 2895 1455 illa
2925 1417 3046 1472 quae
3090 1403 3362 1471 zelotoliim
3406 1412 3596 1457 tenetur
3622 1405 3804 1472 obnoxia,

2338 1494 2432 1548 sed
2461 1509 2566 1548 non
2594 1508 2659 1548 eo
2688 1493 2866 1548 animo
2893 1500 2952 1547 ut
2997 1493 3218 1556 credat,
3262 1493 3381 1563 quia
3430 1503 3481 1548 et
3525 1510 3631 1549 cum
3664 1495 3809 1550 audivit

2339 1583 2729 1650 confitentem,
2794 1582 2937 1640 ferre
2991 1600 3100 1639 non
3155 1584 3367 1655 potuit,
3415 1586 3627 1655 quinimo
3666 1589 3746 1657 egit
3771 1596 3810 1641 ut

2340 1675 2699 1730 condemnare
2747 1676 2935 1744 possit.
2992 1675 3068 1729 Eo
3097 1676 3293 1746 quippe
3344 1675 3611 1746 interrogat
3655 1676 3810 1741 affectu,

659 1780 824 1827 testes
861 1773 1146 1843 probabis;
1181 1775 1322 1843 quod
1350 1784 1575 1844 uterque
1601 1775 1840 1830 declarat
1885 1776 2233 1842 evangelista,

2341 1782 2448 1838 quo
2473 1775 2527 1822 et
2558 1756 2822 1822 diabolus.
2868 1766 2934 1821 Et
2974 1766 3094 1822 ideo
3142 1783 3250 1821 non
3300 1766 3412 1821 sine
3447 1766 3726 1822 dubitatione
3760 1768 3813 1821 in-

554 1890 565 1907 »
658 1876 781 1917 cum
824 1878 919 1918 eos
962 1861 1129 1919 falsos
1156 1862 1324 1919 fu.sse
1380 1864 1701 1933 proclamat.
1734 1865 1866 1919 Nam
1895 1864 2132 1922 Joannes
2161 1867 2238 1922 ait

658 1951 842 2009 «Iesum
872 1955 1072 2009 dixisse
1104 1970 1118 2009 :
1152 1955 1348 2010 Solvite
1389 1955 1636 2021 templum
1667 1958 1782 2021 hoc,
1809 1966 1857 2010 et
1884 1973 1975 2026 ego
2000 1968 2113 2026 post
2143 1958 2239 2011 tri-

660 2045 821 2100 duum
863 2049 1178 2103 resuscitabo
1208 2048 1359 2101 illud.
1412 2047 1512 2103 Ubi
1546 2049 1750 2103 addidit
1797 2050 1912 2119 ipse
1951 2050 2185 2105 Joannes
2218 2068 2231 2106 :

663 2135 779 2192 Hoc
820 2150 1014 2206 autem,
1066 2141 1275 2210 inquit,
1307 2142 1509 2196 dicebat
1549 2144 1613 2196 de
1660 2143 1850 2213 templo
1892 2147 2125 2215 corporis
2153 2145 2236 2200 sui

661 2227 842 2299 (Joan.
873 2246 933 2294 ιι,
972 2232 1079 2303 19).
1122 2233 1461 2304 Quapmpter
1503 2234 1626 2289 vide
1668 2235 1961 2289 versutiam
2005 2235 2234 2290 duorum

661 2318 916 2374 falsorum
950 2323 1189 2388 testium,
1215 2324 1305 2392 qui
1333 2324 1466 2380 falsa
1511 2326 1858 2395 persuasione
1888 2342 1984 2381 sua
2021 2335 2236 2384 utentes

660 2409 830 2481 figunt
858 2411 959 2466 sibi
986 2414 1054 2468 ab
1096 2413 1278 2485 aliquo
1307 2416 1468 2470 verbo
1509 2416 1712 2471 Christi
1751 2415 1944 2471 falsum
1989 2418 2233 2473 testimo.

659 2503 828 2557 nium.
861 2502 976 2560 Non
1006 2505 1150 2561 enim
1178 2507 1601 2575 dixitSalvator,
1631 2510 1743 2580 Ego
1773 2510 2062 2566 dissolvam
2101 2520 2235 2565 tem-

654 2595 801 2665 plum
846 2597 948 2653 hoc
993 2599 1381 2667 manufactum,
1415 2619 1589 2671 neque
1637 2603 1781 2674 quod
1828 2613 1948 2674 post
1996 2604 2233 2658 triduum

656 2686 801 2740 aliud
837 2688 1199 2754 remdilicabo,
1234 2692 1375 2745 sicut
1419 2691 1472 2746 in
1503 2691 1684 2746 Marco
1725 2702 1807 2747 est
1835 2710 1847 2746 :
1879 2708 2052 2763 neque
2098 2692 2236 2747 dixit

648 2771 806 2841 juxta
839 2775 1149 2832 Mattlncttm
1182 2796 1196 2834 :
1235 2779 1458 2834 Possum
1489 2784 1753 2835 destruere
1802 2780 2048 2851 templum
2094 2781 2233 2848 Dei;

656 2880 831 2934 neque
859 2866 923 2921 de
951 2867 1147 2937 templo
1183 2868 1271 2922 ilio
1311 2869 1550 2939 lapideo,
1580 2870 1671 2924 sed
1705 2879 1761 2924 ut
1790 2852 2025 2925 Joannes
2056 2872 2133 2925 ait
2169 2871 2234 2925 de

657 2953 846 3022 templo
875 2956 1108 3024 corporis
1136 2958 1255 3021 sui;
1284 2959 1427 3027 quod
1482 2957 1557 3012 illi
1602 2959 1952 3014 immutantes
1977 2968 2034 3013 ut
2072 2975 2235 3030 auge-

658 3054 779 3099 rent
810 3045 1038 3110 crimen,
1068 3057 1122 3101 et
1162 3048 1489 3117 impossibile
1538 3059 1919 3113 monstrarent,
1946 3067 2063 3119 qua:
2084 3050 2230 3104 dice-

2343 1871 2618 1934 terrogat,
2679 1862 2816 1918 sicut
2864 1870 2918 1917 et
2979 1862 3151 1931 ipsum
3202 1861 3390 1916 fecisse
3445 1870 3574 1915 retro
3624 1860 3802 1931 legimus.

2341 1955 2452 2011 Nec
2492 1955 2790 2019 innnerito,
2831 1955 2955 2024 quia
2992 1969 3059 2009 ex
3101 1963 3258 2022 patre
3288 1953 3488 2008 diabolo
3511 1961 3629 2017 erat,
3664 1952 3804 2007 idcirco

2342 2047 2421 2103 sic
2473 2046 2710 2118 (Interit:
2747 2044 2809 2101 Si
2864 2056 2918 2099 tu
2966 2062 3019 2099 es
3068 2042 3310 2098 Christus
3366 2038 3525 2097 Filius
3577 2040 3686 2107 Dei,
3726 2054 3815 2109 quo-

2343 2144 2502 2200 modo
2535 2152 2590 2198 et
2622 2143 2772 2214 ipse;
2807 2142 2908 2197 nisi
2933 2141 3056 2212 quia
3082 2140 3203 2211 plus
3232 2140 3428 2211 aliquid
3467 2138 3597 2193 addit
3619 2137 3814 2207 deceptio-

2340 2237 2426 2292 nis
2473 2235 2834 2293 exorcizaudo
2856 2275 2871 2297 ,
2913 2249 3036 2289 cum
3088 2232 3225 2287 dicit
3277 2231 3378 2286 Per
3406 2231 3560 2284 Deum
3590 2230 3745 2291 rivum,
3778 2233 3816 2280 nt

2338 2335 2661 2398 extorqueat
2701 2324 3097 2380 confessionem
3140 2322 3410 2377 veritatis.
3455 2319 3682 2389 Quoniam
3715 2316 3816 2385 quiil-

2340 2417 2467 2488 quid
2498 2417 2550 2471 in
2581 2416 2696 2486 lege
2718 2416 2918 2471 dictum
2939 2423 3057 2470 erat
3078 2413 3144 2469 de
3169 2412 3389 2470 Christo
3409 2421 3459 2467 et
3483 2409 3725 2481 prophetis,
3748 2422 3816 2461 una

2339 2507 2703 2577 recipiebatur
2728 2507 2795 2562 ab
2824 2506 2905 2561 eis
2940 2524 2952 2560 :
2982 2515 3039 2561 et
3063 2506 3107 2560 si
3139 2505 3369 2571 diceret,
3395 2502 3530 2574 quod
3556 2510 3673 2564 erat,
3703 2507 3819 2567 ntpu-

2338 2599 2570 2655 niretur.
2600 2598 2716 2653 Alia
2744 2607 2827 2654 est
2853 2613 3085 2668 namque
3112 2596 3384 2653 confessio
3424 2593 3557 2650 Petri
3583 2607 3669 2663 qua
3702 2590 3814 2645 dicit:

2343 2686 2421 2742 Tu
2459 2706 2511 2743 es
2557 2685 2794 2742 Christus
2841 2684 3014 2740 Filius
3051 2686 3145 2740 Dei
3174 2687 3277 2741 vivi
3316 2685 3522 2758 (Matth.
3552 2679 3820 2749 xvl,'16),et

2340 2778 2441 2834 alia
2491 2779 2645 2834 istius
2673 2778 2868 2833 summi
2901 2777 3190 2848 pontificis.
3227 2775 3330 2844 Qui
3366 2775 3462 2830 etsi
3503 2779 3692 2829 noverat
3719 2765 3818 2821 Chri-

2340 2878 2481 2924 stum
2520 2867 2715 2924 Filiutn
2765 2868 2856 2923 Dei
2888 2868 3027 2930 vivi,
3062 2866 3307 2923 futurum
3338 2866 3541 2938 ignorat
3570 2859 3818 2933 mysterium.

2337 2971 2393 3017 et
2432 2962 2753 3033 dedignatur
2778 2976 2898 3016 cum
2925 2976 3045 3016 esse
3091 2958 3288 3016 Deum.
3322 2959 3420 3028 Qui
3454 2973 3551 3012 non
3592 2951 3817 3013 comitetur,

2341 3053 2433 3108 sed
2461 3051 2844 3123 interrogando
2862 3069 2875 3105 :
2893 3048 2951 3106 Si
2968 3061 3021 3104 tu
3039 3068 3115 3113 es,
3131 3051 3371 3122 abnegat
3384 3044 3620 3121 quidquid
3640 3042 3681 3096 in
3697 3040 3823 3109 legeet

658 3136 791 3190 bant
839 3145 1171 3194 retorserunt
1204 3139 1271 3194 ad
1300 3140 1625 3196 calumniam
1648 3142 1783 3211 ejus,
1813 3152 1871 3197 ut
1896 3159 2018 3198 eum
2045 3158 2111 3196 ex
2135 3157 2233 3198 suo
2261 3121 2307 3185 C
2338 3145 2617 3218 prophetis
2637 3121 2860 3209 audivit,
2895 3144 3153 3215 quidquid
3183 3143 3239 3199 in
3274 3121 3539 3198 miraculis
3561 3149 3608 3194 et
3637 3137 3678 3190 in
3701 3124 3821 3201 operi.

659 3223 1054 3280 mendacioretn
1082 3224 1343 3283 facerent.
1375 3228 1446 3283 At
1471 3244 1600 3286 vero
1629 3229 1785 3286 Jesus
1830 3247 1936 3286 non
1987 3232 2230 3299 dixerat,

655 3316 782 3387 quia
810 3331 910 3387 ego
939 3332 1156 3388 possunt
1184 3319 1393 3377 solvere
1421 3322 1676 3394 templum
1701 3323 1829 3389 Dei,
1855 3324 1971 3388 sed,
2004 3321 2230 3392 Solvite,

655 3410 798 3479 quod
824 3409 1079 3482 templum
1102 3413 1345 3483 corporis
1365 3400 1521 3485 quasi
1553 3415 1720 3486 digito
1743 3417 2030 3487 tangebat;
2057 3430 2231 3488 neque

658 3501 942 3571 imperavit
989 3512 1049 3558 ut
1078 3502 1345 3571 facerent,
1382 3507 1473 3561 sed
1519 3507 1866 3576 permittebat
1908 3507 2232 3565 solutionem

657 3594 899 3663 corporis
934 3595 1016 3651 sui
1049 3598 1116 3651 ad
1143 3599 1477 3669 propositum
1516 3607 1571 3654 et
1598 3600 1665 3655 ad
1687 3600 2022 3671 impietatem
2053 3601 2232 3658 cordis

657 3698 862 3750 eorum,
899 3695 958 3740 ut
985 3684 1227 3743 facerent
1253 3704 1373 3759 qua:
1416 3687 1644 3757 vellent,
1684 3692 1750 3744 ad
1782 3689 2086 3760 hujusmodi
2119 3690 2231 3761 apti

656 3789 813 3843 opus,
836 3784 895 3830 ut
919 3792 1106 3832 eorum
1130 3777 1397 3848 piaculum
1424 3783 1566 3852 quod
1587 3779 1701 3850 jam
1742 3783 1795 3837 in
1847 3792 2029 3837 mente
2064 3783 2232 3838 medi-

658 3864 931 3932 tabantur,
963 3866 1116 3922 fieret
1160 3870 1400 3924 omnium
1451 3869 1595 3925 salus
1640 3871 1994 3928 credentium.
2049 3873 2231 3942 Quare

658 3952 822 4024 igitur
847 3955 946 4013 hos
989 3957 1125 4013 duos
1148 3960 1491 4032 evangelista:
1519 3963 1808 4032 specialius
1835 3964 2225 4036 designasseut,

659 4062 782 4103 cum
808 4049 957 4105 multi
987 4054 1346 4109 accessissent
1372 4053 1491 4111 falsi
1525 4065 1707 4122 testes,
1745 4073 1832 4112 res
1859 4059 1912 4113 in
1945 4061 2231 4116 manifesto

657 4150 759 4196 est.
800 4140 932 4209 Quia
976 4140 1030 4199 hi
1062 4144 1168 4199 duo
1209 4156 1412 4201 tantum
1464 4147 1666 4219 aliquid
1694 4149 1985 4204 verisimile
2031 4152 2231 4206 habue-

659 4243 803 4300 runt,
830 4236 971 4307 quod
998 4238 1123 4307 ipsi,
1146 4247 1203 4294 ut
1226 4239 1357 4305 dixi,
1382 4240 1605 4295 multum
1633 4243 1967 4312 qmercbant.
1994 4241 2099 4299 Sed
2129 4260 2230 4301 nec

659 4323 894 4396 ipsorum
929 4329 1235 4383 testimonia
1262 4329 1402 4385 inter
1426 4347 1484 4387 se
1512 4332 1884 4387 convenientia
1914 4343 2088 4400 erant,
2130 4334 2231 4392 ne-

658 4432 763 4488 que
790 4433 937 4484 vera,
968 4426 1214 4491 quamvis
1241 4421 1439 4479 inscios
1476 4438 1544 4479 ex
1586 4439 1685 4479 suo
1732 4422 2012 4481 mendacio
2043 4425 2232 4484 fallere

659 4517 903 4578 possent.

732 4597 800 4653 Et
830 4616 1049 4672 surgens
1074 4619 1309 4673 princeps
1334 4603 1663 4659 sacerdotum
1705 4606 1779 4661 ait
1807 4605 1886 4661 illi
1917 4623 1937 4662 :
1964 4604 2116 4662 Nihil
2153 4624 2235 4665 re-

658 4689 879 4762 spondes
911 4691 981 4748 ad
1000 4710 1062 4749 ea
1087 4711 1204 4766 qua:
1234 4695 1318 4750 isti
1347 4695 1621 4749 adversum
1646 4706 1694 4750 te
1717 4697 2103 4766 testiﬁcantur?
2136 4692 2233 4753 Je-

660 4799 749 4837 sus
780 4793 954 4839 autem
986 4787 1206 4840 tacebat.
1233 4784 1417 4858 Surgit
1455 4785 1667 4859 1135
1695 4802 1826 4860 ergo
1856 4787 1908 4843 in
1952 4789 2028 4843 ira
2056 4788 2235 4859 ponti-

663 4870 774 4937 fex,
804 4872 1003 4930 furoris
1048 4875 1128 4929 sui
1170 4875 1376 4929 insania
1428 4886 1724 4944 permotus.
1771 4874 1958 4946 Surgit
2003 4877 2131 4947 quia
2177 4876 2233 4933 in

664 4961 755 5017 illo
778 4962 918 5019 nulla
947 4973 1067 5019 erat
1089 4965 1371 5029 modestia,
1406 4965 1546 5019 nulla
1570 4966 1810 5036 gravitas
1836 4982 2069 5032 morum,
2088 4968 2234 5023 nulla

665 5058 906 5128 probitas
925 5057 1240 5128 disciplinae.
1269 5059 1334 5114 Et
1357 5060 1530 5132 surgit
1561 5062 1793 5115 maxime
1817 5061 1870 5116 in
1900 5062 1980 5117 ira
2013 5064 2117 5119 hue
2145 5080 2237 5120 ao-

667 5162 880 5217 census,
920 5151 1046 5220 quia
1094 5148 1148 5206 in
1193 5149 1409 5207 Christo
1456 5151 1657 5207 nullum
1714 5154 1920 5210 invenit
1964 5155 2234 5211 calumnia

667 5239 919 5302 falsitatis
943 5244 1144 5313 locum,
1174 5245 1542 5301 utamcntiam
1577 5257 1901 5303 monstraret
1942 5264 2053 5304 suae
2077 5264 2232 5304 men-

670 5336 756 5390 tis.
782 5333 939 5393 Jesus
965 5350 1143 5394 autem
1171 5338 1401 5404 tacebat,
1428 5338 1703 5410 indignum
1733 5355 1855 5394 eum
1896 5356 1992 5396 sua
2015 5356 2238 5411 respon-

668 5428 821 5484 sione
868 5429 1188 5498 decernens,
1235 5430 1387 5501 juxta
1435 5431 1563 5487 illud
1608 5434 1981 5503 propheticum
2036 5454 2050 5489 :
2099 5435 2239 5491 Dum

668 5523 967 5578 consisteret
997 5525 1264 5578 adversum
1305 5541 1385 5579 me
1407 5535 1666 5594 peccator,
1700 5526 1956 5593 obmutui,
1981 5535 2030 5580 et
2068 5514 2241 5592 humi:-

670 5611 828 5666 liatus
866 5630 982 5668 sum
1010 5615 1185 5679 nimis,
1214 5623 1263 5669 et
1298 5615 1422 5670 silui
1446 5634 1479 5669 a
1505 5617 1650 5670 bonis
1697 5613 1867 5689 (Psal.
1896 5634 2099 5672 xxxvm
2120 5658 2135 5683 ,
2158 5618 2236 5692 ὅ).

674 5699 808 5774 Quia
839 5706 1034 5778 quibus
1071 5705 1384 5781 loqueretur
1427 5707 1607 5765 nullus
1651 5724 1839 5766 eorum
1882 5724 2000 5768 crat
2026 5715 2237 5787 dignus.

2336 3237 2438 3292 bus
2479 3236 2663 3293 didicit
2689 3235 2926 3292 deitatis.
2954 3235 3019 3289 Et
3046 3235 3165 3291 ideo
3194 3242 3458 3306 quantum
3483 3230 3654 3286 Petrus
3675 3227 3824 3309 beatus!

2339 3336 2546 3383 tantum
2600 3327 2702 3383 iste
2753 3326 2986 3399 Caiphas
3020 3325 3294 3382 infelicior
3341 3340 3450 3397 pne
3496 3320 3692 3378 cunctis.
3721 3308 3822 3397 limit

2335 3420 2460 3489 quia
2506 3433 2613 3473 non
2659 3427 2777 3473 erat
2812 3418 3005 3488 dignus
3050 3416 3303 3473 doctrina
3351 3413 3578 3476 Christi,
3620 3423 3705 3465 non
3744 3413 3824 3503 cui!

2336 3510 2494 3563 docet
2525 3523 2622 3562 nec
2647 3507 2888 3574 instruit,
2915 3507 3009 3564 sed
3035 3518 3264 3579 accepto
3296 3507 3461 3562 verbo
3490 3520 3551 3560 ex
3578 3517 3658 3557 ore
3689 3498 3822 3568 eius“

2337 3600 2770 3671 rcdargutinnem
2809 3601 2977 3672 ipsius
3005 3601 3299 3669 convertit,
3349 3597 3556 3671 1136
3580 3595 3643 3649 ita
3668 3591 3823 3672 dicens;

2339 3688 2416 3744 Tu
2446 3664 2646 3746 elisisti.
2686 3689 2752 3747 Ut
2775 3664 2875 3747 nec
2901 3691 3146 3747 videatur
3176 3709 3239 3748 se
3268 3664 3631 3763 neg—are'q'uod
3650 3687 3742 3737 erat

2334 3783 2375 3839 F
2381 3784 2523 3851 ilius,
2552 3800 2619 3841 ne
2640 3785 2992 3851 mentiretur;
3032 3800 3132 3841 nec
3161 3785 3281 3840 vult
3326 3778 3567 3840 conﬁteri
3598 3792 3649 3833 se
3669 3780 3828 3837 esse“?

2334 3891 2607 3942 sermone,
2637 3889 2705 3931 ne
2729 3884 3038 3947 caperetur.
3067 3874 3244 3932 Datur
3257 3891 3391 3948 ergo
3416 3874 3466 3929 ci
3486 3869 3656 3928 similis
3674 3870 3825 3960 respgnj

2335 3967 2418 4023 sio
2458 3976 2516 4021 ut
2558 3967 2750 4035 Pilato,
2790 3946 2916 4038 quia
2946 3967 3027 4022 sic
3051 3967 3278 4039 dignum
3311 3946 3450 4033 erat,
3478 3972 3536 4019 ut
3560 3958 3668 4032 quia
3688 3946 3829 4050 similes

2333 4068 2491 4112 erant
2514 4058 2567 4112 in
2598 4055 2761 4126 facto,
2794 4059 2996 4115 similes
3019 4057 3213 4116 fierent
3243 4060 3298 4115 in
3328 4072 3488 4132 poena
3515 4045 3825 4121 damnationis;

2335 4148 2438 4203 nisi
2458 4149 2583 4220 quia
2609 4150 2886 4207 scelestior
2906 4151 3005 4207 iste
3037 4149 3216 4205 fuerat
3247 4151 3302 4206 in
3332 4134 3831 4217 condemnandum!

2335 4239 2423 4296 ille
2448 4241 2501 4296 in
2532 4241 2875 4299 absolvendo.
2919 4241 3291 4298 Verumtamen
3337 4242 3455 4296 dico
3499 4220 3832 4295 υοόίεεΑιιυάρ

2335 4330 2569 4387 videbitis
2599 4329 2799 4387 Filium
2822 4334 3043 4389 hominis
3063 4333 3334 4389 sedentem
3357 4352 3388 4388 a
3408 4329 3597 4388 dextris
3620 4317 3833 4415 ιίτιιιιξξνξί

2336 4424 2616 4479 venientem
2662 4426 2716 4480 in
2746 4425 2965 4481 nubibus
2986 4425 3119 4481 caeli.
3156 4422 3571 4487 Verumtamen,
3595 4414 3712 4489 quod
3732 4407 3835 4465 dicit.

2335 4517 2400 4571 ad
2430 4532 2493 4571 ea
2522 4533 2640 4588 quae
2669 4533 2831 4589 supra
2866 4518 3080 4574 dixerat
3107 4521 3497 4583 connectitur;
3545 4528 3605 4571 ac
3642 4508 3680 4566 si
3702 4502 3834 4589 dicit;

2334 4586 2885 4666 Vermntamen'licet
2917 4610 3292 4682 responderim
3327 4630 3341 4667 :
3376 4609 3459 4666 Tu
3504 4586 3838 4693 dixisti,

2334 4698 2581 4755 videbitis
2614 4716 2733 4771 quae
2766 4717 2936 4773 usque
2984 4676 3124 4758 nunc
3145 4705 3476 4775 prophetata
3506 4704 3625 4756 sunt
3662 4676 3841 4783 ονῆτίιξιβ

2335 4792 2613 4862 compleri.
2641 4792 2709 4848 Et
2746 4793 2873 4864 quia
2905 4803 2959 4847 tu
2990 4774 3209 4867 ignarus
3246 4774 3311 4851 es
3354 4793 3492 4866 legis
3518 4796 3566 4845 ill
3594 4797 3686 4858 (1³³

2335 4886 2431 4953 ris,
2458 4902 2556 4942 nec
2583 4888 2701 4960 ejus
2726 4897 3085 4954 sacramenta,
3123 4903 3226 4943 nec
3260 4888 3642 4958 prophetarum
3659 4871 3842 4960 validi“?

2338 4952 2639 5050 cognoscis,
2699 4995 2874 5051 neque
2923 4952 3078 5051 quod
3122 4952 3385 5051 ipse
3427 4975 3664 5034 Christus
3690 4978 3741 5019 ex

2339 5039 2565 5140 quieris;
2605 5039 2759 5139 quasi
2786 5039 2876 5123 iex
2910 5039 2963 5123 ei
2996 5039 3278 5139 propheta:
3325 5068 3396 5123 de
3423 5081 3509 5122 me
3542 5054 3687 5119 locuti
3708 5039 3844 5107 οίῖίειιιιι

2338 5156 2556 5215 fuerint.
2587 5160 2843 5227 Quamvis
2886 5158 3117 5216 dixerim
3149 5177 3164 5214 :
3199 5158 3283 5215 Tu
3333 5156 3560 5222 dixisti,
3590 5145 3749 5207 amodo

2339 5246 2437 5320 ipsi
2468 5249 2519 5303 in
2550 5224 2736 5321 aperto
2762 5247 3015 5304 videbitis
3042 5265 3105 5304 ea
3150 5250 3341 5305 omnia
3383 5262 3505 5320 quae
3550 5239 3724 5310 scripta
3762 5224 3847 5322 ειιίξι

2340 5339 2407 5393 de
2453 5337 2589 5394 Filio
2612 5339 2845 5394 hominis
2878 5340 3168 5410 compleri,
3198 5349 3254 5395 et
3287 5340 3414 5396 luce
3448 5332 3639 5393 clarius
3662 5328 3844 5382 τάθη

2342 5425 2447 5481 sed
2472 5430 2597 5499 (Ιυίθ
2626 5430 2884 5500 Scriptum
2919 5439 3003 5485 est
3031 5430 3172 5500 apud
3214 5427 3535 5483 Matthaaum
3562 5432 3615 5479 et
3652 5413 3844 5472 Narem

2340 5537 2373 5575 a
2413 5520 2611 5576 dextris
2641 5524 2871 5591 uirtutis,
2896 5532 2952 5577 et
2981 5538 3090 5578 non
3130 5522 3378 5578 additum
3409 5520 3525 5583 Dei,
3558 5511 3683 5586 quod
3703 5505 3845 5591 ιιιεπξ

2338 5613 2534 5671 fecisse
2568 5615 2794 5686 legimus
2814 5657 2829 5681 ,
2856 5581 2964 5671 non
2994 5623 3154 5685 puto,
3193 5626 3255 5670 ut
3286 5614 3512 5685 quidam
3539 5606 3725 5665 volunt,
3748 5581 3847 5686 ‘le1

2342 5706 2543 5781 aliquid
2593 5672 2737 5763 aliud
2786 5672 2910 5763 novi
2960 5672 3152 5764 alferai
3205 5672 3553 5776 quaestionis.
3598 5694 3691 5754 Sed
3727 5672 3848 5751 In“
