4016 6354
974 309 1340 369 EXPOSITIO
1375 312 1441 368 IN
1481 312 1919 369 ΜΔΤΤΗΕΙΙΜ.
1942 313 2163 370 —-LIB.
2204 314 2318 380 XII,
2349 315 2501 372 CAP.
2536 316 2723 373 XXVI.

200 426 552 498 querendum
574 427 705 496 quid
736 427 811 482 sit
835 426 1015 497 ipsum
1037 429 1181 499 quod
1209 430 1287 484 ait
1316 447 1330 484 :
1364 429 1566 483 Aodo
1589 428 1785 485 oidebi-
1812 433 1862 493 Λ
1887 432 2038 485 scidit
2084 434 2388 487 vestimenta
2436 450 2532 488 sua
2553 475 2567 499 ,
2621 433 2797 487 dicens
2827 449 2847 488 :
2877 431 3281 503 Blasphemavit.
3335 432 3476 498 ρπιιι

202 520 267 577 tis
292 519 559 576 sedentem
588 518 795 575 Filium
816 522 1044 576 hominis
1086 539 1118 576 a
1149 523 1346 577 dextris
1389 523 1616 577 virtutis.
1648 521 1785 589 Quia

200 624 394 668 omnes
419 620 534 668 tres
549 613 892 685 evangelista:
919 614 1168 669 similiter
1211 616 1493 671 scribunt:
1535 613 1786 671 Videbitis

201 704 497 769 sedentem;
527 711 584 758 et
609 705 698 773 qui
743 704 854 760 sint
879 704 971 775 qui
1005 705 1106 760 hoc
1148 704 1315 761 visuri
1358 715 1505 770 sunt,
1535 706 1617 761 vel
1644 707 1689 761 si
1721 720 1788 761 ex

200 813 264 856 eo
286 807 556 870 tempore,
585 815 694 870 quo
737 801 852 855 lucc
886 800 1027 855 dicta
1050 808 1195 865 sunt,
1223 816 1347 855 eum
1388 802 1661 857 sedentem
1710 800 1789 855 vi-

201 891 430 954 debunt,
464 892 545 945 vel
571 894 637 946 ad
661 908 799 963 quos
829 892 1150 947 dieit?Nam
1185 894 1236 948 in
1261 910 1327 949 eo
1352 896 1493 965 quod
1518 896 1595 950 ait
1638 913 1651 949 :
1684 894 1788 951 Se-

199 983 442 1047 dentem,
480 985 756 1055 regnantis
786 984 956 1040 forma
1004 986 1385 1041 introducitur.
1426 989 1504 1043 Ac
1549 990 1593 1043 si
1646 991 1791 1043 dicat

199 1088 364 1142 supra
400 1074 654 1129 virtutem
685 1074 985 1140 fundatum,
1012 1076 1095 1130 vel
1126 1079 1554 1143 constabilitum,
1583 1080 1650 1133 de
1681 1095 1789 1148 quo

202 1164 408 1218 dictum
459 1161 685 1219 fuerat:
729 1165 833 1231 Qui
878 1167 1024 1221 sedes
1066 1184 1224 1237 super
1267 1168 1530 1224 Cherubin
1564 1187 1789 1241 appare;

202 1267 255 1310 et
284 1256 444 1310 alibi:
466 1255 583 1310 Vidi
605 1256 771 1312 Deum
789 1258 1048 1312 sedentem
1079 1276 1239 1329 super
1253 1260 1442 1315 solium
1467 1262 1726 1318 excelsum
1741 1274 1790 1318 et

200 1347 481 1411 eleuatum,
495 1358 551 1402 et
566 1357 784 1412 cetera,
797 1365 916 1419 quae
932 1349 982 1403 in
1007 1351 1420 1421 quamplurimis
1446 1353 1511 1409 de
1529 1370 1595 1408 co
1612 1354 1793 1422 legun-

202 1437 456 1492 turlocis.
473 1437 603 1505 Quae
629 1438 838 1508 singula
869 1439 1258 1496 solertissimus
1287 1442 1634 1513 investigator
1660 1459 1790 1498 con-

201 1528 347 1584 ferre
376 1530 578 1600 poterit
601 1545 721 1584 eum
750 1530 1001 1601 praesenti
1039 1530 1179 1594 loco,
1213 1544 1268 1585 et
1296 1531 1623 1604 investigare
1663 1534 1791 1602 quid

201 1622 275 1678 sit
316 1622 462 1691 quod
512 1621 707 1675 amodo
748 1621 923 1684 dicat,
957 1624 1023 1677 de
1057 1633 1166 1675 tam
1205 1623 1391 1677 humili
1434 1624 1791 1678 :estimatione

202 1711 259 1767 in
286 1727 394 1780 qua
438 1721 567 1766 tunc
595 1712 898 1767 habebatur
934 1712 1207 1779 Christus,
1242 1722 1368 1767 ante
1397 1729 1559 1768 omne
1608 1714 1791 1768 conci-

198 1801 334 1858 lium
364 1816 523 1868 reus;
556 1810 611 1856 et
641 1818 782 1855 nunc
834 1811 939 1857 tam
977 1801 1208 1872 gloriosa
1256 1802 1603 1873 prmdiCatur,
1639 1818 1788 1857 more

200 1894 466 1959 humano,
483 1894 655 1949 sessio
685 1893 803 1948 Filii
828 1894 1062 1949 hominis
1084 1902 1137 1948 et
1161 1910 1264 1949 non
1280 1894 1397 1949 Filii
1415 1895 1532 1959 Dei,
1548 1894 1647 1948 nisi
1661 1894 1787 1964 quia

200 1984 346 2041 forte
386 1986 460 2041 ibi
505 1994 661 2042 erant
716 1985 950 2051 inimici,
992 1986 1084 2055 qui
1131 2002 1254 2041 eum
1303 1985 1789 2056 persequebantur,

199 2078 268 2134 de
318 2078 517 2149 quibus
565 2078 832 2149 Propheta
890 2078 1217 2147 priedixerat
1270 2096 1285 2131 :
1335 2078 1480 2133 Dixit
1533 2078 1789 2132 Dominus

196 2168 432 2223 Domino
453 2186 568 2223 meo
592 2184 611 2223 :
643 2167 777 2223 Sede
799 2186 830 2222 α
857 2168 1056 2223 dextris
1087 2170 1235 2233 meis,
1279 2169 1445 2223 donec
1470 2186 1660 2239 ponam
1690 2169 1790 2222 ini-

197 2258 369 2311 micas
407 2268 522 2312 tuos
560 2257 843 2312 scal'ellum
882 2260 1072 2328 pedum
1113 2271 1324 2313 tuorum
1356 2257 1528 2329 (Psal.
1559 2275 1668 2321 cut,
1714 2260 1788 2326 i).

202 2347 422 2418 1137
450 2348 503 2403 ln
529 2348 726 2417 quibus
752 2348 890 2404 forte
915 2349 1147 2403 inimicis
1172 2359 1329 2404 erant
1355 2348 1528 2412 etilli,
1562 2352 1629 2403 ad
1656 2363 1791 2419 quos

197 2441 423 2497 dicebat
446 2442 548 2497 ista
567 2460 579 2494 :
597 2442 797 2496 Amodo
820 2442 1054 2496 videbitis
1079 2440 1276 2496 Filium
1290 2442 1512 2495 hominis
1531 2441 1792 2523 sedentem

199 2551 233 2601 ιι
268 2532 474 2588 dextris
506 2534 725 2588 virtutis.
758 2532 825 2588 Et
851 2532 941 2603 qui
985 2549 1015 2587 a
1045 2534 1155 2588 Deo
1200 2532 1360 2587 Patre
1386 2532 1679 2587 scabellum
1708 2532 1793 2587 di-

200 2636 408 2683 cuntur
443 2625 632 2693 futuri,
671 2626 770 2697 ipsi
798 2627 1050 2681 nimirum
1088 2636 1211 2681 sunt
1240 2642 1401 2695 super
1435 2642 1571 2696 quos
1599 2626 1795 2682 atuodo

201 2732 331 2772 cum
367 2717 672 2773 surrexerit
697 2717 869 2772 victor
899 2732 1177 2772 sessurum
1216 2732 1275 2771 se
1313 2716 1599 2787 promittit.
1645 2717 1792 2783 Quo-

200 2810 353 2866 niam
384 2825 454 2864 ex
483 2824 551 2865 eo
580 2817 821 2879 tempore
845 2824 953 2878 quo
976 2808 1278 2863 resurrexit
1307 2809 1476 2865 Filius
1499 2809 1734 2864 hominis
1762 2824 1795 2866 a

200 2903 458 2967 mortuis,
497 2904 639 2957 sicut
676 2902 788 2970 ipse
826 2901 901 2955 ait
936 2919 949 2954 :
981 2900 1121 2955 Data
1164 2909 1239 2956 est
1275 2902 1323 2955 ei
1363 2902 1531 2954 omnis
1568 2911 1794 2970 potestas

200 2994 260 3047 in
312 2991 469 3057 coelo,
495 3000 545 3045 et
571 2993 627 3047 in
671 3001 809 3046 terra
837 2990 1053 3062 (Matth.
1085 3006 1274 3058 xxvm,
1300 2992 1408 3063 18).
1439 2991 1610 3059 Quem
1641 2991 1793 3047 dein-

201 3103 337 3159 eeps
372 3088 626 3141 viderunt
650 3102 836 3141 omnes
860 3086 1041 3152 electi,
1077 3102 1173 3157 per
1202 3086 1386 3150 iidem,
1416 3086 1794 3156 praesidentem

201 3196 238 3234 a
265 3156 475 3234 dextris
504 3179 717 3234 virtutis
745 3179 862 3244 Dei,
895 3178 951 3233 id
976 3187 1059 3232 est
1084 3156 1342 3233 Ecclesia:
1379 3193 1508 3242 suae,
1538 3193 1658 3248 quae
1687 3177 1794 3232 vir-
1822 3156 1866 3218 C

203 3280 323 3326 tute
346 3270 443 3326 Dei
464 3270 517 3326 in
540 3270 744 3325 dextris
764 3277 849 3325 est
867 3269 1145 3325 collocata.
1172 3268 1301 3336 Qure
1328 3268 1579 3323 nimirum
1611 3268 1795 3323 Eccle-

201 3362 313 3425 sia,
350 3376 446 3416 seu
480 3361 703 3416 thronus
748 3360 983 3427 dicatur,
1014 3375 1106 3426 seu
1155 3360 1327 3416 sessio
1360 3358 1557 3414 Christi
1588 3374 1618 3413 a
1651 3367 1794 3413 tem-

200 3468 343 3525 pore
393 3452 809 3511 resurrectionis
858 3450 976 3521 ejus
1015 3450 1318 3522 colligitur,
1368 3459 1424 3506 et
1471 3450 1797 3522 aggregatur

202 3561 385 3616 usque
429 3546 486 3602 in
531 3546 715 3610 tinem,
765 3545 818 3599 in
867 3560 975 3615 qua
1005 3544 1172 3600 Filius
1215 3544 1470 3611 hominis,
1515 3554 1569 3599 et
1608 3545 1797 3601 sedere

204 3639 387 3695 vietor
414 3638 646 3703 videtur,
674 3645 729 3694 et
764 3637 950 3694 venire
979 3638 1031 3693 in
1068 3638 1302 3693 nubibus
1351 3637 1507 3702 coeli;
1540 3637 1796 3707 quoniam

201 3731 313 3803 ipsi
337 3739 468 3787 sunt
510 3733 682 3789 nubes
707 3731 850 3795 coeli,
892 3732 958 3786 de
995 3730 1191 3801 quibus
1216 3730 1415 3786 dicitur
1447 3749 1459 3785 :
1488 3728 1615 3785 Cati
1643 3745 1798 3784 enar-

203 3832 330 3879 raut
365 3822 589 3895 gloriam
631 3822 730 3879 Dei
759 3822 942 3895 (Psal.
984 3822 1280 3894 xvnr,‘2);
1308 3836 1405 3894 per
1449 3838 1584 3892 quas
1626 3823 1798 3879 nubes

202 3916 327 3988 ipse
351 3916 540 3986 utique
569 3916 718 3972 venit
757 3916 825 3971 ad
862 3914 1121 3985 singulos,
1168 3923 1223 3970 et
1260 3915 1314 3968 in
1354 3914 1549 3984 quibus
1594 3912 1799 3985 spargit

203 4006 417 4063 imbres
445 4007 644 4077 eloquii
668 4008 773 4073 sui,
801 4006 1050 4063 cribrans
1075 4021 1245 4077 aquas
1269 4007 1335 4061 de
1368 4006 1613 4061 nubibus.
1645 4004 1797 4073 Quod

201 4107 394 4154 autem
418 4099 472 4154 in
499 4114 566 4155 eo
593 4098 825 4155 concilio
852 4110 1004 4155 erant
1029 4115 1151 4153 cum
1179 4098 1401 4169 quibus,
1430 4104 1486 4152 et
1511 4097 1578 4152 de
1604 4097 1798 4167 quibus

198 4191 337 4248 talia
369 4190 526 4248 Iesus
552 4191 886 4263 lbqueretur,
910 4191 1105 4262 probat
1131 4190 1300 4246 Actus
1328 4188 1714 4260 apostolorum,
1741 4188 1796 4243 in

198 4300 319 4357 quo
356 4283 586 4357 legimus
632 4300 701 4340 ex
741 4284 941 4341 Iudaeis
968 4285 1110 4355 quod
1151 4300 1255 4339 una
1297 4284 1405 4350 die,
1451 4291 1507 4339 et
1535 4282 1663 4348 alia,
1695 4282 1798 4338 tria

197 4378 378 4435 millia
402 4386 458 4433 et
488 4378 725 4449 quinque
757 4377 1105 4434 crediderunt
1132 4378 1184 4432 in
1214 4376 1512 4433 Christum.
1546 4374 1648 4443 Qui
1673 4391 1797 4431 eum

195 4486 262 4534 et
306 4478 588 4534 sedentem
627 4478 883 4532 viderunt
927 4490 1026 4546 per
1068 4475 1228 4531 iidem
1268 4491 1298 4530 a
1344 4473 1552 4530 dextris
1579 4472 1795 4528 virtutis

198 4568 326 4632 Dei,
370 4576 426 4623 et
464 4566 768 4624 venientem
809 4567 864 4622 in
890 4565 1146 4622 nubibus.
1184 4565 1316 4634 Qua:
1343 4565 1513 4621 nubes
1542 4564 1641 4635 ipsi
1674 4563 1793 4619 fue-

195 4666 354 4725 runt,
386 4660 641 4732 quoniam
672 4672 741 4715 ex
773 4658 860 4714 illa
888 4659 1162 4730 primitiva
1203 4657 1404 4713 Christi
1440 4657 1700 4722 Ecclesia,
1736 4656 1792 4712 in

191 4768 311 4826 qua
343 4753 598 4822 praesedit
631 4761 820 4806 auctor
844 4751 993 4816 vitae,
1031 4759 1179 4806 totus
1204 4749 1509 4821 complntus
1534 4757 1617 4805 cst
1638 4764 1792 4804 muno

192 4847 323 4901 dus.
354 4843 415 4898 In
458 4842 659 4914 quibus
693 4842 926 4898 nubibus
967 4841 1087 4897 caeli
1129 4856 1227 4896 nos
1256 4841 1354 4913 ipsi
1394 4841 1486 4912 qui
1522 4840 1791 4911 loquimur

192 4951 379 5009 usque
405 4938 601 5002 adhuc,
632 4936 882 4992 eumdem
912 4934 1105 4990 Filium
1138 4934 1393 5001 hominis,
1410 4934 1501 5005 qui
1530 4932 1793 5004 loqueba-

192 5043 293 5089 tur
310 5046 500 5088 coram
528 5029 864 5102 principibus
888 5028 1093 5100 populi,
1118 5027 1306 5084 venire
1331 5026 1718 5097 conspicimus,
1745 5023 1792 5079 si

191 5132 354 5179 recte
388 5123 629 5194 sapimus
666 5119 753 5177 vel
791 5119 1160 5191 intelligimus.
1202 5116 1332 5186 Qua:
1373 5117 1628 5172 nimirum
1667 5129 1793 5186 pro-

189 5214 387 5287 phetia
425 5211 538 5283 jam
584 5220 755 5266 totum
785 5210 1070 5282 occupavit
1104 5209 1386 5272 mundum,
1425 5215 1481 5264 et
1519 5222 1691 5278 usque
1738 5205 1793 5261 in

191 5308 368 5362 tinem
397 5303 776 5377 complebitur.
808 5302 913 5359 Sed
942 5313 997 5358 et
1020 5300 1232 5357 Marcus
1255 5300 1307 5354 in
1336 5301 1440 5355 hoc
1467 5299 1796 5354 determinat

190 5398 553 5469 Evangellum
588 5411 746 5453 suum
774 5414 789 5450 :
842 5395 912 5450 Et
938 5394 1213 5459 Dominus,
1240 5392 1432 5461 inquit,
1460 5391 1616 5446 Iesus
1648 5398 1795 5461 post-

186 5504 363 5564 qumu
389 5488 595 5543 loculus
623 5497 700 5542 est
720 5487 815 5552 eis,
844 5494 1143 5553 assumptus
1165 5492 1237 5538 est
1260 5482 1313 5536 in
1341 5480 1548 5545 coelum,
1575 5490 1625 5535 et
1653 5480 1795 5534 sedet

185 5601 230 5641 α
256 5583 462 5638 dextris
488 5581 589 5637 Dei
610 5579 806 5652 (Herc.
835 5594 948 5645 ενι,
981 5576 1090 5649 19).
1123 5575 1232 5632 Sed
1255 5584 1309 5631 et
1335 5574 1523 5645 utique
1549 5573 1796 5629 Christus

192 5680 258 5737 in
299 5675 497 5732 caelum
552 5673 706 5730 sedet
748 5673 803 5728 in
852 5670 1091 5727 Ecclesia
1133 5685 1261 5737 sua;
1310 5667 1567 5739 quoniam
1613 5667 1793 5722 anima

184 5769 332 5855 iisti
364 5768 524 5829 soch
567 5775 654 5831 est
686 5764 985 5853 sapientiae.
1023 5762 1169 5823 Tunc
1193 5763 1434 5841 princeps
1461 5762 1793 5819 sacerdotum

1890 523 2063 577 adhuc
2084 541 2289 594 egemus
2312 526 2528 582 testibus
2543 526 2569 579 ?
2590 526 2707 595 Ipsa
2732 541 2964 595 namque
2987 527 3164 582 rabies
3183 542 3278 582 seu
3303 526 3474 593 furor,

1888 635 2008 689 quae
2033 636 2194 690 supra
2224 636 2345 676 eum
2374 622 2439 677 de
2466 621 2603 678 solio
2635 622 2955 677 sacerdotali
2990 634 3326 688 excusserat,
3362 622 3473 691 ipsa

1889 715 2186 787 eademque
2218 724 2277 771 ut
2304 717 2576 771 scinderet
2600 716 2919 772 vestimenta
2961 733 3055 771 sua
3106 718 3300 787 coegit.
3346 716 3477 784 Quae

1891 809 2142 863 nimirum
2179 810 2475 865 conscissio
2506 810 2757 873 vestium,
2792 819 2844 863 nt
2880 810 2950 864 ita
2981 808 3171 872 fatear,
3195 806 3477 880 prophetia

1893 901 1994 955 fuit
2044 902 2126 956 vel
2171 902 2405 972 signum,
2452 909 2510 954 ut
2549 902 2861 957 ostenderet
2903 918 2962 956 se
3012 917 3177 969 reum,
3216 900 3480 958 concissis

1892 995 2154 1061 vestibus,
2191 1006 2243 1049 et
2291 1002 2616 1047 monstraret
2666 991 2879 1047 Iudaeos
2924 991 3208 1051 sacerdotii
3251 992 3477 1060 gloriam

1892 1085 1958 1138 ad
1988 1084 2252 1154 integrum
2279 1082 2613 1154 perdidisse;
2641 1100 2870 1137 vacuam
2918 1083 3098 1137 sedem
3143 1083 3337 1137 deinde
3378 1080 3477 1137 ba-

1892 1176 2019 1230 bere
2048 1176 2347 1245 pontifices.
2366 1176 2472 1232 Nec
2491 1177 2705 1250 1138
2725 1176 2917 1231 mirum
2941 1176 3103 1243 igitur
3122 1175 3210 1245 qui
3237 1164 3481 1230 nescieu§

1892 1268 2259 1336 pmpbetavit,
2288 1270 2331 1322 si
2363 1277 2419 1323 et
2448 1285 2593 1324 nunc
2621 1268 2823 1338 aliquid
2855 1277 3044 1321 contra
3079 1281 3157 1331 se,
3181 1262 3479 1334 contraque

1893 1371 2037 1415 suos.
2068 1358 2118 1410 in
2144 1374 2237 1411 sua
2265 1360 2481 1413 vesania
2503 1358 2756 1414 ostendit.
2783 1356 2910 1411 Erat
2941 1366 3120 1411 autem
3146 1352 3480 1410 consuctudb

1893 1448 2225 1514 Iudaeorum,
2254 1467 2375 1505 cum
2409 1451 2610 1520 aliquid
2643 1450 3013 1520 blasphemnm
3046 1448 3100 1502 in
3127 1462 3203 1510 se.
3234 1445 3317 1503 vel
3351 1442 3482 1502 cou-

1895 1548 1978 1595 tra
2017 1542 2181 1596 Deum
2210 1543 2512 1606 audissent,
2555 1543 2803 1597 scindere
2840 1541 3159 1595 vcstimenta
3192 1556 3307 1602 sua,
3339 1536 3483 1610 quod

1896 1633 2121 1688 Paulum
2160 1650 2375 1704 quoque
2401 1642 2455 1689 et
2501 1634 2801 1688 Barnabam
2846 1632 3038 1688 fecisse
3081 1631 3329 1701 legimus.
3374 1627 3481 1685 Sed
3530 1694 3541 1697 _

1897 1733 1952 1778 et
1982 1724 2360 1779 nomndlarum
2400 1725 2637 1795 gentium
2682 1724 3012 1779 consuetudo
3057 1730 3158 1785 est,
3195 1736 3315 1776 cum
3360 1731 3484 1774 reos

1822 1787 1869 1847 Β
1898 1830 1957 1870 se
1992 1815 2298 1879 doluerunt,
2335 1814 2645 1870 rescindere
2688 1822 2866 1869 vestes
2914 1821 2968 1867 et
3018 1813 3225 1867 nudare
3264 1819 3483 1879 pectora

1894 1923 1989 1963 sua
2037 1908 2190 1977 quasi
2226 1922 2337 1968 rea,
2370 1907 2556 1976 sicque
2592 1908 2844 1977 plangere
2882 1906 3064 1960 multis
3102 1904 3350 1959 obvoluta
3382 1902 3488 1958 cri-

1895 2001 2147 2055 minibus.
2178 1999 2282 2053 lste
2312 2008 2490 2053 autem
2511 2041 2525 2063 ,
2556 1999 2681 2070 quia
2721 1999 2933 2053 dixerat
2964 2016 2977 2051 :
3013 1996 3211 2051 Amodo
3248 1995 3485 2050 videbitis

1894 2094 2064 2167 ﬁlium
2098 2093 2320 2155 hominis
2347 2093 2626 2153 sedentem.
2656 2100 2711 2147 et
2738 2100 2955 2155 caetera,
2989 2090 3199 2144 dicebat
3222 2088 3482 2158 blasphe-

1896 2204 2072 2242 masse
2100 2186 2302 2242 Iesum.
2330 2187 2395 2242 Et
2434 2189 2556 2243 ideo
2586 2204 2651 2242 ac
2676 2188 2719 2241 si
2748 2203 2811 2241 ex
2845 2186 2981 2259 lege,
3013 2201 3209 2241 vesana
3241 2183 3391 2255 plebs
3417 2181 3487 2239 ad

1897 2279 2135 2334 favorem
2185 2281 2459 2335 seniorum
2515 2279 2839 2348 proclamat,
2891 2290 2949 2333 ut
2993 2278 3193 2333 assolet
3237 2277 3427 2347 vulgus
3467 2294 3482 2333 :

1897 2371 2036 2427 Reus
2070 2384 2141 2426 est
2170 2375 2350 2426 mortis
2380 2389 2398 2426 :
2426 2371 2572 2426 Tunc
2592 2381 2909 2442 exspuerunt
2944 2373 2997 2425 in
3034 2371 3224 2441 faciem
3266 2370 3402 2440 ejus,
3438 2378 3489 2424 et

1896 2461 2127 2531 colaphis
2156 2478 2271 2515 eum
2300 2461 2615 2516 ceciderunt.
2644 2460 2749 2514 Alii
2784 2471 2955 2513 autem
2996 2459 3199 2529 palmas
3238 2460 3286 2512 ei
3321 2460 3373 2511 in
3404 2458 3489 2528 fa-

1897 2554 2023 2608 ciem
2062 2555 2345 2619 dederunt,
2389 2553 2617 2608 dicentes
2655 2566 2673 2604 :
2706 2550 3023 2623 Prop/relisa
3056 2550 3201 2606 nobis
3247 2548 3483 2615 Christe,

1896 2649 2010 2718 quis
2042 2658 2115 2701 est
2149 2646 2240 2717 qui
2274 2657 2322 2700 te
2351 2645 2643 2715 percussit?
2672 2644 2742 2701 Ut
2766 2660 2926 2715 supra
2949 2642 3060 2712 jam
3101 2644 3233 2708 dixi,
3263 2643 3378 2697 haec
3406 2641 3486 2697 in-

1898 2738 2155 2809 telligitur
2195 2738 2452 2793 Dominus
2488 2753 2679 2807 passus
2720 2737 2772 2791 in
2815 2738 2974 2789 domo
3002 2735 3264 2809 principis
3295 2750 3479 2791 sacer-

1899 2830 2082 2885 dotum
2113 2830 2199 2885 ubi
2225 2829 2488 2885 adductus
2516 2839 2616 2885 est.
2646 2829 2712 2883 Et
2732 2829 2846 2883 haec
2874 2842 3042 2897 usque
3068 2826 3134 2881 ad
3160 2842 3316 2881 mane
3335 2833 3488 2896 gesta

1897 2929 2045 2987 sunt,
2078 2920 2293 2991 quando
2323 2919 2484 2974 etiam
2523 2928 2577 2975 et
2605 2918 2799 2974 Petrus
2829 2918 2881 2972 in
2913 2918 3099 2972 eadem
3129 2915 3288 2971 domo
3316 2924 3489 2971 tenta-

1900 3021 1986 3067 tus
2016 3021 2120 3068 est.
2159 3012 2294 3080 Quia
2327 3012 2541 3067 dicebat
2582 3011 2650 3066 de
2694 3026 2751 3066 se
2790 3026 2982 3082 magna
3026 3000 3294 3075 Christus,
3344 3007 3490 3080 quod

1899 3119 2150 3159 sessurus
2188 3112 2330 3159 esset
2376 3117 2404 3157 a
2446 3103 2650 3157 dextris
2684 3101 2897 3157 virtutis
2937 3101 3053 3166 Dei,
3084 3100 3491 3157 arbitrabantur

1899 3194 2266 3250 confusionem
2292 3194 2363 3247 illi
2397 3194 2667 3264 ingerere.
2700 3191 2807 3248 Sed
2841 3192 2929 3248 ille
2959 3202 3017 3248 ut
3048 3191 3226 3247 omnia
3253 3191 3490 3262 comple-

1897 3294 2112 3347 rentur,
2147 3300 2266 3355 quae
2292 3285 2356 3338 de
2386 3300 2452 3339 eo
2480 3284 2621 3339 dicta
2649 3294 2829 3347 erant,
2862 3284 2976 3338 lieri
3014 3292 3207 3353 sponte
3240 3300 3335 3339 sua
3373 3300 3490 3355 per-

1898 3374 2163 3430 mittebat.
2198 3374 2472 3445 Scriptum
2512 3376 2709 3445 quippe
2746 3382 2864 3429 erat
2894 3372 3028 3438 (Isa.
3061 3391 3114 3440 1.,
3148 3372 3203 3445 6)
3236 3392 3252 3430 :
3283 3371 3488 3444 Corpus

1897 3481 2069 3520 meum
2096 3464 2216 3519 dedi
2254 3463 2676 3535 percutientibus,
2707 3474 2755 3520 et
2790 3482 2949 3535 genas
2975 3482 3115 3519 meas
3144 3464 3490 3530 vellentibus,“

1898 3555 2114 3611 Faciem
2143 3571 2358 3627 quoque
2383 3572 2551 3610 nteant
2581 3573 2685 3611 non
2707 3557 2868 3611 averti
2898 3573 2926 3611 a
2956 3555 3274 3611 confusione
3304 3565 3490 3628 sputo-

1898 3662 2041 3712 rum,
2071 3654 2124 3701 et
2161 3646 2263 3700 alia
2293 3645 2632 3716 quamplura,
2668 3660 2790 3716 quzc
2826 3646 2880 3700 in
2920 3661 2987 3701 eo
3024 3645 3289 3715 completa
3337 3652 3489 3713 sunt,

1898 3739 2041 3793 sicut
2067 3738 2270 3808 scripta
2299 3745 2426 3791 sunt
2451 3751 2480 3790 a
2514 3737 2812 3807 prophetis.
2847 3736 3145 3791 Audierant
3173 3734 3316 3790 enim
3348 3732 3488 3793 forte

1901 3837 2047 3883 retro
2091 3829 2506 3898 prophetantem
2547 3826 2613 3883 de
2659 3824 2903 3895 Templa,
2949 3834 3005 3880 et
3043 3825 3113 3880 de
3151 3814 3488 3880 Hierusalem

1900 3920 2041 3990 quod
2078 3919 2407 3975 destruenda
2440 3926 2607 3983 esset,
2639 3916 2759 3972 ideo
2789 3918 2856 3971 ad
2880 3916 3185 3972 irrisionem
3214 3930 3336 3970 eum
3362 3906 3487 3990 pro;

1899 4013 2124 4082 phetare
2142 4010 2425 4082 jubebant,
2453 4009 2575 4080 quis
2599 4023 2785 4063 eorum
2809 4023 2931 4063 eum
2958 4003 3355 4078 percussisset?
3380 3988 3487 4073 Sed

1898 4103 2123 4159 stultum
2153 4111 2271 4159 erat
2293 4099 2711 4157 verberantibus
2742 4114 2801 4155 se
2837 4098 3183 4169 respondere,
3215 4094 3305 4166 qui
3333 4086 3490 4164 quasi

1899 4210 2069 4266 agnus
2097 4194 2163 4248 ad
2210 4194 2314 4248 hoc
2358 4199 2604 4255 venerat,
2655 4206 2762 4244 non
2803 4188 3053 4259 aperiens
3089 4203 3153 4243 os
3195 4199 3372 4249 suum,
3427 4184 3491 4241 ut

1900 4287 2179 4359 Scriptura
2204 4284 2586 4356 compleretur.
2618 4281 2808 4337 Petrus
2838 4291 3011 4336 autem
3040 4278 3246 4334 sedebat
3277 4277 3406 4347 foris
3432 4276 3490 4331 in

1898 4382 2053 4435 atrio.
2081 4379 2243 4435 Foris
2267 4393 2497 4448 namque
2529 4376 2773 4439 sedebat,
2804 4381 2864 4429 ut
2899 4372 3109 4428 videret
3136 4370 3343 4425 exitum
3386 4362 3487 4436 rei,

1899 4483 1952 4529 et
1993 4489 2099 4529 non
2144 4468 2595 4543 appropinquavit
2630 4466 2838 4532 Iesum,
2881 4482 2952 4521 ne
2994 4461 3261 4519 ministris
3294 4460 3360 4516 de
3398 4457 3490 4515 illo

1902 4565 2005 4620 ulla
2040 4572 2359 4619 nasceretur
2389 4559 2650 4630 suspicio,
2679 4557 2803 4627 quia
2842 4556 3039 4611 timore
3060 4552 3174 4623 jam
3208 4544 3491 4622 possessed

1891 4665 2033 4732 erat.
2069 4656 2133 4711 Et
2159 4655 2210 4709 in
2241 4655 2346 4708 hoc
2377 4652 2508 4706 mira
2535 4650 2683 4705 Petri
2713 4665 2836 4705 cum
2868 4646 3098 4702 Domino
3126 4655 3487 4716 perseveran-

1897 4750 1991 4803 tia.
2023 4747 2123 4816 Qui
2160 4743 2406 4815 quamvis
2432 4743 2672 4805 timeret,
2704 4749 2884 4794 tamen
2917 4752 3023 4791 non
3054 4733 3294 4804 reliquit.
3328 4727 3492 4786 Venit
3570 4754 3577 4755 ί

1896 4840 2039 4895 enim
2075 4838 2236 4892 timor
2274 4851 2303 4888 a
2353 4843 2564 4894 natura,
2614 4830 2708 4885 sed
2747 4843 2879 4885 cura
2919 4827 2987 4882 de
3025 4823 3220 4879 affectu
3252 4819 3488 4894 pietatis.

1895 4931 2146 4987 Alienum
2193 4936 2277 4983 est
2316 4925 2458 4997 quod
2491 4925 2668 4989 timet,
2707 4937 2863 4978 suum
2899 4919 3042 4991 quod
3076 4931 3179 4972 non
3222 4913 3379 5005 fugit.

1901 5024 2044 5095 quod
2090 5020 2363 5092 sequitur,
2397 5017 2615 5090 pietatis
2641 5024 2726 5071 est
2753 5014 2987 5069 devotio.
3021 5009 3192 5065 Porro
3223 5004 3366 5076 quod
3396 4998 3493 5059 né—

1901 5094 2012 5187 gat,
2036 5112 2313 5183 subreptio
2346 5117 2428 5165 est
2457 5108 2690 5181 pavoris.
2717 5105 3016 5163 Commune
3041 5100 3209 5172 igitur
3234 5095 3378 5191 quod
3408 5094 3490 5191 la.-

1899 5204 2045 5261 bitur
2085 5219 2115 5258 a
2162 5202 2287 5270 fide,
2338 5201 2433 5257 sed
2474 5199 2679 5272 proprii
2712 5197 2837 5253 doni
2883 5202 2967 5251 est
3004 5191 3150 5264 quod
3197 5187 3490 5272 paenitens,

1901 5296 2044 5368 quod
2104 5270 2673 5349 amarissime—ﬂevit.
2735 5285 2803 5340 Et
2865 5283 3082 5340 accessit
3154 5270 3492 5368 1139a!

1900 5350 2015 5444 clunt
2055 5404 2159 5443 una
2192 5384 2386 5441 ancilla
2422 5384 2597 5436 dicens
2627 5398 2646 5436 :
2694 5379 2764 5434 Et
2805 5388 2861 5433 tu
2926 5393 3046 5431 cum
3097 5350 3227 5430 lein
3268 5350 3491 5428 Cdlildrh

1901 5496 2040 5535 eius.
2073 5480 2136 5532 At
2179 5475 2267 5530 ille
2310 5473 2511 5544 negavit
2555 5486 2733 5525 coram
2776 5468 3015 5524 omnibus
3042 5467 3220 5521 dicens
3246 5478 3267 5518 :
3297 5453 3492 5518 Νειὲὣ

1899 5571 2025 5645 quid
2056 5570 2206 5624 dicis.
2248 5566 2384 5634 Quid
2426 5580 2555 5636 ergo
2593 5562 2695 5618 sibi
2732 5559 2863 5625 vult,
2908 5560 3050 5632 quod
3094 5559 3328 5631 primum
3368 5556 3495 5613 eum

1900 5664 2080 5737 prodit
2110 5658 2342 5715 ancilla?
2372 5657 2505 5711 Cum
2541 5655 2638 5710 viri
2669 5652 2844 5725 magis
2876 5667 2999 5708 eum
3026 5651 3214 5721 utique
3240 5648 3496 5733 poterant

1901 5764 2310 5833 recognoscere,
2359 5763 2467 5806 non
2507 5748 2605 5804 abs
2638 5761 2699 5807 re
2743 5744 2948 5803 factum
2976 5742 3231 5803 dixerim.
3268 5739 3497 5805 Factum
