4016 6354
163 271 249 329 999
838 272 1198 333 EXPOSITIO
1235 275 1302 332 IN
1339 276 1774 336 MATTILEUM.
1813 310 1883 321 —
1918 281 2045 338 LIB.
2088 283 2203 350 Xll,
2240 285 2392 342 CAP.
2432 287 2642 345 XXVII.
3198 286 3201 291 ί
3291 302 3398 360 930

162 399 262 443 tun.
284 384 347 439 ad
367 383 616 439 Pilatum.
644 385 713 440 Et
750 389 1048 444 notandum
1084 392 1228 461 quod
1258 392 1484 463 apostoli
1524 393 1578 447 in
1608 409 1706 449 no-
1734 397 1782 456 Α
1810 393 1993 449 multis
2041 397 2493 455 contumeliarum
2543 400 2848 459 afﬁceretur
2894 406 3126 478 injuriis,
3169 416 3398 483 putabat

161 487 230 532 cte
253 484 435 546 negant
481 484 535 529 et
580 475 812 544 fugiunt,
846 478 936 533 isti
983 496 1112 536 vero
1159 498 1316 537 mane
1346 482 1490 538 facto
1515 484 1626 555 jam
1653 485 1705 540 in

157 568 330 621 lumine
359 565 546 620 ineunt
566 567 869 631 consilium,
905 578 961 623 et
987 571 1299 642 conspirant
1328 574 1382 628 in
1419 591 1613 641 unum,
1636 574 1705 630 Ut

156 657 308 713 Iesum
333 657 450 710 dolo
481 668 713 713 tenerent
738 669 788 714 et
817 662 1131 718 occiderent.
1152 665 1391 737 Alligant
1423 682 1553 739 ergo
1579 684 1705 724 eum

155 748 376 813 vinculis,
417 750 546 819 quia
588 750 909 821 alligaverat
948 769 1044 809 eos
1080 754 1329 812 Satanas.
1360 757 1471 813 Nec
1500 761 1707 833 recogi-

155 851 252 898 tant
274 842 411 911 quod
438 842 552 913 ipse
588 843 660 897 sit
689 845 781 913 qui
813 845 1048 903 solverat
1072 864 1235 918 supra
1263 849 1428 905 tiliam
1449 852 1699 920 Abrahae,

151 951 285 1006 quam
306 934 618 1005 alligaverat
648 934 894 993 diabolus
927 939 1115 995 decem
1145 951 1201 995 et
1220 950 1344 997 octo
1373 946 1550 1010 annis,
1583 961 1705 1016 qua:

150 1043 236 1082 non
281 1031 491 1097 poterat
540 1029 757 1098 penitus
804 1046 1018 1085 sursum
1065 1028 1328 1103 aspicere.
1384 1034 1494 1103 Nec
1540 1037 1705 1109 igitur

149 1119 347 1175 Samson
379 1118 467 1173 ille
493 1118 823 1175 fortissimus
853 1120 1047 1176 fortior
1067 1122 1283 1179 Christo
1306 1125 1427 1189 fuit,
1457 1126 1547 1195 qui
1579 1143 1703 1197 pro-

145 1221 246 1283 pter
262 1211 435 1266 crines
460 1211 674 1266 vinctus
704 1212 875 1267 teneri
903 1228 1010 1268 non
1051 1223 1282 1284 poterat.
1310 1215 1575 1283 Quoniam
1614 1218 1702 1274 ille

144 1301 275 1357 fortis
319 1303 374 1357 in
408 1302 578 1373 ﬁgura
605 1294 811 1357 Christi
843 1305 1141 1374 praecessit,
1193 1314 1247 1360 et
1275 1307 1420 1375 quod
1466 1307 1701 1363 faciebat

143 1394 214 1448 ille
235 1394 654 1463 quotiescunque
697 1394 912 1448 vinctus
958 1393 1175 1460 fuisset,
1205 1396 1309 1452 hoc
1339 1405 1393 1451 et
1422 1395 1699 1452 Christum

142 1484 304 1540 fecisse
331 1500 494 1539 neuio
515 1484 607 1554 qui
636 1485 911 1555 ambigat;
935 1484 1027 1554 qui
1056 1500 1154 1540 nos
1174 1500 1363 1542 omnes
1385 1487 1498 1541 suis
1524 1487 1699 1542 absol-

139 1576 202 1630 vit
224 1574 462 1630 vinculis.
494 1575 575 1629 Ad
607 1575 708 1630 hoc
736 1574 954 1644 quippe,
982 1583 1104 1644 post
1128 1576 1395 1647 prodigia,
1433 1585 1557 1646 post
1585 1576 1696 1631 vir-

139 1674 258 1721 tutes
282 1667 594 1722 innumeras
617 1682 752 1736 quas
772 1665 925 1732 fecit,
953 1682 1012 1722 se
1034 1668 1281 1738 permisit
1306 1668 1461 1740 ligari
1488 1670 1694 1735 volens,

1806 482 1947 540 forte
1974 487 2158 553 miser,
2191 490 2335 558 quod
2365 493 2638 548 evaderet.
2670 494 2777 550 Sed
2799 498 2988 555 videns
3011 504 3153 571 quod
3181 506 3394 576 adjudi-

1806 584 1961 630 catus
1992 577 2149 630 morti
2185 578 2357 634 Pilato
2385 583 2633 648 traditur,
2690 601 2787 654 pro
2836 598 2989 646 certo
3014 592 3279 663 intellexit
3304 600 3392 656 in-

1805 661 1934 719 felix
1966 665 2092 735 quia
2131 668 2415 726 damnatus
2445 684 2613 740 esset,
2646 674 2788 732 ferre
2840 661 3210 740 confusionem
3235 702 3391 746 suam

1806 756 2028 812 minime
2056 760 2229 828 potuit
2254 777 2390 831 :qua
2411 768 2756 834 perturbatus
2783 771 2839 826 in
2869 785 3070 841 mente,
3099 781 3387 839 consilium

1804 846 2047 905 invenire
2079 867 2261 908 verum
2285 858 2545 925 nequivit.
2572 858 2663 916 Sic
2683 864 2881 935 quippe
2906 866 3151 925 confusio
3173 874 3386 942 operari

1802 941 1963 1007 solet,
1993 952 2047 998 et
2074 948 2430 1014 perturbatio,
2460 951 2533 1005 ita
2556 962 2617 1008 ut
2639 954 2802 1010 homo
2830 957 3120 1028 aliquando
3169 965 3384 1039 1143

1802 1048 1861 1088 se
1883 1034 2126 1092 invenire
2153 1054 2257 1094 non
2286 1052 2467 1110 queat.
2505 1044 2658 1101 Unde
2704 1047 2792 1103 hic
2828 1051 3060 1119 primum
3092 1034 3389 1125 ittipietatis

1802 1141 1913 1182 suae
1948 1130 2186 1198 pondere
2221 1134 2353 1188 vicit
2393 1137 2636 1193 avaritia:
2664 1141 3123 1211 magnitudinem;
3157 1146 3389 1219 ideoque

1800 1221 2099 1289 poenitentia
2122 1223 2309 1280 ductus
2332 1229 2524 1292 retulit,
2561 1231 2809 1299 pessimis
2838 1238 3254 1306 mercatoribus,
3286 1242 3385 1296 tri—

1800 1311 1945 1380 ginta
1970 1325 2261 1383 argenteos.
2291 1316 2401 1374 Nec
2429 1328 2607 1376 tamen
2634 1324 2706 1377 ita
2732 1340 2842 1395 prie
2869 1327 3036 1383 nimio
3058 1345 3308 1397 maerore,
3332 1341 3389 1388 et

1799 1402 2132 1488 confusionis
2162 1424 2274 1463 suae
2320 1411 2660 1469 immanitate
2710 1418 3039 1487 paenitentiae
3063 1424 3280 1479 modum
3314 1432 3389 1481 te-

1800 1512 1929 1553 nere
1957 1501 2150 1569 potuit,
2183 1505 2273 1572 qui
2303 1520 2428 1560 mox
2459 1506 2643 1578 laqueo
2672 1526 2728 1564 se
2746 1513 3031 1582 suspendit.
3057 1508 3208 1570 Fecit
3236 1517 3383 1573 enim

1798 1586 2045 1645 diabolus
2070 1593 2163 1662 qui
2195 1609 2316 1649 eum
2358 1598 2507 1665 prius
2535 1612 2847 1670 pervaserat
2874 1612 2990 1659 arte
3022 1622 3142 1673 sua,
3175 1615 3236 1662 ut
3272 1621 3384 1679 pm-

1798 1678 1996 1735 niteret
2024 1680 2164 1736 forte
2189 1698 2293 1739 non
2314 1686 2381 1740 ad
2411 1690 2645 1755 veniam,
2672 1692 2765 1745 sed
2789 1707 2909 1747 eum
2947 1696 3178 1766 amplius
3202 1678 3383 1754 utim-

134 1765 182 1813 οι
213 1758 478 1812 consensu
514 1769 574 1812 ιιι
599 1757 937 1828 alligaret”,
964 1773 1071 1811 ηοῐι
1095 1759 1303 1828 peccati
1332 1758 1570 1827 funibus,
1602 1763 1695 1819 sed
1725 1768 1772 1828 B
1798 1770 2023 1839 pelleret
2048 1774 2101 1827 in
2132 1775 2366 1831 ruinam.
2400 1778 2603 1836 Retulit
2631 1783 2680 1837 ei
2702 1793 2825 1840 ante
2844 1757 3252 1845 oculos-mentis
3282 1791 3383 1845 im-

136 1857 573 1904 sacramentorum
616 1850 868 1915 vinculis,
918 1866 1148 1920 quorum
1197 1853 1452 1923 mysteria
1482 1854 1693 1909 vincula

132 1940 205 1995 illa
235 1940 509 1996 Samsonis
528 1949 705 1996 erant.
738 1940 871 2009 Qua:
917 1942 1175 1997 nimirum
1218 1943 1436 1998 vincula
1464 1944 1697 2015 disrupit

136 2033 319 2105 1142
338 2034 614 2099 Christus,
654 2049 781 2089 mox
802 2034 1193 2091 circumdantia
1237 2051 1316 2103 se,
1367 2038 1582 2107 quando
1629 2039 1696 2094 de

130 2133 282 2179 morte
322 2125 500 2180 victor
544 2124 812 2190 ascendit,
870 2132 931 2178 ut
978 2134 1167 2180 nostra
1197 2125 1582 2197 disrumperet.
1618 2127 1695 2184 De

128 2218 306 2286 quibus
326 2217 598 2288 Propheta
642 2218 779 2274 dixit
807 2237 822 2274 :
854 2218 1141 2290 Disrupisti
1169 2220 1376 2275 vincula
1406 2238 1544 2288 mea,
1595 2223 1691 2277 tibi

124 2310 411 2377 sacriﬁcabo
456 2311 684 2366 hostiam
727 2310 902 2366 laudis
953 2313 1127 2384 (Psal.
1181 2330 1320 2378 cxv,
1376 2314 1484 2387 17).
1545 2314 1694 2372 Talis

127 2417 332 2473 namque
383 2405 725 2460 consuetudo
775 2404 1086 2462 Iudaeorum
1129 2417 1268 2473 erat,
1312 2424 1691 2480 quemcunque

126 2497 263 2551 morti
287 2494 711 2565 adjudicassent,
744 2506 804 2551 ut
855 2498 1095 2554 vinctum
1144 2514 1270 2553 eum
1300 2497 1469 2567 judici
1509 2502 1707 2567 trade+

126 2599 251 2653 teut;
279 2598 331 2644 et
361 2588 491 2645 ideo
536 2591 776 2644 vinctum
813 2606 938 2646 eum
993 2590 1270 2646 adducunt
1307 2592 1375 2645 ad
1404 2590 1713 2660 Caipham,

126 2679 242 2736 sicut
271 2681 511 2737 Joannes
543 2690 791 2737 testatur.
822 2682 901 2738 Ac
930 2683 1125 2739 deinde
1150 2683 1528 2755 postpaulum,
1565 2700 1690 2739 nar-

124 2779 194 2824 rat
216 2787 394 2828 rursus
445 2774 590 2843 quod
619 2773 895 2828 adducunt
942 2788 1065 2828 eum
1108 2774 1174 2829 ad
1203 2775 1377 2844 ipsum
1405 2774 1459 2828 in
1495 2783 1690 2845 prado-

123 2862 257 2919 rium.
288 2865 424 2919 Erat
450 2877 646 2930 autem,
670 2866 864 2936 inquit,
893 2884 1065 2921 mane.
1101 2866 1168 2921 Et
1195 2882 1337 2921 nunc
1366 2866 1645 2923 Matthzeus
1670 2885 1683 2921 :

124 2954 275 3022 Hane,
299 2958 503 3028 inquit,
555 2958 720 3027 facto,
752 2957 1032 3012 consilium
1059 2958 1289 3012 inierunt
1328 2974 1503 3013 omnes
1538 2958 1687 3028 prin-

120 3047 234 3115 cipes
261 3049 599 3106 sacerdotum
625 3059 672 3104 et
697 3050 952 3116 seniores,
985 3059 1039 3103 ut
1070 3066 1188 3103 eum
1210 3050 1365 3103 morti
1395 3049 1681 3103 traderent.

1798 1865 2171 1921 manissimnm
2222 1869 2397 1926 scelus
2432 1874 2574 1941 quod
2602 1875 2789 1944 gessit,
2820 1893 2926 1931 non
2962 1888 3020 1933 ut
3059 1895 3126 1934 ex
3152 1882 3382 1938 consilio

1798 1956 1935 2020 veri,
1960 1957 2027 2011 ad
2055 1956 2537 2017 clementissimum
2568 1965 2871 2033 Dominum,
2896 1977 2950 2023 et
2974 1971 3241 2027 medicum
3265 1974 3382 2029 ani-

1796 2059 2007 2100 marum
2069 2059 2392 2116 recurreret,
2440 2055 2534 2107 sed
2588 2064 2647 2109 ut
2691 2069 2757 2109 ex
2808 2059 3211 2126 perturbatione
3251 2064 3384 2119 dira:

1796 2138 1994 2192 mentis
2021 2137 2072 2191 in
2107 2138 2263 2209 pejus
2289 2143 2514 2198 veniret.
2546 2143 2802 2215 Origenes
2821 2164 3052 2218 namque
3082 2166 3232 2208 more
3253 2168 3374 2221 suo,

1796 2225 1863 2280 de
1886 2227 1991 2283 hoc
2018 2232 2278 2297 quasdam
2308 2243 2489 2288 movet
2517 2236 2826 2305 opiniones;
2856 2241 2998 2308 quod
3026 2242 3383 2301 aestimaverit

1794 2317 1981 2384 Judas,
2011 2320 2136 2375 licet
2170 2322 2492 2391 inconsulte,
2524 2338 2578 2382 et
2615 2345 2720 2383 non
2749 2333 3044 2387 secundum
3070 2337 3378 2405 scientiam,

1794 2411 2093 2478 praevenire
2123 2412 2179 2466 in
2206 2424 2378 2469 morte
2403 2416 2725 2489 moriturum
2757 2421 3065 2489 Dominum,
3088 2427 3246 2497 eique
3279 2444 3376 2484 oc-

1793 2515 2013 2557 currere
2043 2502 2096 2556 in
2125 2504 2325 2570 anima,
2359 2522 2521 2576 quam
2550 2510 2772 2565 nudavit
2796 2527 2824 2565 a
2865 2529 3116 2583 corpore,
3145 2517 3191 2572 si
3236 2518 3379 2576 forte

1792 2602 1972 2663 posset
1995 2595 2207 2650 veniam
2236 2606 2290 2651 et
2312 2600 2739 2659 misericordiam
2780 2606 3032 2675 precibus
3064 2610 3397 2682 implorare.'

1789 2686 1921 2754 Quae
1955 2689 2209 2744 nimirum
2238 2694 2512 2763 cogitatio,
2544 2696 2588 2750 si
2619 2698 2669 2751 ei
2713 2697 2854 2754 forte
2879 2701 3028 2756 venit
3066 2703 3123 2757 in
3169 2713 3372 2774 mente,

1790 2788 1851 2833 ut
1875 2780 2010 2846 dixi,
2033 2791 2086 2835 et
2116 2781 2230 2852 ipsa
2257 2783 2323 2838 de
2342 2785 2657 2843 confusione
2684 2787 2804 2854 fuit,
2826 2798 2881 2844 et
2900 2807 3009 2847 non
3032 2807 3099 2848 ex
3126 2795 3374 2851 doctrina

1792 2871 1864 2939 pii
1895 2871 2158 2943 Magistri.
2189 2874 2333 2930 Dicit
2381 2886 2436 2931 et
2465 2877 2625 2932 aliam
2685 2881 3018 2951 Opinionem,
3044 2887 3199 2956 quasi
3225 2887 3376 2943 calli-

1789 2960 2046 3016 dissimus
2083 2963 2395 3033 explorator
2419 2966 2664 3024 diabolus
2710 2979 2994 3042 postquam
3023 2974 3077 3029 in
3117 2991 3182 3032 eo
3222 2987 3278 3032 et
3307 2978 3376 3035 de

1790 3069 1856 3110 eo
1888 3055 2016 3110 fecit
2051 3058 2195 3126 quod
2223 3058 2412 3127 voluit,
2441 3070 2498 3115 ut
2524 3064 2832 3121 traderetur
2855 3065 3012 3123 Jesns
3042 3069 3095 3124 in
3118 3082 3368 3139 mortem,

120 3136 177 3191 Et
196 3140 406 3196 cinctum
433 3142 769 3196 adduxerunt
793 3158 932 3205 eum,
962 3151 1008 3196 et
1030 3142 1358 3195 tradiderunt
1380 3139 1571 3195 Pontio
1596 3140 1687 3194 Pi-
1712 3134 1758 3199 C
1790 3148 2017 3202 recessit
2043 3164 2166 3206 mox
2198 3164 2229 3202 a
2256 3148 2413 3205 Juda.
2447 3150 2564 3219 Quo
2586 3156 2888 3221 recedente,
2915 3158 3180 3215 intellexit
3200 3134 3376 3218 conti:-

118 3230 208 3286 Iato
260 3235 500 3304 prasidi.
554 3234 656 3290 Ubi
711 3234 1067 3304 intelligimus
1116 3234 1259 3304 quod
1311 3249 1471 3289 mane
1519 3233 1683 3289 etiam

1789 3252 1897 3290 nuo
1926 3239 2127 3294 malum
2157 3242 2301 3308 quod
2349 3242 2573 3308 fecerat,
2620 3246 2748 3316 quia
2785 3250 3005 3305 tradidit
3053 3255 3369 3324 sanguinem

119 3324 319 3381 traditus
371 3335 467 3383 est
498 3325 703 3393 Pilato;
756 3326 896 3381 forte
924 3326 1140 3396 quando
1179 3326 1423 3380 introivit
1447 3324 1686 3396 Caiphas
1782 3329 2011 3399 justum,
2038 3344 2093 3387 et
2118 3334 2250 3387 vidit
2279 3335 2423 3403 quod
2455 3336 2570 3405 ipse
2594 3353 2626 3392 a
2658 3334 2769 3394 Deo
2796 3342 3187 3400 condemnatus
3206 3355 3369 3401 esset.

117 3413 160 3468 in
180 3421 453 3486 praetorio,
501 3418 628 3476 Jesu
677 3419 841 3489 paulo
863 3426 989 3472 ante
1012 3418 1276 3489 judicato,
1305 3426 1361 3473 et
1400 3418 1685 3473 adducitur

116 3507 172 3560 ad
196 3523 307 3564 eum
331 3521 389 3566 ut
425 3510 698 3577 tradatur,
724 3525 843 3580 qua:
867 3524 957 3564 res
982 3507 1122 3564 forte
1139 3516 1392 3580 coegerat
1421 3508 1683 3578 Caipham

116 3611 164 3656 ut
203 3604 424 3660 intraret
473 3606 526 3660 in
554 3605 886 3676 prmtorium.
918 3603 1027 3657 Aut
1077 3612 1225 3658 certe
1264 3602 1535 3658 interdum
1562 3618 1686 3657 cum

114 3703 314 3748 esseteo
338 3696 390 3751 in
456 3694 592 3758 loco,
621 3693 844 3749 absente
884 3692 995 3758 illo,
1036 3692 1106 3748 ab
1136 3692 1390 3746 universo
1432 3690 1681 3759 concilio,

107 3779 352 3849 judicatus
372 3794 471 3844 est
489 3786 559 3842 ad
583 3797 838 3852 mortem,
861 3794 1041 3841 tamen
1062 3785 1129 3840 ab
1150 3784 1327 3855 ipsum
1348 3785 1415 3839 ab
1438 3784 1593 3839 initio
1616 3800 1684 3840 ex

113 3873 251 3931 domo
281 3878 463 3935 Anna:
490 3879 807 3943 ducebatur,
838 3878 906 3932 ad
932 3892 1092 3948 quem
1123 3877 1177 3931 in
1201 3890 1447 3932 estremo
1475 3876 1680 3947 perdu-

112 3972 215 4022 ctus
232 3978 328 4025 est.
351 3969 473 4027 Sed
496 3969 621 4041 quia
643 3969 861 4040 Caiphae
882 3968 995 4037 jam
1021 3969 1171 4038 prius
1192 3968 1371 4024 visum
1394 3968 1594 4049 fuerat,
1625 3976 1686 4023 ut

107 4052 247 4115 lesus
268 4054 602 4126 moferetur,
644 4070 703 4116 et
744 4060 852 4117 illis
893 4061 985 4132 qui
1022 4061 1264 4115 vinctum
1295 4076 1419 4116 eum
1450 4061 1684 4116 adduce—

110 4145 242 4215 bant,
269 4154 387 4210 sine
431 4152 546 4207 uUa
596 4168 748 4208 mora
775 4154 829 4207 in
876 4161 1155 4209 momento
1184 4153 1462 4209 decretum
1489 4162 1592 4221 est,
1626 4162 1685 4208 ut

105 4241 414 4302 occidendus
494 4243 669 4300 Pilato
740 4244 911 4315 judici
980 4245 1306 4300 traderetur.
1380 4244 1684 4318 Utrumque

108 4339 265 4389 tamen
292 4353 464 4394 mane
497 4336 597 4393 fuit
622 4353 638 4391 :
662 4346 720 4393 et
743 4338 889 4408 quod
916 4336 1259 4406 adjudicatus
1284 4346 1372 4393 est
1395 4354 1424 4392 a
1454 4337 1680 4408 Caipha,

101 4438 208 4479 arm
228 4429 376 4484 omni
398 4428 642 4485 concilio
665 4426 998 4493 Judaaorum,
1030 4437 1085 4483 et
1113 4442 1300 4483 coram
1324 4442 1391 4483 eo
1420 4428 1679 4484 nonnulla

101 4529 302 4586 passus;
332 4530 392 4577 et
412 4520 568 4591 quod
590 4520 763 4575 Pilato
791 4520 1043 4575 traditur.

162 4608 299 4666 Tunc
338 4614 532 4668 videns
569 4610 744 4666 Judas
795 4611 885 4683 qui
929 4627 1048 4666 eum
1087 4611 1307 4667 tradidit
1346 4612 1486 4684 quod
1529 4613 1680 4668 dam-

100 4710 238 4757 natus
280 4715 384 4771 est,
440 4704 750 4777 paenitentia
779 4704 987 4769 ductus,
1035 4702 1208 4759 retulit
1245 4704 1461 4774 triginta
1498 4720 1692 4775 argem-

97 4799 189 4846 teos
229 4796 569 4867 principibus
628 4794 961 4849 sacerdotum
1003 4804 1051 4849 et
1105 4795 1416 4858 senioribus,
1449 4795 1628 4850 dicens
1662 4813 1680 4850 :

98 4875 300 4940 Peccavi
343 4886 574 4940 tradens
634 4885 943 4954 sanguinem
983 4886 1212 4956 justum.
1283 4885 1328 4942 Ο
1372 4887 1582 4942 facinus
1630 4895 1685 4942 et

93 4973 275 5031 misera
322 4976 578 5033 conditio
631 4977 887 5043 humana,
942 4992 1062 5047 qua:
1123 4993 1246 5033 cum
1291 4978 1359 5033 ad
1402 4986 1682 5048 peccatum

96 5068 336 5135 trahitur,
367 5071 460 5126 sic
509 5068 731 5125 illicitur
775 5079 837 5124 ut
879 5069 1084 5135 videat,
1133 5078 1191 5125 et
1237 5084 1339 5125 nec
1384 5069 1683 5140 praevidere

89 5169 239 5226 queat
293 5176 508 5218 sereno
547 5161 746 5216 mentis
782 5161 997 5227 intuitu,
1047 5161 1116 5217 ad
1163 5162 1305 5232 quod
1353 5161 1678 5232 captivatur.

88 5245 217 5304 Ecce
279 5267 460 5322 quam
518 5252 654 5307 levis
707 5250 874 5307 fuerit
926 5252 1142 5308 animus
1215 5253 1533 5318 traditoris,
1588 5253 1681 5323 qui

87 5352 220 5398 nunc
265 5344 495 5414 justum
558 5359 718 5414 quem
778 5344 1001 5401 tradidit
1067 5344 1216 5400 videt
1283 5353 1364 5400 et.
1392 5344 1678 5417 intelligit,

87 5443 239 5498 quem
268 5444 444 5489 antea
482 5434 779 5505 praevidere
822 5450 928 5491 non
958 5435 1154 5506 potuit,
1189 5441 1244 5490 et
1285 5443 1465 5506 portat
1496 5433 1684 5490 confu-

84 5519 280 5580 sionem
307 5528 368 5581 in
432 5534 615 5581 mente
647 5542 747 5596 pro
793 5536 967 5593 reatu,
1014 5527 1106 5597 qui
1158 5527 1479 5582 erubescere
1527 5538 1684 5582 antea

84 5629 184 5669 non
211 5627 467 5688 potent,
491 5620 655 5673 etiam
687 5635 810 5675 cum
839 5627 1024 5675 rueret
1051 5620 1105 5674 in
1138 5618 1385 5675 osculum
1412 5619 1685 5690 benignis-

82 5706 197 5765 simi
250 5709 594 5766 Saluatoris.
635 5710 751 5767 Huc
788 5725 958 5783 usque
985 5710 1112 5766 dum
1145 5709 1527 5780 ﬂagellaretur,
1556 5711 1685 5766 dum

1754 3497 1759 3505 .
1786 3421 1894 3476 Aut
1922 3421 2063 3479 forte
2098 3424 2254 3479 aliter
2282 3428 2568 3482 recedente
2591 3430 2658 3483 ab
2685 3444 2752 3484 eo
2777 3431 3013 3496 diabolo,
3050 3435 3221 3504 potuit
3244 3451 3372 3491 con-

1787 3511 1967 3567 silium
2015 3529 2200 3568 secum
2238 3530 2433 3585 capere
2461 3518 2815 3586 paenitentiae,
2864 3529 2922 3574 et
2950 3520 3153 3577 referre
3181 3524 3248 3578 ad
3276 3539 3371 3581 eos

1785 3603 2017 3673 pretium
2048 3605 2189 3673 quod
2219 3605 2479 3660 dederant
2510 3625 2522 3659 :
2555 3616 2608 3662 et
2637 3607 2758 3663 ideo
2780 3608 2916 3664 forte
2940 3611 3066 3679 quia
3089 3611 3370 3669 absolutus

1785 3702 1903 3749 erat
1930 3695 1997 3749 ab
2024 3696 2355 3762 adversario,
2390 3699 2564 3768 potuit
2587 3699 2768 3756 dicere
2789 3717 2856 3757 ex
2890 3702 3103 3759 ratione
3132 3719 3365 3762 sensus:

1786 3780 2007 3838 Peccavi
2027 3786 2238 3840 tradens
2266 3789 2573 3858 sanguinem
2611 3790 2835 3860 justum.
2869 3790 2975 3848 Sed
3014 3794 3272 3851 recedens
3299 3796 3369 3851 ab

1785 3889 1850 3929 eo
1875 3875 1943 3929 ad
1992 3884 2204 3946 tempus
2235 3877 2501 3944 diabolus,
2536 3887 2643 3933 tam
2687 3882 2859 3951 ipsum
2885 3881 3101 3949 Judam,
3128 3900 3289 3954 quam
3315 3894 3373 3942 et

1785 3968 2067 4022 universos
2091 3982 2227 4038 quos
2251 3970 2318 4024 ad
2343 3979 2553 4041 tempus
2582 3973 2800 4036 deserit,
2835 3974 3031 4031 iterum
3080 3979 3374 4035 reassumit

1784 4061 2080 4117 secundum
2131 4064 2360 4117 astutias
2409 4079 2552 4127 suas,
2601 4074 2662 4119 ut
2716 4067 3097 4123 abundantiori
3149 4070 3368 4126 tristitia

1784 4154 2182 4209 absorbeantur
2231 4169 2619 4225 nonnunquam
2656 4195 2670 4222 ,
2722 4157 2864 4212 sicut
2914 4167 2970 4213 et
3016 4158 3179 4237 istum
3230 4161 3373 4216 male

1784 4245 2122 4314 absorptum,
2164 4254 2221 4299 et
2269 4260 2580 4315 pervasum,
2631 4262 2737 4301 non
2783 4247 3110 4304 dubitamus.
3164 4250 3371 4308 Idcirco

1780 4334 2169 4405 ptenitentihus
2192 4349 2408 4405 semper
2436 4336 2675 4392 salubria
2701 4339 2993 4407 quaerenda
3020 4349 3148 4396 sunt
3191 4344 3371 4399 consi-

1781 4426 1872 4495 lia,
1901 4437 1957 4483 et
1976 4428 2278 4483 adhibenda
2307 4437 2392 4483 est
2423 4444 2587 4498 quam
2639 4429 3051 4500 diligentissime
3100 4435 3370 4491 medicina

1700 4505 1758 4565 D
1785 4518 1995 4574 salutis.
2030 4518 2296 4585 Quoniam
2345 4519 2687 4574 adversarius
2732 4530 3017 4590 postquam
3056 4518 3373 4595 cogno'verit

1790 4626 2228 4681 unumquemque
2276 4612 2569 4665 secundum
2629 4621 2910 4681 peccatum
2966 4631 3122 4671 suum
3154 4658 3170 4683 ,
3246 4633 3368 4675 eum

1788 4702 2043 4759 observat
2065 4711 2121 4757 et
2139 4700 2332 4756 callide
2355 4701 2736 4774 insidiatur,:ut
2760 4704 2828 4758 ad
2844 4703 3005 4760 finem
3028 4721 3199 4776 usque
3218 4709 3368 4764 deci—

1788 4795 1920 4865 piat.
1953 4792 2334 4864 Respondeant
2372 4808 2502 4862 ergo
2527 4795 2619 4864 qui
2647 4795 2890 4851 diversas
2916 4804 3138 4851 naturas
3167 4812 3371 4854 conan-

1792 4897 1879 4944 tur
1911 4888 2270 4949 introducere,
2317 4895 2371 4940 et
2399 4886 2584 4942 dicunt
2625 4886 2819 4942 Judam
2849 4888 3180 4958 proditorem
3211 4890 3370 4947 malae

1786 4980 1952 5036 fuisse
1982 4987 2209 5044 naturae,
2262 4993 2362 5033 nec
2414 4978 2749 5047 apostolatus
2775 4979 3093 5035 electionem
3128 4982 3369 5051 potuisse

1786 5086 2037 5136 servare;
2062 5069 2317 5140 quoniam
2347 5070 2400 5124 in
2424 5084 2491 5125 eo
2519 5085 2626 5125 non
2647 5070 2837 5125 vitium
2861 5081 3025 5137 esset,
3055 5072 3148 5126 sed
3174 5080 3368 5129 natura

1785 5172 1847 5220 ut
1889 5165 1956 5220 ad
2005 5165 2204 5219 bonum
2258 5178 2364 5217 non
2426 5172 2612 5233 posset
2657 5166 2923 5219 converti.
2961 5163 3367 5234 Respondeant,

1790 5253 2005 5328 1144
2043 5268 2247 5324 quaeso,
2275 5254 2545 5322 quomodo
2578 5253 2718 5309 mala
2747 5262 2940 5309 natura
2973 5256 3212 5324 potuerit
3239 5272 3369 5313 sen-

1784 5348 1890 5404 tire
1932 5346 2140 5416 justum
2182 5345 2453 5401 Christum
2498 5344 2699 5401 fuisse?
2743 5343 2841 5400 Vel
2880 5348 3149 5415 quomodo
3195 5349 3364 5417 egerit

1786 5437 2027 5509 quolibet
2051 5445 2211 5507 pacto
2238 5435 2636 5505 paenitentiam,
2667 5443 2728 5489 ut
2750 5450 2857 5490 non
2890 5436 3199 5492 vinceretur
3222 5440 3369 5509 cupi-

1787 5527 1954 5582 ditate
1977 5527 2194 5597 triginta
2221 5524 2636 5597 argenteorum?
2676 5524 2778 5591 Qui
2819 5525 2945 5580 licet
2970 5542 3077 5582 non
3103 5527 3365 5598 perfecte,

1787 5635 1961 5690 neque
1990 5619 2130 5675 sicut
2161 5618 2347 5673 debuit
2373 5631 2687 5682 conversus,
2734 5626 2912 5674 tamen
2942 5618 3008 5675 de
3052 5628 3197 5675 statu
3238 5637 3366 5694 pes-

1786 5712 1938 5767 simae
1957 5709 2285 5781 cupiditatis,
2323 5707 2465 5778 quod
2517 5707 2699 5779 inique
2748 5709 3039 5767 admiserat
3069 5712 3365 5786 damnavit,
