4016 6354
1422 281 1483 339 8.
1521 276 1877 337 PASCHASII
1916 275 2257 334 RADBERTI
2295 273 2585 331 ABBATIS
2618 272 3064 332 CORBEIENSIS

611 409 976 476 etpeecstnm
1007 414 1165 455 suum
1191 397 1378 467 utique
1403 395 1737 467 recognovit.
1785 391 2037 462 Alioquin
2089 390 2190 444 nisi
2222 396 2267 453 Α
2295 396 2442 454 erat;
2474 387 2562 443 ubi
2608 387 2964 442 mittebantur
2993 386 3128 441 dona
3161 396 3214 443 et
3248 405 3476 459 munera,
3506 411 3585 452 seu
3607 403 3769 471 qualis:

614 495 672 551 in
696 508 761 549 eo
785 494 963 562 aliqua
988 492 1142 547 bona:
1162 488 1511 559 plantationis
1542 494 1734 541 natura
1753 492 1918 546 esset,
1943 482 2195 536 virtutem

613 584 950 657 pmnitentize
994 596 1058 636 ac
1080 579 1307 649 iustitiae
1360 578 1566 633 sentire
1593 576 1814 631 omnino
1855 589 1960 629 non
1992 580 2194 643 posset,

615 693 792 747 neque
822 676 1115 746 impietatis
1144 689 1255 730 smn
1287 672 1560 727 vesaniam
1592 682 2007 740 recognoscere;
2060 665 2193 721 satis

614 783 849 838 namque
876 766 1072 828 iuerat,
1098 763 1243 833 quod
1273 763 1407 817 dixit
1440 780 1452 816 :
1493 758 1713 815 Peccavi
1745 757 1957 812 tradens
1984 755 2201 826 sangui-

616 873 731 916 nem
754 859 980 929 justum.
1010 856 1076 911 Et
1102 854 1247 926 quod
1277 853 1509 924 pretium
1551 850 1834 918 rejecerat,
1866 848 1913 902 si
1944 847 2201 916 deinceps

616 965 713 1011 coi-
762 963 917 1005 suum
956 947 1026 1002 ad
1067 945 1445 1016 pmnitentiam
1496 947 1784 1004 servasset,
1827 947 1883 993 et
1928 938 2203 1008 sapienter

617 1046 812 1109 tristis,
840 1028 1161 1114 praevideret
1183 1040 1336 1109 juxta
1367 1035 1708 1107 Apostolum,
1736 1050 1802 1088 ne
1828 1030 2202 1086 abundantiori

617 1137 835 1190 tristitia
862 1134 1243 1188 absorberetur
1263 1129 1330 1183 ad
1357 1129 1569 1183 ruinam
1595 1124 1958 1178 damnationis
1980 1137 2108 1178 sure.
2136 1121 2202 1173 At

618 1226 700 1281 illi
722 1227 966 1281 dixerunt
989 1238 1008 1277 :
1036 1221 1175 1287 Quid
1204 1219 1271 1273 ad
1298 1219 1432 1272 nos?
1455 1217 1531 1271 Tu
1552 1215 1740 1270 videris
1773 1212 1856 1282 (11
1882 1212 2004 1266 Cor.
2031 1227 2093 1276 ll,
2125 1210 2201 1283 7).

619 1315 664 1372 Ο
705 1315 921 1371 caecitas
953 1311 1286 1373 Judaeorum,
1316 1319 1373 1362 et
1398 1307 1727 1378 perversitas
1759 1304 1993 1359 mentis!
2029 1302 2120 1358 Sic
2146 1318 2206 1358 se

619 1413 787 1477 agunt
811 1401 965 1472 quasi
990 1401 1307 1454 innocentes
1330 1397 1461 1460 sint,
1499 1396 1592 1466 qui
1633 1393 1808 1464 pretio
1848 1400 2118 1452 emerunt,
2148 1397 2207 1444 ut

621 1491 971 1550 homicidium
1022 1489 1281 1543 facerent.
1320 1484 1363 1541 0
1408 1484 1605 1540 duritia
1653 1482 1866 1538 cordis!
1920 1480 2012 1550 qui
2041 1481 2207 1533 etiam

619 1599 906 1658 possessus
928 1582 1172 1636 dazmone
1212 1578 1445 1633 ﬂectitur
1485 1574 1552 1630 ad
1593 1572 1967 1644 pcenitcntiam
2022 1578 2210 1624 reatus

622 1679 725 1742 sui,
760 1677 949 1731 nolunt
972 1686 1361 1742 recognoscere
1390 1669 1533 1739 quod
1561 1667 1699 1722 male
1725 1667 1956 1738 egerint.
1985 1664 2093 1719 Sed
2121 1663 2208 1717 di-

2299 497 2512 553 cunque
2539 481 2780 550 deposita
2816 481 2881 534 ad
2920 495 3050 535 usus
3082 481 3277 551 templi,
3312 482 3388 539 vel
3413 486 3472 540 ad
3496 502 3772 564 quascuon

2301 572 2560 627 utilitates
2585 572 2720 625 alias
2751 586 2845 624 seu
2886 571 3252 626 necessitates.
3281 570 3379 627 Sed
3401 570 3489 631 Dei
3514 580 3683 648 appulsi
3702 600 3777 641 nu.

2300 671 2379 727 tu,
2417 676 2483 715 ex
2530 662 2648 731 ipso
2691 660 2863 730 pretio
2906 661 3257 717 decreverunt
3296 679 3463 720 emere
3498 683 3673 739 agrum,
3697 691 3776 733 non

2300 754 2749 823 qualemcunque,
2779 751 2874 807 sed
2904 768 3088 821 agrum
3117 752 3284 822 ﬁguli,
3311 762 3361 808 et
3392 756 3547 825 ipsum
3573 760 3629 812 ad
3652 765 3782 831 sepul-

2302 853 2497 907 turam,
2528 860 2633 899 non
2660 856 3125 913 quorumcunque,
3154 844 3245 899 sed
3284 848 3647 916 peregrinorum.
3681 852 3784 909 Sunt

2302 941 2445 998 enim
2474 939 2654 993 multm
2682 936 3000 992 diﬂ‘erentiaz
3040 936 3181 991 inter
3206 936 3317 991 loca
3345 939 3656 1008 sepultorum,
3682 947 3785 999 llllli-

2305 1042 2466 1102 taque
2502 1030 2790 1090 diversitas
2829 1028 3168 1084 meritorum.
3198 1028 3449 1095 Quoniam
3481 1030 3559 1085 alii
3584 1034 3789 1103 sepeliun-

2306 1135 2396 1180 tur
2421 1123 2716 1178 sceundum
2751 1128 2873 1175 vota
2907 1119 3191 1184 nobilium,
3217 1119 3301 1174 alii
3331 1123 3596 1176 secundum
3619 1126 3794 1182 aestima.

2307 1216 2507 1270 tionem
2537 1212 2703 1281 vulgi,
2732 1212 2910 1267 nullus
2939 1220 3118 1266 tamen
3148 1210 3201 1265 in
3239 1226 3367 1282 agro
3394 1211 3546 1281 ﬁguli,
3566 1215 3641 1282 qui
3664 1217 3793 1285 pretio

2306 1305 2585 1376 sanguinis
2620 1302 2822 1357 Christi
2859 1303 3078 1367 emitur,
3120 1302 3224 1356 nisi
3279 1303 3368 1372 qui
3396 1304 3708 1374 consepelitur
3725 1322 3795 1376 per

2307 1397 2634 1466 baptismum
2672 1393 2871 1448 Christi
2902 1393 2954 1446 in
2993 1401 3194 1458 morte;
3224 1394 3313 1463 qui
3344 1392 3566 1463 profecto
3586 1410 3690 1465 ager
3709 1410 3796 1466 per-

2308 1486 2615 1557 egrinorum
2657 1495 2761 1548 est,
2791 1491 2849 1537 et
2869 1498 3054 1537 eorum
3084 1483 3173 1553 qui
3210 1484 3597 1554 peregrinantur
3619 1486 3664 1539 in
3687 1501 3798 1539 mun-

2308 1578 2398 1642 do,
2422 1578 2511 1647 qui
2538 1583 2715 1647 potest
2736 1575 2844 1630 Deo
2865 1575 3044 1630 dicere
3069 1591 3082 1628 :
3110 1574 3193 1629 Ne
3218 1577 3390 1640 sileas,
3410 1578 3629 1646 quoniam
3652 1577 3797 1630 «dress

2312 1690 2406 1743 ego
2449 1689 2563 1725 sum
2602 1672 2741 1741 apud
2785 1679 2854 1735 te,
2886 1680 2933 1725 et
2978 1671 3304 1741 peregrinus,
3334 1672 3460 1725 sicut
3498 1687 3650 1726 omnes
3676 1681 3803 1741 patres

620 1783 771 1834 cunt,
797 1768 938 1835 Quid
965 1766 1033 1820 ad
1066 1766 1197 1819 nos?
1225 1764 1390 1830 Quasi
1416 1762 1519 1831 ipsi
1555 1760 1688 1814 nihil
1712 1759 1839 1814 mali
1861 1756 2201 1820 admiserint,
2236 1757 2281 1817 B
2310 1764 2410 1819 mei
2443 1760 2621 1831 (Psal.
2656 1777 2884 1827 xxxviii,
2918 1762 3025 1832 15).
3061 1763 3205 1833 Ager
3227 1777 3355 1832 ergo
3397 1763 3491 1817 iste
3526 1762 3607 1832 qui
3640 1764 3799 1824 emitur,

622 1876 726 1918 nec
751 1868 946 1916 curant
975 1860 1042 1913 de
1069 1866 1221 1913 reatu
1250 1854 1504 1926 proximi.
1536 1850 1647 1905 Nec
1675 1851 1870 1904 mirum
1898 1846 1989 1917 qui
2038 1846 2105 1900 de
2152 1859 2211 1901 se

624 1952 762 2009 nihil
809 1950 1068 2021 cogitant,
1114 1948 1210 2003 sed
1258 1946 1492 2000 dicunt:
1526 1943 1606 2000 Tu
1654 1942 1776 1995 vide
1810 1940 1941 2011 quid
1993 1937 2208 2003 ieceris,

625 2044 882 2115 quoniam
906 2057 1004 2096 nos
1029 2041 1082 2094 in
1115 2038 1369 2093 omnibus
1402 2052 1447 2090 ιι.
1485 2036 1639 2105 culpa
1687 2033 1956 2088 immunes
2004 2046 2210 2085 sumus.

626 2137 969 2206 Quapropter
995 2139 1244 2191 caveant,
1276 2130 1365 2199 qui
1387 2138 1495 2183 tam
1520 2126 1676 2181 facile
1698 2135 1924 2197 peccant
1951 2125 2006 2178 in
2034 2122 2216 2177 fratri-

627 2227 765 2291 bus;
797 2226 923 2296 quia
948 2224 1042 2294 qui
1096 2224 1175 2278 sic
1218 2232 1406 2293 peccat
1438 2222 1491 2275 in
1540 2220 1801 2288 aliquem,
1836 2227 1896 2271 ut
1921 2217 2217 2271 emendare

628 2334 738 2375 non
781 2317 969 2388 possit,
1005 2316 1298 2371 timendum
1328 2313 1481 2367 valde
1509 2321 1593 2366 est
1634 2310 1776 2381 quod
1805 2310 2069 2379 peccavit.
2100 2307 2214 2362 Non

628 2411 773 2467 enim
799 2410 911 2481 jam
960 2407 1015 2463 in
1061 2413 1330 2477 potestate
1384 2402 1536 2458 ludas
1583 2412 1727 2466 erat,
1760 2410 1819 2454 ut
1846 2399 2219 2454 absolveretur

628 2517 791 2575 quem
814 2499 1131 2561 tradiderat,
1153 2506 1211 2551 et
1231 2497 1353 2551 ideo
1376 2494 1577 2550 frustra
1600 2508 1786 2548 vocem
1808 2491 2122 2563 pmnitentis
2139 2505 2221 2544 as-

630 2592 814 2652 sumit,
830 2590 953 2659 quia
968 2596 1462 2660 permaneutopera
1479 2583 1793 2655 impietatis.
1812 2581 1923 2636 Hoc
1937 2582 2218 2651 igiturest,

631 2684 845 2759 quodin
864 2682 1079 2737 Psaltno
1104 2679 1339 2743 canitur,
1357 2680 1425 2733 de
1448 2680 1639 2733 eodem
1668 2673 2179 2731 infelicissimoluda
2202 2690 2216 2727 :

634 2775 703 2833 Et
742 2773 909 2829 oratio
942 2773 1057 2843 ejus
1093 2772 1186 2841 ﬁat
1221 2772 1275 2825 in
1304 2779 1573 2842 peccatum
1604 2767 1775 2855 (Psal.
1825 2782 1977 2831 cvitt,
2021 2766 2099 2837 7).
2129 2766 2221 2835 qui

635 2883 745 2924 non
782 2865 956 2922 solum
993 2880 1099 2919 non
1121 2862 1492 2918 emendaverit
1522 2862 1733 2916 crimen
1756 2860 1900 2930 quod
1927 2858 2219 2921 commisit,

635 2971 828 3012 verum
852 2957 1019 3009 etiam
1049 2952 1226 3008 scelus
1253 2966 1364 3006 sum
1394 2949 1587 3005 mortis
1613 2950 1666 3004 in
1691 2958 1970 3020 peccatum
1999 2947 2100 3002 sibi
2130 2947 2224 3001 ad-

640 3049 795 3104 didit.
850 3046 1022 3101 llabet
1047 3045 1192 3100 enim
1242 3045 1298 3099 in
1326 3043 1560 3107 Psalmo,
1593 3042 1687 3112 qui
1714 3043 1780 3097 de
1809 3057 1875 3096 eo
1909 3041 2141 3103 canitur,
2172 3041 2219 3095 si

2313 1869 2439 1924 ager
2466 1852 2743 1924 sanguinis
2764 1860 2870 1915 est,
2897 1862 2951 1906 et
2974 1866 3102 1921 ager
3126 1850 3302 1921 tiguli;
3335 1852 3455 1922 quia
3485 1851 3652 1920 ﬁgulus
3672 1860 3804 1905 noster

2312 1946 2560 2000 Christus
2612 1951 2725 2007 (st,
2774 1942 2928 2010 cujus
2982 1942 3166 1998 Virtus
3219 1945 3421 1997 exaruit
3460 1954 3677 2011 tanquam
3714 1950 3806 1995 testa

2316 2035 2485 2107 (Psal.
2520 2051 2634 2100 χιιι,
2666 2033 2779 2101 lli).
2817 2034 2881 2089 Et
2920 2034 3032 2104 ipse
3076 2051 3229 2107 ager,
3259 2034 3634 2097 Acheldemach,
3666 2033 3808 2086 hocat

2315 2144 2442 2197 ager
2493 2127 2786 2197 sanguinis,
2818 2143 2979 2197 usque
3031 2128 3084 2181 in
3131 2128 3443 2181 hodiernum
3486 2127 3606 2180 diem
3630 2134 3807 2180 vocatur.

2320 2217 2554 2271 Vocatur
2583 2226 2764 2270 autem
2785 2218 2927 2288 jure,
2960 2217 3048 2271 hic
3075 2217 3336 2280 mundus,
3367 2217 3445 2270 vel
3473 2214 3680 2271 Ecclesia
3702 2213 3811 2269 Citri-

2318 2307 2406 2369 sti,
2431 2322 2520 2361 seu
2554 2307 2838 2376 paradisus
2862 2307 2973 2369 Dei,
3003 2307 3143 2377 Ager
3170 2307 3463 2377 sanguinis,
3494 2307 3603 2376 quia
3622 2306 3812 2375 sanguine

2317 2396 2518 2452 Christi
2544 2407 2760 2468 emptus
2789 2407 2872 2452 est
2897 2397 3071 2462 nobis,
3105 2397 3200 2451 ubi
3228 2398 3560 2467 requiescant
3578 2395 3734 2456 sancti,
3751 2392 3813 2463 qui

2318 2488 2733 2558 peregrinantur
2758 2488 2811 2542 in
2842 2487 3021 2553 terris,
3053 2504 3294 2559 quorum
3323 2503 3425 2542 vox
3455 2497 3567 2543 est:
3598 2485 3693 2540 Hes
3714 2484 3816 2545 mihi,

2318 2579 2443 2649 quia
2489 2577 2750 2632 ineolatus
2803 2594 2947 2632 meus
2986 2579 3335 2649 prolongatus
3373 2588 3447 2632 est
3462 2579 3483 2632 .'
3520 2575 3713 2631 habitari
3737 2587 3816 2627 cut

2322 2668 2679 2723 habitantibus
2717 2666 2913 2734 Cedar,
2952 2669 3184 2724 multum
3228 2669 3404 2725 incola
3440 2670 3535 2739 fuit
3570 2668 3715 2722 anima
3743 2678 3821 2717 sica
3865 2665 3869 2668 ’

2324 2759 2497 2833 (Psal.
2529 2777 2677 2826 cxtx,
2710 2760 2788 2831 5).
2822 2761 2982 2815 Tales
3021 2777 3266 2833 namque
3296 2762 3697 2833 consepeliuntur
3715 2755 3823 2813 Chri-

2325 2859 2433 2915 sto,
2462 2860 2518 2906 et
2556 2851 2677 2906 ideo
2709 2866 2780 2905 ex
2812 2853 2985 2921 pretio
3016 2854 3303 2923 sanguinis
3334 2852 3451 2923 ejus
3471 2852 3650 2908 emitur
3667 2844 3824 2920 agenti

2325 2942 2657 3013 sepulturam
2698 2959 2912 3009 eorum,
2954 2952 3220 3014 tanquam
3263 2944 3679 3015 permanendum,
3708 2950 3747 2993 et
3779 2936 3825 2990 si

2327 3035 2776 3107 requiescendum
2843 3035 2898 3089 in
2962 3019 3395 3107 sempiternum,
3447 3035 3535 3106 qui
3586 3048 3688 3089 eum
3731 3027 3828 3084 ﬁdeli

637 3138 775 3193 bene
800 3135 1164 3206 perspexeris,
1195 3148 1293 3202 pro
1333 3132 1552 3203 triginta
1575 3108 1867 3203 argenteis,
1895 3146 2032 3200 quos
2060 3145 2220 3186 acce-
2247 3108 2293 3171 (ἶ
2325 3129 2625 3190 Abraham,
2642 3128 2796 3199 juxta
2822 3129 3105 3199 imperium
3137 3130 3259 3194 Dei,
3284 3131 3338 3185 in
3369 3131 3469 3185 hoc
3488 3127 3662 3184 sazculo
3680 3119 3829 3195 ιιω

634 3227 739 3298 pit,
790 3225 1035 3297 triginta,
1088 3240 1154 3280 ex
1201 3224 1426 3280 oraculo
1450 3224 1655 3287 divino,
1689 3223 2096 3277 maledictiones
2120 3221 2224 3276 sibi

645 3320 773 3377 olim
798 3319 1008 3382 illatas,
1036 3326 1091 3372 et
1120 3318 1276 3387 quasi
1312 3317 1655 3374 hmreditario
1677 3314 1799 3383 jure
1826 3316 1878 3369 in
1906 3316 2084 3385 pretio
2134 3330 2224 3370 re-

641 3422 923 3468 servatus:
951 3424 1056 3464 non
1080 3409 1203 3463 ideo
1231 3409 1373 3479 quod
1396 3416 1677 3478 peccaret,
1708 3408 1802 3462 sed
1829 3407 1953 3477 quia
2008 3406 2169 3461 toties
2193 3421 2224 3459 a

636 3503 866 3560 Domino
908 3510 1190 3570 cetrepttts
1216 3511 1275 3556 ut
1304 3504 1622 3556 emendaret
1660 3500 1840 3569 seipse
1869 3517 1883 3554 :
1919 3498 2103 3552 Noluit
2144 3500 2229 3552 in-

565 3651 585 3663 .
635 3594 864 3665 telligere
916 3603 971 3647 ut
1011 3592 1136 3646 bene
1173 3600 1347 3663 ageret
1398 3590 1572 3663 (I‘sal.
1630 3606 1794 3656 xxxv,
1825 3589 1904 3659 ὁ),
1958 3600 2227 3660 quatenus

638 3656 867 3740 haberet
926 3683 1232 3737 mercedem
1289 3681 1370 3735 sui
1406 3656 1576 3751 pretii
1614 3721 1630 3744 ,
1697 3681 1766 3735 ad
1819 3656 2227 3749 corruptionem

636 3778 879 3834 ornttium
922 3774 1251 3840 luturorum,
1280 3786 1337 3830 et
1363 3790 1554 3829 omnes
1582 3775 1784 3828 scirent
1808 3773 1937 3842 quia
1971 3773 2226 3828 universa

639 3880 767 3929 sunt
818 3871 871 3925 in
925 3869 1267 3940 prasscientia
1322 3867 1463 3931 Dei,
1525 3874 1582 3922 et
1627 3865 2032 3929 formidarent;
2100 3865 2228 3934 quia

638 3963 855 4018 Iudicia
873 3960 973 4015 Dei
995 3960 1213 4031 abyssus
1234 3960 1427 4029 multa,
1451 3968 1500 4014 et
1536 3956 1973 4028 inineestigabiles
1998 3959 2093 4012 vite
2112 3956 2228 4025 ejus

640 4052 829 4124 (lbid.,
864 4053 928 4119 7;
959 4052 1111 4107 Rom.
1138 4069 1213 4117 δι,
1239 4052 1352 4124 53).

712 4142 986 4215 Principes
1025 4156 1198 4199 autem
1241 4143 1597 4208 sacerdotum,
1631 4144 1853 4213 acceptis
1886 4140 2098 4214 1145
2135 4156 2228 4194 ar-

645 4236 866 4307 genteis,
891 4236 1135 4290 dixerunt
1160 4248 1178 4287 :
1209 4234 1332 4289 Non
1373 4234 1491 4289 licet
1507 4234 1708 4288 mittere
1729 4249 1817 4287 eos
1846 4233 1899 4286 in
1925 4234 2227 4295 carbonum,

640 4329 763 4400 quia
787 4328 1011 4394 pretium
1041 4327 1320 4397 sanguinis
1343 4336 1441 4381 est.
1469 4325 1514 4382 Ο
1544 4325 1680 4379 falsa
1725 4324 1912 4394 religio
1940 4332 1995 4377 ct
2017 4322 2230 4392 justitia

641 4420 816 4475 cmca!
859 4418 919 4474 Si
964 4419 1067 4475 hoc
1097 4433 1202 4473 non
1243 4416 1369 4472 licet
1405 4419 1529 4488 quia
1569 4416 1790 4486 pretium
1820 4415 2093 4485 sanguinis
2128 4423 2228 4479 est,

643 4527 742 4566 cur
769 4513 881 4579 ipse
907 4511 1128 4581 sanguis
1157 4511 1418 4565 innocens
1441 4519 1548 4564 tam
1587 4509 1749 4578 impie
1773 4507 2097 4563 effunditur?
2118 4505 2232 4563 Hoc

643 4603 842 4673 quippe
870 4611 955 4657 est
981 4603 1121 4670 quod
1150 4602 1349 4657 dicitur
1378 4601 1535 4671 longe
1564 4611 1709 4655 retro
1733 4615 1748 4653 :
1771 4599 1996 4655 Calicem
2028 4599 2233 4670 liquan-

645 4703 742 4753 tes,
776 4702 824 4747 et
868 4691 1126 4747 cautelam
1173 4692 1466 4761 glutientes.
1514 4691 1742 4761 Propter
1783 4691 1958 4761 quod,
2001 4690 2232 4745 Consilio

645 4784 811 4848 inito,
851 4792 1087 4838 emerunt
1128 4799 1193 4837 ea:
1232 4782 1339 4837 illis
1381 4799 1568 4854 agrum
1616 4782 1765 4853 figuli
1810 4784 1868 4836 in
1907 4781 2232 4852 sepulturam

645 4874 1061 4944 peregrinorum.
1093 4872 1219 4927 llaec
1262 4873 1479 4938 omnia,
1519 4881 1578 4927 ut
1615 4873 1816 4936 cernis,
1855 4887 1961 4927 non
2010 4870 2233 4926 fortuito

650 4978 778 5020 casu
804 4963 963 5027 ﬁunt,
993 4978 1166 5034 neque
1186 4981 1252 5020 ex
1275 4964 1458 5034 aliquo
1486 4974 1680 5021 eventu
1704 4980 1906 5027 rerum,
1937 4972 1998 5018 ut
2023 4963 2230 5029 volunt,

651 5054 745 5111 sed
775 5055 1027 5111 universa
1061 5072 1130 5113 ex
1161 5057 1512 5129 dispositione
1540 5058 1632 5112 Dei
1676 5058 1804 5122 vivi,
1834 5066 1893 5111 ut
1923 5057 2233 5127 complean-

600 5223 604 5227 ⁴
651 5153 741 5200 ιιιι·
765 5160 887 5216 qua:
914 5146 1170 5217 praedicta
1201 5160 1351 5210 sunt,
1384 5148 1508 5205 licet
1548 5158 1807 5218 quantum
1834 5164 1900 5203 ex
1932 5150 2062 5218 ipsis
2093 5158 2231 5213 erat,

652 5236 732 5293 illi
757 5237 902 5292 aliud
931 5239 1289 5296 intenderent.
1319 5242 1588 5296 Videbunt
1618 5241 1761 5294 enim
1791 5241 2059 5303 fortassis,
2089 5240 2235 5311 quod

653 5327 797 5383 circa
834 5337 1077 5384 mortuos
1110 5329 1283 5400 magis
1312 5330 1428 5385 hinc
1462 5329 1688 5399 pecunia
1723 5330 2004 5401 sanguinis
2034 5344 2229 5386 conve-

654 5418 860 5481 niebat,
880 5429 936 5475 et
963 5421 1110 5477 circa
1137 5422 1443 5491 sepulturas
1470 5421 1866 5487 defunctorum,
1891 5438 2053 5492 quam
2084 5433 2143 5477 ut
2172 5423 2227 5480 in

658 5510 949 5569 corbonam
988 5510 1313 5577 mitteretur,
1343 5522 1437 5567 aut
1466 5513 1521 5567 in
1551 5512 1659 5567 ulla
1687 5526 1874 5567 eorum
1906 5513 2231 5568 necessitate

660 5600 904 5655 honesta.
934 5599 1227 5660 Corbonam
1265 5619 1477 5674 quoque
1517 5604 1800 5670 Hebraice,
1828 5603 2020 5660 Latine
2050 5615 2230 5662 autem

657 5690 855 5761 denum
882 5693 1289 5764 interpretatur,
1316 5696 1407 5765 qui
1428 5696 1597 5761 locus,
1624 5697 1706 5751 vel
1736 5711 1862 5752 arca
1884 5698 2228 5755 denariorum

2325 3222 2761 3294 peregrinantur.
2795 3220 2902 3276 Sed
2933 3223 3058 3292 quia
3101 3222 3216 3279 hoc
3270 3223 3625 3289 testimonium
3666 3218 3708 3272 in
3731 3215 3832 3271 lere-

2327 3313 2432 3367 mia
2476 3328 2581 3367 non
2613 3312 2907 3378 invenitur,
2935 3313 3125 3367 dicunt
3158 3317 3310 3385 quod
3347 3330 3413 3367 ex
3445 3310 3681 3367 Zacharia
3715 3303 3830 3375 magis

2326 3404 2397 3458 sit
2419 3412 2776 3474 assumptum,
2812 3404 2901 3458 ubi
2924 3403 3083 3475 longe
3111 3404 3246 3460 aliis
3268 3404 3476 3475 verbis,
3497 3420 3557 3459 ac
3581 3410 3676 3457 toto
3695 3398 3834 3453 discre-

2326 3503 2489 3568 pante
2514 3494 2705 3549 ordine
2727 3494 3180 3565 qualitercunque
3209 3497 3501 3568 reperitur.
3529 3494 3730 3549 Primum
3748 3497 3834 3541 rem

2319 3587 2475 3657 juxta
2506 3587 2882 3658 Septuaginta,
2920 3588 2973 3642 in
3008 3602 3074 3641 eo
3113 3587 3196 3642 ita
3231 3588 3485 3653 habetur,
3512 3586 3665 3643 dicam
3687 3580 3836 3638 sum

2327 3682 2370 3736 si
2395 3681 2591 3735 bonum
2630 3692 2713 3736 est
2735 3696 2916 3736 coram
2942 3680 3118 3744 vobis,
3157 3683 3291 3736 date
3324 3684 3615 3737 mercedem
3642 3673 3747 3731 mihi
3774 3676 3837 3723 aut

2329 3773 2559 3828 renuite.
2592 3772 2662 3827 Et
2687 3774 2881 3828 iterum
2911 3789 2926 3826 :
2954 3770 3023 3825 Et
3045 3773 3424 3843 appenderunt
3449 3769 3704 3826 mercedest
3722 3774 3839 3819 w-

2327 3865 2540 3936 triginta
2587 3876 2876 3936 argenteos.
2923 3864 3179 3936 Dixitque
3226 3866 3485 3921 Dominus
3521 3864 3584 3917 ad
3609 3872 3717 3917 me:
3743 3855 3839 3910 Ροκ

2327 3956 2446 4010 illos
2474 3958 2527 4010 in
2561 3959 2893 4027 con/latorio,
2918 3967 2966 4012 et
2996 3958 3285 4014 considera
3315 3961 3361 4013 si
3388 3959 3651 4030 probatum
3676 3955 3728 4009 sit

2327 4053 2574 4124 probatus
2595 4025 2709 4107 sum
2731 4052 2797 4107 ab
2822 4055 2917 4108 eis.
2942 4050 3008 4106 Et
3035 4052 3136 4108 tuli
3166 4025 3398 4126 triginta
3420 4025 3689 4125 argenteis.
3707 4058 3743 4104 et
3762 4038 3840 4098 αἱά

2329 4160 2415 4198 eos
2438 4145 2490 4198 in
2512 4144 2669 4197 domo
2692 4143 2924 4209 Domini,
2945 4145 3001 4198 in
3022 4146 3356 4215 conﬂatorio
3386 4143 3568 4219 (lacti.
3596 4159 3660 4206 xi,
3685 4139 3749 4195 l2.
3770 4133 3842 4197 13l-

2329 4235 2597 4303 Qnantum
2643 4252 2774 4305 ergo
2805 4238 2970 4292 distet
2995 4238 3113 4293 haec
3142 4239 3443 4296 translatio
3479 4241 3546 4294 ab
3585 4231 3847 4303 evangelista

2330 4326 2660 4390 testimonio,
2689 4328 2901 4382 cunctis
2944 4326 3259 4397 legentibus
3304 4331 3642 4402 perspicuum
3675 4314 3848 4381 estw

2332 4427 2388 4472 et
2438 4418 2491 4471 in
2528 4416 2773 4483 Hebraeo,
2810 4419 2963 4489 juxta
2994 4419 3429 4496 Hieronymum,
3460 4421 3686 4493 quamvis
3714 4421 3849 4471 senm

2337 4508 2479 4563 idem
2502 4509 2593 4573 sit,
2623 4509 2786 4564 verba
2817 4525 2948 4565 vero
2980 4510 3139 4566 valde
3169 4523 3515 4586 pra'jiostera
3543 4514 3853 4576 summittant

2335 4599 2568 4654 diversa.
2604 4598 2774 4659 liabet
2801 4602 2945 4656 enim
2982 4601 3194 4658 itazEt
3227 4607 3349 4660 dixi
3389 4607 3462 4660 ad
3499 4622 3585 4661 eos
3608 4617 3626 4657 :
3650 4601 3701 4657 Si
3720 4599 3851 4653 iam

2337 4700 2411 4747 est
2457 4693 2513 4745 in
2552 4694 2718 4748 oculis
2767 4695 2969 4760 vestris,
3010 4697 3203 4766 afer-te
3250 4700 3553 4755 mercedem
3585 4710 3745 4757 meatu,
3768 4699 3801 4744 el
3824 4683 3856 4739 εί

2336 4799 2461 4848 non,
2490 4784 2756 4854 quiescite.
2796 4784 2865 4839 Et
2896 4787 3267 4857 appenderunt
3297 4793 3593 4847 mercedem
3627 4799 3763 4844 mea!
3788 4778 3854 4832 πί·

2335 4879 2481 4947 ginta
2530 4888 2822 4949 argenteos,
2853 4889 2904 4934 et
2957 4881 3088 4935 dixit
3141 4883 3422 4942 Dominus
3463 4886 3534 4940 ad
3578 4873 3857 4945 muPnjit‘!

2334 4968 2469 5022 illud
2494 4968 2564 5023 ad
2592 4973 2908 5024 statuarium
2932 4970 3184 5027 decorum
3214 4978 3481 5046 pretium,
3510 4975 3641 5047 quod
3664 4964 3857 5042 αρρταίθ

2336 5070 2420 5115 tus
2449 5077 2566 5115 sum
2603 5061 2668 5116 ab
2697 5063 2791 5117 eis.
2822 5062 2893 5116 Et
2934 5064 3033 5118 tuli
3065 5065 3296 5136 triginta
3340 5081 3635 5141 argenteos,
3662 5072 3705 5121 et

2334 5167 2422 5206 eos
2442 5152 2513 5206 ad
2538 5154 2851 5211 statuarium
2886 5154 2942 5207 in
2966 5155 3122 5210 domo
3163 5157 3420 5231 Domini.
3455 5159 3580 5215 ﬂare
3610 5156 3864 5217 Μάτων

2335 5242 2444 5308 sui,
2473 5252 2533 5297 ut
2576 5245 2912 5315 perpendam
2949 5261 3141 5301 omnes
3182 5231 3575 5307 difﬁcultatem
3620 5246 3755 5317 huius
3779 5231 3863 5298 ῑοάο

2335 5335 2590 5403 quoniam
2622 5349 2686 5389 ex
2730 5335 2835 5390 hoc
2871 5337 3024 5392 multi
3053 5341 3246 5395 conati
3278 5352 3417 5397 sunt
3442 5338 3789 5414 evangelistam
3807 5340 3865 5383 at"

2335 5441 2523 5497 gnere,
2552 5432 2610 5481 et
2635 5424 2889 5483 falsitatis
2916 5437 3253 5486 assertorem
3284 5434 3553 5504 probare,
3581 5446 3643 5489 eo
3667 5423 3783 5500 quod
3802 5424 3870 5474 ικο

2334 5533 2459 5573 cum
2506 5515 2754 5585 Hebraeo,
2796 5533 2900 5574 nec
2953 5535 3078 5575 cum
3124 5518 3286 5578 LXX
3341 5522 3741 5580 translatoribns
3776 5524 3868 5568 οω-

2337 5624 2530 5680 gruere
2560 5609 2824 5666 videatur.
2856 5611 2923 5666 Et
2951 5612 3096 5682 quod
3119 5612 3211 5668 bis
3243 5615 3438 5687 majus
3473 5613 3754 5682 est,dicunt
3774 5595 3875 5674 ιυοά

2338 5712 2483 5758 erret
2511 5704 2675 5760 etiam
2720 5703 2774 5760 in
2814 5705 3055 5772 nomine,
3086 5714 3143 5762 ut
3194 5722 3308 5778 pro
3358 5710 3626 5768 Zacharia
3653 5699 3877 5761 lereth

2259 4466 2309 4526 D
