3984 6360
869 328 1232 393 EX’POSI'I'IO
1267 328 1336 389 IN
1374 326 1811 386 MAT'I‘IUEUM.
1851 359 1922 373 —-
1956 328 2087 387 LIB.
2128 328 2241 400 Xll,
2276 331 2430 390 CAP.
2465 328 2679 395 XXVII.

3294 336 3401 396 93‘

99 450 253 510 false
296 448 570 524 posuerit;
608 449 755 524 quod
802 466 903 508 nec
950 452 1123 509 nostri
1173 467 1407 524 unquam
1448 449 1698 513 catholici
1728 454 1777 514 Λ
1804 466 1903 523 per
1924 451 2027 508 hoc
2053 451 2196 507 inter
2216 453 2529 524 prophetas,
2560 454 2809 524 interque
2835 453 2980 526 ipsos
3006 456 3395 530 evangelistas,

99 553 444 602 tractatores
492 543 784 600 immutare
825 543 1133 611 voluerunt,
1174 560 1273 601 nec
1304 545 1616 611 emendare,
1648 552 1709 598 ut

100 638 339 711 quidam
403 635 680 693 temerarii
748 643 805 692 et
856 644 1277 707 prarsumptores
1332 642 1703 701 teutaverunt;

102 730 261 788 sicut
281 737 336 785 et
361 728 416 784 in
446 728 568 783 aliis
605 726 1017 803 quamplurimis
1045 726 1179 783 locis
1208 726 1402 782 fecisse
1426 725 1709 797 cognosci-

105 805 264 879 inus.
311 820 419 877 Sed
460 820 604 875 absit
651 836 682 874 a
725 818 995 886 ﬁdelibus,
1022 817 1090 874 de
1127 816 1330 874 Christi
1374 816 1708 889 evangelista

104 913 267 971 aliud
319 911 595 968 aestimare
639 911 867 976 dixisse,
897 924 1062 981 quam
1107 911 1250 981 quod
1284 910 1339 965 in
1384 909 1575 982 spiritu
1614 909 1709 965 Dei

108 1004 353 1079 legebat,
384 1010 442 1060 et
479 1002 693 1059 dicebat
732 1001 988 1057 Ecclesiae
1017 1000 1219 1058 Christi
1248 1000 1404 1066 ﬁliis;
1438 1001 1524 1056 cui
1566 1015 1711 1057 cura:

104 1107 248 1156 sunt
274 1112 381 1152 non
404 1094 593 1161 verba,
620 1108 728 1150 non
756 1092 992 1166 syllabas
1015 1093 1269 1149 ordinare
1290 1093 1709 1158 sententiarum,

106 1202 228 1247 non
264 1191 621 1261 interpretum
651 1185 775 1256 jura
817 1199 1058 1253 servare,
1089 1185 1185 1241 sed
1225 1186 1372 1256 ipsas
1414 1186 1713 1242 sententias

105 1282 393 1347 veritatis,
428 1281 483 1337 in
531 1278 769 1352 Spiritus
810 1280 984 1335 sancti
1031 1279 1305 1352 dogmate,
1336 1287 1396 1334 ut
1433 1279 1561 1335 olim
1588 1294 1713 1350 pro-

110 1375 379 1431 nuntiata:
409 1381 556 1438 sunt,
590 1385 813 1444 ponere.
861 1369 1183 1442 Quanquam
1218 1371 1409 1427 beatus
1450 1368 1714 1442 Hierony-

110 1482 245 1523 mus
274 1465 420 1521 dicat
446 1480 506 1521 se
534 1463 729 1535 legisse
758 1461 812 1517 in
843 1462 1077 1532 quodam
1121 1459 1386 1518 llebraico
1417 1461 1709 1530 volumine,

109 1559 265 1630 quod
307 1558 709 1614 Nazarenorum
749 1566 913 1613 sectae
943 1557 1106 1612 homo
1139 1556 1188 1611 ei
1228 1555 1516 1620 obtulerat,
1560 1555 1715 1613 Jere-

114 1651 251 1706 miae
280 1650 603 1725 apocrypho,
630 1656 689 1706 et
727 1648 782 1704 in
811 1663 878 1704 eo
911 1648 1028 1704 hinc
1056 1647 1123 1703 ad
1148 1648 1373 1705 verbum
1404 1648 1603 1720 scripta
1628 1663 1715 1705 re-

115 1742 270 1813 perit
307 1738 553 1798 Ieremia:
607 1740 827 1796 nomine
865 1739 1133 1795 dedicata.
1167 1738 1274 1796 Sed
1317 1747 1497 1796 tamen
1542 1741 1715 1813 magis

1812 551 2016 598 tantam
2057 545 2401 599 concordiam
2442 559 2564 600 esse
2598 543 3019 614 demonstraret,
3050 556 3109 603 ut
3138 549 3397 622 quidquid

1811 635 1970 690 unius
1994 650 2181 691 eorum
2213 649 2335 691 esse
2361 635 2579 701 dicitur,
2622 651 2728 692 non
2764 639 2997 696 absurde
3027 641 3250 700 alterius
3275 659 3400 703 esse

1812 726 2088 793 videatur;
2120 741 2183 781 ac
2212 742 2309 799 per
2335 727 2438 782 hoc
2457 728 2599 799 quod
2619 743 2718 799 per
2734 728 3054 786 Zachariam
3076 734 3281 791 dictum
3302 712 3400 794 ad;

1813 820 2032 874 modum
2060 818 2326 884 videmus,
2352 834 2458 874 non
2491 819 2956 889 inconvenienter,
2982 821 3186 895 Spiritu
3207 838 3400 885 sancto

1812 919 2105 977 annuente,
2152 909 2402 968 Jeremire
2437 926 2557 968 esse
2596 913 2876 985 probatur.
2922 915 3072 973 Solet
3108 922 3306 993 quippe
3345 930 3402 979 et

1816 1003 2033 1078 1148
2058 1006 2122 1061 de
2166 1005 2511 1063 amicissimis
2548 1007 2623 1062 ita
2664 1006 2770 1064 dici
2806 1008 3140 1078 hominibus,
3167 1026 3399 1084 quorum

1814 1112 1952 1151 tinus
1981 1105 2063 1153 est
2096 1113 2396 1154 consensus
2425 1116 2641 1171 unaque
2668 1101 2939 1169 voluntas,
2967 1104 3010 1159 si
3043 1121 3181 1161 unus
3210 1120 3399 1163 eorum

1814 1187 2017 1260 aliquid
2043 1188 2241 1245 dixerit
2269 1191 2411 1261 quod
2437 1191 2592 1247 alteri
2622 1194 2961 1260 ascribatur;
2992 1211 3062 1252 ne
3091 1212 3252 1254 cures
3279 1199 3401 1269 quis

1812 1294 2000 1334 eorum
2025 1281 2242 1344 dixerit,
2265 1283 2519 1352 quoniam
2555 1293 2664 1339 tam
2693 1287 3037 1343 concorditer
3056 1288 3261 1345 dictum
3292 1299 3399 1358 est,

1813 1380 1876 1428 ut
1904 1373 2009 1429 tale
2039 1375 2110 1430 sit
2139 1375 2183 1431 si
2231 1375 2332 1431 iste
2377 1375 2481 1431 hoc
2516 1377 2734 1443 dixerit,
2767 1379 2927 1449 quale
2962 1389 3018 1435 et
3054 1382 3098 1437 si
3133 1381 3245 1447 ille,
3274 1384 3402 1454 quia

1813 1477 2002 1519 eorum
2033 1480 2172 1521 unus
2201 1475 2284 1521 est
2308 1467 2552 1537 spiritus,
2583 1484 2794 1539 unaque
2825 1470 3057 1526 societas
3089 1480 3143 1527 et
3173 1473 3402 1530 intentio

1816 1556 2034 1611 mentis.
2070 1556 2412 1628 Quapropter
2448 1559 2691 1615 omnium
2735 1563 3121 1632 prophetarum
3157 1573 3212 1620 et
3239 1580 3404 1621 evan-

1814 1648 2133 1720 gelistarum
2175 1651 2347 1722 major
2370 1661 2453 1707 est
2488 1652 2632 1708 inter
2659 1669 2849 1710 omnes
2876 1657 3180 1713 constantia
3207 1659 3403 1716 mentis

1815 1747 1873 1795 et
1914 1740 2247 1796 unanimitas
2292 1742 2558 1809 veritatis,
2601 1759 2764 1815 quam
2815 1746 2861 1801 si
2901 1748 3083 1804 omnia
3117 1748 3228 1816 illa,
3260 1765 3405 1825 unus

115 1834 297 1889 visum
328 1842 412 1890 est
446 1832 497 1889 ei
532 1832 600 1889 de
632 1831 896 1889 Zacharia
925 1841 1200 1903 sumptum
1234 1832 1338 1889 hoc
1367 1834 1710 1906 evangelistre
1736 1820 1788 1882 Β
1816 1832 2066 1902 quamvis
2091 1833 2437 1890 doctissimus
2460 1834 2772 1905 loqueretur
2798 1837 2978 1895 homo.
3007 1838 3074 1895 Et
3099 1840 3220 1896 ideo
3244 1820 3404 1897 nemo

115 1924 520 1992 testimonium,
547 1932 604 1981 et
627 1923 994 1996 apostolorum
1019 1938 1192 1989 more,
1222 1924 1326 1980 hoc
1347 1924 1427 1980 sic
1450 1926 1709 1994 positum,

113 2017 211 2080 qui
244 2015 527 2073 verborum
571 2015 764 2072 ordine
794 2016 1184 2088 praetermisso,
1216 2029 1408 2072 sensus
1436 2000 1618 2072 tamen
1645 2017 1711 2072 de

114 2106 305 2161 Veteri
346 2104 695 2162 Testamento
742 2104 956 2179 115,7
996 2122 1160 2178 quam
1190 2123 1333 2178 saepe
1368 2107 1713 2179 protulerunt

113 2197 172 2254 in
197 2198 527 2269 exemplum.
562 2198 632 2254 Et
666 2200 787 2255 ideo
833 2200 938 2256 hoc
975 2198 1096 2256 loco
1119 2199 1242 2256 talis
1266 2201 1534 2272 expositio
1557 2217 1589 2257 a
1615 2216 1712 2257 no-

114 2288 206 2347 bis
244 2291 531 2361 quwrenda
582 2301 687 2359 est,
729 2303 788 2347 ut
828 2291 1172 2365 evangelistre
1202 2302 1420 2350 maneat
1460 2292 1710 2363 ﬁrmitas,

115 2389 174 2437 et
209 2396 310 2436 nos
337 2380 479 2436 nulla
505 2381 764 2454 subrepat
789 2382 1113 2438 emendandi
1139 2382 1448 2450 temeritas;
1482 2382 1577 2439 sed
1605 2397 1711 2437 una

112 2487 244 2559 cum
285 2472 489 2529 sanctis
518 2472 772 2531 Patribus
805 2475 987 2546 potius
1028 2475 1353 2551 suspicando
1381 2475 1448 2532 de
1484 2476 1587 2533 hoc
1615 2475 1715 2531 ali-

111 2562 251 2636 quid
291 2560 552 2627 dicamus,
587 2579 751 2639 quam
796 2564 1172 2621 continuando
1193 2566 1336 2635 quod
1365 2573 1574 2621 certum
1605 2579 1712 2621 non

114 2656 402 2713 habemus.
439 2655 537 2714 Ubi
575 2657 815 2728 primum
860 2656 1133 2724 occurrit,
1179 2657 1324 2730 quod
1368 2671 1474 2712 non
1525 2670 1714 2712 omnes

117 2749 345 2805 codices
382 2748 797 2824 Evangeliorum
838 2749 1062 2815 habent,
1109 2748 1252 2820 quod
1289 2765 1387 2821 per
1423 2745 1713 2805 Jeremiam

120 2841 230 2897 hoc
274 2841 478 2897 dictum
532 2842 623 2909 sit,
659 2841 755 2897 sed
804 2841 1176 2899 tantummodo
1223 2856 1323 2912 per
1369 2841 1709 2912 prophetam.

120 2932 239 2990 Nec
268 2943 445 2990 tamen
472 2932 595 2989 ideo
623 2949 750 2989 mox
776 2941 1025 2989 astruere
1051 2940 1261 3003 oportet
1286 2933 1431 3011 quod
1457 2933 1542 2989 his
1566 2932 1714 2989 codi-

118 3023 283 3080 cibus
312 3024 484 3098 magis
507 3024 732 3080 credere
757 3024 1073 3091 debeamus,
1096 3035 1157 3080 ut
1181 3023 1426 3080 dicamus
1450 3039 1545 3081 eos
1569 3039 1716 3079 men-

117 3117 287 3199 duces
324 3116 418 3189 qui
473 3114 764 3173 Jeremiam
824 3115 1059 3183 habent;
1096 3130 1163 3172 eo
1204 3114 1348 3186 quod
1384 3115 1475 3171 ubi
1513 3115 1714 3173 dicitur

1815 1924 2070 1992 inﬁdelis,
2095 1943 2253 1983 nemo
2278 1912 2584 1999 imperitus,
2602 1930 2726 2001 jure
2747 1932 3098 2000 reprehendit
3120 1932 3175 1989 in
3205 1930 3403 1991 talibus

1811 2028 1863 2077 et
1907 2019 2280 2092 hujuscemodi
2327 2023 2505 2087 dictis,
2539 2024 2692 2093 quasi
2733 2023 3122 2080 dissonantiam
3165 2040 3402 2100 evange-

1812 2108 2080 2175 listarum,
2107 2126 2228 2166 cum
2252 2126 2318 2167 ex
2348 2112 2451 2168 hoc
2482 2112 2663 2184 potius
2692 2114 2926 2170 debeant
2953 2130 3234 2173 assumere
3255 2117 3404 2175 docti

1813 2208 1870 2257 et
1912 2200 2120 2268 ﬁdeles,
2161 2213 2537 2276 argumentum
2581 2214 2637 2261 et
2682 2207 3086 2274 auctoritatem,
3119 2208 3187 2264 ad
3221 2221 3405 2266 osten-

1816 2291 2049 2346 dendam
2082 2293 2342 2348 unitatem
2377 2301 2433 2348 et
2470 2295 2817 2351 concordiam
2862 2311 3050 2353 eorum
3090 2306 3146 2354 et
3190 2310 3408 2358 sancto-

1815 2397 1935 2437 rum
1968 2383 2375 2455 prophetarnm.
2411 2385 2507 2439 Est
2556 2393 2611 2439 et
2635 2387 2857 2442 evidens
2882 2402 3044 2443 causa
3073 2389 3215 2459 apud
3253 2388 3408 2446 Jere-

1816 2472 1978 2527 miam
2008 2489 2127 2543 qua:
2157 2472 2362 2547 ﬂagitat
2402 2473 2544 2530 forte
2582 2476 2682 2532 hoc
2713 2477 3081 2533 testimonium
3111 2480 3292 2549 potius
3348 2480 3404 2537 in

1814 2564 2035 2619 nomine
2077 2562 2327 2622 Jeremiae
2370 2567 2454 2623 sic
2496 2583 2717 2624 manere
2763 2570 3034 2637 debuisse,
3083 2578 3139 2626 et
3186 2571 3402 2629 videtur

1815 2674 1880 2716 ae
1920 2659 1964 2715 si
2004 2659 2229 2730 spiritus
2270 2661 2593 2717 auctoritate
2634 2661 2930 2727 ﬁrmatum,
2965 2674 3188 2735 propter
3213 2680 3404 2734 agrum

1817 2747 1967 2804 illum
1997 2748 2156 2821 quem
2180 2749 2475 2807 Jeremiam
2512 2752 2713 2807 emisse
2762 2752 2992 2821 legimus
3017 2770 3140 2808 cum
3169 2765 3316 2811 esset
3346 2756 3404 2812 in

1816 2857 2061 2908 carcere,
2087 2842 2213 2914 quia
2243 2843 2342 2898 etsi
2375 2844 2515 2914 apud
2555 2842 2874 2899 Zachariam
2908 2844 3128 2917 triginta
3156 2845 3408 2919 leguntur

1816 2930 2060 3002 argentei
2090 2931 2180 3002 qui
2208 2947 2307 3004 pro
2338 2930 2566 2987 Domino
2592 2930 2703 2986 dati
2731 2941 2787 2988 et
2819 2933 3006 3004 rcjecti
3028 2943 3157 2989 sunt
3181 2934 3234 2991 in
3267 2944 3406 2991 tem-

1816 3020 1926 3092 plo,
1952 3031 2129 3076 tamen
2156 3036 2255 3092 per
2280 3024 2529 3078 eumdem
2563 3023 2886 3094 prophetam
2914 3038 3045 3096 ager
3070 3024 3161 3081 ille
3193 3034 3409 3097 emptus

1816 3120 1902 3168 est
1938 3127 1969 3167 a
1997 3111 2108 3168 ﬁlio
2136 3111 2321 3169 fratris
2365 3113 2471 3179 sui,
2500 3121 2556 3169 et
2589 3102 2774 3169 datuni
2807 3123 2893 3170 est
2938 3115 2990 3172 ei
3038 3116 3248 3185 argenti
3287 3132 3410 3190 pre-

114 3192 220 3279 per
250 3177 567 3281 prophetam
617 3206 819 3281 rectius
851 3177 1151 3261 Zacharias
1197 3177 1549 3279 intelligatur,
1585 3207 1713 3276 quia
1740 3177 1786 3242 θ’
1818 3204 1975 3260 tium.
2009 3204 2125 3260 Non
2164 3206 2383 3276 quidem
2435 3177 2534 3261 sub
2571 3205 2677 3261 hoc
2721 3206 2962 3272 nomine,
2994 3177 3172 3278 neque
3217 3177 3409 3265 eodem

107 3296 231 3371 ja'm
266 3298 402 3383 ‘olim
440 3314 472 3354 a
518 3299 723 3353 sanctis
747 3280 1004 3352 Patribus
1051 3305 1342 3352 tractatum
1377 3305 1483 3363 est,
1512 3305 1574 3353 ut
1610 3297 1716 3353 hoc

120 3394 306 3467 magis
331 3393 507 3450 audax
536 3391 807 3466 imperitia
839 3390 1024 3448 fecerit
1046 3407 1207 3464 quam
1235 3393 1462 3465 probata
1490 3393 1710 3455 veritas,

112 3474 251 3541 cum
286 3483 594 3538 turbaretur
641 3480 839 3553 aliquis
884 3481 1199 3553 quastione,
1234 3482 1379 3553 quod
1420 3482 1526 3538 hoc
1566 3484 1717 3539 testi-

120 3574 370 3632 monium
417 3573 558 3645 apud
599 3570 892 3629 Jeremiatn
960 3587 1068 3629 non
1130 3573 1416 3639 inveniret,
1451 3575 1505 3629 id
1544 3577 1717 3648 magis

116 3668 353 3740 elegerit
395 3676 598 3723 temere
636 3666 954 3733 emendare,
985 3682 1151 3737 quam
1195 3667 1483 3740 imperitus
1516 3668 1711 3724 videri.

115 3734 283 3830 ρυόιι
319 3756 456 3813 forte
500 3756 682 3813 altiori
718 3734 1065 3813 sacramento
1093 3734 1295 3813 factum
1321 3766 1405 3814 est
1433 3734 1500 3815 ἐκ
1534 3759 1710 3830 provi-

115 3830 307 3906 dentia
348 3848 465 3915 Dei,
501 3862 607 3919 qua
655 3856 865 3904 mentes
898 3846 1356 3921 evangelistarum
1403 3850 1550 3905 intus
1591 3865 1717 3921 age-

114 3945 346 4000 bantur.
374 3941 545 3997 Erant
572 3941 718 3997 enim
759 3939 850 3996 illa
898 3940 1153 3996 animalia
1190 3938 1244 3997 ib
1282 3942 1512 3997 circuitu
1554 3941 1716 4014 plena

115 4035 321 4099 oculis,
346 4045 402 4092 et
430 4034 554 4091 ideo
595 4050 701 4089 non
752 4040 929 4106 potest
974 4033 1089 4088 ﬁeri
1118 4043 1178 4088 ut
1207 4031 1488 4089 Matthteus
1513 4033 1716 4106 aliquid

109 4144 223 4203 per
258 4126 580 4181 oblivionem
617 4124 918 4196 scripserit,
951 4133 1007 4179 et
1033 4122 1326 4181 Jeremiam
1374 4139 1475 4197 pro
1509 4124 1717 4181 Zacha-

114 4220 202 4277 ria
235 4217 498 4292 posuerit.
524 4216 678 4286 Quod
710 4226 891 4271 tamen
934 4214 1053 4270 sine
1098 4214 1206 4269 ulla
1247 4214 1585 4271 dubitatione
1624 4214 1720 4269 de-

112 4323 278 4367 munt
307 4307 621 4364 emendaret
650 4304 843 4361 saltem
874 4305 943 4360 ab
972 4302 1094 4361 aliis
1122 4306 1448 4368 admonitus,
1475 4305 1569 4377 qui
1600 4306 1716 4375 ipso

111 4390 305 4458 adhuc
351 4400 403 4455 in
434 4413 600 4455 carne
643 4397 859 4453 vivente
899 4396 1003 4452 hoc
1048 4396 1227 4466 legere
1264 4405 1578 4469 potuerunt,
1612 4395 1716 4453 nisi

112 4494 253 4569 quia
290 4492 524 4564 Spiritus
565 4500 786 4547 sanctus
810 4504 909 4560 per
947 4504 1071 4545 eum
1104 4488 1180 4545 ita
1212 4490 1317 4546 hoc
1345 4489 1713 4546 testimonium

108 4583 397 4644 conscribi
424 4583 610 4639 voluit.
649 4581 757 4637 Sed
782 4597 882 4637 cur
912 4582 1016 4638 hoc
1044 4581 1117 4636 ita
1141 4581 1393 4648 voluerit,
1423 4581 1511 4636 illa
1538 4582 1714 4653 prima

112 4688 295 4734 causa
349 4673 490 4745 patri
532 4671 834 4743 Augustino
880 4669 1167 4726 utilissima
1225 4671 1486 4737 occurrit,
1528 4686 1717 4727 OlllllCS

112 4766 424 4843 prophetas
444 4773 659 4821 sanctos
685 4778 794 4819 uno
823 4762 1040 4835 spiritu,
1068 4761 1299 4817 mirabili
1332 4762 1474 4816 inter
1494 4776 1553 4817 se
1580 4777 1715 4818 con-

110 4874 293 4918 sensu
324 4859 532 4915 locutos
564 4859 753 4925 fuisse,
784 4866 845 4914 ut
883 4858 1052 4915 multo
1081 4856 1313 4929 amplius
1338 4871 1499 4929 quam
1531 4857 1576 4913 si
1601 4874 1717 4913 om-

113 4954 283 5012 nium
330 4952 511 5025 omnia
555 4954 940 5024 prophetarum
986 4966 1096 5008 uno
1143 4952 1304 5005 unius
1347 4951 1585 5007 hominis
1621 4966 1718 5007 ore

111 5046 464 5103 dicerentur.
501 5043 569 5101 Et
600 5044 722 5101 ideo
755 5043 1124 5101 indubitanter
1150 5042 1321 5115 accipi
1348 5043 1546 5100 debere
1573 5059 1720 5115 quae-

112 5150 347 5208 cunque
377 5151 472 5208 per
504 5152 599 5194 eos
632 5136 872 5207 Spiritus
915 5144 1138 5191 sanctus
1172 5135 1329 5201 dixit,
1355 5134 1563 5207 singula
1603 5150 1721 5191 om-

116 5233 285 5289 nium
310 5243 451 5293 esse,
478 5238 534 5285 et
560 5229 741 5284 omnia
767 5244 887 5300 quae
910 5242 1008 5299 per
1031 5242 1128 5284 eos
1152 5227 1295 5283 dicta
1323 5236 1453 5282 sunt
1477 5228 1719 5300 singulo-

116 5338 280 5379 rum.
325 5321 533 5378 Idcirco
566 5321 711 5392 jure,
747 5337 867 5391 qua:
908 5321 1053 5377 dicta
1094 5328 1222 5375 sunt
1256 5333 1353 5389 per
1404 5317 1720 5386 Jeremiam,

116 5422 250 5471 tam
298 5413 574 5473 Zachariae
616 5429 781 5487 quam
817 5412 1082 5481 Jeremiae,
1142 5420 1197 5468 et
1232 5427 1353 5484 quae
1390 5427 1486 5483 per
1517 5411 1724 5469 Zacha-

117 5490 309 5573 riam,
354 5518 462 5563 tam
508 5513 636 5565 sunt
706 5504 954 5562 Jeremiae
1013 5521 1177 5577 quam
1221 5504 1516 5561 Zacharirc.
1569 5504 1722 5562 Unde

120 5614 245 5658 non
270 5614 407 5671 opus
432 5598 536 5655 fuit
564 5598 817 5656 Matthaeo
851 5598 1125 5670 corrigere
1158 5597 1301 5668 quod
1331 5595 1567 5668 Spiritus
1598 5612 1721 5652 sau-

116 5696 255 5750 Itns
277 5706 372 5764 per
394 5706 518 5748 eum
540 5692 768 5760 dixerat,
789 5706 910 5748 cum
953 5705 1149 5747 nomen
1170 5687 1416 5746 Ieremia:
1459 5690 1718 5761 scriptum

118 5764 160 5841 ἆ
188 5764 260 5842 ἕο
292 5784 347 5841 in
385 5780 483 5844 suo
505 5785 797 5859 Evangelio
819 5783 1078 5842 divinitus
1114 5782 1416 5854 redegisset,
1459 5791 1519 5839 ut
1562 5782 1719 5840 nobis

1816 3296 1918 3351 sub
1960 3311 2190 3352 numero
2231 3297 2323 3368 qui
2377 3297 2517 3368 apud
2566 3295 2887 3353 Zachariam
2930 3298 3193 3367 habetur;
3221 3300 3317 3357 sed
3341 3300 3411 3356 ad

1818 3386 1921 3443 hoe
1961 3388 2237 3459 pertinere
2279 3388 2447 3444 etiam
2478 3388 2611 3443 illud
2655 3388 2723 3444 de
2769 3404 2902 3460 agro
2938 3398 3139 3460 empto
3155 3391 3223 3446 ad
3262 3390 3409 3463 quod

1815 3479 2099 3549 prophetia
2144 3486 2229 3535 est
2272 3480 2341 3535 de
2388 3479 2611 3549 triginta
2652 3481 2944 3551 argenteis.
2976 3479 3114 3536 Nam
3160 3482 3303 3552 quod
3343 3468 3410 3539 de

1817 3569 2048 3625 Domino
2077 3568 2405 3640 completum
2435 3578 2541 3635 est,
2570 3577 2631 3624 ut
2672 3569 2775 3625 hoc
2808 3578 2953 3631 esset
2991 3570 3112 3640 ejus
3146 3570 3405 3641 pretium,

1818 3660 2164 3717 manifestum
2213 3668 2317 3728 est,
2348 3669 2406 3716 et
2444 3661 2588 3732 quod
2625 3661 2693 3716 de
2733 3661 2937 3717 eisdem
2975 3661 3250 3733 argenteis
3277 3676 3410 3734 ager

1818 3752 1910 3808 ille
1958 3751 2237 3823 sanguinis
2288 3761 2502 3821 emptus
2550 3750 2641 3818 sit,
2688 3766 2876 3807 verum
2933 3761 3038 3808 est.
3080 3750 3220 3809 Hine
3264 3753 3413 3809 inter

1818 3854 2077 3917 utrosque
2101 3843 2396 3916 prophetas
2429 3843 2657 3916 mystice
2685 3859 2851 3899 unum
2880 3844 3096 3900 videtur
3115 3856 3236 3900 esse
3259 3843 3414 3901 testi-

1817 3937 2093 4003 monium;
2129 3944 2188 3990 ιιι
2207 3935 2350 4006 quod
2392 3933 2483 3990 ille
2519 3934 2833 4005 expressius
2858 3936 2925 3992 de
2952 3945 3181 4009 argento
3205 3936 3413 4010 signiﬁ-

1819 4029 1985 4093 cavit,
2016 4028 2120 4083 hoe
2148 4028 2253 4084 iste
2285 4028 2353 4082 de
2380 4042 2531 4098 agro.
2558 4028 2636 4082 Ac
2664 4041 2763 4099 per
2784 4028 2887 4084 hoc
2913 4044 3110 4083 nomen
3132 4027 3413 4085 Zacharias

1819 4121 1864 4176 si
1890 4128 2203 4194 poneretur,
2236 4119 2581 4177 referendum
2610 4120 2678 4175 ad
2703 4121 2936 4192 pretium
2962 4130 3135 4189 esset;
3165 4122 3259 4179 sed
3282 4123 3410 4195 quia

1815 4212 2065 4269 Jeremiae
2093 4214 2327 4285 positum
2356 4222 2462 4280 est,
2490 4213 2581 4284 qui
2613 4213 2753 4268 dixit
2783 4211 2852 4269 de
2897 4228 3034 4285 agro
3068 4223 3270 4286 empto,
3301 4230 3411 4271 non

1820 4304 2118 4375 incongrue
2193 4303 2399 4359 factu’m
2473 4304 2704 4361 videtur.
2778 4300 3120 4377 Quapropter
3199 4306 3414 4362 studeat

1818 4397 2061 4468 prudens
2106 4396 2320 4452 animus
2368 4404 2660 4468 utrumque
2712 4397 2885 4469 magis
2945 4397 3195 4456 conferre
3246 4415 3417 4472 quam

1821 4487 2212 4558 evangelistam
2266 4493 2470 4544 temere
2530 4488 2961 4559 reprehendere,
3012 4499 3107 4547 aut
3149 4494 3293 4563 quod
3342 4492 3413 4550 ab

1821 4593 1889 4635 eo
1921 4579 2157 4650 positum
2204 4585 2290 4633 est
2336 4577 2743 4649 praecipitanter
2786 4579 3041 4648 eradere,
3084 4580 3171 4638 vel
3217 4582 3414 4637 immu-

1823 4680 1961 4727 tare.
2019 4670 2247 4727 Studeat
2295 4670 2475 4741 potius
2531 4684 2750 4726 sensum
2826 4671 3163 4728 enucleatius
3233 4673 3412 4729 discu-

1826 4769 1974 4829 tere,
2015 4775 2123 4832 quo
2174 4760 2335 4817 modo
2393 4760 2666 4832 pertineat
2720 4770 3012 4832 utrumque
3062 4762 3129 4819 ad
3176 4762 3414 4834 comple-

1827 4854 2027 4910 tionem
2079 4852 2407 4920 testimonii,
2461 4868 2624 4926 quam
2669 4869 2835 4910 unum
2876 4855 3067 4911 horum
3112 4854 3408 4927 negligere,

1826 4957 1884 5004 et
1932 4947 2164 5002 alterum
2218 4945 2495 5018 pneferre.
2541 4945 2676 5003 Nam
2716 4957 2773 5004 et
2824 4948 2939 5020 ipse
2989 4947 3129 5003 liber
3181 4948 3412 5019 emptio-

1826 5041 1912 5096 nis
1959 5039 2101 5110 apud
2147 5036 2473 5106 Jeremiam,
2519 5038 2611 5111 qui
2673 5039 2741 5096 de
2793 5056 2924 5113 agro
2963 5055 3088 5097 cum
3140 5054 3237 5096 sua
3278 5040 3411 5097 asti-

1826 5132 2102 5205 pulatione
2151 5134 2492 5204 conscriptus
2537 5141 2653 5201 est,
2702 5132 2925 5204 jubetur
2980 5133 3123 5189 mitti
3176 5134 3228 5190 in
3282 5146 3416 5192 vaso

1828 5224 2016 5289 ﬁctili,
2067 5234 2123 5280 et
2169 5226 2368 5281 emitur
2426 5226 2492 5282 de
2556 5226 2732 5297 pretio
2784 5224 2998 5280 Domini
3044 5240 3175 5297 ager
3237 5226 3412 5299 ﬁguli,

1833 5314 2049 5389 1149
2089 5326 2141 5372 et
2169 5316 2273 5373 hoc
2297 5334 2312 5371 :
2335 5316 2417 5371 Ad
2447 5314 2771 5388 sepulturam
2815 5316 3234 5387 peregrinorum,
3265 5317 3413 5374 sicut

1829 5420 1885 5466 et
1914 5408 2041 5465 illud
2072 5418 2450 5466 testamentum
2477 5408 2764 5480 emptionis
2790 5423 2920 5464 vase
2944 5409 3217 5465 clauditur
3236 5410 3407 5484 ﬁguli,

1830 5501 1884 5555 in
1911 5499 2227 5575 memoriam
2254 5499 2579 5565 futurorum,
2605 5506 2664 5553 ut
2694 5497 3029 5567 signiﬁcetur
3059 5515 3246 5557 eorum
3280 5517 3410 5573 per-

1827 5594 2037 5648 mansio
2080 5591 2164 5648 vel
2214 5590 2518 5660 repausatio
2558 5587 2651 5645 diu
2690 5588 2743 5644 in
2791 5598 2936 5645 terra
2974 5591 3303 5662 captivitatis
3327 5591 3411 5649 vel

1826 5689 2275 5763 peregrinationis
2306 5685 2517 5758 populi,
2549 5701 2830 5759 quousque
2856 5686 2909 5742 in
2940 5686 3241 5745 libertatem
3275 5686 3413 5745 ﬁlio-

1826 5795 1947 5837 rum
1989 5778 2117 5846 Dei,
2147 5786 2436 5851 praestante
2478 5778 2608 5845 Deo,
2653 5778 2769 5850 ipsa
2821 5778 3107 5850 Captivitas
3148 5777 3408 5836 solvatur.
