4016 6354
613 246 720 306 935

1433 249 1492 306 S.
1531 250 1887 307 PASCHASII
1925 248 2273 306 RADBERTI
2312 247 2599 305 ABBATIS
2636 248 3083 306 CORBEIENSIS
3680 270 3755 334 956

609 361 877 418 Ceterum
900 361 1028 418 illud
1058 362 1199 453 quod
1222 360 1449 432 subjecit
1480 362 1761 418 Mattltzeus
1789 365 1913 418 huic
1940 364 2183 417 testinto-
2215 367 2263 425 Α
2292 360 2417 415 licet
2463 362 2670 453 nolens,
2714 365 3040 432 prtedicasti.
3075 364 3201 420 llaec
3231 366 3413 426 idcirco
3445 373 3650 446 dixerim,
3665 388 3760 453 quia

610 453 723 518 nio,
756 467 877 506 cum
914 452 988 506 ait
1035 470 1048 505 :
1094 451 1259 516 Quem
1298 454 1713 521 appretiavernnt
1754 454 1854 521 ﬁlii
1902 453 2102 516 Israel,
2141 464 2186 506 et

607 544 861 599 dederunt
907 560 993 598 eos
1040 546 1095 598 in
1142 561 1326 614 agrum
1373 542 1544 612 ﬁguli,
1586 545 1717 598 sicut
1756 545 2021 597 constituit
2064 544 2189 597 ini/ti

606 633 885 700 Dominus,
917 650 1018 690 nec
1047 635 1186 704 apud
1211 634 1552 697 Zachariam,
1594 650 1691 688 nec
1730 635 1871 703 apud
1897 633 2185 688 Jerentiam

606 725 826 797 legitur;
867 728 1008 783 unde
1054 727 1228 797 magis
1258 743 1324 782 ex
1354 742 1583 797 persona
1621 728 1763 782 beati
1798 727 2032 783 Matthzei
2074 728 2184 782 ele-

605 826 795 890 ganter
808 828 861 873 et
884 819 1108 890 mystice
1125 820 1388 874 incertum
1417 828 1518 874 est.
1536 817 1671 885 Quia
1688 828 1743 874 et
1763 820 1876 889 ipse
1892 835 1954 873 ex
1974 820 2185 874 Domini

604 911 934 968 revelatione
964 912 1237 984 cognovit,
1294 912 1361 966 ad
1404 912 1542 968 hanc
1582 927 1693 965 rem
1732 928 1852 981 qua:
1878 913 1942 965 de
1985 911 2184 965 Christi

602 1002 779 1071 pretio
822 1001 961 1056 facta
1009 1012 1113 1067 est,
1158 1000 1465 1070 hujusmodi
1510 1002 1780 1072 pertinere
1822 1003 2180 1072 prophetiam.

518 1162 525 1169 _
603 1095 962 1162 Quaerendum
994 1111 1124 1167 ergo
1152 1096 1245 1166 qui
1270 1104 1596 1165 acceperunt
1622 1097 1838 1150 eosdem
1873 1105 2181 1167 argenteos,

600 1188 725 1257 quia
763 1197 817 1242 et
856 1189 907 1242 in
949 1189 1052 1243 hoc
1080 1188 1317 1242 varietas
1359 1189 1603 1242 codicum
1647 1197 1762 1252 est;
1795 1190 2047 1258 quoniam
2091 1190 2180 1242 alii

600 1279 801 1335 habent
829 1281 921 1335 filii
951 1280 1133 1343 Israel,
1165 1290 1220 1336 et
1258 1281 1347 1335 alii
1373 1298 1401 1334 a
1447 1283 1593 1337 tiliis.
1630 1283 1785 1350 Quod
1812 1284 1857 1337 si
1886 1284 1954 1337 ad
1989 1283 2181 1337 Jndam

598 1370 908 1437 referimus,
938 1373 1029 1442 qui
1074 1374 1286 1441 accepit
1316 1374 1546 1443 pretium
1590 1375 1876 1445 appretiati
1920 1374 2121 1429 Christi
2149 1390 2179 1428 a

600 1461 724 1517 filiis
758 1463 943 1529 Israel,
972 1465 1079 1519 erit
1115 1481 1371 1521 numerus
1399 1466 1620 1536 pluralis
1650 1483 1747 1538 pro
1789 1468 2072 1539 singulari.
2121 1468 2178 1523 Si

596 1563 775 1610 autem
823 1555 914 1610 filii
969 1555 1252 1626 legendum
1297 1568 1400 1623 est,
1433 1568 1756 1629 acceperunt
1794 1559 1922 1613 illud
1950 1560 2179 1615 .scilicet

596 1647 905 1703 sacerdotes
929 1649 1133 1721 templi,
1163 1651 1378 1719 quando
1408 1648 1573 1706 Judas
1613 1653 1798 1721 rejecit
1829 1667 1923 1707 eos
1953 1653 2007 1706 in
2038 1662 2175 1706 tem-

2293 466 2398 504 non
2440 452 2600 505 credo
2631 452 2681 505 in
2713 453 2909 506 divinis
2939 453 3133 508 litteris
3164 454 3351 525 aliquid
3378 452 3760 533 superfluum,ne-

2290 556 2394 610 que
2424 541 2475 595 in
2506 542 2797 597 Dominicis
2826 545 3004 599 verbis
3050 547 3114 599 ad
3158 547 3437 605 doctrinam
3467 555 3625 611 salutis
3646 563 3764 628 quid-

2288 650 2449 703 quam
2486 651 2603 689 esse
2639 652 2887 691 vacuunt.
2937 637 3090 692 Unde
3122 639 3260 701 huic,
3301 642 3413 710 quia
3444 650 3765 713 pronuntiantis

2289 726 2709 796 interrogatione
2732 728 2923 791 utitur,
2943 729 3304 786 confirmantis
3322 732 3406 787 dat
3423 740 3763 805 responsionem.

2285 816 2363 871 llli
2396 833 2524 873 vero
2552 834 2674 873 cum
2698 820 2772 874 ait
2797 837 2809 873 :
2836 819 2912 873 Tn
2944 820 3150 887 dixisti,
3181 831 3234 876 et
3256 822 3455 895 obliquo
3473 827 3570 896 ejus
3593 846 3770 901 arguens

2286 910 2675 966 dubitationem
2707 913 2840 966 satis
2878 913 3173 982 prudenter
3194 918 3464 973 convincit.
3506 919 3557 975 In
3577 926 3770 983 omnibus

2287 1010 2463 1056 tamen
2498 1003 2577 1057 sic
2614 1019 2767 1058 sttam
2816 1012 3082 1073 temperat
3113 1008 3450 1074 sententiain,
3488 1020 3541 1064 ut
3562 1022 3608 1067 et
3628 1029 3770 1072 verum

2284 1094 2446 1160 dicat,
2472 1104 2525 1150 et
2547 1111 2727 1150 sermo
2752 1095 2867 1163 ejus
2894 1097 3175 1152 calumnia:
3199 1115 3300 1153 non
3323 1098 3585 1168 subjaceat.
3608 1104 3662 1159 Et
3682 1122 3772 1161 cum

2284 1197 2634 1241 accusaretur
2659 1203 2687 1240 a
2716 1189 3050 1258 principibus
3079 1190 3408 1245 sacerdotum
3431 1201 3480 1246 et
3518 1195 3769 1263 senioribus,

2283 1277 2414 1331 nihil
2450 1279 2755 1346 respondit;
2788 1277 2962 1331 Pilato
2998 1279 3238 1349 quidem,
3262 1280 3381 1349 quia
3425 1282 3599 1336 invitus
3622 1283 3665 1337 in
3684 1300 3774 1339 eum

2281 1370 2559 1436 promebat
2607 1370 2952 1432 sententiam,
2991 1371 3240 1438 dignatus
3270 1382 3347 1425 (Si.
3389 1374 3669 1442 respondere
3704 1375 3773 1429 alie

2280 1459 2430 1527 quid,
2463 1460 2772 1515 sacerdotes
2801 1475 2930 1514 vero
2968 1470 3025 1515 et
3075 1462 3340 1531 principes
3384 1464 3549 1533 populi
3589 1465 3775 1537 indignos

2279 1564 2377 1604 suo
2404 1564 2662 1619 responso
2684 1549 2968 1618 judicavit.
3008 1550 3151 1606 Tunc
3186 1552 3309 1605 dicit
3345 1553 3419 1605 illi
3443 1551 3623 1608 Pilatus
3652 1572 3666 1608 :
3691 1554 3777 1609 Non

2279 1639 2431 1692 audis
2460 1648 2658 1708 quanta
2700 1639 2978 1693 adversum
3010 1650 3057 1693 te
3088 1640 3267 1694 dicunt
3296 1643 3604 1697 testimonia?
3624 1643 3774 1700 Provo-

594 1738 760 1807 plutn,
788 1741 1020 1811 pretium
1042 1718 1337 1812 vappretiati
1371 1741 1605 1808 Christi,
1645 1718 1804 1813 quem
1834 1745 2174 1813 appretiave-

2280 1741 2366 1785 cat
2415 1746 2537 1785 eum
2586 1746 2819 1800 praeses,
2866 1740 2925 1785 ttt
2970 1747 3027 1785 se
3071 1742 3377 1803 purgareta
3409 1734 3627 1799 crimine,
3651 1736 3778 1791 sciens

593 1842 721 1887 runt
748 1833 840 1888 filii
868 1833 1060 1899 Israel;
1096 1842 1189 1888 aut
1216 1834 1449 1903 pretium
1481 1835 1769 1905 appretiati
1798 1833 1966 1889 Judas
1992 1850 2020 1887 a
2054 1835 2177 1889 filiis

592 1920 778 1987 Israel,
807 1922 871 1978 Et
906 1924 1160 1978 dederunt
1181 1940 1267 1978 eos
1293 1924 1349 1977 in
1382 1941 1567 1993 agrum
1608 1924 1779 1994 ﬁguli.
1809 1923 1949 1991 Quid
1982 1924 2175 1978 horum

591 2012 787 2068 melius
812 2013 904 2077 sit,
936 2014 1063 2084 quia
1089 2029 1228 2084 pene
1255 2031 1394 2069 unus
1423 2024 1506 2069 est
1534 2030 1746 2078 sensus,
1770 2015 1997 2087 legentis
2025 2017 2174 2071 arbi-

591 2101 699 2157 trio
745 2102 1094 2174 derelinquo;
1140 2104 1267 2174 quia
1316 2111 1371 2159 et
1416 2105 1541 2167 hoc,
1585 2115 1677 2159 aut
1722 2106 1998 2160 temeritas
2048 2104 2177 2160 fecit

589 2192 1018 2254 emcndalorum,
1053 2203 1145 2247 aut
1173 2194 1409 2249 varietas
1439 2194 1813 2264 interpretum.

659 2283 817 2339 Iesus
838 2296 1011 2339 autem
1032 2282 1169 2340 stetit
1191 2296 1309 2339 ante
1334 2285 1606 2354 prwsidem
1630 2296 1675 2339 et
1699 2286 2031 2357 interrogavit
2056 2304 2173 2340 eum

587 2393 779 2447 prteses
810 2377 986 2432 dicens
1010 2392 1027 2431 :
1055 2376 1131 2430 Tu
1159 2393 1212 2431 es
1244 2392 1335 2430 rea:
1371 2375 1723 2430 Juda‘orum?
1748 2377 1884 2431 Ecce
1906 2376 2170 2446 completa

588 2476 671 2524 est
694 2469 976 2538 prophetia
1004 2467 1229 2533 Christi,
1253 2484 1359 2537 qua
1396 2483 1557 2536 supra
1579 2467 1812 2531 dixerat,
1838 2468 1963 2536 quia
1999 2468 2173 2521 trade-

586 2568 674 2612 tur
699 2558 936 2629 gentibus
973 2558 1042 2611 ad
1071 2557 1419 2612 illudendum.
1455 2558 1519 2611 Et
1546 2566 1651 2612 stat
1676 2558 1893 2611 humilis
1919 2566 2044 2611 ante
2078 2558 2175 2611 tri-

584 2649 748 2705 bunal
776 2649 992 2720 superbi
1025 2647 1245 2716 judicis.
1279 2648 1379 2715 Qui
1423 2648 1577 2717 quasi
1614 2663 1764 2702 reum
1805 2658 1983 2704 astare
2027 2648 2175 2703 videt

585 2764 769 2804 coram
799 2762 879 2811 se,
912 2758 967 2802 et
994 2755 1245 2800 utrumne
1271 2745 1341 2798 sit
1378 2761 1468 2797 rea:
1504 2743 1815 2797 Juda'orum
1840 2744 2167 2814 interrogat;

584 2839 839 2908 quoniam
886 2839 1001 2892 lucc
1048 2837 1322 2891 accusatio
1368 2838 1626 2889 adversus
1667 2849 1790 2890 eum
1836 2836 2171 2905 permaxima

585 2929 764 2986 fuerat
785 2929 1117 2994 Iudaeorum,
1146 2938 1207 2983 ut
1233 2928 1489 2984 invidiam
1519 2935 1575 2982 et
1597 2928 1734 2982 iram
1765 2936 2171 2983 commovercnt

579 3022 798 3093 iudicis,
827 3030 883 3077 et
913 3029 1172 3076 terrorem
1202 3020 1251 3073 ei
1280 3021 1603 3082 incuterent,
1642 3020 1687 3073 si
1731 3035 1853 3074 cum
1879 3018 2173 3074 defendere

584 3112 747 3169 vellet
780 3128 848 3168 ex
899 3126 1132 3182 persona
1179 3110 1428 3165 Caesaris.
1495 3108 1600 3165 Sed
1655 3109 1845 3180 perfidi
1900 3110 2171 3180 principes

584 3204 750 3260 etiam
778 3219 846 3260 ex
885 3205 987 3260 hoc
1018 3204 1310 3273 impietatis
1345 3218 1455 3258 sua:
1483 3212 1784 3274 arguuntur
1836 3203 2039 3274 elogio;
2080 3204 2171 3273 qui

585 3312 686 3353 nec
710 3295 848 3353 falso
872 3296 1089 3368 quidem
1120 3295 1361 3349 invenire
1392 3303 1682 3364 potuerunt
1710 3295 1851 3364 quod
1874 3293 2174 3362 objicercnt

585 3388 884 3455 Salvatori;
925 3396 981 3442 et
1023 3395 1173 3442 tanto
1219 3386 1543 3441 simulantur
1574 3386 1722 3450 odio,
1755 3386 2003 3440 utetiam
2049 3402 2173 3456 pro-

583 3482 870 3552 phetarum
899 3481 965 3536 de
996 3480 1107 3545 illo,
1135 3479 1277 3549 quod
1309 3494 1407 3533 rex
1440 3488 1584 3534 esset
1613 3479 1703 3549 qui
1748 3488 2008 3534 venturus
2036 3496 2172 3548 pra:-

583 3574 954 3639 nuntiabatur,
976 3573 1267 3632 noluerunt
1310 3572 1552 3641 recipere
1583 3571 1912 3626 testimonia.
1965 3570 2171 3626 Pilatus

586 3676 788 3732 tamen,
805 3666 1052 3736 quamvis
1073 3664 1175 3720 alia
1198 3663 1333 3719 falsa
1356 3663 1678 3732 protulerint
1706 3680 1809 3718 non
1832 3662 2166 3729 verisimilia,

582 3762 649 3819 de
680 3761 897 3817 nomine
927 3760 1091 3829 regis,
1121 3759 1263 3830 quod
1295 3759 1529 3813 maxime
1555 3757 1903 3822 formidabat,
1926 3757 2169 3811 interro-
2210 3799 2225 3803 -

583 3863 694 3926 gat.
728 3851 826 3907 Cui
854 3851 1114 3907 Dominus
1140 3871 1152 3904 :
1181 3850 1259 3904 Tu
1299 3851 1452 3904 dicis.
1487 3849 1712 3904 Diversa
1742 3849 1957 3919 quidem
1986 3848 2167 3911 Pilati,

584 3953 640 4001 et
670 3942 933 4014 principis
967 3942 1308 3997 sacerdotum
1352 3948 1436 3996 est
1475 3940 1846 4011 interrogatio,
1873 3950 1929 3994 et
1957 3930 2171 4010 1150

584 4035 798 4091 diversa
828 4033 1034 4089 Christi
1067 4033 1365 4103 responsio.
1413 4031 1547 4086 Nam
1580 4033 1835 4103 princeps
1881 4031 1993 4085 ait:
2023 4030 2079 4085 Si
2112 4040 2169 4084 tu

582 4140 637 4179 es
674 4120 911 4178 Christus
946 4121 1120 4176 Filius
1163 4122 1255 4177 Dei
1282 4124 1399 4187 vivi,
1429 4122 1520 4191 qui
1563 4121 1689 4177 licet
1733 4122 1901 4193 legem
1935 4122 2167 4187 noverit,

584 4217 881 4273 dubitative
918 4225 1099 4272 tamen
1136 4216 1350 4287 quaerit,
1382 4225 1435 4270 et
1466 4216 1609 4282 ideo,
1635 4217 1681 4271 si
1724 4216 1867 4285 quod
1911 4215 2167 4270 dubitati-

582 4325 708 4366 vum
732 4318 834 4376 est,
867 4309 1081 4379 adjecit.
1112 4310 1318 4365 Pilatus
1344 4324 1498 4375 vero,
1520 4310 1621 4365 etsi
1652 4310 1784 4381 legis
1816 4310 2057 4380 ignarus,
2082 4310 2165 4363 in-

584 4409 825 4470 terrogat
851 4402 1022 4471 magis
1047 4400 1446 4472 pronuntiativo
1474 4418 1487 4455 :
1515 4399 1589 4454 Tu
1622 4417 1675 4455 es
1700 4418 1791 4455 rex
1813 4399 2169 4455 Judteorum?

584 4490 687 4547 etsi
723 4505 965 4561 quaerere
994 4491 1222 4546 videtur.
1270 4490 1405 4546 Nam
1447 4500 1503 4546 et
1545 4492 1597 4546 in
1637 4491 1792 4545 titulo
1836 4491 1937 4546 hoc
1970 4491 2169 4545 confir-

585 4587 720 4642 mat,
752 4594 874 4633 cum
896 4577 1060 4647 jussit
1086 4580 1249 4636 scribi
1277 4596 1436 4652 super
1463 4576 1698 4645 crucem,
1730 4580 1891 4637 Iesus
1919 4582 2167 4636 NAZABE-

585 4685 685 4727 nus
713 4669 830 4725 Rex
854 4668 1176 4728 Junnoauu.
1201 4672 1337 4740 Quia
1357 4674 1583 4744 putabat
1606 4690 1729 4729 eum
1754 4691 1935 4745 regem
1960 4673 2167 4730 Judaeu-

587 4776 708 4816 rum
762 4777 902 4819 esse.
963 4763 1031 4818 Et
1077 4764 1199 4819 ideo
1245 4765 1357 4829 ait,
1395 4780 1518 4820 cum
1568 4766 1768 4821 vellent
1816 4766 1946 4820 illud
1995 4765 2167 4820 Judaei

586 4853 810 4908 eradere
829 4872 841 4907 ;
862 4852 1015 4920 Quod
1034 4854 1462 4925 scripsi,scripsi.
1488 4853 1748 4925 Cui,quia
1773 4856 1845 4910 ita
1871 4856 2169 4925 interrogat

587 4952 643 4998 ut
678 4945 818 5000 scire
862 4946 1012 5010 velit,
1047 4946 1327 5015 respondit
1373 4945 1675 5000 Dominus:
1704 4947 1782 5001 Tu
1829 4948 1979 5001 dicis.
2031 4948 2168 5016 Quia

587 5052 685 5107 per
713 5036 869 5093 fidem
902 5036 1061 5107 hujus
1091 5039 1447 5094 confessionis
1480 5037 1594 5107 jam
1640 5039 1784 5094 salus
1834 5041 2080 5111 gentium
2114 5049 2171 5094 et

588 5130 878 5186 credulitas
904 5130 1228 5187 declaratur.
1254 5132 1439 5202 Itaque
1460 5130 1685 5197 Pilatus,
1708 5133 1799 5202 qui
1822 5133 1992 5203 legem
2021 5133 2171 5203 igno-

590 5229 696 5286 rat,
728 5221 793 5276 de
825 5236 884 5278 se
914 5224 1016 5279 hoc
1062 5224 1137 5278 ita
1182 5224 1441 5293 loquitur,
1475 5221 1617 5294 quod
1667 5223 1719 5277 hi
1758 5225 2046 5295 abnegant,
2077 5224 2169 5293 qui

589 5328 801 5387 semper
828 5324 985 5372 antea
1020 5319 1071 5371 iit
1103 5318 1217 5389 lege
1256 5320 1357 5373 hoc
1401 5317 1777 5388 loquebantur.
1830 5320 2171 5390 Quapropter

589 5417 646 5467 et
670 5409 898 5479 paincipi
938 5410 1205 5465 sacerdoti
1243 5410 1320 5466 sic
1348 5426 1661 5480 responsum
1692 5419 1812 5466 est:
1842 5411 1918 5465 Tu
1966 5413 2165 5467 dixisti.

591 5498 705 5555 Hoc
742 5501 861 5557 ideo
890 5501 1015 5572 quia
1043 5501 1129 5556 lex
1166 5502 1342 5557 omnis
1385 5511 1671 5557 venturum
1720 5502 1993 5558 Christum
2037 5520 2172 5574 quo-

594 5593 724 5648 tidie
769 5592 1183 5662 pronuntiabat,
1226 5594 1380 5662 quasi
1412 5594 1613 5649 diceret
1646 5595 1696 5648 ei
1746 5594 1812 5650 de
1853 5595 2165 5665 praeterito:

597 5679 675 5739 Tu
714 5684 913 5751 dixisti,
942 5685 1065 5755 quia
1091 5700 1215 5740 eum
1247 5685 1300 5740 in
1326 5685 1444 5757 lege
1489 5695 1543 5741 et
1570 5703 1637 5743 ex
1666 5687 1782 5761 lege
1812 5703 1974 5759 quam
2004 5702 2167 5759 saepe,

2283 1838 2415 1875 vana
2442 1837 2563 1877 esse
2592 1830 2646 1875 et
2684 1822 2819 1877 falsa
2869 1837 2988 1893 qua:
3017 1822 3065 1877 ei
3109 1822 3506 1891 objicichantur.
3541 1823 3630 1880 Sed
3665 1824 3777 1880 .lesut

2281 1914 2415 1969 nihil
2445 1916 2770 1985 respondere
2798 1916 2928 1977 vult,
2956 1930 3130 1986 neque
3153 1918 3278 1972 ullis
3304 1933 3362 1972 se
3382 1934 3614 1974 excusare
3634 1920 3779 1983 verbis,

2280 2018 2349 2058 ne
2381 2003 2522 2059 forte
2557 2004 2866 2060 differretur
2893 2022 2923 2058 a
2951 2007 3178 2075 praeside
3230 2008 3485 2076 passionis
3509 2007 3610 2076 ejus
3642 2010 3780 2064 trium-

2278 2095 2438 2165 phus,
2469 2095 2560 2165 qui
2592 2111 2713 2149 eum
2763 2095 2996 2149 liberare
3026 2098 3299 2167 gaudebat
3324 2108 3378 2153 et
3401 2098 3665 2165 absolvere,
3691 2100 3781 2169 quia

2276 2188 2494 2243 videbat
2526 2188 2687 2243 nullis
2716 2205 2839 2243 eum
2868 2189 3148 2259 subjacere
3175 2192 3521 2247 criminibus:
3544 2207 3628 2246 nec
3651 2199 3780 2245 tamen

2280 2281 2501 2352 dignunt
2529 2292 2648 2337 erat
2672 2291 2731 2336 ut
2761 2282 2809 2337 ei
2839 2283 3189 2352 reSponderet
3211 2325 3227 2349 ,
3259 2285 3384 2356 quia
3409 2285 3587 2341 dubius
3622 2284 3782 2339 incede-

2279 2370 2395 2437 bat,
2435 2388 2534 2429 nec
2560 2388 2883 2443 permanens
2910 2373 2963 2427 in
3001 2372 3137 2440 fide;
3173 2381 3234 2429 et
3264 2375 3383 2430 ideo
3410 2375 3473 2429 de
3500 2372 3682 2429 Christo
3701 2371 3783 2425 nul-

2277 2463 2386 2519 lum
2440 2466 2655 2521 firmum
2703 2464 2912 2521 ferebat
2952 2467 3242 2537 judicium.
3291 2466 3395 2523 Sed
3444 2467 3608 2522 miseri
3646 2464 3783 2529 Judaei,

2277 2559 2473 2627 quibus
2521 2559 2695 2613 adhuc
2730 2559 2887 2613 hodie
2934 2568 3077 2614 tacet
3122 2562 3348 2615 verbum
3380 2560 3491 2625 Dei,
3526 2570 3576 2616 et
3596 2559 3704 2614 nihil
3726 2557 3782 2611 eis

2277 2647 2516 2719 loquitur
2536 2649 2918 2704 accusantibus
2943 2648 3247 2714 Christum,
3271 2665 3443 2720 neque
3463 2666 3553 2720 per
3577 2665 3644 2713 se,
3661 2660 3786 2717 neque

2275 2757 2375 2813 per
2416 2742 2728 2812 prophetas,
2765 2757 2940 2811 neque
2977 2741 3084 2797 ulla
3132 2743 3433 2798 divinitatis
3472 2758 3572 2797 sua:
3605 2737 3781 2801 oracula,

2276 2835 2404 2905 quia
2456 2834 2744 2889 Dominum
2794 2833 3002 2904 1151
3062 2835 3451 2904 prophetarum
3496 2839 3785 2906 peremerunt.

2278 2926 2347 2980 Et
2382 2943 2483 2980 non
2516 2925 2777 2997 respondit
2796 2927 2857 2999 ei
2896 2926 3137 2990 verbum;
3166 2926 3247 2980 ita
3275 2936 3330 2981 ut
3358 2925 3617 2979 miraretur
3647 2936 3785 2992 prem

2278 3017 2427 3071 valde
2448 3018 2785 3071 vehementer.
2816 3015 3115 3070 Mirabatur
3138 3025 3328 3072 autem
3350 3016 3672 3072 conStantiam
3690 3012 3787 3083 ejus.

2277 3107 2579 3162 mirabatur
2604 3106 2768 3160 etiam
2818 3106 3088 3175 quomodo
3117 3107 3203 3162 sic
3235 3116 3457 3172 taceret,
3487 3107 3599 3177 quia
3624 3104 3789 3159 idoneus

2278 3207 2398 3254 erat
2428 3198 2529 3253 sibi
2571 3196 2707 3252 falsa
2743 3198 2890 3251 illata
2926 3214 2957 3252 a
2985 3213 3043 3253 se
3073 3213 3384 3265 removere,
3413 3206 3466 3253 et
3492 3213 3545 3252 se
3568 3204 3790 3267 purgaret

2275 3291 2525 3346 crimine.
2556 3289 2687 3357 Quis
2720 3290 2865 3345 enim
2894 3306 2999 3346 non
3035 3300 3255 3361 poterat
3299 3291 3545 3347 admirari
3572 3290 3688 3343 inter
3709 3295 3791 3340 tan-

2275 3393 2386 3439 tam
2415 3384 2619 3439 rabiem
2648 3384 3045 3449 accusantium,
3068 3394 3126 3439 et
3154 3384 3429 3441 clamores
3448 3383 3597 3455 vulgi,
3624 3388 3671 3437 et
3687 3378 3791 3433 futu-

2276 3492 2363 3532 res
2414 3477 2710 3541 seniorum,
2754 3492 2875 3531 cum
2923 3476 3131 3531 videret
3177 3493 3308 3533 eum
3362 3487 3467 3532 tam
3516 3469 3790 3542 tranquillum

2273 3577 2478 3633 astare,
2511 3576 2619 3622 tam
2666 3569 2852 3622 mitem
2879 3576 2935 3624 et
2957 3568 3204 3637 quietum
3226 3610 3242 3636 ,
3271 3584 3395 3624 cum
3425 3565 3565 3623 omni
3591 3560 3792 3635 gravitate

2273 3659 2724 3729 imperterritum;
2755 3661 2847 3729 qui
2877 3659 3164 3731 petebatur
3188 3663 3260 3717 ad
3284 3668 3531 3723 mortem,
3550 3666 3600 3713 et
3624 3656 3669 3709 itt
3692 3648 3793 3707 nullo

2273 3751 2592 3805 movebatur
2618 3750 2801 3805 affatu.
2833 3750 3050 3806 Fortior
3075 3767 3321 3823 namque
3349 3760 3468 3807 erat
3495 3750 3547 3805 in
3568 3762 3625 3804 eo
3643 3743 3789 3803 virtus.

2272 3856 2433 3911 quam
2456 3844 2689 3896 humana
2713 3852 2908 3896 natura
2938 3857 2997 3897 se
3026 3842 3249 3899 habeat.
3283 3844 3355 3899 Et
3386 3844 3502 3898 ideo
3523 3844 3793 3911 poteratuon

2272 3936 2443 3993 solum
2489 3936 2744 3991 admirari
2786 3936 3009 4003 Pilatus,
3035 3952 3230 3993 verum
3281 3938 3451 3995 etiam
3492 3933 3794 3991 vehementer.

2272 4031 2525 4102 quoniam
2555 4032 2773 4101 dignutn
2816 4031 2867 4087 ei
2912 4033 3202 4088 videbatur
3241 4049 3346 4104 pro
3375 4046 3564 4103 magno
3601 4017 3795 4082 miraculo

2272 4123 2530 4178 admirari
2561 4122 2734 4188 valde,
2762 4132 2822 4177 ut
2850 4124 3124 4180 exhibitas
3158 4126 3330 4181 homo
3362 4125 3430 4180 ad
3460 4116 3706 4179 criminale
3732 4109 3793 4181 ir

2272 4216 2495 4281 diciunt,
2520 4224 2575 4272 et
2615 4216 2953 4286 adjudicatus
2993 4218 3155 4272 morti
3190 4214 3639 4290 imperturbabilis
3661 4217 3796 4264 mane-

2273 4314 2357 4360 ret
2400 4314 2455 4360 et
2504 4306 2922 4376 imperterritus.
2974 4306 3043 4363 Ut
3088 4316 3264 4364 staret
3300 4318 3431 4364 ante
3470 4303 3800 4366 monemur“!

2273 4395 2526 4451 omnibus
2565 4396 2820 4451 terribilis
2861 4404 2966 4462 est,
2996 4397 3112 4452 sine
3160 4398 3278 4454 ullo
3324 4410 3527 4468 pavore
3565 4387 3800 4448 mortis.“

2274 4496 2480 4543 taceret
2527 4489 2644 4543 sine
2692 4488 2798 4543 ulla
2836 4488 3148 4544 defensione
3181 4505 3309 4557 sua,
3342 4504 3467 4546 cum
3511 4468 3802 4558 posselsetii

2274 4578 2455 4644 vellet,
2480 4578 2533 4632 itt
2551 4578 2755 4647 judicio
2780 4580 3090 4636 defendere.

2346 4669 2453 4727 Per
2469 4672 2605 4726 diem
2630 4683 2803 4729 autem
2825 4673 3107 4729 solemnem
3120 4683 3471 4731 consueverat
3490 4683 3663 4744 prtem
3680 4658 3804 4718 άίιιίι·

2275 4774 2381 4819 tere
2400 4764 2594 4835 populo
2623 4783 2784 4820 unum
2807 4766 3057 4833 vinctum,
3080 4783 3237 4838 quem
3265 4767 3571 4823 voluissent.
3602 4758 3667 4815 Ne
3688 4753 3804 4811 mire-

2276 4856 2371 4921 ris,
2402 4857 2630 4921 auditor,
2666 4859 2710 4912 si
2743 4859 2919 4914 adhuc
2947 4860 3313 4930 primordium
3355 4872 3550 4932 gerens
3570 4855 3619 4909 in
3644 4849 3709 4904 eis
3729 4842 3802 4898 ilo-

2278 4964 2435 5004 mana
2466 4960 2727 5020 potestas,
2755 4951 2884 5021 quia
2928 4952 3267 5008 consuetudo
3317 4952 3499 5008 fuerat
3540 4946 3803 5002 Iudaeorum,

2279 5041 2417 5095 utin
2457 5041 2890 5098 solemnitatibus
2930 5044 3063 5109 suis,
3099 5044 3344 5100 maxime
3373 5023 3805 5114 paschali.qmd°

2277 5131 2489 5186 liberati
2519 5142 2643 5187 suttt
2669 5148 2736 5188 ex
2756 5131 3013 5205 Egypto,
3033 5142 3091 5189 ut
3116 5142 3373 5205 peterent
3401 5128 3708 5205 principibus
3727 5114 3806 5173 sui!

2278 5239 2443 5278 unum
2493 5241 2643 5280 reum
2684 5241 3061 5296 quemcunque
3106 5227 3435 5292 voluissent,
3463 5218 3806 5308 quibuscum

2277 5324 2421 5372 esset
2464 5318 2781 5374 crintinibus
2827 5318 3114 5375 involutus.
3170 5319 3239 5375 Et
3281 5320 3415 5391 quia
3447 5317 3646 5373 noviter
3681 5303 3807 5361 ludet

2266 5407 2455 5479 jugum
2489 5417 2837 5478 susceperant
2878 5409 3272 5475 Romanorum,
3320 5409 3634 5464 servabatur
3657 5398 3722 5455 eis
3746 5392 3806 5445 Ιει

2275 5510 2329 5555 et
2366 5503 2716 5567 consuetudo,
2747 5509 2806 5555 ut
2837 5501 3114 5558 beneficiis
3146 5503 3438 5574 provocati
3479 5495 3710 5555 libentius
3733 5486 3808 5539 llo-

2277 5596 2451 5650 manis
2494 5595 2846 5661 deservirent,
2875 5596 3044 5651 donec
3082 5596 3403 5651 firmaretur
3443 5593 3621 5664 jugunt
3663 5589 3806 5638 eorum

2276 5703 2436 5760 super
2478 5701 2589 5742 eos.
2625 5686 2751 5743 lttde
2777 5688 2943 5759 igitur
2972 5697 3055 5744 est
3082 5687 3223 5759 quod
3253 5687 3395 5744 Saul
3428 5693 3631 5757 petente
3655 5664 3809 5747 Ρ⁰Ρ⁰¹⁰
