4016 6354
162 344 253 402 95's

916 352 1276 413 EXPOSITIO
1310 355 1379 412 IN
1415 353 1853 413 MATTIUEUM.
1878 354 2107 443 -LlB.I
2134 356 2249 427 XII,
2284 357 2437 416 CAP.
2476 356 2684 415 XXVII.

3247 331 3251 335 ’
3337 368 3439 424 oss

159 458 433 515 Ionathan
480 460 685 532 absque
725 462 931 521 oﬁ‘ensa
977 482 1103 522 cum
1148 475 1426 525 teneretur
1470 484 1597 527 reus
1647 484 1747 540 pro
1773 473 1824 533 Α
1851 470 2022 540 ipsam
2048 470 2394 542 ﬂagellatam,
2419 475 2662 531 sentiens
2699 476 2812 546 jam
2842 475 2978 533 forte
3004 482 3259 549 passione
3282 482 3441 540 Chri-

158 562 317 624 gustu
350 553 544 621 mellis,
574 557 737 612 etiam
775 560 1039 628 prodente
1080 562 1213 629 Deo,
1242 579 1366 619 mox
1398 580 1429 618 a
1454 574 1631 620 morte
1663 580 1747 620 re-

156 643 333 712 laxat;
370 662 535 717 quem
562 649 879 706 decreverat
903 653 1069 707 etiam
1106 669 1231 709 cum
1257 655 1591 724 juramento,
1622 658 1747 714 licet

155 734 298 791 ﬁlius
327 737 447 808 ejus
470 747 631 804 esset,
664 739 793 795 Saul
820 742 1145 799 interﬁcere.
1174 744 1282 801 Sed
1324 755 1503 802 tamen
1532 757 1748 819 petente

153 826 354 896 populo
385 826 568 895 Israel,
591 846 753 901 quem
776 824 1002 902 parabat
1028 833 1351 901 interﬁcere,
1383 837 1650 893 relaxavit
1678 842 1745 896 ad

151 918 341 974 vitam.
370 919 480 979 Pro
508 921 702 979 talibus
744 925 910 980 etiam
954 935 1010 981 et
1051 927 1357 998 hujusmodi
1399 932 1603 997 causis,
1628 948 1747 991 mos

150 1009 377 1065 inolevit
414 1011 469 1066 in
516 1011 757 1070 Ecclesia
797 1016 1021 1082 Christi,
1052 1032 1151 1087 pro
1194 1019 1304 1074 reis
1349 1027 1403 1074 et
1438 1021 1741 1090 sceleratis,

151 1116 253 1157 non
284 1102 463 1159 solum
481 1103 694 1174 judices
728 1108 913 1163 saeculi
939 1110 1007 1165 ad
1037 1110 1206 1165 vitam
1230 1111 1531 1182 deprecari,
1555 1131 1743 1172 verum

149 1194 316 1249 etiam
354 1202 414 1249 et
453 1195 623 1251 Deum
668 1197 909 1267 judicem
960 1199 1343 1257 universorum
1389 1203 1458 1258 ab
1499 1203 1742 1262 Ecclesia

148 1284 485 1356 interpellari
517 1300 617 1356 pro
660 1289 1070 1358 peccatoribus,
1100 1300 1158 1346 ut
1200 1293 1479 1349 solvantur
1510 1310 1541 1351 a
1570 1297 1742 1368 culpis

146 1388 201 1432 et
225 1379 564 1435 redonentur
588 1379 657 1435 ad
682 1382 919 1449 veniam,
942 1385 1031 1440 cui
1060 1400 1336 1457 nunquam
1364 1387 1485 1456 jure
1505 1390 1622 1445 sine
1643 1405 1740 1461 spe

148 1472 321 1527 venite
348 1473 701 1544 supplicatur.
744 1475 1020 1533 Habebunt
1049 1489 1226 1535 autem
1250 1491 1374 1535 tunc
1400 1483 1625 1537 vinctum
1663 1486 1740 1539 in-

146 1564 366 1633 signem,
390 1566 483 1636 qui
525 1568 798 1623 dicebatur
838 1570 1127 1626 Barrabas.
1180 1572 1523 1645 Congregatis
1563 1585 1739 1631 autem

145 1654 249 1709 illis
279 1656 417 1711 dixit
438 1655 649 1726 Rilatus
671 1677 692 1716 .'
718 1661 884 1727 Quem
922 1662 1078 1718 uultis
1107 1664 1370 1719 dimittam
1404 1666 1569 1733 vobis,
1595 1666 1735 1722 Bar-

145 1749 328 1803 rabam
354 1768 425 1805 an
451 1750 659 1819 Iesum,
690 1754 781 1824 qui
803 1754 1000 1809 dicitur
1039 1755 1318 1811 Christus?
1350 1755 1618 1814 Barrabas
1642 1773 1738 1815 au-

1850 565 1920 618 sti
1963 578 2023 618 se
2074 567 2343 635 superari,
2391 582 2455 621 ac
2490 569 2749 623 mundum
2793 570 3009 625 salvari.
3063 574 3270 629 Idcirco
3317 593 3441 646 ege-

1851 658 1923 714 rit
1949 667 2066 714 arte
2093 675 2191 714 sua
2221 669 2281 715 ut
2307 660 2554 717 Christus
2605 662 2933 719 liberaretur
2974 681 3073 735 per
3116 669 3436 737 mulierem;

1855 750 2065 821 n53
2097 767 2201 807 non
2237 754 2382 822 quod
2411 755 2477 808 de
2499 764 2672 811 morte
2697 755 2815 824 ejus
2842 769 3081 826 curaret,
3108 764 3202 817 sed
3234 773 3293 818 ut
3317 780 3440 822 reos

1849 857 1985 912 quos
2013 844 2232 899 tenebat
2255 846 2498 914 captivos
2518 847 2573 901 in
2590 857 2840 916 mortem,
2858 865 2958 919 per
2974 863 3203 909 mortem
3234 853 3439 913 Christi

1847 948 1917 988 ne
1944 935 2239 991 amitteret.
2280 936 2386 992 Alii
2425 954 2553 994 vero
2601 940 2791 995 dicunt
2835 942 3079 997 bonitate
3106 943 3204 999 Dei
3232 945 3437 1003 factum

1846 1021 2045 1090 fuisse,
2101 1025 2243 1081 sicut
2290 1041 2453 1098 quam
2507 1044 2651 1099 saepe
2688 1031 2979 1102 gentilibus
3007 1049 3036 1087 a
3071 1035 3182 1090 Deo
3222 1039 3438 1093 somnia

1846 1116 2083 1171 revelata
2138 1116 2427 1189 leguntur,
2488 1130 2550 1175 ut
2597 1123 2653 1177 in
2715 1138 2887 1180 uxore
2941 1125 3100 1182 Pilati
3158 1130 3437 1198 gentilitas

1844 1204 2194 1276 designetur,
2232 1225 2352 1279 quin
2387 1209 2597 1279 justum
2656 1215 2944 1271 Dominum
2991 1218 3318 1288 conﬁtendo,
3378 1232 3437 1280 et

1842 1294 2004 1349 etiam
2039 1297 2404 1356 testimonium
2436 1302 2529 1357 dat
2585 1305 2651 1359 ad
2698 1305 2857 1361 ﬁdem
2898 1324 3005 1364 non
3061 1312 3430 1371 credentibus.

1843 1385 2184 1459 Quapropter
2209 1392 2382 1448 noluit
2406 1396 2736 1467 evangelista
2772 1402 3055 1469 praeterire
3093 1419 3207 1459 rem
3240 1404 3435 1464 divinae

1841 1480 2214 1550 providentiae,
2244 1484 2460 1542 laudem
2487 1486 2689 1544 Christi
2735 1492 3106 1549 continentem
3136 1537 3150 1561 ,
3188 1498 3312 1567 quia
3353 1500 3436 1554 di-

1841 1576 2036 1638 gnatus
2085 1582 2168 1627 est
2209 1589 2307 1644 per
2342 1577 2518 1632 visum
2557 1590 2877 1638 convertere
2925 1584 2993 1638 ad
3035 1586 3434 1646 confessionem

1839 1650 1998 1712 Pilati
2026 1674 2275 1728 uxorem,
2305 1662 2448 1722 forte
2473 1681 2595 1736 quae
2622 1684 2722 1739 per
2764 1672 2942 1727 visum
2991 1689 3150 1743 passa
3190 1688 3274 1733 cst
3306 1720 3320 1744 ,
3365 1696 3433 1734 ne

1841 1747 2073 1817 amplius
2104 1761 2405 1821 pateretur.
2446 1756 2679 1827 Propter
2716 1763 2880 1831 quod,
2934 1773 2994 1817 ut
3038 1766 3172 1832 dixi,
3199 1784 3434 1840 evange-

146 1846 249 1894 tem
281 1841 498 1914 1153
527 1844 672 1914 ﬁlius
699 1847 937 1917 magistri
981 1863 1160 1901 eorum
1207 1848 1617 1918 interpretatur,
1642 1850 1729 1922 qui

1842 1836 1967 1893 lista
2016 1856 2123 1897 non
2162 1847 2417 1915 exposuit
2447 1849 2621 1904 visum
2649 1892 2664 1917 ,
2703 1862 2763 1906 ut
2818 1855 3080 1925 ampliora
3129 1859 3197 1914 de
3227 1861 3433 1931 pietate

141 1946 365 2002 propter
387 1938 712 1995 seditionem
727 1946 783 1995 et
802 1940 1093 1995 homicidia
1113 1940 1288 1996 fuerat
1309 1945 1698 2002 condemnatus
1716 1964 1732 2015 ;

139 2032 195 2078 et
234 2022 360 2079 ideo
406 2025 637 2097 insignis
683 2029 883 2084 dicitur
926 2028 1095 2085 fuisse
1144 2045 1252 2086 non
1296 2033 1609 2101 virtutibus,
1639 2038 1736 2093 sed

138 2115 288 2171 vitiis
325 2126 382 2173 et
403 2120 745 2177 criminibus.
785 2120 956 2188 Quem
979 2121 1184 2178 Pilatus
1216 2123 1354 2179 forte
1384 2127 1450 2179 ad
1478 2126 1581 2182 hoc
1610 2143 1735 2185 eum

137 2205 313 2262 talem
360 2208 517 2280 elegit
565 2210 708 2267 inter
752 2222 979 2267 cmteros
1015 2213 1109 2282 qui
1159 2215 1485 2271 tenebantur
1529 2218 1645 2285 rei,
1675 2230 1736 2276 ut

135 2296 463 2354 immanitas
488 2299 755 2356 scelerum
784 2299 902 2369 ejus
939 2314 1158 2372 cogeret
1184 2301 1400 2359 Iudaeos
1424 2304 1610 2362 Iesum
1641 2324 1735 2379 pe-

133 2399 281 2456 tere,
311 2400 370 2445 et
388 2390 685 2448 Barrabam
704 2394 758 2449 in
782 2403 1011 2449 mortem
1040 2397 1272 2452 tradere.
1300 2398 1382 2452 Ad
1407 2400 1512 2454 hoc
1536 2401 1733 2473 quippe

133 2482 297 2540 oﬁ'ert
326 2484 408 2541 eis
451 2486 726 2556 optionem
766 2487 1070 2543 dimittendi
1117 2503 1277 2559 quem
1308 2490 1539 2557 vellent,
1568 2492 1732 2548 latro-

134 2594 262 2636 nem
291 2590 404 2635 tam
429 2581 774 2649 sceleratum,
801 2598 871 2639 an
895 2581 1102 2649 Iesum,
1132 2598 1238 2638 non
1271 2584 1522 2641 dubitans
1544 2585 1730 2643 Iesum

131 2670 317 2741 potius
361 2671 695 2744 eligendum,
722 2688 886 2743 quam
924 2688 1048 2729 eum
1068 2673 1171 2743 qui
1202 2675 1370 2731 tantis
1411 2676 1731 2734 criminibus

131 2752 431 2820 tenebatur
477 2778 625 2821 reus.
675 2763 893 2821 Sciebat
934 2765 1079 2820 enim
1128 2765 1465 2823 solummodo
1508 2777 1733 2838 propter

128 2854 399 2912 invitiam
419 2870 546 2913 eum
569 2857 861 2924 traditum;
887 2864 945 2913 et
966 2856 1170 2912 nullam
1195 2858 1358 2914 aliam
1381 2861 1561 2916 crucis
1580 2860 1734 2917 Chri-

128 2948 195 3003 sti
232 2963 470 3005 causam
497 2964 643 3016 esse,
672 2964 838 3020 quam
867 2949 1055 3006 odium
1089 2958 1145 3005 et
1175 2950 1455 3006 invidiam.
1488 2951 1597 3007 Sed
1621 2954 1725 3008 mi-

126 3040 236 3095 seri
272 3039 471 3106 Iudaei,
501 3041 594 3110 qui
620 3041 687 3097 de
710 3056 808 3096 suo
834 3049 990 3097 reatu
1018 3039 1176 3096 nobis
1200 3040 1421 3112 aliquod
1451 3043 1730 3100 instruunt

125 3140 569 3199 sacramentum,
592 3142 649 3188 et
676 3149 800 3189 eum
823 3133 1030 3205 eligunt
1055 3136 1147 3204 qui
1173 3145 1395 3206 propter
1432 3140 1727 3198 seditiones

125 3229 182 3276 et
213 3222 389 3287 bella,
439 3237 651 3278 necnon
694 3233 749 3278 et
793 3225 1084 3280 homicidia
1130 3224 1272 3281 facta
1319 3243 1448 3284 reus
1500 3240 1642 3297 erat,
1674 3241 1728 3287 et

126 3316 427 3386 repudiant
450 3314 638 3371 Iesum
660 3316 755 3371 Dei
774 3315 991 3382 Filium,
1019 3318 1112 3387 qui
1137 3328 1225 3374 est
1247 3321 1403 3375 nobis
1425 3337 1529 3391 pax
1562 3338 1591 3376 a
1617 3324 1727 3380 Dco

124 3406 289 3463 Patre
312 3407 674 3473 constitutus,
689 3409 912 3464 verbum
932 3409 1025 3464 Dei
1054 3418 1111 3466 et
1135 3412 1402 3481 sapientia
1430 3412 1630 3470 Patris.
1660 3414 1725 3470 Hi

119 3513 257 3570 ergo
277 3496 400 3552 duo
419 3512 544 3552 cum
568 3497 679 3553 sint
696 3497 864 3554 vincti
888 3498 944 3553 in
966 3499 1128 3555 rebus
1152 3500 1402 3557 humanis
1418 3511 1471 3558 et
1486 3504 1727 3574 corpori-

120 3589 251 3655 bus,
266 3589 409 3660 quia
433 3588 578 3645 Deus
602 3590 764 3645 homo
791 3589 966 3646 factus
994 3597 1097 3656 est,
1127 3592 1278 3662 prior
1302 3594 1512 3651 scilicet
1551 3596 1726 3651 Adam

116 3686 179 3734 et
203 3678 567 3735 novissimus.
598 3677 705 3735 Sed
735 3679 962 3751 populus
984 3680 1075 3736 ille
1092 3681 1332 3751 perﬁdus
1354 3698 1570 3755 semper
1595 3685 1726 3741 Bar-

118 3772 317 3827 rabam
337 3769 626 3828 absolvere
644 3780 819 3841 rogat,
834 3781 1056 3843 propter
1077 3788 1238 3843 quem
1259 3791 1367 3831 non
1393 3786 1610 3834 cessant
1639 3795 1725 3836 se-

116 3862 371 3919 ditiones
393 3860 601 3928 facere,
621 3861 904 3920 latrocinia
939 3880 1153 3935 quoque
1185 3875 1239 3922 et
1271 3868 1723 3941 homicidia,quia

114 3969 228 4009 non
259 3962 424 4010 recte
450 3953 668 4022 sapiunt
691 3955 759 4009 de
783 3952 934 4021 Iesu,
957 3970 1058 4011 nec
1082 3958 1310 4012 credunt
1331 3959 1385 4013 in
1413 3974 1557 4016 eum.
1587 3962 1721 4019 Nam

110 4042 170 4097 in
206 4045 410 4098 anima
453 4043 508 4097 in
538 4058 644 4117 qua
672 4059 779 4100 non
808 4054 893 4100 est
920 4042 1101 4112 Iesus,
1134 4045 1245 4101 illic
1275 4048 1571 4106 seditiones
1599 4062 1724 4109 sunt

111 4143 165 4188 et
187 4134 330 4190 lites
348 4148 422 4189 ac
445 4133 720 4189 scandala.
757 4134 859 4191 Ubi
890 4147 1072 4191 autem
1094 4145 1177 4192 est
1198 4136 1377 4205 Iesus,
1399 4148 1483 4195 est
1503 4142 1722 4212 quidem

106 4222 165 4279 in
195 4223 288 4281 eis
338 4236 544 4293 corpus
588 4231 863 4278 mortuum
906 4230 1136 4295 propter
1166 4235 1470 4297 peccatum,
1499 4232 1722 4301 spiritus

102 4326 300 4373 autem
343 4315 463 4371 vita
507 4324 730 4387 propter
748 4315 1036 4385 justitiam.
1064 4319 1133 4374 Et
1159 4329 1287 4376 sunt
1330 4322 1531 4381 ibidem
1560 4325 1723 4381 simul

102 4415 301 4470 omnia
330 4414 507 4479 bona,
531 4420 588 4469 et
608 4413 1034 4470 innumerabiles
1055 4413 1260 4470 divitia:
1278 4415 1571 4485 bonitatis;
1595 4434 1723 4490 quo-

98 4505 259 4559 niam
287 4503 416 4575 ipse
439 4511 517 4557 est
555 4520 663 4574 paa:
694 4512 874 4558 nostra
907 4503 1178 4573 Christus,
1208 4508 1300 4576 qui
1342 4507 1465 4577 fecit
1499 4518 1722 4582 utraque

100 4612 280 4652 unum
313 4594 547 4668 (Ephes.
590 4612 649 4661 tt,
694 4595 806 4668 14).
844 4596 890 4649 Δ
926 4612 1033 4666 quo
1062 4597 1321 4654 nimirum
1348 4614 1576 4672 corpore
1601 4605 1722 4674 qui-

95 4704 340 4761 cunque
367 4687 516 4744 mala
538 4698 727 4761 agunt,
756 4689 917 4745 soluti
946 4698 1091 4755 sunt,
1114 4690 1366 4747 Christus
1395 4702 1574 4750 autem
1594 4711 1719 4751 cum

93 4785 217 4841 suis
263 4792 502 4841 tenetur
529 4783 746 4839 vinctus
778 4784 834 4838 in
862 4783 1070 4838 vinculo
1103 4785 1249 4854 pacis
1289 4784 1504 4857 (Ephes.
1533 4803 1606 4852 tv,
1638 4788 1716 4860 ὅ).

88 4878 136 4931 Δ
164 4893 290 4950 quo
337 4875 606 4932 nimirum
642 4874 881 4941 vinculo,
906 4876 1194 4943 Barrabas,
1233 4876 1284 4930 id
1316 4884 1401 4932 est
1437 4877 1581 4945 ﬁlius
1607 4895 1720 4932 ma—

86 4969 253 5039 gistri
294 4981 518 5031 eorum,
545 4965 640 5036 qui
686 4964 799 5020 suis
840 4965 1163 5020 criminibus
1201 4973 1452 5020 tenentur
1476 4967 1719 5034 obnoxii,

83 5061 266 5118 soluti
299 5059 638 5116 relaxantur
657 5058 726 5113 ad
750 5058 915 5112 vitam
941 5059 1192 5129 pessimae
1217 5059 1514 5124 seditionis,
1542 5076 1573 5115 a
1598 5061 1718 5132 qui-

79 5155 194 5209 bus
226 5154 298 5208 in
331 5149 547 5207 εωωιο
570 5148 755 5205 omnia
780 5148 922 5203 mala
959 5157 1309 5219 generantur.
1360 5147 1583 5205 Sedente
1619 5168 1715 5206 au-

1841 1927 2045 1986 Christi
2073 1931 2232 1989 liceat
2254 1937 2411 1993 nobis
2433 1942 2695 2011 cogitare.
2720 1942 2988 2010 Quoniam
3009 1927 3433 2010 beatam—dicunt:

1838 2018 1999 2076 Pilati
2030 2039 2276 2092 uxorem,
2311 2045 2432 2099 quae
2461 2047 2558 2100 per
2594 2034 2765 2090 visum
2804 2053 2963 2107 passa
2990 2052 3077 2096 est
3104 2044 3269 2099 multa
3300 2062 3430 2116 pro.

1837 2118 1959 2180 pter
1983 2113 2191 2183 Iesum,
2221 2129 2278 2175 et
2304 2123 2510 2191 recepit
2553 2139 2652 2193 per
2694 2128 2866 2183 visum
2908 2146 3027 2209 quae
3055 2145 3174 2189 erat
3201 2113 3428 2206 passura

1838 2202 1894 2256 in
1917 2204 2027 2260 vita
2051 2222 2171 2263 sua.
2198 2210 2278 2265 Ex
2303 2228 2411 2282 quo
2437 2215 2625 2271 volunt
2653 2220 2875 2288 quidam
2910 2202 3114 2291 dicere,
3145 2202 3288 2298 quod
3318 2247 3428 2288 me-

1835 2296 1942 2354 lius
1964 2309 2051 2357 est
2075 2305 2317 2375 recipere
2338 2309 2572 2378 aliquem
2596 2315 2736 2368 mala
2759 2316 2811 2370 in
2827 2319 2969 2384 visu,
2997 2337 3158 2391 quam
3184 2326 3429 2397 recipere

1836 2388 1890 2443 in
1911 2391 2042 2446 vita.
2060 2393 2191 2460 Quis
2204 2398 2349 2452 enim
2370 2400 2474 2456 hoc
2490 2418 2596 2458 non
2613 2404 2858 2477 eligeret,
2879 2410 2983 2466 nisi
3003 2388 3144 2469 forte
3159 2416 3285 2484 quia
3299 2428 3428 2473 sunt

1834 2482 1989 2538 multi
2019 2488 2218 2555 quibus
2258 2494 2511 2562 expediat
2539 2499 2749 2553 acriora
2781 2499 3024 2571 recipe‘re
3058 2507 3113 2560 in
3142 2482 3253 2564 vita
3285 2526 3381 2565 sua
3408 2552 3423 2577 ,

1832 2578 2015 2645 potius
2041 2596 2204 2651 quam
2236 2583 2441 2642 leviora
2470 2589 2527 2644 in
2559 2590 2718 2646 visu?
2742 2592 3067 2653 Consolatur
3090 2614 3220 2671 ergo
3250 2601 3425 2659 Laza-

1833 2682 1947 2735 rus,
1975 2681 2033 2725 et
2071 2675 2366 2744 requiescit
2414 2679 2471 2735 in
2520 2682 2730 2740 sinibus
2777 2688 3034 2756 Abrahae,
3070 2693 3196 2762 quia
3230 2697 3429 2765 recipit

1830 2757 1975 2813 mala
2023 2760 2079 2815 in
2108 2762 2220 2817 vita
2252 2780 2372 2832 sua,
2407 2776 2463 2824 et
2495 2785 2604 2824 non
2636 2772 2752 2828 haec
2781 2774 2924 2830 mala
2958 2757 3104 2847 quae-
3123 2781 3327 2851 recepit
3346 2757 3425 2838 Iiu

1832 2850 1952 2905 visu
1977 2866 2079 2909 suo
2102 2863 2159 2910 et
2183 2855 2240 2910 in
2290 2859 2543 2916 sensibus
2573 2863 2708 2919 suis.
2766 2865 2959 2922 Utrum
3006 2877 3207 2938 tamen,
3250 2850 3339 2928 vel
3377 2876 3425 2930 si

1831 2939 2043 2997 initium
2074 2944 2326 3003 habuerit
2354 2953 2731 3009 conversionis
2761 2956 2830 3012 ad
2862 2958 3029 3015 Deum
3071 2961 3188 3018 haec
3228 2966 3427 3022 mulier

1830 3047 1898 3089 eo
1928 3036 2069 3104 quod
2100 3048 2323 3110 propter
2359 3041 2542 3098 Iesum
2575 3047 2743 3102 multa
2790 3064 2954 3119 passa
2995 3053 3068 3109 sit
3099 3070 3199 3125 per
3221 3058 3421 3121 visum,

1832 3132 1975 3189 Deus
1992 3136 2112 3190 scit.
2132 3136 2309 3193 Unum
2345 3150 2525 3197 tamen
2556 3145 2779 3212 scimus,
2803 3149 2928 3217 quia
2955 3150 3197 3209 Ecclesia
3218 3153 3424 3212 Christi

1753 3192 1801 3257 Ο
1831 3236 1898 3277 ex
1930 3227 2210 3295 gentibus,
2240 3192 3423 3315 quaealiquando“iulluuxorgila‘liufp:

1831 3330 1991 3384 quem
2018 3318 2264 3375 diabolus
2308 3323 2650 3394 signiﬁcatur
2672 3368 2687 3392 ,
2729 3329 2843 3399 jam
2873 3344 2980 3385 non
2996 3332 3124 3403 ejus
3148 3349 3289 3390 uxor
3316 3346 3418 3403 est,

1828 3405 1927 3461 sed
1967 3406 2169 3463 Christi
2198 3450 2214 3475 ,
2244 3412 2331 3466 cui
2355 3427 2452 3481 per
2479 3416 2636 3470 ﬁdem
2663 3419 2935 3488 passionis
2973 3423 3261 3493 conjuncta
3289 3435 3373 3481 est
3400 3444 3415 3493 ;

1829 3503 1884 3549 et
1906 3495 2018 3565 ipsa
2049 3513 2149 3567 per
2169 3498 2330 3554 ﬁdem
2354 3505 2602 3560 conﬁteri
2624 3505 2814 3574 Deum,
2838 3518 2893 3565 et
2915 3511 3181 3569 advocare
3202 3517 3268 3571 ad
3290 3531 3417 3571 eum

1828 3599 2180 3658 quoscunque
2206 3599 2387 3661 potest
2410 3608 2520 3650 non
2546 3606 2744 3654 cessat.

1899 3675 2175 3750 Principes
2209 3692 2384 3739 autem
2425 3692 2759 3745 sacerdotum
2797 3700 2846 3746 et
2891 3696 3119 3751 seniores
3147 3715 3419 3768 persuase-

1828 3779 1950 3823 runt
1977 3775 2169 3843 popqu
2212 3785 2271 3829 ut
2311 3787 2540 3847 peterent
2568 3779 2883 3850 Barrabam,
2905 3783 3092 3842 Iesum
3133 3806 3251 3845 vero
3294 3809 3415 3861 per-

1825 3858 2026 3915 derent.
2082 3862 2429 3934 Respondeas
2452 3879 2629 3925 autem
2669 3889 2883 3942 prwses,
2906 3876 3039 3931 diruit
3068 3878 3172 3934 illis
3201 3897 3220 3935 :
3248 3858 3439 3948 Quem‘

1823 3949 1983 4006 vultis
2004 3952 2068 4007 de
2096 3955 2300 4011 duobus
2325 3958 2563 4018 dimitti?
2581 3964 2646 4017 At
2677 3964 2757 4019 illi
2777 3966 3024 4023 dixerunt
3055 3984 3074 4022 :
3096 3970 3411 4030 Barrabam.

1825 4041 1965 4109 Quid
1994 4056 2176 4103 autem
2206 4051 2259 4105 in
2294 4052 2396 4108 hoc
2421 4055 2617 4120 dicam,
2647 4058 2752 4115 nisi
2785 4062 2912 4132 quia
2944 4078 3081 4133 pene
3108 4068 3289 4123 omnis
3312 4069 3417 4123 ini-

1823 4135 2004 4205 quitas
2027 4147 2084 4193 et
2110 4144 2485 4210 praevaricatio
2514 4146 2753 4217 plebium
2791 4167 2822 4206 a
2870 4155 3176 4212 senioribus
3203 4168 3289 4214 e‘st
3312 4174 3413 4229 po-

1823 4226 1955 4296 puli,
1981 4242 2211 4298 quorum
2252 4234 2562 4292 excitantur
2590 4238 2746 4296 malis
2773 4243 2842 4297 ad
2877 4258 3040 4301 omne
3084 4226 3370 4316 peccatum
3395 4290 3412 4316 ,

1823 4334 2055 4389 quorum
2081 4324 2235 4390 velle,
2265 4342 2607 4401 quorumque
2630 4332 2796 4402 nolle,
2835 4350 3026 4393 omnes
3066 4341 3415 4396 considerant

1823 4419 1881 4467 et
1920 4413 2318 4485 obsequuntur.
2368 4418 2610 4478 Credunt
2656 4425 2802 4481 enim
2858 4429 3031 4485 turbae
3075 4431 3414 4503 principibus

1823 4502 1937 4558 suis
1988 4513 2045 4560 et
2098 4510 2510 4578 sacerdotibus,
2564 4528 2667 4570 nec
2700 4516 2930 4573 multum
2968 4502 3267 4578 intendunt
3283 4524 3413 4593 quid

1822 4609 2025 4664 praeses
2050 4599 2199 4667 velit,
2225 4602 2400 4660 adhuc
2421 4604 2475 4659 in
2498 4606 2578 4661 eis
2607 4608 2763 4664 novis
2787 4618 2948 4668 utens
2974 4612 3200 4683 legibus.
3228 4615 3412 4688 Neque

1823 4685 2027 4758 aliquid
2051 4690 2167 4759 ipse
2194 4700 2367 4747 tentat
2390 4734 2405 4760 ,
2443 4696 2550 4750 nisi
2577 4697 2915 4757 solummodo
2943 4685 3408 4775 persuasionibus,

1823 4778 1917 4833 sed
1946 4779 2050 4849 ipsi
2080 4782 2181 4838 sibi
2216 4783 2421 4854 eligunt
2444 4786 2764 4855 Barrabam,
2794 4791 2949 4862 cujus
2977 4796 3151 4867 magis
3172 4812 3411 4867 sequun-

1826 4871 2175 4941 turvestigia,
2193 4881 2250 4929 et
2268 4875 2390 4932 ideo
2415 4878 2605 4935 volunt
2631 4896 2755 4936 eum
2786 4884 2987 4941 habere
3016 4887 3119 4942 sibi
3146 4888 3405 4945 solutum.

1823 4956 1963 5012 Dicit
1990 4959 2095 5015 illis
2120 4962 2330 5019 Pilatus
2360 4983 2376 5020 :
2401 4966 2541 5034 Quid
2563 4970 2904 5041 ergojaciam
2929 4976 2995 5030 de
3013 4974 3145 5031 Jesu
3163 4980 3255 5049 qui
3276 4980 3409 5035 dici-

1821 5058 1909 5103 tur
1937 5049 2173 5135 Christus
2189 5055 2215 5108 ?
2233 5056 2429 5112 Dicunt
2448 5070 2625 5115 omnes
2644 5075 2662 5113 :
2679 5061 3052 5135 Cruciﬁgalur,
3067 5075 3175 5123 etc.
3193 5069 3409 5144 1155

1817 5139 1912 5196 llle
1943 5134 2210 5214 siquidem
2238 5147 2355 5203 vult
2379 5148 2460 5205 eis
2486 5152 2745 5221 pudorem
2776 5134 2941 5210 tanta:
2986 5134 3291 5228 iniquus—tis
3306 5134 3407 5215 in:

1820 5240 2029 5301 cutere,
2049 5236 2147 5293 sed
2168 5236 2246 5293 illi
2267 5253 2376 5295 non
2406 5240 2582 5298 solum
2611 5258 2720 5300 non
2743 5246 3091 5315 erubescunt,
3128 5250 3255 5320 quia
3279 5266 3405 5306 eum

74 5259 190 5302 tem
217 5244 337 5300 illo
368 5258 473 5315 pro
495 5242 772 5309 tribunali,
795 5242 937 5297 misit
963 5242 1032 5296 ad
1056 5258 1176 5298 eum
1187 5258 1327 5298 uxor
1348 5243 1485 5313 ejus,
1507 5244 1712 5301 dicens:

74 5338 249 5394 Nihil
279 5337 400 5393 tibi
423 5336 497 5391 sit
510 5345 561 5391 et
577 5336 728 5407 justo
748 5333 864 5402 illi;
893 5333 1061 5389 multa
1081 5334 1219 5390 enim
1242 5351 1402 5406 passa
1419 5352 1538 5391 sum
1562 5337 1715 5392 hodie

1833 5321 2025 5382 Pilatus
2050 5324 2235 5385 Iesum
2265 5329 2547 5389 Christum
2580 5335 2962 5403 conﬁtebatur,
2998 5354 3189 5395 verum
3218 5342 3408 5398 admo-

1820 5415 1946 5471 dum
1976 5416 2267 5489 impietatis
2306 5438 2419 5478 sua:
2446 5422 2684 5480 furorem
2714 5436 3045 5499 exaggerant
3070 5439 3127 5484 et
3166 5430 3405 5488 clamant

1821 5508 2078 5575 atrocius,
2110 5512 2359 5593 sineullo
2382 5518 2788 5573 retractationis
2814 5535 3038 5577 assensu
3065 5540 3079 5578 :
3103 5522 3404 5597 Cruciﬁga-

1819 5605 1924 5652 tur.
1959 5600 2110 5666 Quod
2161 5604 2206 5657 si
2255 5606 2486 5676 denique
2514 5609 2796 5676 petiissent
2824 5610 3118 5670 Barrabam
3162 5615 3266 5672 sibi
3315 5615 3400 5673 di-

65 5448 170 5504 per
203 5433 455 5495 visum,
487 5436 701 5499 propter
736 5425 908 5481 illum.
963 5425 1104 5494 Quid
1149 5436 1330 5482 autem
1382 5427 1575 5483 viderit
1616 5443 1716 5498 per

64 5525 269 5580 visum
304 5533 438 5576 non
466 5517 690 5589 exponit
716 5517 1068 5588 evangelista,
1106 5517 1192 5574 vel
1218 5534 1249 5573 a
1275 5533 1383 5589 quo
1422 5534 1579 5589 passa
1606 5520 1711 5587 sit;

60 5630 121 5677 et
170 5619 327 5674 ideo
383 5612 518 5668 data
560 5621 644 5667 est
683 5610 912 5667 facultas
965 5612 1167 5668 nostris
1208 5613 1366 5669 aliter
1419 5614 1504 5669 vel
1556 5615 1715 5670 aliter
1819 5610 2206 5713 tuli-“Quodsi
2255 5610 2486 5713 denique
2514 5610 2788 5713 petii'ssenl

59 5713 220 5766 hanc
299 5702 593 5762 visionem
642 5704 1053 5774 interpretandi.
1130 5704 1286 5762 Unde
1334 5706 1575 5764 nonnulli
1631 5709 1713 5763 di-

1833 5699 2000 5759 mitti,
2049 5699 2182 5751 satis
2221 5707 2366 5754 esset
2411 5700 2478 5753 ad
2528 5701 2822 5771 impietatis
2869 5719 2980 5759 sum
3028 5715 3396 5777 augmentum.

54 5812 204 5861 eunt
238 5802 425 5858 hanc
452 5796 718 5852 visionem
759 5810 790 5849 a
834 5796 1048 5851 diabolo
1080 5797 1397 5866 immissam,
1429 5808 1487 5855 et
1531 5800 1600 5855 ah
1645 5815 1711 5855 eo
1819 5792 1972 5848 Nunc
2012 5802 2193 5848 autem
2235 5807 2266 5846 θ
2292 5792 2568 5848 contrario
2611 5799 2666 5848 ει
2703 5793 2979 5851 (ἶῒπίειυπι
3017 5797 3293 5867 Pomm!“
3332 5799 3404 5861 ad

531 5888 802 5951 Ρλτιοι..
839 5887 1037 5949 CXX.

2885 5886 2964 5947 30
