4016 6354
667 305 773 364 839

1469 299 1527 356 8.
1568 298 1927 356 PASGHASII
1962 296 2305 353 HADBERTI
2341 296 2632 353 ABBATIS
2666 295 3119 353 CORBEIENSIS
3728 318 3805 378 Μ

666 425 923 476 mortem.
951 414 1106 483 Quod
1128 414 1177 470 si
1200 412 1558 469 infelicissimi
1584 413 1639 467 in
1667 421 1989 483 potestatem
2021 410 2255 465 dimisis—
2281 416 2334 476 Α
2359 411 2676 482 sanguinem
2708 409 2883 465 fundit
2915 409 3143 477 justum,
3171 425 3263 466 vos
3284 414 3521 472 videritis.
3552 419 3636 477 Cui
3656 442 3813 500 ream.

669 518 794 570 sent
820 507 1000 572 Pilati,
1032 514 1093 560 ut
1136 504 1342 561 faceret
1381 505 1449 560 de
1483 504 1611 560 Jesu
1638 505 1782 574 quod
1823 503 2001 567 vellet,
2041 511 2259 557 tantum.

672 609 735 660 ut
752 601 1044 658 Barrabam
1065 600 1146 656 eis
1170 599 1485 664 absolveret,
1505 615 1713 670 magna:
1732 599 2022 668 impietatis
2041 598 2249 654 crimen

668 704 837 761 esset,
853 711 976 750 cum
996 703 1052 749 et
1071 693 1357 749 scelestum
1378 693 1779 763 petiissent'sibi
1804 693 1943 758 dari,
1967 701 2023 747 et
2042 691 2251 762 justum

671 789 897 853 nollent,
920 803 1044 842 cum
1064 793 1306 856 possent,
1333 785 1565 841 liberare
1590 786 1659 842 ad
1679 787 1868 841 vitam.
1894 784 2050 841 Nunc
2070 792 2251 839 autem

675 891 836 956 agunt
867 882 1013 954 quod
1056 881 1341 937 scelestius
1365 889 1477 946 est,
1517 882 1644 951 quia
1673 881 2014 951 proclamant
2042 896 2166 935 eum
2196 880 2251 934 in

672 983 931 1037 mortem,
962 980 1017 1027 et
1048 986 1152 1027 non
1196 971 1261 1031 ad
1288 971 1723 1041 qualemcunque
1746 1013 1762 1037 ,
1816 987 2004 1027 verum
2042 972 2110 1027 ad
2141 979 2255 1025 tur-

664 1064 952 1138 pissimam
978 1073 1230 1125 mortem,
1260 1073 1314 1118 et
1340 1073 1526 1132 petunt
1554 1064 1780 1119 vocibus
1806 1073 1863 1118 ut
1885 1065 2248 1135 crucifigatur.

662 1154 787 1211 alloc
816 1154 1013 1223 quippe
1038 1162 1122 1208 est
1169 1153 1311 1221 quod
1341 1152 1508 1208 lsaias
1545 1154 1676 1208 dicit
1707 1172 1719 1207 :
1752 1154 2057 1223 Exspectavi
2086 1164 2143 1206 ut
2172 1153 2253 1222 fa-

674 1258 847 1303 cerent
875 1247 1131 1313 iudiciisin
1153 1246 1288 1318 (lsa.
1317 1261 1369 1311 v,
1402 1247 1488 1317 7);
1520 1246 1762 1301 fecerunt
1791 1255 1969 1301 autem
1996 1246 2251 1315 iniquita-

677 1348 786 1393 tem
831 1349 886 1395 ct
934 1354 1039 1394 non
1090 1338 1390 1408 justitiam,
1431 1337 1527 1392 sed
1571 1338 1884 1392 clamorem.
1944 1338 2018 1391 De
2058 1337 2255 1406 quibus

675 1431 844 1488 David
877 1450 890 1484 :
923 1429 1390 1485 Circumdedcrunt
1433 1446 1515 1484 me
1547 1446 1701 1484 canes
1748 1430 1938 1495 multi,
1978 1430 2255 1484 consilium

674 1520 1077 1590 indignantium
1125 1520 1320 1573 obsedit
1362 1536 1442 1573 mc
1470 1517 1645 1589 (Psal.
1676 1536 1787 1584 ut,
1831 1520 1942 1589 l7).
1995 1519 2062 1573 Et
2097 1517 2253 1573 lere-

554 1632 578 1648 ~
676 1611 1028 1669 miastacta
1051 1622 1123 1666 est
1147 1612 1273 1666 mihi
1297 1613 1579 1667 lm'reditas
1600 1629 1735 1677 mea,
1752 1613 1885 1665 sicut
1907 1612 1987 1666 leo
2023 1613 2075 1665 in
2100 1611 2253 1677 silva,

673 1706 931 1759 dederunt
954 1722 1111 1775 super
1132 1721 1213 1758 me
1240 1720 1409 1758 vocem
1436 1720 1588 1758 suam
1636 1704 1771 1775 (Jer.
1808 1720 1879 1769 xl,
1919 1706 1994 1773 8).
2032 1704 2140 1760 Nec
2177 1714 2256 1759 ta-

2349 507 2477 563 dens
2534 508 2804 562 universus
2852 505 3098 576 populus,
3131 507 3263 561 dixit
3291 521 3308 559 :
3339 509 3541 581 Sanguis
3578 520 3671 588 ejus
3702 541 3816 594 super

2350 616 2446 654 nos
2472 608 2521 653 et
2544 615 2700 669 super
2722 597 2860 667 ﬁlios
2888 609 3114 653 nostros.
3144 599 3445 655 Perseverat
3463 616 3617 662 autem
3636 612 3727 669 liae
3746 616 3817 672 im-

2351 692 2592 762 precatio
2619 690 2926 745 Judaeorum
2977 706 3152 760 usque
3196 691 3248 745 in
3291 693 3578 752 hodiernum
3606 701 3747 769 diem,
3780 716 3821 763 et

2352 785 2573 856 sanguis
2601 783 2813 839 Domini
2838 783 2931 854 qui
2963 783 3164 838 clamat
3209 783 3274 839 de
3300 794 3437 842 terra
3459 799 3623 845 contra
3643 809 3718 849 eos
3735 812 3820 853 cum

2351 877 2616 946 sanguine
2644 875 2777 930 Abel
2808 875 2861 929 in
2900 886 3103 929 terram
3132 874 3351 943 effusus,
3389 893 3487 933 non
3511 892 3663 937 cessat
3696 888 3822 943 adhuc

2355 968 2608 1031 clamare,
2627 982 2727 1022 nec
2754 966 3000 1021 aufertur
3022 969 3090 1022 ab
3120 967 3221 1022 eis.
3242 966 3391 1023 Unde
3415 983 3505 1039 per
3524 969 3685 1028 Isaiam
3703 975 3827 1046 loqui-

2354 1066 2485 1114 tur:
2519 1058 2575 1112 Si
2624 1058 2931 1112 lcvaveritis
2981 1058 3048 1112 ad
3092 1073 3178 1112 me
3210 1073 3428 1125 manus,
3476 1076 3573 1116 non
3612 1065 3824 1120 exaudiam

2354 1165 2451 1205 vos
2479 1168 2491 1202 :
2520 1148 2714 1204 Manus
2745 1150 2881 1203 enim
2907 1159 3089 1203 vestrm
3112 1150 3364 1219 sanguine
3387 1150 3540 1220 plena:
3560 1164 3660 1206 sunt
3680 1153 3779 1226 (lsa.
3802 1172 3828 1219 ι,

2356 1238 2469 1309 i5).
2503 1238 2547 1293 Ο
2574 1238 2931 1293 infelicissimi
2962 1237 3157 1303 Judzei,
3189 1239 3277 1307 qui
3310 1238 3429 1295 ﬁliis
3464 1242 3565 1295 suis
3597 1242 3725 1296 talem
3747 1245 3829 1297 reli-

2355 1341 2591 1398 querunt
2635 1330 3024 1385 bmreditatem.
3064 1329 3294 1399 Propter
3324 1324 3465 1402 quod
3502 1334 3571 1387 rei
3597 1333 3700 1389 lacti
3724 1347 3831 1402 sunt,

2356 1435 2465 1477 non
2519 1420 2689 1477 solum
2722 1421 2775 1475 iu
2816 1421 3080 1491 sanguine
3116 1422 3491 1492 prophetarum
3512 1464 3526 1488 ,
3564 1439 3694 1494 quem
3730 1426 3832 1481 lude-

2356 1520 2508 1576 runt,
2539 1527 2724 1566 verum
2766 1519 2822 1566 et
2854 1512 2909 1565 in
2942 1513 3204 1589 sanguine
3229 1511 3446 1580 Christi,
3476 1514 3525 1568 in
3553 1529 3644 1584 quo
3664 1517 3834 1585 comple-

2360 1612 2557 1659 verunt
2605 1619 2917 1660 mensuram
2957 1614 3174 1674 patrum
3210 1620 3445 1661 suorum.
3486 1607 3663 1662 Idcirco
3691 1617 3833 1663 vastata

2360 1702 2445 1748 est
2483 1693 2677 1749 civitas
2715 1708 2903 1749 eorum
2946 1693 3197 1749 vastitate
3241 1694 3451 1762 hostili,
3481 1704 3533 1751 et
3566 1697 3651 1767 ipsi
3681 1698 3836 1768 dispusi

676 1818 800 1858 men
830 1800 1036 1855 Pilatus
1067 1808 1245 1855 cessat
1274 1808 1463 1854 contra
1492 1800 1821 1869 impietatem
1850 1813 2040 1854 eorum
2068 1814 2252 1870 agere,
2288 1776 2336 1835 Β
2361 1796 2488 1841 sunt
2512 1787 2701 1857 perﬁdi
2729 1803 2891 1857 super
2917 1801 3135 1843 omnem
3165 1797 3389 1854 terram.
3416 1804 3572 1858 usque
3598 1790 3643 1844 in
3672 1804 3836 1860 praeses

676 1904 737 1950 ut
779 1892 1240 1949 confunderentur
1279 1900 1332 1946 et
1374 1892 1755 1961 resipiscerent
1800 1906 1830 1945 a
1880 1892 2082 1947 scelere
2136 1907 2253 1946 suo.

674 1986 883 2053 Quibus
920 1998 1106 2038 rursus
1142 1982 1221 2036 ait
1253 1999 1266 2035 :
1299 1980 1438 2048 Quid
1487 1983 1625 2036 enim
1662 1982 1789 2036 ntali
1839 1982 2011 2051 fecit?
2055 1981 2260 2037 Contra

679 2079 782 2133 hoc
803 2092 932 2148 ergo
958 2090 1063 2130 non
1085 2074 1346 2129 habentes
1367 2073 1494 2143 quid
1521 2074 1785 2139 dicerent,
1809 2074 2038 2143 amplius
2060 2073 2261 2127 clama-

678 2176 897 2231 verunt,
928 2182 993 2221 ac
1017 2166 1061 2220 si
1092 2164 1263 2220 clausi
1286 2163 1459 2220 oculis
1486 2180 1554 2219 ne
1584 2165 2001 2220 recordarentur
2025 2165 2258 2234 judicio-

678 2276 798 2314 rum
837 2258 952 2323 Dei,
982 2272 1089 2312 non
1136 2255 1469 2325 deponentes
1512 2255 1772 2310 malitiam
1797 2295 1812 2319 ,
1863 2256 1958 2309 sed
2000 2263 2261 2324 augentes

676 2350 1071 2420 blasphemiam
1100 2348 1388 2405 dixerunt:
1429 2346 1801 2417 Cruci/igatur.
1853 2347 1995 2416 Ergo
2032 2346 2258 2411 Pilatus,

679 2452 941 2512 quantum
973 2456 1041 2497 ex
1082 2454 1141 2495 se
1172 2437 1276 2494 fuit
1303 2437 1534 2494 absolvit
1560 2452 1683 2491 eum
1711 2437 1765 2491 in
1794 2438 2066 2501 omnibus,
2097 2437 2265 2491 maxi-

676 2552 766 2593 me
809 2534 1159 2605 abnegando,
1188 2532 1333 2603 quod
1363 2531 1496 2587 nibil
1542 2530 1668 2586 mali
1718 2529 1930 2585 fecerit.
1982 2528 2116 2583 Nam
2147 2532 2263 2599 ejus

674 2627 1033 2697 interrogatio
1061 2666 1077 2692 ,
1123 2621 1412 2693 abnegatio
1438 2622 1625 2691 utique
1648 2628 1733 2676 est
1754 2662 1768 2685 ,
1802 2620 1886 2675 vel
1917 2620 2221 2689 obiurgatio
2244 2660 2260 2685 ,

678 2735 745 2776 eo
769 2718 913 2788 quod
941 2717 1286 2773 innocentem
1314 2710 1569 2766 occidere
1591 2710 1776 2765 velint.
1794 2708 2262 2777 Absolvitquidem

672 2824 803 2873 eum
854 2807 1059 2878 judicio
1108 2819 1270 2872 quem
1316 2810 1501 2872 postea
1547 2801 1816 2871 cruciﬁgit
1874 2801 1927 2854 in
1984 2801 2261 2872 mysterio.

682 2897 838 2956 Unde
860 2896 1047 2952 videns
1093 2892 1299 2949 Pilatus
1330 2892 1455 2962 quia
1494 2890 1627 2944 nihil
1664 2890 1959 2959 proﬁceret,
1982 2891 2071 2945 sed
2097 2891 2264 2961 magis

683 2988 938 3044 tumultus
977 2987 1157 3057 ﬁeret,
1192 2992 1405 3053 accepta
1434 3000 1573 3054 aqua
1604 2981 1728 3037 lauit
1756 2998 1943 3037 manus
1972 3000 2150 3038 coram
2174 3000 2265 3053 po-

674 3083 827 3154 pulo,
874 3081 1052 3136 dicens
1081 3097 1100 3134 :
1127 3078 1388 3134 lnnocens
1420 3093 1513 3148 ego
1534 3093 1650 3133 sum
1670 3095 1702 3131 a
1723 3080 1976 3148 sanguine
1996 3078 2131 3147 justi
2162 3079 2262 3131 liu-

676 3174 792 3247 jus,
818 3188 907 3227 vos
934 3170 1187 3226 videritis.
1217 3168 1364 3224 More
1381 3168 1605 3223 Judaico
1633 3168 1731 3233 ait,
1756 3166 1941 3222 volens
1964 3167 2043 3222 eis
2064 3166 2265 3222 Christi

685 3264 1049 3320 innocentiam
1076 3276 1199 3323 .non
1244 3260 1416 3316 solum
1454 3260 1654 3325 verbis,
1685 3273 1874 3315 verum
1898 3258 2063 3314 etiam
2112 3259 2267 3315 factis

678 3356 972 3413 ostendere
998 3393 1014 3420 ,
1047 3354 1093 3410 si
1138 3351 1277 3408 forte
1303 3366 1400 3407 eos
1433 3351 1650 3422 placare
1677 3360 1896 3422 posset;
1926 3352 2011 3406 sin
2045 3359 2226 3406 autem
2248 3391 2266 3418 ,

680 3460 746 3505 ut
772 3466 833 3506 se
856 3450 1200 3504 innocentem
1231 3443 1488 3516 probaret
1512 3484 1528 3511 ,
1560 3452 1618 3499 et
1641 3459 1737 3499 eos
1766 3457 1890 3498 reos
1918 3450 2265 3497 monstraret.

683 3539 840 3595 Facit
878 3538 1023 3592 enim
1069 3552 1176 3592 non
1223 3534 1519 3591 secundum
1562 3534 2006 3590 consuetudinem
2031 3532 2269 3603 aliquam

680 3630 1077 3693 Romanorum,
1106 3634 1167 3683 ut
1193 3641 1336 3695 aqua
1358 3640 1557 3685 manus
1584 3626 1746 3689 lavet,
1794 3626 1890 3680 sed
1932 3622 2089 3692 juxta
2138 3624 2270 3679 illud

678 3722 1062 3795 propheticum
1092 3735 1107 3772 :
1134 3716 1346 3773 aLauabo
1389 3718 1527 3772 inter
1570 3718 1869 3772 innocentes
1910 3732 2098 3770 manus
2126 3731 2269 3770 meas

684 3812 863 3886 (Psal.
896 3827 1026 3877 xxv,
1063 3809 1139 3881 6).
1166 3808 1226 3864 In
1253 3806 1406 3877 cujus
1435 3808 1694 3864 nimirum
1749 3807 1984 3873 lavacro,
2017 3809 2269 3863 nesciens

680 3906 930 3979 gentium
958 3917 1124 3972 opera
1146 3900 1445 3972 purganda,
1470 3899 1870 3970 praeﬁgurabat,
1903 3909 1963 3953 ut
1983 3900 2053 3954 ab
2077 3898 2270 3969 impie-

691 4004 804 4052 tate
850 3993 1156 4051 Judieorum
1192 4006 1292 4047 nos
1334 3990 1542 4050 alienos
1589 3997 1933 4045 monstraret.
1978 3987 2271 4043 Protitetur

689 4090 836 4147 enim
860 4102 919 4144 se
938 4087 1281 4143 innocentem
1310 4082 1517 4139 Pilatus
1536 4079 1749 4151 1155
1760 4089 1817 4134 et
1834 4078 2019 4135 losum
2035 4078 2268 4149 justum,

687 4180 830 4252 quod
860 4188 928 4233 'et
956 4192 1097 4234 uxor
1122 4174 1238 4245 ejus
1273 4172 1520 4235 confessa
1568 4171 1766 4226 fuerat.
1822 4169 1929 4226 Sed
1970 4170 2137 4226 miser
2174 4186 2269 4227 sua

684 4288 796 4329 non
822 4269 994 4327 abluit
1022 4269 1160 4323 facta
1178 4306 1194 4332 ,
1225 4266 1351 4320 dum
1374 4261 1695 4332 obsequitur
1721 4260 1916 4317 studiis
1941 4260 2129 4318 aliena
2154 4277 2272 4318 cru-

682 4362 946 4421 delitatis.
962 4359 1115 4414 Lavit
1132 4355 1351 4427 quidem
1371 4367 1585 4418 manus,
1609 4351 1704 4407 sed
1726 4350 1936 4421 culpam
1959 4365 2067 4407 non
2089 4350 2266 4417 lavat;

2365 1887 2471 1934 tem
2497 1879 2658 1932 diem.
2694 1877 2835 1931 Tunc
2860 1878 3061 1933 dimisit
3081 1876 3190 1933 illis
3222 1877 3529 1944 Barrabant,
3548 1878 3700 1934 Iesum
3721 1892 3838 1933 astas

2360 1969 2687 2041 ﬂagellatam
2717 1968 2934 2023 tradidit
2977 1972 3084 2036 eis,
3136 1980 3195 2025 ut
3230 1971 3625 2041 cruciﬁgeretur.
3648 1968 3838 2025 Fecerunt

2362 2080 2492 2135 ergo
2516 2066 2570 2120 in
2596 2065 2912 2130 Barrabam,
2945 2064 3089 2134 quod
3136 2062 3337 2120 facturi
3374 2072 3431 2119 et
3472 2065 3527 2118 in
3559 2063 3837 2123 Antichristo;

2357 2159 2470 2230 jam
2506 2158 2650 2215 enim
2689 2172 2947 2212 arcanum
2976 2156 3174 2212 futurae
3207 2156 3532 2212 inﬁdelitatis
3562 2155 3779 2225 pracessit
3804 2154 3838 2205 is

2364 2251 2469 2306 isto
2494 2249 2724 2313 latrone,
2764 2256 2820 2303 et
2846 2244 2967 2303 ideo
2991 2247 3203 2318 eligunt
3231 2246 3555 2302 damnationi
3578 2252 3839 2305 reservatum,

2363 2340 2545 2410 potius
2574 2353 2736 2409 quam
2791 2338 2981 2393 salutis
3028 2352 3139 2394 suae
3174 2346 3454 2393 auctorem
3473 2376 3489 2401 ,
3516 2346 3571 2390 ut
3598 2336 3644 2390 in
3673 2334 3843 2389 omnibtu

2362 2421 2736 2501 compleantur
2760 2431 3009 2486 vaticinia
3032 2431 3442 2501 prophetarum,
3456 2439 3508 2485 et
3522 2429 3612 2500 ipsi
3629 2428 3719 2483 suis
3731 2426 3846 2480 adhuc

2364 2523 2608 2579 iudicent
2637 2522 2795 2578 factis
2824 2539 2943 2593 quae
2994 2522 3193 2578 facturi
3224 2530 3351 2579 sunt
3380 2522 3473 2576 lilii
3506 2518 3768 2591 magistriin
3786 2531 3846 2568 sn-

2367 2616 2638 2681 tichristo,
2660 2631 2889 2685 quorum
2914 2615 3172 2686 magister
3205 2614 3449 2672 diabolus
3482 2622 3578 2670 est.
3612 2611 3670 2669 Et
3694 2609 3848 2686 idem“!

2363 2705 2499 2772 dixi,
2531 2683 2804 2762 Bari-abas
2832 2705 2976 2775 ﬁlius
3010 2683 3258 2777 magistri
3290 2709 3687 2776 interpretatur,
3707 2683 3850 2765 ineius

2358 2806 2663 2866 se(illinitur
2707 2812 2947 2853 errorem
2987 2796 3141 2866 cujus
3188 2798 3290 2857 ﬁlii
3338 2806 3483 2854 sunt.
3533 2797 3680 2852 Porro
3714 2790 3851 2847 Pilatus

2368 2890 2542 2943 victus
2570 2898 2785 2947 terrore
2838 2887 3071 2945 Caesaris
3116 2889 3463 2947 obliviscitur
3504 2890 3849 2944 verberumsno-

2368 2996 2509 3045 rum,
2531 2982 2729 3050 quibus
2746 2990 2991 3052 cmperat
3010 2981 3312 3039 defendere
3338 2980 3682 3039 innocentiam
3694 2974 3851 3035 Christi.

2369 3071 2607 3127 declinat
2622 3057 2889 3142 judicium
2906 3072 2981 3127 ad
3008 3072 3227 3130 facinus
3244 3073 3561 3145 impietatis;
3582 3079 3631 3126 et
3642 3085 3728 3125 nou
3741 3067 3853 3122 solum

2293 3134 2339 3198 (ἶ
2372 3162 2538 3217 tradit
2564 3134 2747 3219 losum
2796 3171 2856 3219 ut
2899 3163 3291 3234 cruciﬁgatur,
3317 3134 3505 3221 verum
3525 3134 3669 3219 etiam
3703 3156 3855 3228 ﬂagellis

2364 3252 2524 3324 prius
2553 3252 2768 3325 1156
2786 3254 3032 3321 caeditur,
3064 3256 3213 3311 sicut
3242 3257 3571 3314 consuetudo
3596 3261 3669 3309 est
3692 3262 3855 3305 reorum.

2370 3345 2637 3414 Quoniam
2664 3345 2879 3403 Marcus
2904 3346 3042 3403 dicit
3069 3347 3195 3403 ideo
3223 3347 3425 3404 fecisse
3455 3355 3510 3403 ut
3534 3342 3702 3417 populo
3714 3334 3857 3395 satisfa-

2368 3448 2543 3506 ceret,
2572 3448 2628 3496 et
2655 3447 2939 3495 cessarent
2965 3441 3036 3496 ab
3079 3439 3476 3498 interiectione
3492 3440 3621 3511 eius,
3643 3450 3743 3491 cum
3762 3429 3860 3485 vide-

2368 3544 2493 3591 rent
2527 3550 2653 3590 eum
2689 3532 3036 3606 ﬂagellatam.

2448 3629 2594 3684 Tunc
2616 3628 2811 3684 milites
2832 3630 3074 3700 prwsidis
3100 3632 3455 3702 suscipientes
3490 3620 3656 3685 Jama
3678 3628 3721 3679 is
3737 3628 3862 3693 ρηιοσ

2372 3723 2451 3777 rio
2471 3762 2485 3788 ,
2516 3721 2725 3777 nullum
2753 3721 3051 3793 disciplina:
3074 3724 3336 3781 ordinem
3374 3730 3666 3783 servantes,
3702 3711 3861 3769 nulla“?

2370 3828 2479 3884 que
2512 3812 2833 3884 gravitatem
2863 3813 2919 3867 in
2950 3813 3181 3883 judicio,
3219 3831 3381 3871 more
3400 3814 3642 3870 Romano
3672 3812 3863 3863 tenenti,

2369 3904 2582 3962 faciunt
2606 3905 2707 3961 sibi
2731 3906 2907 3961 lusum
2931 3904 3116 3963 Iesum
3148 3927 3165 3964 :
3198 3908 3273 3963 Et
3300 3897 3863 3980 congregauemntadnﬁ

2371 3995 2671 4051 mirionum
2715 3996 3012 4061 cohortem;
3048 4008 3099 4051 et
3130 4010 3395 4054 exsteriles
3438 4014 3553 4052 eum
3578 4035 3591 4059 ,
3632 3983 3867 4055 ιήιαπυδω

2371 4088 2667 4143 coccineum
2714 4088 3167 4143 circumdederunt
3216 4093 3288 4145 ei.
3328 4088 3682 4159 Suscipientes
3714 4074 3867 4148 quidem

2369 4194 2496 4235 eum
2520 4179 2576 4235 in
2603 4179 2746 4235 atrio
2767 4182 3028 4250 praetorii,
3063 4182 3207 4237 sicut
3252 4183 3478 4237 Marcus
3496 4180 3637 4240 dicit,
3658 4170 3871 4230 ωηνοαιί

2369 4271 2624 4326 universa
2640 4271 2891 4336 cohorte,
2908 4271 3139 4328 induunt
3154 4288 3287 4329 eum
3311 4283 3571 4344 purpura,
3586 4256 3871 4344 ἱιιιιιίοιιυιεενέί

2368 4364 2428 4419 in
2450 4364 2638 4419 habitu
2663 4364 2942 4434 regnantis
2960 4379 3086 4419 cum
3108 4343 3464 4437 conﬁngunt,
3488 4363 3628 4419 sicut
3651 4358 3697 4412 is
3714 4343 3874 4407 th!!!"is

682 4455 816 4526 quia
839 4454 1005 4526 iudex
1035 4463 1137 4505 nec
1166 4445 1382 4549 invidiae
1404 4445 1643 4551 credere
1677 4442 1860 4551 debuit
1879 4482 1895 4509 ,
1924 4456 2024 4498 nec
2053 4443 2268 4546 timori,
2292 4490 2350 4551 Β
2370 4454 2513 4510 solet
2532 4454 2650 4510 ﬁeri
2668 4456 2890 4525 quando
2922 4456 3294 4512 introducitur
3324 4469 3556 4528 persons
3585 4446 3872 4549 qualibet?”

688 4561 793 4604 nec
818 4544 942 4601 ullis
968 4537 1370 4598 adversantium
1402 4532 1834 4606 impulsionibus,
1866 4541 1927 4589 ut
1949 4533 2268 4604 sanguinem
2294 4532 2348 4551 ν
2374 4543 2500 4600 aia,
2527 4543 2637 4601 Nec
2662 4553 2845 4601 tamen
2868 4560 3055 4601 θοι-ιω,
3081 4561 3246 4601 erm,
3275 4554 3445 4603 vacat
3466 4561 3502 4601 ³
3522 4534 3763 4613 mysta-io,

689 4639 1079 4696 condemnaret
1108 4635 1473 4696 innocentem,
1494 4643 1657 4699 quem
1687 4627 2018 4699 praedicabat
2034 4627 2265 4698 justum.

686 4729 808 4789 Hoc
835 4738 919 4785 est
944 4741 1079 4796 ergo
1103 4724 1247 4795 quod
1272 4724 1349 4778 ait
1377 4740 1390 4776 :
1422 4719 1682 4775 Innoceas
1703 4733 1797 4788 ego
1826 4733 1942 4772 sum
1962 4734 1997 4772 a
2014 4718 2269 4788 sanguine

689 4822 851 4893 hujus
867 4819 1043 4891 justi;
1069 4832 1136 4872 ac
1168 4816 1214 4870 si
1242 4814 1449 4869 diceret
1488 4827 1501 4864 :
1528 4810 1642 4881 Ego
1674 4807 1892 4878 quidem
1926 4808 2267 4864 innocentem

691 4912 838 4970 volui
862 4911 1114 4973 liberare,
1134 4905 1231 4962 sed
1255 4904 1381 4974 quia
1413 4901 1590 4972 magis
1615 4900 1811 4956 seditio
1839 4900 2034 4965 oritur,
2065 4907 2118 4955 et
2142 4912 2268 4970 per-

693 4999 979 5061 duellionis
1005 4996 1138 5053 mibi
1162 5001 1353 5051 contra
1379 4990 1647 5048 Caesarem
1692 4988 1900 5049 crimen
1926 4988 2266 5058 impingitur,

686 5110 778 5151 me
802 5093 930 5151 hinc
955 5091 1082 5149 inde
1111 5090 1454 5144 innocentem
1483 5082 1885 5139 demonstrabo.
1916 5081 2270 5139 Tolerabilior

689 5194 776 5243 est
804 5194 987 5247 tamen
1008 5181 1171 5250 culpa
1178 5177 1378 5251 iudicis
1405 5175 1498 5244 qui
1520 5174 1733 5243 cogitur
1756 5173 2101 5231 sentientiam
2122 5170 2268 5228 ferre

684 5284 878 5337 contra
901 5275 1189 5335 Dominum
1220 5284 1390 5341 quam
1412 5266 1718 5323 indecorum
1734 5306 1750 5333 ,
1779 5265 1871 5336 qui
1899 5272 2118 5335 propter
2139 5279 2265 5334 per-

688 5366 874 5431 ﬁdiam
902 5380 1027 5422 eum
1070 5364 1412 5420 innocentem
1443 5366 1634 5428 petunt
1671 5357 1725 5414 in
1770 5364 2022 5415 mortem.
2061 5355 2267 5411 Pilatus

622 5466 637 5481 '
688 5460 909 5532 quidem
930 5472 1040 5519 non
1067 5457 1292 5513 damnat
1323 5450 1428 5533 sibi
1449 5450 1708 5516 oblatum,
1735 5450 1833 5506 sed
1867 5448 2045 5519 arguit
2073 5448 2269 5504 multo-

690 5554 792 5611 tics
814 5550 1102 5609 uiuentes
1118 5565 1134 5615 ;
1150 5548 1364 5618 justum
1386 5559 1506 5601 esse
1528 5544 1847 5615 peonuntiat
1866 5557 2024 5613 quem
2047 5550 2269 5598 coactus

689 5644 745 5701 in
796 5651 1028 5700 mortem
1079 5641 1330 5704 damnat;
1383 5653 1449 5693 ac
1499 5637 1548 5692 si
1591 5637 1796 5692 diceret
1834 5654 1845 5689 :
1878 5635 2120 5692 Minister
2167 5651 2267 5705 ego

672 5732 827 5807 ἰεεὶι
1044 5733 1137 5804 sed
1166 5740 1346 5789 vestra
1379 5744 1483 5786 vox
1518 5729 1792 5800 vestrique
1833 5728 2032 5784 furoris
2062 5726 2267 5785 clamor

2374 4635 2521 4691 niam
2576 4635 2692 4705 ipse
2731 4634 2848 4692 Rex
2896 4649 3082 4707 regum
3117 4645 3272 4703 erat;
3322 4636 3429 4707 qui
3478 4626 3874 4689 ideohacm"

2375 4726 2614 4796 suscepit
2642 4742 2740 4797 pro
2769 4726 3022 4791 ludibrio,
3075 4736 3136 4781 ut
3164 4734 3529 4783 Omnessnos
3556 4721 3787 4779 echelum
3809 4709 3876 4763 hu‘

2374 4816 2624 4873 militatis
2677 4832 2832 4889 reges
2881 4816 3104 4873 faceret.
3139 4817 3323 4875 Porro
3352 4819 3500 4889 quod
3528 4811 3778 4870 laniant
3797 4797 3872 4854 Ii"

2373 4911 2499 4980 quia
2531 4910 2856 4980 chlamydem
2885 4911 3182 4965 coccineum
3206 4910 3667 4965 circumdederant
3688 4899 3765 4962 ei,

2372 4978 2491 5068 cus,
2516 5014 2563 5058 et
2594 4978 2841 5068 induunt,
2870 5004 3069 5073 inquit,
3094 5004 3141 5057 ei
3164 5019 3472 5073 purpuram
3510 4997 3687 5072 (llam.
3712 5002 3787 5049 πε
3805 4978 3877 5044 ¹⁷)’

2375 5096 2640 5165 Quoniam
2668 5112 2765 5168 pro
2794 5097 2944 5168 regio
2972 5096 3298 5155 indumento
3339 5096 3588 5165 chlamys
3620 5078 3881 5144 ilde

2375 5190 2443 5245 ab
2474 5188 2850 5254 illudentibns,
2892 5203 3017 5258 quae
3046 5197 3101 5243 et
3140 5188 3195 5243 in
3233 5187 3457 5244 Joanne
3494 5181 3653 5239 vestis
3685 5174 3877 5264 Ρυιρυτῗ

2372 5288 2615 5345 vocatur,
2647 5280 2773 5351 quia
2808 5289 2892 5336 est
2914 5295 3151 5351 purpura
3180 5279 3450 5348 quaedam
3480 5275 3661 5339 rubra,
3687 5270 3880 5351 ωοαοειξ

2372 5370 2615 5425 millima.
2656 5348 2840 5426 Potest
2864 5348 3035 5425 etiam
3056 5369 3171 5424 fieri
3203 5384 3339 5425 cum
3366 5369 3560 5424 eadem
3592 5348 3884 5423 τοωιωῐάθθί

2369 5469 2512 5519 esset
2542 5471 2597 5517 et
2625 5476 2886 5531 purpura,
2910 5461 3160 5531 quamvis
3196 5470 3356 5517 esset
3389 5460 3482 5516 illa
3522 5454 3764 5515 coccinea

2369 5553 2549 5608 omnia
2582 5553 2683 5608 hoc
2710 5552 2828 5607 loco
2854 5552 3136 5608 Mattheus
3169 5567 3275 5622 per
3319 5550 3736 5609 recordationem
3764 5538 3885 5597 ωειδ

2369 5660 2530 5714 quam
2560 5644 2614 5699 in
2636 5645 2825 5700 ordine
2850 5659 3077 5700 narrare
3092 5645 3350 5713 videtur;
3370 5645 3501 5715 quia
3522 5642 3657 5697 sicut
3674 5636 3723 5690 in
3740 5627 3886 5720 ξοξξξίδθ

2370 5707 2721 5794 monstratur.
2753 5733 2903 5804 prius
2928 5742 3078 5806 gesta
3110 5742 3241 5788 sunt
3277 5707 3343 5789 in.
3361 5707 3616 5805 pratorio
3644 5719 3765 5795 apud
3786 5707 3885 5768 “‘3‘
