4016 6354
193 267 289 328 941

916 264 1277 325 EXPOSITIO
1312 266 1380 323 IN
1420 264 1853 323 MATTHIEUM.
1891 295 1963 304 —
1990 264 2117 319 LIB.
2162 264 2273 329 XII,
2311 265 2459 321 CAP.
2504 264 2717 320 XXVII.

3358 268 3460 327 942

193 393 325 451 ιιιω,
373 398 536 455 quam
564 385 681 455 ipse
724 396 848 438 eum
886 380 1151 436 militibus
1198 380 1310 451 jam
1346 380 1771 453 cruciﬁgendum
1801 383 1850 445 Α
1878 379 2275 449 conspicantibus
2316 379 2368 431 in
2406 395 2485 433 me
2533 376 2705 450 (Psal.
2736 396 2799 445 ι,
2826 377 2911 450 6).
2944 378 2989 435 0
3017 380 3274 451 patientia
3303 381 3458 439 heni-

190 474 523 530 tradidisset.
550 472 746 529 Postea
770 486 900 525 vero
932 485 1095 542 quam
1127 469 1413 525 illuserunt
1436 470 1507 536 ei,
1538 479 1594 525 et
1633 469 1771 524 fece-

187 575 312 637 runt
337 567 520 622 omnia
553 565 786 621 ludibria
816 564 871 619 in
899 579 964 619 eo
989 605 1005 631 ,
1040 573 1296 619 exuerunt
1339 563 1664 636 chlamydem
1684 607 1698 630 ,
1724 574 1775 621 et

188 658 476 712 induerunt
514 672 632 711 eum
670 654 983 710 vestimentis
1013 654 1126 720 eius
1149 695 1162 718 ,
1200 664 1247 708 et
1278 654 1544 709 duxerunt
1571 671 1687 709 eum
1716 663 1773 710 ut

187 749 569 820 eruciﬁgerent.
601 748 775 802 Antea
812 760 942 801 vero
981 744 1121 817 apud
1162 745 1394 803 Pilatum
1433 747 1550 802 htec
1591 747 1771 802 omnia

184 859 301 915 qua:
334 844 404 899 ab
434 840 796 913 Evangelistis
838 839 1052 894 diverse
1097 848 1419 904 narrantur,
1448 848 1598 912 gesta
1626 847 1770 897 sunt.

183 936 320 997 Puto
344 936 533 1007 itaque
561 935 617 989 in
647 933 836 990 eodem
862 932 1170 1004 spectaculo
1207 948 1313 988 non
1369 931 1601 989 defuisse
1625 935 1775 1005 prin-

183 1029 330 1098 cipes
358 1041 423 1082 ac
465 1025 665 1081 milites
710 1024 1061 1096 tenebrarum
1105 1023 1195 1094 qui
1227 1033 1613 1090 convenerant,
1642 1039 1706 1080 ac
1726 1024 1773 1080 si

182 1121 382 1179 cohors
415 1119 506 1175 illa
532 1119 792 1174 adversus
822 1117 1108 1174 Dominum
1132 1126 1186 1173 et
1205 1118 1464 1173 adversus
1496 1116 1773 1173 Christum

181 1209 318 1280 eius,
351 1225 383 1265 a
413 1210 607 1280 quibus
641 1217 697 1263 et
724 1208 814 1264 isti
854 1208 1058 1273 delusi,
1100 1206 1227 1262 talia
1257 1217 1447 1264 contra
1484 1217 1774 1264 consuetu-

179 1302 363 1359 dinem
404 1298 829 1355 meditabantur.
874 1298 942 1353 Et
994 1298 1115 1353 ideo
1165 1299 1342 1369 potius
1389 1299 1508 1354 haec
1564 1299 1771 1356 delusio

179 1395 489 1451 daemonum
536 1398 654 1446 erat
689 1405 850 1462 quam
905 1389 1218 1453 hominum,
1270 1397 1329 1443 ut
1378 1389 1434 1444 in
1480 1389 1567 1444 his
1605 1389 1769 1445 etiam

178 1484 544 1555 triumpharet
570 1482 746 1538 Jesus.
784 1481 922 1549 Quia
955 1497 1062 1537 non
1105 1489 1359 1552 poterant
1410 1481 1667 1551 praescire
1712 1481 1769 1536 in

177 1577 280 1633 hac
304 1575 711 1648 dispensatione
752 1572 1083 1630 sacramenti
1125 1573 1448 1643 sapientiam
1476 1572 1606 1639 Dei;
1633 1573 1771 1631 alias

178 1677 362 1723 autem
409 1665 470 1722 Si
520 1665 911 1737 cognovissent,
960 1680 1226 1735 nunquam
1274 1663 1558 1717 Dominum
1587 1664 1769 1734 gloria:

1874 471 2119 542 gnissimi
2132 470 2227 527 Dei
2247 473 2259 525 l
2280 487 2440 542 quam
2456 472 2831 542 mquanimiter
2843 475 3024 529 omnia
3041 474 3172 529 fert!
3193 491 3293 532 nec
3313 491 3460 534 aver-

1874 561 1943 615 tit
1966 574 2025 615 se
2039 576 2068 615 a
2087 560 2404 617 confusione
2416 570 2720 631 sputorum,
2741 576 2843 617 nec
2865 570 3109 618 movetur
3123 580 3246 620 cum
3262 582 3425 636 percu
3437 597 3456 609 -

1875 651 2302 719 titurarundine,
2318 653 2618 709 secundum
2631 652 2823 708 Isaiam
2854 655 3198 724 prophetam,
3213 667 3266 710 et
3297 672 3460 712 aruno

1873 743 2056 799 dinem
2095 754 2405 815 quassatam
2438 760 2545 800 non
2591 745 2916 817 confringet,
2950 747 3045 801 sed
3074 748 3257 802 omnia
3294 748 3349 802 in
3399 765 3460 805 se

1872 833 1978 892 fert
2020 845 2240 907 peccata
2284 844 2491 903 nostra,
2535 853 2656 908 qua:
2700 845 2855 892 erant
2885 838 3048 894 rubra
3085 854 3151 894 ac
3177 840 3222 895 si
3255 842 3457 896 vermi-

1873 926 2045 993 culus,
2077 936 2138 983 ut
2173 926 2329 998 quasi
2356 928 2451 982 nix
2498 942 2596 999 per
2640 943 2763 983 cum
2794 928 3210 995 dealbarentttr,
3260 938 3316 984 et
3363 932 3459 986 lic-

1872 1029 1995 1075 rent
2026 1020 2145 1076 alba
2172 1022 2500 1077 vestimenta
2533 1030 2736 1087 nostra,
2776 1020 2970 1087 Qualia
2995 1021 3127 1091 fullo
3158 1037 3261 1077 non
3292 1033 3458 1092 potest

1872 1108 2045 1179 facere
2071 1128 2227 1182 super
2262 1122 2454 1166 terram
2489 1110 2682 1184 (Marc.
2728 1126 2815 1179 Ix,
2847 1110 2925 1183 5).
2959 1111 3067 1167 Sed
3105 1112 3301 1167 mirum
3327 1115 3459 1183 quid

1871 1208 2100 1263 voluerit
2139 1206 2468 1278 evangelista
2515 1221 2636 1261 cum
2687 1204 2784 1271 ait,
2845 1205 2970 1274 quia
3017 1213 3284 1261 exuerunt
3333 1221 3458 1261 eum

1872 1314 2061 1354 rursus
2091 1298 2432 1370 chlamydem
2462 1296 2791 1352 coccineam.
2843 1295 2920 1351 De
2960 1311 3159 1351 corona
3186 1313 3316 1353 vero
3342 1298 3457 1367 Spi-

1871 1406 1992 1457 nea,
2024 1391 2167 1460 quod
2206 1390 2573 1459 deposuerunt
2598 1403 2721 1442 eam
2746 1403 2777 1441 a
2802 1389 2997 1459 capite,
3025 1388 3191 1443 semel
3240 1389 3316 1445 illi
3339 1390 3456 1445 illa-

1873 1491 2003 1548 tam,
2035 1483 2221 1548 tacuit,
2275 1491 2463 1537 etnon
2508 1490 2593 1536 est
2623 1482 2904 1551 scriptum,
2960 1497 3135 1553 neque
3186 1482 3313 1553 quia
3364 1484 3458 1538 de-

1872 1574 2137 1629 traxerint
2185 1588 2326 1639 eam,
2375 1581 2429 1627 et
2459 1572 2564 1628 hoc
2600 1587 2705 1627 non
2738 1572 2941 1643 absque
2967 1589 3163 1644 magno
3197 1575 3453 1646 mysterio

1870 1682 1989 1724 esse
2016 1667 2271 1723 arbitror.
2303 1665 2454 1721 Licet
2482 1665 2629 1721 enim
2672 1665 2726 1720 in
2755 1665 3038 1737 chlamyde
3068 1666 3284 1738 1158
3325 1683 3452 1722 coc-

176 1759 563 1828 cruciﬁzissetu
596 1756 648 1826 (I
681 1756 803 1812 Cor.
847 1771 918 1823 ιι,
967 1755 1043 1826 8).
1075 1754 1217 1826 Ergo
1243 1753 1438 1810 cohors
1468 1754 1557 1810 illa
1586 1756 1764 1812 multi-
1789 1741 1840 1802 Β
1866 1757 2040 1823 cinea,
2079 1765 2135 1811 et
2163 1756 2217 1811 in
2245 1755 2434 1825 spinea
2460 1770 2658 1810 corona
2704 1756 2933 1811 voluerit
2957 1766 3282 1824 monstrare,
3309 1760 3454 1828 quod

174 1853 306 1908 tudo
351 1851 588 1906 militum
632 1858 785 1915 erat;
832 1851 961 1920 quia
1002 1850 1058 1905 in
1093 1864 1200 1904 una
1237 1849 1465 1905 cohorte
1506 1850 1760 1905 dicuntur

172 1947 428 2009 trecenti,
456 1953 549 2000 aut
577 1961 645 2001 eo
672 1944 841 1999 multo
863 1942 1093 2014 amplius
1125 1942 1325 1998 milites
1350 1957 1499 2008 esse,
1528 1958 1759 2013 quorum

173 2056 438 2097 numerus
468 2039 617 2093 illam
650 2036 974 2093 iuvisibilem
1008 2036 1346 2107 designabat,
1390 2044 1581 2091 contra
1624 2050 1759 2105 quos

168 2130 441 2187 dimicare
488 2128 736 2184 Christus
782 2134 1031 2191 venerat;
1080 2140 1182 2181 nec
1245 2126 1408 2197 igitur
1472 2125 1575 2181 iste
1644 2126 1761 2182 sine

168 2237 379 2294 magno
403 2221 659 2292 mysterio
680 2260 697 2285 ,
741 2218 990 2291 quamvis
1018 2217 1222 2286 nescii,
1258 2216 1463 2273 faciunt
1500 2218 1622 2272 ista.
1651 2218 1760 2273 Au-

168 2315 393 2375 dierant
434 2313 576 2367 enim
607 2310 735 2382 quia
763 2325 857 2365 rex
887 2308 1063 2364 fuerat
1096 2308 1407 2365 nominatus
1430 2307 1755 2374 intimorum,

166 2413 223 2461 et
281 2404 407 2459 ideo
467 2402 700 2457 illudunt
748 2400 993 2465 nomini,
1049 2415 1156 2455 non
1213 2398 1572 2471 intelligentes
1631 2397 1761 2469 quid

171 2493 390 2566 1157
416 2503 657 2565 agerent,
685 2507 810 2548 cum
834 2493 884 2547 ei
908 2492 1192 2562 imponunt
1212 2490 1432 2546 schema
1459 2491 1756 2559 regnantis.

163 2588 304 2644 Nam
339 2587 547 2658 clamys
594 2585 705 2651 illa,
756 2592 817 2639 ut
869 2582 1002 2651 dixi,
1059 2583 1310 2639 coccinea
1358 2598 1453 2638 seu
1498 2598 1757 2654 purpura,

164 2679 493 2752 mysterium
520 2686 641 2734 erat
669 2676 808 2748 signi
845 2675 1105 2742 coccinei,
1138 2676 1282 2746 quod
1306 2674 1435 2730 olim
1465 2673 1614 2730 Raab
1642 2691 1759 2730 me-

167 2762 344 2828 retrix
370 2771 635 2841 ligaverat
661 2769 715 2823 in
760 2766 1000 2823 fenestra
1021 2767 1074 2822 in
1104 2765 1333 2822 salutem
1379 2766 1571 2822 domus
1617 2781 1758 2837 suae;

164 2876 389 2921 necnon
414 2868 472 2915 et
501 2858 739 2915 Thamar
765 2857 836 2913 ad
862 2870 1084 2913 manum
1118 2857 1274 2925 pueri
1315 2857 1592 2912 nascentis
1632 2870 1761 2912 coc-

165 2968 297 3010 cum
357 2951 578 3022 alligat,
628 2950 686 3005 in
732 2948 889 3021 signo
943 2947 1211 3018 passionis
1259 2945 1481 3003 Christi.
1535 2946 1760 3013 Idcirco,

166 3045 299 3115 quia
329 3041 651 3113 mysterium
697 3046 817 3094 erat
863 3022 993 3094 olim
1026 3038 1473 3108 praenuntiatum,
1527 3037 1764 3108 suscepit

1863 1858 2047 1905 nostra
2078 1857 2299 1918 peccata
2329 1861 2492 1916 super
2517 1862 2575 1901 se
2621 1846 2824 1913 tulerit,
2870 1848 3027 1919 longe
3067 1858 3245 1906 tamen
3296 1850 3454 1908 aliter

1861 1947 1968 2003 est,
1996 1938 2124 2007 quia
2154 1948 2360 1993 vestem
2390 1937 2666 2007 deposuit,
2698 1946 2753 1993 et
2780 1939 3026 2008 spineam
3062 1956 3316 1996 coronam
3346 1958 3452 1999 non

1861 2031 2110 2095 mutavit,
2133 2031 2245 2094 sed,
2276 2039 2333 2083 ιιι
2361 2030 2437 2083 ita
2467 2028 2661 2097 fatear,
2690 2031 2745 2084 in
2778 2046 2836 2086 se
2858 2019 3262 2103 consumpsit‘ut
3285 2034 3453 2104 spina:

1863 2122 2118 2192 deinceps
2144 2120 2198 2176 in
2238 2136 2303 2177 eo
2331 2135 2438 2175 non
2468 2128 2670 2187 essent,
2712 2135 2887 2191 neque
2926 2121 3123 2178 alicubi
3154 2134 3354 2180 essent.
3386 2126 3453 2181 Et

1861 2212 1985 2270 ideo
2025 2229 2122 2284 per
2158 2213 2492 2285 chlamydem
2521 2214 2850 2280 coccineam,
2877 2230 3022 2282 caro,
3058 2215 3113 2271 in
3149 2218 3455 2273 similitudi-

1862 2319 1987 2360 nem
2032 2305 2214 2360 earnis
2246 2305 2452 2375 peccati
2481 2313 2783 2374 assumpta,
2828 2305 3161 2377 designatur.
3207 2308 3361 2365 Unde
3397 2319 3453 2364 ct

1862 2397 1919 2451 in
1947 2396 2210 2451 Zacharia
2236 2436 2251 2463 ,
2282 2396 2602 2452 vestimenta
2631 2394 2759 2451 Iesu
2780 2400 3076 2455 sacerdotis
3117 2402 3332 2457 sordida
3379 2402 3453 2457 le-

1863 2496 2084 2558 guntur,
2114 2503 2219 2542 non
2259 2494 2482 2558 peccato
2520 2485 2738 2553 infecta,
2784 2489 2879 2544 sed
2918 2491 3045 2559 quia
3076 2494 3448 2563 corruptibilia

1862 2579 1920 2635 in
1970 2579 2374 2635 similitudinem
2423 2580 2602 2635 carnis
2644 2581 2895 2651 peccati,
2933 2583 3194 2655 sanguine
3231 2587 3451 2656 proprio

1861 2670 2076 2740 penitus
2120 2681 2436 2743 purpurata.
2484 2670 2656 2740 Quam
2686 2687 2817 2728 sane
2845 2677 3282 2746 corruptionem,
3325 2680 3448 2748 quia

1864 2761 2068 2829 amisit,
2094 2762 2251 2833 quasi
2280 2763 2585 2819 coccineum
2610 2773 2838 2832 vestem,
2869 2767 3098 2822 mutavit
3125 2782 3223 2839 per
3243 2771 3453 2840 passio-

1865 2870 1989 2909 nem
2018 2856 2217 2921 crucis,
2243 2872 2364 2911 cum
2389 2857 2877 2927 immortalitatem,
2909 2874 3072 2931 quam
3107 2878 3322 2934 semper
3353 2865 3449 2919 lia-

1864 2948 2004 3015 huit,
2026 2950 2251 3021 recepit.
2280 2949 2449 3007 Porro
2482 2951 2665 3021 spinas
2711 2967 2848 3023 quas
2893 2954 2947 3008 in
3002 2955 3178 3026 capite
3223 2958 3452 3027 gestavit

1866 3060 1974 3100 non
2005 3046 2257 3116 mutavit,
2282 3061 2383 3102 nec
2427 3046 2623 3102 alicubi
2678 3050 3028 3119 transposuit,
3060 3052 3156 3107 sed
3201 3067 3452 3109 consum-

167 3135 301 3190 illud
330 3131 494 3187 Jesus
520 3132 577 3186 in
602 3146 693 3197 se,
740 3142 801 3184 ut
830 3144 953 3185 eum
1001 3144 1440 3200 recognosceres,
1468 3128 1560 3199 qui
1583 3144 1680 3184 suo
1706 3128 1761 3184 in
1787 3121 1834 3186 C
1863 3137 2002 3208 psit;
2035 3137 2111 3191 ita
2141 3146 2200 3192 ut
2241 3137 2297 3193 in
2342 3138 2518 3209 capite
2559 3137 2689 3194 Jesu
2719 3154 2826 3195 non
2855 3141 3052 3210 spime,
3103 3144 3196 3199 sed
3245 3145 3450 3215 lapides

168 3228 438 3299 sanguine
481 3225 739 3299 mundum
788 3223 999 3279 salvare
1045 3232 1284 3279 venerat.
1334 3223 1440 3293 lpsi
1485 3239 1613 3280 vero
1660 3242 1757 3282 ne-

166 3321 411 3378 scientes
464 3317 716 3381 illudunt,
770 3326 830 3372 ut
868 3330 993 3371 eum
1023 3315 1315 3387 depingunt
1357 3332 1560 3386 regem,
1593 3325 1648 3370 et
1682 3316 1762 3371 di-

167 3422 328 3470 eunt:
348 3414 481 3478 Ave,
504 3428 596 3465 rex
616 3410 949 3465 Iudaeorum.
969 3408 1104 3478 Quia
1126 3409 1228 3464 hoc
1243 3409 1294 3463 ei
1321 3409 1527 3464 crimen
1557 3407 1761 3464 Scriba:

166 3507 570 3567 etsacerdotes
605 3505 943 3576 objecerant,
992 3516 1152 3573 quem
1200 3504 1462 3558 nudatum
1515 3502 1761 3572 pristinis

166 3602 415 3659 vestibus
440 3600 671 3657 induunt
698 3609 847 3657 veste
874 3614 1143 3670 purpurea
1164 3638 1182 3665 ,
1219 3607 1273 3655 et
1299 3615 1396 3669 pro
1437 3615 1572 3661 rosae
1595 3599 1761 3656 limbo

166 3710 274 3764 quo
301 3707 469 3763 reges
492 3700 706 3747 veteres
732 3690 1043 3759 utebantur,
1092 3698 1147 3746 et
1174 3706 1273 3761 pro
1318 3690 1622 3746 diademate
1668 3706 1761 3760 po-

164 3798 301 3842 nunt
330 3785 390 3841 ei
415 3798 672 3843 coronam
706 3783 983 3853 spineam;
1032 3798 1133 3852 pro
1162 3790 1380 3851 sceptro
1424 3781 1592 3853 regali
1629 3783 1762 3838 dant

162 3879 214 3935 ei
245 3877 550 3942 calamum,
596 3885 655 3935 et
700 3876 929 3930 adorant
976 3874 1285 3941 illudentes,
1346 3874 1503 3945 quasi
1554 3889 1755 3946 regem.

165 3969 276 4027 Nos
301 3978 496 4037 autem
522 3969 643 4025 haec
670 3968 852 4027 omnia
881 3967 1111 4039 mystice
1152 3965 1517 4035 intelligentes
1561 3967 1614 4021 in
1640 3980 1763 4037 pro-

159 4061 378 4133 phetia,
404 4059 546 4115 sicut
572 4058 807 4129 Caiphas
833 4058 926 4127 qui
956 4058 1112 4124 dixit,
1130 4057 1353 4127 Oportet
1382 4072 1549 4112 unum
1581 4056 1759 4113 homi-

160 4168 287 4209 nem
321 4152 467 4207 mori
495 4165 596 4221 pro
618 4150 890 4216 omnibus,
929 4150 1181 4207 nesciens
1211 4149 1344 4220 quid
1386 4147 1596 4204 diceret
1636 4168 1650 4204 :
1680 4150 1760 4205 sic

159 4256 214 4302 et
236 4246 338 4300 isti
372 4244 735 4314 quodcunque
762 4242 985 4306 faciunt,
1017 4243 1143 4298 licet
1170 4257 1427 4313 perverso
1465 4242 1660 4313 spiritu
1704 4241 1758 4296 id

156 4335 422 4401 fecerint,
448 4334 608 4393 nobis
637 4344 819 4391 tamen
863 4342 1201 4391 sacramenta
1236 4333 1426 4389 salutis
1452 4332 1755 4403 operaban—

155 4439 266 4484 tur.
294 4425 449 4483 Nam
470 4424 541 4481 .in.
561 4424 844 4498 chlamyde
891 4426 1145 4480 coccinea
1190 4424 1541 4495 designantur
1589 4438 1755 4493 opera

154 4521 412 4593 gantimn
434 4527 659 4575 cruenta
679 4556 697 4584 ,
724 4532 845 4586 quae
871 4518 1139 4572 charitate
1165 4515 1365 4575 Christi
1392 4524 1673 4573 mutantur
1699 4515 1755 4570 in

152 4625 394 4669 coccum
435 4608 522 4667 his
568 4608 996 4678 tinctum;-quia
1045 4607 1100 4662 in
1148 4622 1314 4663 cocco
1342 4607 1600 4674 charitas,
1645 4622 1752 4678 qua

151 4704 413 4763 induitur
455 4699 741 4765 Christus,
792 4700 1015 4756 omnino
1065 4700 1408 4770 exprimitur.
1462 4699 1521 4754 In
1566 4701 1752 4770 spinea

146 4811 285 4852 vero
316 4807 553 4858 corona,
598 4791 944 4851 maledictum
994 4791 1125 4846 illud
1171 4792 1454 4862 antiquum
1504 4791 1749 4858 solvitur,

148 4899 208 4942 ut
260 4897 425 4944 terra
473 4885 729 4954 deinceps
778 4894 986 4951 nostra,
1029 4898 1150 4954 quae
1196 4884 1382 4955 spinas
1422 4893 1479 4939 et
1525 4884 1753 4941 tribulos

146 4977 509 5051 gemith
541 4975 773 5046 peccati,
804 4985 952 5032 serta
974 4982 1267 5046 componat
1310 4975 1507 5045 capitis
1531 4974 1750 5043 Christi,

144 5078 206 5125 et
240 5069 351 5125 ﬁat
380 5067 626 5124 Ecclesia
661 5083 857 5139 sponsa
891 5075 1083 5123 ornata
1111 5067 1231 5123 viro
1257 5082 1377 5133 suo,
1411 5082 1535 5123 cum
1562 5066 1752 5123 diade-

148 5168 302 5217 mate
314 5157 539 5216 salutis.
554 5158 684 5216 Fert
696 5154 826 5230 ergo
850 5157 1119 5215 calamum
1149 5158 1206 5214 in
1230 5173 1417 5225 manu,
1447 5173 1556 5229 quo
1584 5173 1749 5216 vene-

146 5260 283 5308 nata
313 5250 543 5308 occidat
586 5258 899 5321 serpentum
926 5265 1157 5322 genera;
1189 5250 1275 5308 vel
1313 5251 1436 5308 ideo
1485 5250 1751 5311 calamum

143 5354 368 5416 gestat,
400 5353 462 5400 ut
502 5356 633 5403 suos
662 5344 972 5401 conscribat
1000 5343 1201 5407 milites
1240 5344 1297 5400 in
1344 5344 1669 5413 aeternitate,
1696 5352 1752 5399 et

140 5435 517 5507 sacrilegium
548 5451 656 5493 non
683 5437 904 5495 omittat
937 5437 1279 5501 conscribere
1321 5436 1653 5507 Judaeorum.
1684 5438 1753 5495 Et

140 5538 478 5600 mpuentes
522 5529 578 5584 in
622 5546 763 5594 eum,
794 5539 1101 5600 acceperunt
1130 5529 1464 5595 arundinem,
1493 5538 1540 5583 et
1569 5546 1757 5602 percu-

140 5618 364 5672 ﬁebant
416 5626 572 5685 caput
609 5618 745 5688 ejus,
790 5625 850 5672 ut
891 5619 1250 5689 compleretur
1300 5618 1445 5689 quod
1496 5619 1757 5690 scriptum

1779 4477 1834 4537 D

1866 3230 2246 3301 resplendeant
2273 3231 2518 3302 pretiosi.
2552 3230 2688 3287 Hinc
2719 3249 2933 3303 quoque
2968 3234 3167 3290 dictum
3197 3247 3296 3302 est,
3323 3239 3450 3310 quia

1866 3321 1921 3376 in
1953 3322 2257 3376 diademate
2287 3322 2480 3391 capitis
2526 3321 2708 3378 Aaron
2763 3323 2967 3393 lapides
3020 3322 3298 3395 fulgebunt
3328 3344 3452 3383 san-

1867 3411 2080 3466 ctuarii.
2135 3411 2307 3483 Caput
2354 3427 2586 3483 namque
2629 3411 2832 3468 Christi
2883 3414 3024 3469 Deus
3070 3427 3195 3481 est,
3247 3418 3301 3472 in
3341 3434 3450 3489 quo

1866 3505 2033 3574 spinae
2059 3519 2180 3560 esse
2221 3520 2325 3560 non
2353 3512 2599 3575 possunt,
2641 3514 2696 3560 et
2738 3506 2858 3561 ideo
2906 3508 2959 3562 in
3003 3523 3070 3563 eo
3097 3510 3303 3579 lapides
3325 3511 3450 3581 jure

1867 3594 2214 3664 resplendere
2242 3595 2515 3663 dicuntur,
2543 3597 2669 3667 quia
2702 3597 2795 3667 qui
2821 3598 2876 3652 in
2904 3612 2970 3654 eo
2994 3609 3138 3667 sunt,
3166 3610 3447 3670 peccatum

1866 3686 2066 3743 habere
2086 3695 2377 3758 nequeunt.
2409 3686 2615 3743 Idcirco
2662 3688 2731 3744 ab
2758 3689 3100 3761 Evangelista
3128 3707 3327 3748 corona
3356 3692 3448 3748 illa

1865 3796 1971 3836 non
2010 3781 2251 3837 detracta
2300 3796 2475 3850 neque
2535 3780 2777 3852 deposita
2842 3783 3070 3851 dicitur,
3124 3786 3251 3856 quia
3317 3801 3448 3843 con-

1864 3879 2075 3940 sumpta
2109 3886 2140 3925 a
2169 3871 2343 3941 capite
2366 3870 2494 3927 Jesu
2520 3880 2760 3943 peccata,
2780 3882 2839 3927 ut
2856 3871 2971 3943 jam
2996 3891 3103 3931 non
3125 3877 3235 3932 sint
3255 3877 3446 3948 spinae,

1864 3970 2011 4018 recte
2039 3963 2352 4018 creduntur.
2389 3961 2615 4018 Sustulit
2656 3965 2801 4019 enim
2846 3980 2911 4021 ea
2937 3981 3099 4037 super
3139 3968 3450 4026 venerabile

1865 4063 2026 4126 caput
2052 4071 2228 4121 suum,
2266 4063 2321 4110 et
2343 4055 2562 4111 abstulit
2584 4072 2614 4112 a
2644 4057 2803 4114 nobis
2828 4065 2889 4113 ut
2914 4075 3021 4115 non
3046 4060 3176 4128 sint,
3209 4077 3273 4117 ac
3314 4076 3446 4118 con-

1864 4148 2112 4217 sumpsit.
2138 4146 2198 4203 In
2227 4148 2380 4219 cujus
2410 4148 2631 4204 dextera
2656 4150 2923 4217 calamus,
2967 4159 3026 4207 ut
3049 4152 3210 4210 aliter
3243 4154 3446 4222 dicam,

1862 4239 1982 4295 ideo
2011 4241 2249 4312 ponitur,
2283 4249 2341 4295 ut
2378 4241 2640 4312 fragilitas
2667 4241 2910 4315 Egypti,
2949 4245 3103 4316 cujus
3138 4261 3235 4302 rex
3277 4248 3445 4304 bacu-

1861 4331 1945 4386 lus
1973 4331 2302 4388 arundineus
2332 4342 2580 4399 vocatur,
2617 4335 2669 4388 in
2702 4335 2836 4405 ipso,
2861 4342 2922 4389 ut
2950 4336 3050 4406 ipsi
3080 4337 3184 4393 sibi
3217 4336 3445 4410 ﬁngunt,

1862 4423 2251 4495 conﬁguretur,
2288 4425 2383 4480 sed
2426 4436 2825 4481 sacramentum
2873 4436 2957 4483 est
3004 4429 3282 4501 regnantis
3328 4430 3444 4497 Dei,

1861 4516 2015 4586 cujus
2034 4518 2199 4574 etiam
2226 4518 2430 4591 lingua,
2480 4519 2716 4575 calamus
2742 4522 2927 4577 scriba:
2952 4523 3192 4579 velociter
3214 4525 3445 4579 scriben-

1860 4609 1951 4673 tis,
1980 4607 2194 4674 dicitur,
2254 4617 2309 4663 et
2353 4609 2497 4680 virga
2541 4609 2843 4666 directionis
2871 4650 2886 4678 ,
2944 4613 3090 4684 virga
3141 4614 3286 4685 regni
3330 4612 3445 4683 ejus

1862 4697 2035 4772 (Psal.
2066 4717 2212 4766 κων,
2232 4701 2290 4767 2,
2320 4701 2397 4774 7).
2431 4701 2677 4774 Suscepit
2701 4704 2914 4776 quidem
2937 4712 3209 4775 sceptrum
3238 4706 3446 4776 fragilis

1859 4792 2009 4864 regni
2040 4792 2105 4848 de
2137 4794 2386 4849 manibus
2410 4795 2631 4862 nostris,
2668 4796 2723 4851 in
2769 4813 2877 4868 quo
2902 4814 3002 4854 nos
3049 4798 3188 4854 male
3230 4800 3441 4867 conflsi,

1859 4883 1949 4938 diu
1980 4882 2140 4938 innisi
2183 4900 2369 4939 sumus
2406 4893 2465 4940 ut
2503 4886 2876 4957 triumpharet,
2907 4897 2962 4945 et
2991 4899 3295 4946 contereret
3319 4906 3443 4946 eum

1862 4973 1917 5027 in
1940 4973 2084 5044 ligno
2104 4975 2312 5040 crucis;
2349 4989 2447 5045 pro
2478 4991 2586 5047 quo
2612 4977 2820 5034 calamo
2847 4990 3122 5050 sceptrum
3154 4982 3302 5051 regni
3332 4995 3443 5037 cm-

1859 5063 2029 5131 lestis,
2070 5073 2125 5121 et
2158 5065 2358 5138 virgam
2387 5068 2657 5138 aequitatis
2683 5069 2830 5126 dedit
2856 5071 3032 5137 nobis,
3064 5071 3130 5126 de
3156 5086 3262 5142 qua
3291 5072 3441 5143 virga

1810 5196 1819 5203 .
1860 5156 2103 5213 canimus
2136 5157 2189 5212 in
2219 5156 2431 5214 Psalmo
2457 5177 2471 5214 :
2508 5158 2667 5233 Virga
2698 5170 2810 5228 tua,
2835 5170 2883 5216 et
2914 5163 3128 5217 baculus
3156 5173 3298 5229 tuus,
3327 5164 3442 5234 ipsa

1858 5268 1939 5306 me
1961 5249 2226 5306 consolata
2254 5261 2374 5308 sunt
2403 5249 2574 5323 (Psal.
2606 5269 2716 5319 xxi,
2750 5253 2825 5324 4).
2868 5255 3065 5325 Sicque
3110 5263 3253 5312 totus
3287 5255 3442 5310 habi—

1860 5353 1948 5399 tus
1968 5344 2036 5400 ab
2063 5345 2147 5401 his
2173 5345 2226 5400 in
2251 5361 2316 5401 eo
2341 5346 2649 5419 depingitur
2690 5347 2871 5420 regis;
2896 5356 2955 5402 ut
2997 5356 3052 5403 et
3076 5364 3304 5419 persona
3361 5349 3441 5403 in-

1858 5436 2172 5492 troducatur
2212 5438 2503 5508 regnantis,
2547 5445 2599 5491 et
2634 5437 2949 5507 mysterium
2993 5438 3315 5505 declaretur,
3347 5451 3440 5497 vet

1858 5529 1961 5585 lint
1982 5530 2176 5596 nolint,
2203 5538 2396 5584 nostrm
2428 5530 2823 5599 redemptidnis.
2858 5533 2931 5585 De
2953 5547 3056 5601 qua
3080 5532 3263 5604 itaque
3290 5533 3436 5605 virga

1860 5619 2057 5675 Paulus
2088 5619 2361 5689 apostolus
2390 5618 2751 5690 gloriabatur:
2783 5619 2922 5686 Quid
2944 5621 3124 5689 vultis,
3152 5622 3355 5693 inquit;
3383 5623 3438 5677 in

146 5719 284 5767 erat
318 5726 333 5763 :
376 5706 592 5764 Facient
628 5726 794 5765 meam
837 5728 939 5765 non
982 5712 1140 5765 averti
1181 5712 1245 5767 ab
1294 5711 1676 5772 increpantibus
1711 5720 1761 5767 et
1863 5712 2005 5782 virga
2037 5714 2232 5767 veniam
2271 5711 2337 5763 ad
2384 5729 2490 5778 vos,
2542 5729 2609 5765 an
2658 5712 2711 5767 in
2751 5715 2936 5784 spiritu
2985 5715 3440 5773 mansuetudinis!
