  <div class='ocr_page' id='page_1' title='image "/cluster/home/n/w/nwhite01/storage/ocr_20150623/120/hvd.32044015466923/477.png"; bbox 0 0 4016 6354; ppageno 0'>
   <div class='ocr_carea' id='block_1_1' title="bbox 683 296 789 353">
    <p class='ocr_par' dir='ltr' id='par_1_1' title="bbox 683 296 789 353">
     <span class='ocr_line' id='line_1_1' title="bbox 683 296 789 353; baseline -0.009 0"><span class='ocrx_word' id='word_1_1' title='bbox 683 296 789 353; x_wconf 66' lang='grc' dir='ltr'><strong>θῶ</strong></span> 
     </span>
    </p>
   </div>
   <div class='ocr_carea' id='block_1_2' title="bbox 1483 299 3810 388">
    <p class='ocr_par' dir='ltr' id='par_1_2' title="bbox 1483 299 3810 388">
     <span class='ocr_line' id='line_1_2' title="bbox 1483 299 3810 388; baseline 0.004 -32"><span class='ocrx_word' id='word_1_2' title='bbox 1483 299 1540 357; x_wconf 90' lang='lat' dir='ltr'><strong>S.</strong></span> <span class='ocrx_word' id='word_1_3' title='bbox 1586 301 1941 357; x_wconf 76' lang='lat' dir='ltr'><strong>PASCHASH</strong></span> <span class='ocrx_word' id='word_1_4' title='bbox 1975 299 2320 358; x_wconf 78' lang='lat' dir='ltr'><strong>RADBERTI</strong></span> <span class='ocrx_word' id='word_1_5' title='bbox 2357 300 2648 359; x_wconf 79' lang='lat' dir='ltr'><strong>ABBATIS</strong></span> <span class='ocrx_word' id='word_1_6' title='bbox 2682 299 3130 364; x_wconf 78' lang='lat' dir='ltr'><strong>CORBEIENSIS</strong></span> <span class='ocrx_word' id='word_1_7' title='bbox 3735 330 3810 388; x_wconf 63' lang='lat'><strong>9“</strong></span> 
     </span>
    </p>
   </div>
   <div class='ocr_carea' id='block_1_3' title="bbox 679 411 3813 510">
    <p class='ocr_par' dir='ltr' id='par_1_3' title="bbox 679 411 3813 510">
     <span class='ocr_line' id='line_1_3' title="bbox 679 411 3813 510; baseline 0.007 -44"><span class='ocrx_word' id='word_1_8' title='bbox 679 411 735 480; x_wconf 90' lang='grc'><strong>(1</strong></span> <span class='ocrx_word' id='word_1_9' title='bbox 746 411 890 510; x_wconf 67' lang='lat' dir='ltr'><strong>Cor.</strong></span> <span class='ocrx_word' id='word_1_10' title='bbox 935 427 988 466; x_wconf 85' lang='lat' dir='ltr'><strong>tv</strong></span> <span class='ocrx_word' id='word_1_11' title='bbox 1011 453 1025 478; x_wconf 94' lang='lat'><strong>,</strong></span> <span class='ocrx_word' id='word_1_12' title='bbox 1057 413 1173 483; x_wconf 75' lang='lat' dir='ltr'><strong>2i.)</strong></span> <span class='ocrx_word' id='word_1_13' title='bbox 1205 412 1309 468; x_wconf 91' lang='lat' dir='ltr'><strong>Sed</strong></span> <span class='ocrx_word' id='word_1_14' title='bbox 1358 422 1413 510; x_wconf 82' lang='lat' dir='ltr'><strong>et</strong></span> <span class='ocrx_word' id='word_1_15' title='bbox 1458 413 1748 510; x_wconf 81' lang='lat' dir='ltr'><strong>baculum,</strong></span> <span class='ocrx_word' id='word_1_16' title='bbox 1778 425 1860 510; x_wconf 55' lang='lat' dir='ltr'><strong>_ut</strong></span> <span class='ocrx_word' id='word_1_17' title='bbox 1909 416 2010 510; x_wconf 84' lang='lat' dir='ltr'><strong>rite</strong></span> <span class='ocrx_word' id='word_1_18' title='bbox 2051 415 2258 510; x_wconf 84' lang='lat' dir='ltr'><strong>Pascha</strong></span> <span class='ocrx_word' id='word_1_19' title='bbox 2284 419 2337 478; x_wconf 76' lang='grc' dir='ltr'><strong>Α</strong></span> <span class='ocrx_word' id='word_1_20' title='bbox 2363 425 2462 510; x_wconf 76' lang='lat' dir='ltr'><strong>ret.</strong></span> <span class='ocrx_word' id='word_1_21' title='bbox 2494 414 2604 471; x_wconf 84' lang='lat' dir='ltr'><strong>Nec</strong></span> <span class='ocrx_word' id='word_1_22' title='bbox 2630 415 2902 473; x_wconf 88' lang='lat' dir='ltr'><strong>immerito</strong></span> <span class='ocrx_word' id='word_1_23' title='bbox 2949 418 3131 488; x_wconf 84' lang='lat' dir='ltr'><strong>igitur,</strong></span> <span class='ocrx_word' id='word_1_24' title='bbox 3177 419 3282 489; x_wconf 89' lang='lat' dir='ltr'><strong>ipse</strong></span> <span class='ocrx_word' id='word_1_25' title='bbox 3307 421 3472 482; x_wconf 88' lang='lat' dir='ltr'><strong>Simon</strong></span> <span class='ocrx_word' id='word_1_26' title='bbox 3491 441 3686 501; x_wconf 84' lang='lat' dir='ltr'><strong>vocatur,</strong></span> <span class='ocrx_word' id='word_1_27' title='bbox 3709 440 3813 510; x_wconf 79' lang='lat' dir='ltr'><strong>quod</strong></span> 
     </span>
    </p>
   </div>
   <div class='ocr_carea' id='block_1_4' title="bbox 678 504 2308 571">
    <p class='ocr_par' dir='ltr' id='par_1_4' title="bbox 678 504 2308 571">
     <span class='ocr_line' id='line_1_4' title="bbox 678 504 2308 571; baseline 0 -10"><span class='ocrx_word' id='word_1_28' title='bbox 678 504 1033 571; x_wconf 82' lang='lat' dir='ltr'><strong>celebremus,</strong></span> <span class='ocrx_word' id='word_1_29' title='bbox 1065 522 1187 560; x_wconf 89' lang='lat' dir='ltr'><strong>cum</strong></span> <span class='ocrx_word' id='word_1_30' title='bbox 1235 507 1460 561; x_wconf 90' lang='lat' dir='ltr'><strong>Domino</strong></span> <span class='ocrx_word' id='word_1_31' title='bbox 1496 516 1678 562; x_wconf 79' lang='lat' dir='ltr'><strong>tenere</strong></span> <span class='ocrx_word' id='word_1_32' title='bbox 1707 508 1966 562; x_wconf 91' lang='lat' dir='ltr'><strong>debemus</strong></span> <span class='ocrx_word' id='word_1_33' title='bbox 1999 508 2051 561; x_wconf 92' lang='lat' dir='ltr'><strong>in</strong></span> <span class='ocrx_word' id='word_1_34' title='bbox 2080 508 2257 561; x_wconf 89' lang='lat' dir='ltr'><strong>mani-</strong></span> <span class='ocrx_word' id='word_1_35' title='bbox 2305 520 2308 522; x_wconf 74' lang='lat'><em>‘</em></span> 
     </span>
    </p>
   </div>
   <div class='ocr_carea' id='block_1_5' title="bbox 677 597 2259 670">
    <p class='ocr_par' dir='ltr' id='par_1_5' title="bbox 677 597 2259 670">
     <span class='ocr_line' id='line_1_5' title="bbox 677 597 2259 670; baseline 0.001 -17"><span class='ocrx_word' id='word_1_36' title='bbox 677 597 800 653; x_wconf 80' lang='lat' dir='ltr'><strong>bus.</strong></span> <span class='ocrx_word' id='word_1_37' title='bbox 842 597 976 664; x_wconf 84' lang='lat' dir='ltr'><strong>Quia</strong></span> <span class='ocrx_word' id='word_1_38' title='bbox 1011 599 1267 668; x_wconf 84' lang='lat' dir='ltr'><strong>quidquid</strong></span> <span class='ocrx_word' id='word_1_39' title='bbox 1308 600 1422 653; x_wconf 92' lang='lat' dir='ltr'><strong>leve</strong></span> <span class='ocrx_word' id='word_1_40' title='bbox 1449 598 1546 652; x_wconf 91' lang='lat' dir='ltr'><strong>fuit</strong></span> <span class='ocrx_word' id='word_1_41' title='bbox 1593 599 1645 654; x_wconf 89' lang='lat' dir='ltr'><strong>in</strong></span> <span class='ocrx_word' id='word_1_42' title='bbox 1674 599 1848 664; x_wconf 90' lang='lat' dir='ltr'><strong>nobis,</strong></span> <span class='ocrx_word' id='word_1_43' title='bbox 1876 601 2134 670; x_wconf 88' lang='lat' dir='ltr'><strong>quidquid</strong></span> <span class='ocrx_word' id='word_1_44' title='bbox 2167 615 2259 654; x_wconf 83' lang='lat' dir='ltr'><strong>va-</strong></span> 
     </span>
    </p>
   </div>
   <div class='ocr_carea' id='block_1_6' title="bbox 677 692 2256 757">
    <p class='ocr_par' dir='ltr' id='par_1_6' title="bbox 677 692 2256 757">
     <span class='ocr_line' id='line_1_6' title="bbox 677 692 2256 757; baseline 0.001 -11"><span class='ocrx_word' id='word_1_45' title='bbox 677 706 838 746; x_wconf 90' lang='lat' dir='ltr'><strong>cuum</strong></span> <span class='ocrx_word' id='word_1_46' title='bbox 893 699 951 746; x_wconf 90' lang='lat' dir='ltr'><strong>et</strong></span> <span class='ocrx_word' id='word_1_47' title='bbox 1007 708 1202 746; x_wconf 87' lang='lat' dir='ltr'><strong>vanum</strong></span> <span class='ocrx_word' id='word_1_48' title='bbox 1259 702 1429 746; x_wconf 91' lang='lat' dir='ltr'><strong>totum</strong></span> <span class='ocrx_word' id='word_1_49' title='bbox 1481 693 1805 757; x_wconf 83' lang='lat' dir='ltr'><strong>amisimus,</strong></span> <span class='ocrx_word' id='word_1_50' title='bbox 1856 702 1915 746; x_wconf 93' lang='lat' dir='ltr'><strong>ut</strong></span> <span class='ocrx_word' id='word_1_51' title='bbox 1960 693 2011 746; x_wconf 93' lang='lat' dir='ltr'><strong>in</strong></span> <span class='ocrx_word' id='word_1_52' title='bbox 2067 692 2256 747; x_wconf 90' lang='lat' dir='ltr'><strong>baculo</strong></span> 
     </span>
    </p>
   </div>
   <div class='ocr_carea' id='block_1_7' title="bbox 674 778 2257 851">
    <p class='ocr_par' dir='ltr' id='par_1_7' title="bbox 674 778 2257 851">
     <span class='ocr_line' id='line_1_7' title="bbox 674 778 2257 851; baseline 0.003 -16"><span class='ocrx_word' id='word_1_53' title='bbox 674 778 874 835; x_wconf 88' lang='lat' dir='ltr'><strong>Christi</strong></span> <span class='ocrx_word' id='word_1_54' title='bbox 911 790 1293 843; x_wconf 82' lang='lat' dir='ltr'><strong>sustentemur,</strong></span> <span class='ocrx_word' id='word_1_55' title='bbox 1323 791 1377 837; x_wconf 92' lang='lat' dir='ltr'><strong>et</strong></span> <span class='ocrx_word' id='word_1_56' title='bbox 1408 783 1554 851; x_wconf 89' lang='lat' dir='ltr'><strong>virga</strong></span> <span class='ocrx_word' id='word_1_57' title='bbox 1587 783 1922 850; x_wconf 87' lang='lat' dir='ltr'><strong>corrigamur</strong></span> <span class='ocrx_word' id='word_1_58' title='bbox 1944 783 2257 839; x_wconf 90' lang='lat' dir='ltr'><strong>directionis</strong></span> 
     </span>
    </p>
   </div>
   <div class='ocr_carea' id='block_1_8' title="bbox 674 868 2252 941">
    <p class='ocr_par' dir='ltr' id='par_1_8' title="bbox 674 868 2252 941">
     <span class='ocr_line' id='line_1_8' title="bbox 674 868 2252 941; baseline 0.003 -18"><span class='ocrx_word' id='word_1_59' title='bbox 674 868 790 923; x_wconf 87' lang='lat' dir='ltr'><strong>Dei.</strong></span> <span class='ocrx_word' id='word_1_60' title='bbox 824 868 928 924; x_wconf 85' lang='lat' dir='ltr'><strong>Sed</strong></span> <span class='ocrx_word' id='word_1_61' title='bbox 958 871 1154 924; x_wconf 90' lang='lat' dir='ltr'><strong>misera</strong></span> <span class='ocrx_word' id='word_1_62' title='bbox 1197 871 1375 925; x_wconf 63' lang='lat' dir='ltr'><strong>saeculi</strong></span> <span class='ocrx_word' id='word_1_63' title='bbox 1405 881 1667 941; x_wconf 79' lang='lat' dir='ltr'><strong>potestas,</strong></span> <span class='ocrx_word' id='word_1_64' title='bbox 1717 881 1768 926; x_wconf 93' lang='lat' dir='ltr'><strong>et</strong></span> <span class='ocrx_word' id='word_1_65' title='bbox 1798 887 1930 926; x_wconf 88' lang='lat' dir='ltr'><strong>vana</strong></span> <span class='ocrx_word' id='word_1_66' title='bbox 1979 873 2252 927; x_wconf 85' lang='lat' dir='ltr'><strong>hominum</strong></span> 
     </span>
    </p>
   </div>
   <div class='ocr_carea' id='block_1_9' title="bbox 673 961 2255 1032">
    <p class='ocr_par' dir='ltr' id='par_1_9' title="bbox 673 961 2255 1032">
     <span class='ocr_line' id='line_1_9' title="bbox 673 961 2255 1032; baseline 0.003 -19"><span class='ocrx_word' id='word_1_67' title='bbox 673 961 1050 1030; x_wconf 57' lang='lat' dir='ltr'><strong>praesumptio,</strong></span> <span class='ocrx_word' id='word_1_68' title='bbox 1091 961 1304 1032; x_wconf 80' lang='lat'><strong>1159</strong></span> <span class='ocrx_word' id='word_1_69' title='bbox 1347 978 1466 1031; x_wconf 74' lang='lat' dir='ltr'><strong>qum</strong></span> <span class='ocrx_word' id='word_1_70' title='bbox 1500 972 1709 1017; x_wconf 90' lang='lat' dir='ltr'><strong>tantum</strong></span> <span class='ocrx_word' id='word_1_71' title='bbox 1755 963 2004 1016; x_wconf 84' lang='lat' dir='ltr'><strong>innititur</strong></span> <span class='ocrx_word' id='word_1_72' title='bbox 2047 964 2255 1032; x_wconf 84' lang='lat' dir='ltr'><strong>pompis</strong></span> 
     </span>
    </p>
   </div>
   <div class='ocr_carea' id='block_1_10' title="bbox 679 1051 2254 1124">
    <p class='ocr_par' dir='ltr' id='par_1_10' title="bbox 679 1051 2254 1124">
     <span class='ocr_line' id='line_1_10' title="bbox 679 1051 2254 1124; baseline 0.003 -20"><span class='ocrx_word' id='word_1_73' title='bbox 679 1051 883 1115; x_wconf 87' lang='lat' dir='ltr'><strong>mundi,</strong></span> <span class='ocrx_word' id='word_1_74' title='bbox 915 1061 969 1107; x_wconf 89' lang='lat' dir='ltr'><strong>et</strong></span> <span class='ocrx_word' id='word_1_75' title='bbox 1017 1053 1222 1109; x_wconf 85' lang='lat' dir='ltr'><strong>calamo</strong></span> <span class='ocrx_word' id='word_1_76' title='bbox 1261 1070 1412 1108; x_wconf 70' lang='lat' dir='ltr'><strong>vana:</strong></span> <span class='ocrx_word' id='word_1_77' title='bbox 1463 1054 1933 1124; x_wconf 66' lang='lat' dir='ltr'><strong>praesumptionis,</strong></span> <span class='ocrx_word' id='word_1_78' title='bbox 1984 1063 2043 1108; x_wconf 92' lang='lat' dir='ltr'><strong>ut</strong></span> <span class='ocrx_word' id='word_1_79' title='bbox 2079 1055 2254 1110; x_wconf 89' lang='lat' dir='ltr'><strong>adhuc</strong></span> 
     </span>
    </p>
   </div>
   <div class='ocr_carea' id='block_1_11' title="bbox 691 1140 2252 1214">
    <p class='ocr_par' dir='ltr' id='par_1_11' title="bbox 691 1140 2252 1214">
     <span class='ocr_line' id='line_1_11' title="bbox 691 1140 2252 1214; baseline 0.003 -18"><span class='ocrx_word' id='word_1_80' title='bbox 691 1140 832 1196; x_wconf 87' lang='lat' dir='ltr'><strong>todie</strong></span> <span class='ocrx_word' id='word_1_81' title='bbox 879 1141 1088 1196; x_wconf 84' lang='lat' dir='ltr'><strong>calamo</strong></span> <span class='ocrx_word' id='word_1_82' title='bbox 1134 1153 1292 1213; x_wconf 89' lang='lat' dir='ltr'><strong>caput</strong></span> <span class='ocrx_word' id='word_1_83' title='bbox 1341 1142 1470 1198; x_wconf 87' lang='lat' dir='ltr'><strong>Jesu</strong></span> <span class='ocrx_word' id='word_1_84' title='bbox 1507 1145 1816 1198; x_wconf 83' lang='lat' dir='ltr'><strong>venerabile</strong></span> <span class='ocrx_word' id='word_1_85' title='bbox 1858 1147 2142 1214; x_wconf 86' lang='lat' dir='ltr'><strong>percutiat.</strong></span> <span class='ocrx_word' id='word_1_86' title='bbox 2187 1146 2252 1200; x_wconf 87' lang='lat' dir='ltr'><strong>Et</strong></span> 
     </span>
    </p>
   </div>
   <div class='ocr_carea' id='block_1_12' title="bbox 696 1228 2250 1301">
    <p class='ocr_par' dir='ltr' id='par_1_12' title="bbox 696 1228 2250 1301">
     <span class='ocr_line' id='line_1_12' title="bbox 696 1228 2250 1301; baseline 0.003 -17"><span class='ocrx_word' id='word_1_87' title='bbox 696 1228 796 1284; x_wconf 83' lang='lat' dir='ltr'><strong>Iuni</strong></span> <span class='ocrx_word' id='word_1_88' title='bbox 831 1229 883 1282; x_wconf 92' lang='lat' dir='ltr'><strong>in</strong></span> <span class='ocrx_word' id='word_1_89' title='bbox 916 1244 974 1283; x_wconf 89' lang='lat' dir='ltr'><strong>se</strong></span> <span class='ocrx_word' id='word_1_90' title='bbox 1001 1231 1301 1298; x_wconf 86' lang='lat' dir='ltr'><strong>impiissimi</strong></span> <span class='ocrx_word' id='word_1_91' title='bbox 1336 1231 1580 1286; x_wconf 79' lang='lat' dir='ltr'><strong>homines</strong></span> <span class='ocrx_word' id='word_1_92' title='bbox 1604 1233 1818 1301; x_wconf 88' lang='lat' dir='ltr'><strong>erigunt</strong></span> <span class='ocrx_word' id='word_1_93' title='bbox 1861 1242 2047 1288; x_wconf 89' lang='lat' dir='ltr'><strong>contra</strong></span> <span class='ocrx_word' id='word_1_94' title='bbox 2083 1235 2250 1289; x_wconf 88' lang='lat' dir='ltr'><strong>Deum</strong></span> 
     </span>
    </p>
   </div>
   <div class='ocr_carea' id='block_1_13' title="bbox 706 1321 2252 1393">
    <p class='ocr_par' dir='ltr' id='par_1_13' title="bbox 706 1321 2252 1393">
     <span class='ocr_line' id='line_1_13' title="bbox 706 1321 2252 1393; baseline 0.004 -19"><span class='ocrx_word' id='word_1_95' title='bbox 706 1331 913 1385; x_wconf 89' lang='lat' dir='ltr'><strong>atrem,</strong></span> <span class='ocrx_word' id='word_1_96' title='bbox 945 1330 1106 1391; x_wconf 89' lang='lat' dir='ltr'><strong>caput</strong></span> <span class='ocrx_word' id='word_1_97' title='bbox 1163 1321 1462 1377; x_wconf 88' lang='lat' dir='ltr'><strong>Salvatoris</strong></span> <span class='ocrx_word' id='word_1_98' title='bbox 1513 1323 1682 1378; x_wconf 90' lang='lat' dir='ltr'><strong>nostri</strong></span> <span class='ocrx_word' id='word_1_99' title='bbox 1732 1323 1981 1392; x_wconf 92' lang='lat' dir='ltr'><strong>(quorum</strong></span> <span class='ocrx_word' id='word_1_100' title='bbox 2012 1334 2252 1393; x_wconf 86' lang='lat' dir='ltr'><strong>potestas</strong></span> 
     </span>
    </p>
   </div>
   <div class='ocr_carea' id='block_1_14' title="bbox 666 1413 2251 1484">
    <p class='ocr_par' dir='ltr' id='par_1_14' title="bbox 666 1413 2251 1484">
     <span class='ocr_line' id='line_1_14' title="bbox 666 1413 2251 1484; baseline 0.004 -18"><span class='ocrx_word' id='word_1_101' title='bbox 666 1429 804 1467; x_wconf 81' lang='lat' dir='ltr'><strong>vana</strong></span> <span class='ocrx_word' id='word_1_102' title='bbox 834 1413 938 1484; x_wconf 92' lang='lat' dir='ltr'><strong>est)</strong></span> <span class='ocrx_word' id='word_1_103' title='bbox 971 1414 1168 1468; x_wconf 90' lang='lat' dir='ltr'><strong>feriunt</strong></span> <span class='ocrx_word' id='word_1_104' title='bbox 1198 1415 1424 1479; x_wconf 87' lang='lat' dir='ltr'><strong>calamo,</strong></span> <span class='ocrx_word' id='word_1_105' title='bbox 1459 1424 1510 1468; x_wconf 91' lang='lat' dir='ltr'><strong>et</strong></span> <span class='ocrx_word' id='word_1_106' title='bbox 1541 1425 1806 1469; x_wconf 90' lang='lat' dir='ltr'><strong>conantur</strong></span> <span class='ocrx_word' id='word_1_107' title='bbox 1826 1413 1943 1482; x_wconf 87' lang='lat' dir='ltr'><strong>ejus</strong></span> <span class='ocrx_word' id='word_1_108' title='bbox 1972 1417 2251 1472; x_wconf 85' lang='lat' dir='ltr'><strong>destruere</strong></span> 
     </span>
    </p>
   </div>
   <div class='ocr_carea' id='block_1_15' title="bbox 666 1505 2252 1578">
    <p class='ocr_par' dir='ltr' id='par_1_15' title="bbox 666 1505 2252 1578">
     <span class='ocr_line' id='line_1_15' title="bbox 666 1505 2252 1578; baseline 0.002 -19"><span class='ocrx_word' id='word_1_109' title='bbox 666 1520 910 1576; x_wconf 90' lang='lat' dir='ltr'><strong>regnum.</strong></span> <span class='ocrx_word' id='word_1_110' title='bbox 946 1505 1084 1560; x_wconf 89' lang='lat' dir='ltr'><strong>Ecce</strong></span> <span class='ocrx_word' id='word_1_111' title='bbox 1112 1507 1358 1576; x_wconf 87' lang='lat' dir='ltr'><strong>imposita</strong></span> <span class='ocrx_word' id='word_1_112' title='bbox 1386 1515 1468 1561; x_wconf 91' lang='lat' dir='ltr'><strong>est</strong></span> <span class='ocrx_word' id='word_1_113' title='bbox 1493 1505 1619 1560; x_wconf 90' lang='lat' dir='ltr'><strong>Jesu</strong></span> <span class='ocrx_word' id='word_1_114' title='bbox 1649 1506 1893 1578; x_wconf 86' lang='lat' dir='ltr'><strong>chlamys</strong></span> <span class='ocrx_word' id='word_1_115' title='bbox 1921 1509 2169 1561; x_wconf 88' lang='lat' dir='ltr'><strong>coccinea</strong></span> <span class='ocrx_word' id='word_1_116' title='bbox 2196 1515 2252 1562; x_wconf 92' lang='lat' dir='ltr'><strong>et</strong></span> 
     </span>
    </p>
   </div>
   <div class='ocr_carea' id='block_1_16' title="bbox 665 1596 2248 1667">
    <p class='ocr_par' dir='ltr' id='par_1_16' title="bbox 665 1596 2248 1667">
     <span class='ocr_line' id='line_1_16' title="bbox 665 1596 2248 1667; baseline 0.004 -19"><span class='ocrx_word' id='word_1_117' title='bbox 665 1597 832 1651; x_wconf 79' lang='lat' dir='ltr'><strong>vestis</strong></span> <span class='ocrx_word' id='word_1_118' title='bbox 865 1596 1024 1651; x_wconf 85' lang='lat' dir='ltr'><strong>simul</strong></span> <span class='ocrx_word' id='word_1_119' title='bbox 1068 1612 1357 1666; x_wconf 88' lang='lat' dir='ltr'><strong>purpurea,</strong></span> <span class='ocrx_word' id='word_1_120' title='bbox 1390 1612 1518 1653; x_wconf 89' lang='lat' dir='ltr'><strong>ecce</strong></span> <span class='ocrx_word' id='word_1_121' title='bbox 1562 1599 1616 1652; x_wconf 92' lang='lat' dir='ltr'><strong>in</strong></span> <span class='ocrx_word' id='word_1_122' title='bbox 1663 1598 1840 1667; x_wconf 89' lang='lat' dir='ltr'><strong>capite</strong></span> <span class='ocrx_word' id='word_1_123' title='bbox 1889 1597 2006 1667; x_wconf 91' lang='lat' dir='ltr'><strong>ejus</strong></span> <span class='ocrx_word' id='word_1_124' title='bbox 2048 1615 2248 1654; x_wconf 88' lang='lat' dir='ltr'><strong>corona</strong></span> 
     </span>
    </p>
   </div>
   <div class='ocr_carea' id='block_1_17' title="bbox 2360 507 3808 600">
    <p class='ocr_par' dir='ltr' id='par_1_17' title="bbox 2360 507 3808 600">
     <span class='ocr_line' id='line_1_17' title="bbox 2360 507 3808 600; baseline 0.019 -39"><span class='ocrx_word' id='word_1_125' title='bbox 2360 507 2748 600; x_wconf 86' lang='lat' dir='ltr'><strong>interpretatur</strong></span> <span class='ocrx_word' id='word_1_126' title='bbox 2790 510 3067 578; x_wconf 83' lang='lat' dir='ltr'><strong>obediens;</strong></span> <span class='ocrx_word' id='word_1_127' title='bbox 3109 513 3232 582; x_wconf 90' lang='lat' dir='ltr'><strong>quia</strong></span> <span class='ocrx_word' id='word_1_128' title='bbox 3261 531 3406 573; x_wconf 90' lang='lat' dir='ltr'><strong>nemo</strong></span> <span class='ocrx_word' id='word_1_129' title='bbox 3432 536 3612 579; x_wconf 87' lang='lat' dir='ltr'><strong>crucem</strong></span> <span class='ocrx_word' id='word_1_130' title='bbox 3645 507 3808 600; x_wconf 78' lang='lat' dir='ltr'><strong>Christi,</strong></span> 
     </span>
    </p>
   </div>
   <div class='ocr_carea' id='block_1_18' title="bbox 2357 599 3814 681">
    <p class='ocr_par' dir='ltr' id='par_1_18' title="bbox 2357 599 3814 681">
     <span class='ocr_line' id='line_1_18' title="bbox 2357 599 3814 681; baseline 0.015 -28"><span class='ocrx_word' id='word_1_131' title='bbox 2357 599 2457 654; x_wconf 89' lang='lat' dir='ltr'><strong>nisi</strong></span> <span class='ocrx_word' id='word_1_132' title='bbox 2489 600 2788 656; x_wconf 88' lang='lat' dir='ltr'><strong>obediendo</strong></span> <span class='ocrx_word' id='word_1_133' title='bbox 2833 611 3036 671; x_wconf 89' lang='lat' dir='ltr'><strong>portat.</strong></span> <span class='ocrx_word' id='word_1_134' title='bbox 3086 601 3262 659; x_wconf 89' lang='lat' dir='ltr'><strong>Unum</strong></span> <span class='ocrx_word' id='word_1_135' title='bbox 3301 623 3420 679; x_wconf 85' lang='lat' dir='ltr'><strong>ergo</strong></span> <span class='ocrx_word' id='word_1_136' title='bbox 3453 621 3525 666; x_wconf 89' lang='lat' dir='ltr'><strong>est</strong></span> <span class='ocrx_word' id='word_1_137' title='bbox 3563 616 3598 669; x_wconf 90' lang='lat' dir='ltr'><strong>si</strong></span> <span class='ocrx_word' id='word_1_138' title='bbox 3637 617 3814 681; x_wconf 71' lang='lat' dir='ltr'><strong>dicamus</strong></span> 
     </span>
    </p>
   </div>
   <div class='ocr_carea' id='block_1_19' title="bbox 2358 689 3816 776">
    <p class='ocr_par' dir='ltr' id='par_1_19' title="bbox 2358 689 3816 776">
     <span class='ocr_line' id='line_1_19' title="bbox 2358 689 3816 776; baseline 0.015 -32"><span class='ocrx_word' id='word_1_139' title='bbox 2358 689 2599 756; x_wconf 91' lang='lat' dir='ltr'><strong>Simeon,</strong></span> <span class='ocrx_word' id='word_1_140' title='bbox 2627 702 2720 746; x_wconf 91' lang='lat' dir='ltr'><strong>aut</strong></span> <span class='ocrx_word' id='word_1_141' title='bbox 2744 691 2951 757; x_wconf 89' lang='lat' dir='ltr'><strong>Simon,</strong></span> <span class='ocrx_word' id='word_1_142' title='bbox 3005 694 3132 764; x_wconf 85' lang='lat' dir='ltr'><strong>quia</strong></span> <span class='ocrx_word' id='word_1_143' title='bbox 3178 704 3444 767; x_wconf 86' lang='lat' dir='ltr'><strong>utrumque</strong></span> <span class='ocrx_word' id='word_1_144' title='bbox 3485 717 3673 772; x_wconf 92' lang='lat' dir='ltr'><strong>nomen,</strong></span> <span class='ocrx_word' id='word_1_145' title='bbox 3705 709 3816 776; x_wconf 81' lang='lat' dir='ltr'><strong>juxta</strong></span> 
     </span>
    </p>
   </div>
   <div class='ocr_carea' id='block_1_20' title="bbox 2355 781 3803 855">
    <p class='ocr_par' dir='ltr' id='par_1_20' title="bbox 2355 781 3803 855">
     <span class='ocr_line' id='line_1_20' title="bbox 2355 781 3803 855; baseline 0.014 -22"><span class='ocrx_word' id='word_1_146' title='bbox 2355 781 2739 850; x_wconf 90' lang='lat' dir='ltr'><strong>proprietatem</strong></span> <span class='ocrx_word' id='word_1_147' title='bbox 2772 781 3024 839; x_wconf 83' lang='lat' dir='ltr'><strong>Hebraici</strong></span> <span class='ocrx_word' id='word_1_148' title='bbox 3061 787 3336 852; x_wconf 87' lang='lat' dir='ltr'><strong>sermonis,</strong></span> <span class='ocrx_word' id='word_1_149' title='bbox 3361 789 3668 848; x_wconf 85' lang='lat' dir='ltr'><strong>obedientiam</strong></span> <span class='ocrx_word' id='word_1_150' title='bbox 3691 811 3803 855; x_wconf 86' lang='lat' dir='ltr'><strong>sonat</strong></span> 
     </span>
    </p>
   </div>
   <div class='ocr_carea' id='block_1_21' title="bbox 2356 871 3816 957">
    <p class='ocr_par' dir='ltr' id='par_1_21' title="bbox 2356 871 3816 957">
     <span class='ocr_line' id='line_1_21' title="bbox 2356 871 3816 957; baseline 0.013 -33"><span class='ocrx_word' id='word_1_151' title='bbox 2356 871 2421 925; x_wconf 88' lang='lat' dir='ltr'><strong>Et</strong></span> <span class='ocrx_word' id='word_1_152' title='bbox 2467 873 2584 926; x_wconf 90' lang='lat' dir='ltr'><strong>ideo</strong></span> <span class='ocrx_word' id='word_1_153' title='bbox 2618 889 2756 928; x_wconf 91' lang='lat' dir='ltr'><strong>unus</strong></span> <span class='ocrx_word' id='word_1_154' title='bbox 2782 889 2969 928; x_wconf 91' lang='lat' dir='ltr'><strong>eorum</strong></span> <span class='ocrx_word' id='word_1_155' title='bbox 3001 884 3124 945; x_wconf 91' lang='lat' dir='ltr'><strong>post</strong></span> <span class='ocrx_word' id='word_1_156' title='bbox 3152 874 3326 932; x_wconf 86' lang='lat' dir='ltr'><strong>Jesum</strong></span> <span class='ocrx_word' id='word_1_157' title='bbox 3371 895 3560 935; x_wconf 85' lang='lat' dir='ltr'><strong>crucem</strong></span> <span class='ocrx_word' id='word_1_158' title='bbox 3591 883 3635 938; x_wconf 93' lang='lat' dir='ltr'><strong>in</strong></span> <span class='ocrx_word' id='word_1_159' title='bbox 3659 892 3816 957; x_wconf 82' lang='lat' dir='ltr'><strong>angaria</strong></span> 
     </span>
    </p>
   </div>
   <div class='ocr_carea' id='block_1_22' title="bbox 2353 962 3820 1038">
    <p class='ocr_par' dir='ltr' id='par_1_22' title="bbox 2353 962 3820 1038">
     <span class='ocr_line' id='line_1_22' title="bbox 2353 962 3820 1038; baseline 0.01 -22"><span class='ocrx_word' id='word_1_160' title='bbox 2353 972 2572 1031; x_wconf 91' lang='lat' dir='ltr'><strong>portare</strong></span> <span class='ocrx_word' id='word_1_161' title='bbox 2596 962 2846 1027; x_wconf 76' lang='lat' dir='ltr'><strong>festinat;</strong></span> <span class='ocrx_word' id='word_1_162' title='bbox 2880 964 3018 1020; x_wconf 88' lang='lat' dir='ltr'><strong>alter</strong></span> <span class='ocrx_word' id='word_1_163' title='bbox 3045 980 3176 1020; x_wconf 85' lang='lat' dir='ltr'><strong>vero</strong></span> <span class='ocrx_word' id='word_1_164' title='bbox 3219 969 3498 1038; x_wconf 90' lang='lat' dir='ltr'><strong>suscipiens</strong></span> <span class='ocrx_word' id='word_1_165' title='bbox 3536 987 3638 1026; x_wconf 91' lang='lat' dir='ltr'><strong>eum</strong></span> <span class='ocrx_word' id='word_1_166' title='bbox 3680 975 3720 1028; x_wconf 91' lang='lat' dir='ltr'><strong>in</strong></span> <span class='ocrx_word' id='word_1_167' title='bbox 3743 993 3820 1030; x_wconf 86' lang='lat' dir='ltr'><strong>ma-</strong></span> 
     </span>
    </p>
   </div>
   <div class='ocr_carea' id='block_1_23' title="bbox 2353 1052 3822 1124">
    <p class='ocr_par' dir='ltr' id='par_1_23' title="bbox 2353 1052 3822 1124">
     <span class='ocr_line' id='line_1_23' title="bbox 2353 1052 3822 1124; baseline 0.011 -19"><span class='ocrx_word' id='word_1_168' title='bbox 2353 1052 2512 1106; x_wconf 90' lang='lat' dir='ltr'><strong>nibus</strong></span> <span class='ocrx_word' id='word_1_169' title='bbox 2545 1053 2657 1106; x_wconf 90' lang='lat' dir='ltr'><strong>suis</strong></span> <span class='ocrx_word' id='word_1_170' title='bbox 2707 1053 2772 1106; x_wconf 90' lang='lat' dir='ltr'><strong>ad</strong></span> <span class='ocrx_word' id='word_1_171' title='bbox 2817 1054 3072 1124; x_wconf 86' lang='lat' dir='ltr'><strong>templum</strong></span> <span class='ocrx_word' id='word_1_172' title='bbox 3102 1055 3388 1112; x_wconf 81' lang='lat' dir='ltr'><strong>Jerusalem</strong></span> <span class='ocrx_word' id='word_1_173' title='bbox 3413 1099 3426 1123; x_wconf 94' lang='lat'><strong>,</strong></span> <span class='ocrx_word' id='word_1_174' title='bbox 3462 1062 3694 1117; x_wconf 81' lang='lat' dir='ltr'><strong>exsultans</strong></span> <span class='ocrx_word' id='word_1_175' title='bbox 3723 1063 3822 1122; x_wconf 85' lang='lat' dir='ltr'><strong>ferre</strong></span> 
     </span>
    </p>
   </div>
   <div class='ocr_carea' id='block_1_24' title="bbox 2354 1143 3823 1224">
    <p class='ocr_par' dir='ltr' id='par_1_24' title="bbox 2354 1143 3823 1224">
     <span class='ocr_line' id='line_1_24' title="bbox 2354 1143 3823 1224; baseline 0.008 -26"><span class='ocrx_word' id='word_1_176' title='bbox 2354 1143 2496 1198; x_wconf 91' lang='lat' dir='ltr'><strong>inter</strong></span> <span class='ocrx_word' id='word_1_177' title='bbox 2528 1144 2770 1210; x_wconf 87' lang='lat' dir='ltr'><strong>brachia,</strong></span> <span class='ocrx_word' id='word_1_178' title='bbox 2801 1147 3048 1214; x_wconf 85' lang='lat' dir='ltr'><strong>quamvis</strong></span> <span class='ocrx_word' id='word_1_179' title='bbox 3068 1145 3182 1215; x_wconf 91' lang='lat' dir='ltr'><strong>jam</strong></span> <span class='ocrx_word' id='word_1_180' title='bbox 3229 1163 3404 1213; x_wconf 80' lang='lat' dir='ltr'><strong>senex,</strong></span> <span class='ocrx_word' id='word_1_181' title='bbox 3437 1153 3623 1221; x_wconf 79' lang='lat' dir='ltr'><strong>gaudet.</strong></span> <span class='ocrx_word' id='word_1_182' title='bbox 3651 1152 3823 1224; x_wconf 83' lang='lat' dir='ltr'><strong>Uterque</strong></span> 
     </span>
    </p>
   </div>
   <div class='ocr_carea' id='block_1_25' title="bbox 2354 1239 3822 1314">
    <p class='ocr_par' dir='ltr' id='par_1_25' title="bbox 2354 1239 3822 1314">
     <span class='ocr_line' id='line_1_25' title="bbox 2354 1239 3822 1314; baseline 0.007 -23"><span class='ocrx_word' id='word_1_183' title='bbox 2354 1246 2530 1292; x_wconf 90' lang='lat' dir='ltr'><strong>tamen</strong></span> <span class='ocrx_word' id='word_1_184' title='bbox 2556 1253 2742 1292; x_wconf 90' lang='lat' dir='ltr'><strong>eorum</strong></span> <span class='ocrx_word' id='word_1_185' title='bbox 2769 1239 3069 1294; x_wconf 90' lang='lat' dir='ltr'><strong>obediendo</strong></span> <span class='ocrx_word' id='word_1_186' title='bbox 3111 1242 3436 1310; x_wconf 88' lang='lat' dir='ltr'><strong>promeruit,</strong></span> <span class='ocrx_word' id='word_1_187' title='bbox 3467 1251 3518 1296; x_wconf 91' lang='lat' dir='ltr'><strong>ut</strong></span> <span class='ocrx_word' id='word_1_188' title='bbox 3543 1245 3699 1314; x_wconf 89' lang='lat' dir='ltr'><strong>dignus</strong></span> <span class='ocrx_word' id='word_1_189' title='bbox 3721 1254 3822 1301; x_wconf 88' lang='lat' dir='ltr'><strong>tanto</strong></span> 
     </span>
    </p>
   </div>
   <div class='ocr_carea' id='block_1_26' title="bbox 2352 1331 3823 1406">
    <p class='ocr_par' dir='ltr' id='par_1_26' title="bbox 2352 1331 3823 1406">
     <span class='ocr_line' id='line_1_26' title="bbox 2352 1331 3823 1406; baseline 0.006 -24"><span class='ocrx_word' id='word_1_190' title='bbox 2352 1345 2575 1384; x_wconf 87' lang='lat' dir='ltr'><strong>munere</strong></span> <span class='ocrx_word' id='word_1_191' title='bbox 2603 1338 2763 1393; x_wconf 89' lang='lat' dir='ltr'><strong>esset,</strong></span> <span class='ocrx_word' id='word_1_192' title='bbox 2797 1346 2918 1400; x_wconf 64' lang='lat' dir='ltr'><strong>qum</strong></span> <span class='ocrx_word' id='word_1_193' title='bbox 2946 1331 3069 1386; x_wconf 86' lang='lat' dir='ltr'><strong>licet</strong></span> <span class='ocrx_word' id='word_1_194' title='bbox 3121 1333 3337 1402; x_wconf 90' lang='lat' dir='ltr'><strong>angaria</strong></span> <span class='ocrx_word' id='word_1_195' title='bbox 3377 1344 3596 1399; x_wconf 87' lang='lat' dir='ltr'><strong>vocetur,</strong></span> <span class='ocrx_word' id='word_1_196' title='bbox 3623 1352 3823 1406; x_wconf 82' lang='lat' dir='ltr'><strong>nunquam</strong></span> 
     </span>
    </p>
   </div>
   <div class='ocr_carea' id='block_1_27' title="bbox 2351 1422 3823 1494">
    <p class='ocr_par' dir='ltr' id='par_1_27' title="bbox 2351 1422 3823 1494">
     <span class='ocr_line' id='line_1_27' title="bbox 2351 1422 3823 1494; baseline 0.004 -20"><span class='ocrx_word' id='word_1_197' title='bbox 2351 1428 2532 1475; x_wconf 89' lang='lat' dir='ltr'><strong>tamen</strong></span> <span class='ocrx_word' id='word_1_198' title='bbox 2566 1423 2742 1490; x_wconf 80' lang='lat' dir='ltr'><strong>digne,</strong></span> <span class='ocrx_word' id='word_1_199' title='bbox 2793 1422 2894 1476; x_wconf 89' lang='lat' dir='ltr'><strong>nisi</strong></span> <span class='ocrx_word' id='word_1_200' title='bbox 2925 1422 3242 1484; x_wconf 89' lang='lat' dir='ltr'><strong>obediendo.</strong></span> <span class='ocrx_word' id='word_1_201' title='bbox 3277 1422 3466 1489; x_wconf 85' lang='lat' dir='ltr'><strong>fertur;</strong></span> <span class='ocrx_word' id='word_1_202' title='bbox 3505 1441 3561 1480; x_wconf 90' lang='lat' dir='ltr'><strong>ac</strong></span> <span class='ocrx_word' id='word_1_203' title='bbox 3590 1441 3667 1494; x_wconf 91' lang='lat' dir='ltr'><strong>per</strong></span> <span class='ocrx_word' id='word_1_204' title='bbox 3687 1427 3759 1482; x_wconf 89' lang='lat' dir='ltr'><strong>hoc</strong></span> <span class='ocrx_word' id='word_1_205' title='bbox 3778 1443 3823 1480; x_wconf 87' lang='lat' dir='ltr'><strong>ex</strong></span> 
     </span>
    </p>
   </div>
   <div class='ocr_carea' id='block_1_28' title="bbox 2351 1511 3824 1586">
    <p class='ocr_par' dir='ltr' id='par_1_28' title="bbox 2351 1511 3824 1586">
     <span class='ocr_line' id='line_1_28' title="bbox 2351 1511 3824 1586; baseline 0.003 -22"><span class='ocrx_word' id='word_1_206' title='bbox 2351 1512 2590 1575; x_wconf 90' lang='lat' dir='ltr'><strong>nomine,</strong></span> <span class='ocrx_word' id='word_1_207' title='bbox 2614 1511 2739 1580; x_wconf 90' lang='lat' dir='ltr'><strong>jure</strong></span> <span class='ocrx_word' id='word_1_208' title='bbox 2765 1513 3069 1567; x_wconf 89' lang='lat' dir='ltr'><strong>obedientia</strong></span> <span class='ocrx_word' id='word_1_209' title='bbox 3107 1523 3347 1579; x_wconf 83' lang='lat' dir='ltr'><strong>vocatur,</strong></span> <span class='ocrx_word' id='word_1_210' title='bbox 3375 1524 3428 1568; x_wconf 92' lang='lat' dir='ltr'><strong>et</strong></span> <span class='ocrx_word' id='word_1_211' title='bbox 3451 1531 3512 1570; x_wconf 82' lang='lat' dir='ltr'><strong>ex</strong></span> <span class='ocrx_word' id='word_1_212' title='bbox 3536 1525 3750 1586; x_wconf 63' lang='lat' dir='ltr'><strong>praecepto</strong></span> <span class='ocrx_word' id='word_1_213' title='bbox 3768 1532 3824 1569; x_wconf 55' lang='lat' dir='ltr'><strong>sa.</strong></span> 
     </span>
    </p>
   </div>
   <div class='ocr_carea' id='block_1_29' title="bbox 2350 1597 3823 1674">
    <p class='ocr_par' dir='ltr' id='par_1_29' title="bbox 2350 1597 3823 1674">
     <span class='ocr_line' id='line_1_29' title="bbox 2350 1597 3823 1674; baseline 0.005 -24"><span class='ocrx_word' id='word_1_214' title='bbox 2350 1597 2476 1654; x_wconf 93' lang='lat' dir='ltr'><strong>lutis</strong></span> <span class='ocrx_word' id='word_1_215' title='bbox 2501 1609 2718 1666; x_wconf 83' lang='lat' dir='ltr'><strong>nostrae,</strong></span> <span class='ocrx_word' id='word_1_216' title='bbox 2747 1601 3097 1656; x_wconf 89' lang='lat' dir='ltr'><strong>nihilominus</strong></span> <span class='ocrx_word' id='word_1_217' title='bbox 3123 1603 3340 1674; x_wconf 90' lang='lat' dir='ltr'><strong>angaria</strong></span> <span class='ocrx_word' id='word_1_218' title='bbox 3375 1605 3608 1673; x_wconf 86' lang='lat' dir='ltr'><strong>probatur</strong></span> <span class='ocrx_word' id='word_1_219' title='bbox 3627 1619 3734 1660; x_wconf 85' lang='lat' dir='ltr'><strong>esse.</strong></span> <span class='ocrx_word' id='word_1_220' title='bbox 3754 1605 3823 1658; x_wconf 85' lang='lat' dir='ltr'><strong>Sed</strong></span> 
     </span>
    </p>
   </div>
   <div class='ocr_carea' id='block_1_30' title="bbox 661 1686 3824 1763">
    <p class='ocr_par' dir='ltr' id='par_1_30' title="bbox 661 1686 3824 1763">
     <span class='ocr_line' id='line_1_30' title="bbox 661 1686 3824 1763; baseline 0.002 -20"><span class='ocrx_word' id='word_1_221' title='bbox 661 1689 872 1757; x_wconf 88' lang='lat' dir='ltr'><strong>spinea,</strong></span> <span class='ocrx_word' id='word_1_222' title='bbox 905 1698 960 1744; x_wconf 90' lang='lat' dir='ltr'><strong>et</strong></span> <span class='ocrx_word' id='word_1_223' title='bbox 983 1690 1190 1744; x_wconf 92' lang='lat' dir='ltr'><strong>arundo</strong></span> <span class='ocrx_word' id='word_1_224' title='bbox 1213 1690 1265 1745; x_wconf 94' lang='lat' dir='ltr'><strong>in</strong></span> <span class='ocrx_word' id='word_1_225' title='bbox 1288 1691 1545 1754; x_wconf 87' lang='lat' dir='ltr'><strong>dextera;</strong></span> <span class='ocrx_word' id='word_1_226' title='bbox 1578 1699 1814 1745; x_wconf 89' lang='lat' dir='ltr'><strong>attamen</strong></span> <span class='ocrx_word' id='word_1_227' title='bbox 1840 1688 1992 1745; x_wconf 84' lang='lat' dir='ltr'><strong>ﬂexis</strong></span> <span class='ocrx_word' id='word_1_228' title='bbox 2022 1691 2247 1762; x_wconf 82' lang='lat' dir='ltr'><strong>genibus</strong></span> <span class='ocrx_word' id='word_1_229' title='bbox 2347 1686 2505 1744; x_wconf 90' lang='lat' dir='ltr'><strong>Jesus</strong></span> <span class='ocrx_word' id='word_1_230' title='bbox 2535 1691 2820 1760; x_wconf 85' lang='lat' dir='ltr'><strong>dignanter</strong></span> <span class='ocrx_word' id='word_1_231' title='bbox 2857 1706 2975 1746; x_wconf 89' lang='lat' dir='ltr'><strong>eam</strong></span> <span class='ocrx_word' id='word_1_232' title='bbox 3004 1693 3154 1762; x_wconf 92' lang='lat' dir='ltr'><strong>prius</strong></span> <span class='ocrx_word' id='word_1_233' title='bbox 3182 1703 3376 1763; x_wconf 88' lang='lat' dir='ltr'><strong>portat,</strong></span> <span class='ocrx_word' id='word_1_234' title='bbox 3417 1702 3466 1748; x_wconf 86' lang='lat' dir='ltr'><strong>et</strong></span> <span class='ocrx_word' id='word_1_235' title='bbox 3491 1693 3541 1748; x_wconf 91' lang='lat' dir='ltr'><strong>in</strong></span> <span class='ocrx_word' id='word_1_236' title='bbox 3563 1693 3694 1749; x_wconf 87' lang='lat' dir='ltr'><strong>ﬁnem</strong></span> <span class='ocrx_word' id='word_1_237' title='bbox 3722 1695 3758 1748; x_wconf 89' lang='lat' dir='ltr'><strong>in</strong></span> <span class='ocrx_word' id='word_1_238' title='bbox 3782 1710 3824 1749; x_wconf 86' lang='lat' dir='ltr'><strong>ea</strong></span> 
     </span>
    </p>
   </div>
   <div class='ocr_carea' id='block_1_31' title="bbox 659 1764 3823 1854">
    <p class='ocr_par' dir='ltr' id='par_1_31' title="bbox 659 1764 3823 1854">
     <span class='ocr_line' id='line_1_31' title="bbox 659 1764 3823 1854; baseline 0.002 -22"><span class='ocrx_word' id='word_1_239' title='bbox 659 1779 918 1835; x_wconf 82' lang='lat' dir='ltr'><strong>adoratus</strong></span> <span class='ocrx_word' id='word_1_240' title='bbox 969 1781 1226 1836; x_wconf 92' lang='lat' dir='ltr'><strong>illuditur.</strong></span> <span class='ocrx_word' id='word_1_241' title='bbox 1265 1782 1544 1852; x_wconf 86' lang='lat' dir='ltr'><strong>Susceptis</strong></span> <span class='ocrx_word' id='word_1_242' title='bbox 1587 1781 1753 1852; x_wconf 88' lang='lat' dir='ltr'><strong>igitur</strong></span> <span class='ocrx_word' id='word_1_243' title='bbox 1796 1784 1975 1836; x_wconf 89' lang='lat' dir='ltr'><strong>omnis</strong></span> <span class='ocrx_word' id='word_1_244' title='bbox 2001 1783 2248 1852; x_wconf 89' lang='lat' dir='ltr'><strong>corporis</strong></span> <span class='ocrx_word' id='word_1_245' title='bbox 2275 1764 2321 1823; x_wconf 78' lang='grc' dir='ltr'><strong>Β</strong></span> <span class='ocrx_word' id='word_1_246' title='bbox 2351 1779 2464 1850; x_wconf 88' lang='lat' dir='ltr'><strong>ipse</strong></span> <span class='ocrx_word' id='word_1_247' title='bbox 2510 1783 2843 1854; x_wconf 86' lang='lat' dir='ltr'><strong>crucifigitur</strong></span> <span class='ocrx_word' id='word_1_248' title='bbox 2873 1823 2888 1848; x_wconf 93' lang='lat'><strong>,</strong></span> <span class='ocrx_word' id='word_1_249' title='bbox 2943 1784 3108 1839; x_wconf 89' lang='lat' dir='ltr'><strong>etiam</strong></span> <span class='ocrx_word' id='word_1_250' title='bbox 3157 1786 3566 1854; x_wconf 89' lang='lat' dir='ltr'><strong>quotiescunque</strong></span> <span class='ocrx_word' id='word_1_251' title='bbox 3608 1783 3823 1839; x_wconf 81' lang='lat' dir='ltr'><strong>membrum</strong></span> 
     </span>
    </p>
   </div>
   <div class='ocr_carea' id='block_1_32' title="bbox 660 1870 2246 1941">
    <p class='ocr_par' dir='ltr' id='par_1_32' title="bbox 660 1870 2246 1941">
     <span class='ocr_line' id='line_1_32' title="bbox 660 1870 2246 1941; baseline 0.003 -19"><span class='ocrx_word' id='word_1_252' title='bbox 660 1870 834 1924; x_wconf 88' lang='lat' dir='ltr'><strong>nostri</strong></span> <span class='ocrx_word' id='word_1_253' title='bbox 885 1871 1307 1935; x_wconf 83' lang='lat' dir='ltr'><strong>infirmitatibus,</strong></span> <span class='ocrx_word' id='word_1_254' title='bbox 1359 1873 1654 1941; x_wconf 88' lang='lat' dir='ltr'><strong>triumphat</strong></span> <span class='ocrx_word' id='word_1_255' title='bbox 1695 1880 1750 1925; x_wconf 93' lang='lat' dir='ltr'><strong>et</strong></span> <span class='ocrx_word' id='word_1_256' title='bbox 1771 1872 2005 1927; x_wconf 90' lang='lat' dir='ltr'><strong>ostendit</strong></span> <span class='ocrx_word' id='word_1_257' title='bbox 2033 1873 2158 1941; x_wconf 92' lang='lat' dir='ltr'><strong>quid</strong></span> <span class='ocrx_word' id='word_1_258' title='bbox 2192 1874 2246 1928; x_wconf 93' lang='lat' dir='ltr'><strong>in</strong></span> 
     </span>
    </p>
   </div>
   <div class='ocr_carea' id='block_1_33' title="bbox 658 1958 2245 2017">
    <p class='ocr_par' dir='ltr' id='par_1_33' title="bbox 658 1958 2245 2017">
     <span class='ocr_line' id='line_1_33' title="bbox 658 1958 2245 2017; baseline 0.003 -5"><span class='ocrx_word' id='word_1_259' title='bbox 658 1958 919 2013; x_wconf 85' lang='lat' dir='ltr'><strong>membris</strong></span> <span class='ocrx_word' id='word_1_260' title='bbox 945 1961 1057 2014; x_wconf 89' lang='lat' dir='ltr'><strong>suis</strong></span> <span class='ocrx_word' id='word_1_261' title='bbox 1083 1959 1292 2014; x_wconf 80' lang='lat' dir='ltr'><strong>fecerit.</strong></span> <span class='ocrx_word' id='word_1_262' title='bbox 1319 1961 1455 2015; x_wconf 87' lang='lat' dir='ltr'><strong>Ecce</strong></span> <span class='ocrx_word' id='word_1_263' title='bbox 1484 1962 1724 2016; x_wconf 89' lang='lat' dir='ltr'><strong>omnium</strong></span> <span class='ocrx_word' id='word_1_264' title='bbox 1755 1971 2065 2017; x_wconf 84' lang='lat' dir='ltr'><strong>sanctorum</strong></span> <span class='ocrx_word' id='word_1_265' title='bbox 2097 1978 2245 2017; x_wconf 89' lang='lat' dir='ltr'><strong>mar-</strong></span> 
     </span>
    </p>
   </div>
   <div class='ocr_carea' id='block_1_34' title="bbox 659 2055 2246 2126">
    <p class='ocr_par' dir='ltr' id='par_1_34' title="bbox 659 2055 2246 2126">
     <span class='ocr_line' id='line_1_34' title="bbox 659 2055 2246 2126; baseline 0.003 -20"><span class='ocrx_word' id='word_1_266' title='bbox 659 2064 838 2124; x_wconf 85' lang='lat' dir='ltr'><strong>tyrum</strong></span> <span class='ocrx_word' id='word_1_267' title='bbox 861 2055 1015 2119; x_wconf 90' lang='lat' dir='ltr'><strong>ordo,</strong></span> <span class='ocrx_word' id='word_1_268' title='bbox 1064 2070 1293 2124; x_wconf 92' lang='lat' dir='ltr'><strong>quorum</strong></span> <span class='ocrx_word' id='word_1_269' title='bbox 1339 2071 1560 2126; x_wconf 87' lang='lat' dir='ltr'><strong>regnum</strong></span> <span class='ocrx_word' id='word_1_270' title='bbox 1598 2057 1651 2110; x_wconf 91' lang='lat' dir='ltr'><strong>in</strong></span> <span class='ocrx_word' id='word_1_271' title='bbox 1703 2072 1769 2112; x_wconf 93' lang='lat' dir='ltr'><strong>eo</strong></span> <span class='ocrx_word' id='word_1_272' title='bbox 1793 2065 1932 2120; x_wconf 91' lang='lat' dir='ltr'><strong>erat,</strong></span> <span class='ocrx_word' id='word_1_273' title='bbox 1962 2056 2102 2125; x_wconf 90' lang='lat' dir='ltr'><strong>quod</strong></span> <span class='ocrx_word' id='word_1_274' title='bbox 2133 2056 2246 2125; x_wconf 86' lang='lat' dir='ltr'><strong>glo-</strong></span> 
     </span>
    </p>
   </div>
   <div class='ocr_carea' id='block_1_35' title="bbox 658 2144 2246 2217">
    <p class='ocr_par' dir='ltr' id='par_1_35' title="bbox 658 2144 2246 2217">
     <span class='ocr_line' id='line_1_35' title="bbox 658 2144 2246 2217; baseline 0.001 -17"><span class='ocrx_word' id='word_1_275' title='bbox 658 2145 961 2202; x_wconf 90' lang='lat' dir='ltr'><strong>riosissime</strong></span> <span class='ocrx_word' id='word_1_276' title='bbox 999 2147 1258 2217; x_wconf 82' lang='lat' dir='ltr'><strong>sanguine</strong></span> <span class='ocrx_word' id='word_1_277' title='bbox 1301 2146 1480 2201; x_wconf 91' lang='lat' dir='ltr'><strong>colore</strong></span> <span class='ocrx_word' id='word_1_278' title='bbox 1525 2147 1671 2202; x_wconf 92' lang='lat' dir='ltr'><strong>cocci</strong></span> <span class='ocrx_word' id='word_1_279' title='bbox 1713 2144 2070 2217; x_wconf 88' lang='lat' dir='ltr'><strong>perfunditur.</strong></span> <span class='ocrx_word' id='word_1_280' title='bbox 2105 2145 2246 2202; x_wconf 86' lang='lat' dir='ltr'><strong>Ecce</strong></span> 
     </span>
    </p>
   </div>
   <div class='ocr_carea' id='block_1_36' title="bbox 656 2237 2243 2308">
    <p class='ocr_par' dir='ltr' id='par_1_36' title="bbox 656 2237 2243 2308">
     <span class='ocr_line' id='line_1_36' title="bbox 656 2237 2243 2308; baseline 0 -16"><span class='ocrx_word' id='word_1_281' title='bbox 656 2237 1046 2308; x_wconf 90' lang='lat' dir='ltr'><strong>prophetarum</strong></span> <span class='ocrx_word' id='word_1_282' title='bbox 1081 2253 1144 2292; x_wconf 92' lang='lat' dir='ltr'><strong>ac</strong></span> <span class='ocrx_word' id='word_1_283' title='bbox 1187 2237 1615 2307; x_wconf 88' lang='lat' dir='ltr'><strong>patriarcharum</strong></span> <span class='ocrx_word' id='word_1_284' title='bbox 1669 2253 1924 2292; x_wconf 92' lang='lat' dir='ltr'><strong>numerus</strong></span> <span class='ocrx_word' id='word_1_285' title='bbox 1971 2253 2243 2307; x_wconf 89' lang='lat' dir='ltr'><strong>purpureo</strong></span> 
     </span>
    </p>
   </div>
   <div class='ocr_carea' id='block_1_37' title="bbox 654 2327 2242 2401">
    <p class='ocr_par' dir='ltr' id='par_1_37' title="bbox 654 2327 2242 2401">
     <span class='ocr_line' id='line_1_37' title="bbox 654 2327 2242 2401; baseline 0.001 -17"><span class='ocrx_word' id='word_1_286' title='bbox 654 2327 861 2384; x_wconf 83' lang='lat' dir='ltr'><strong>honore</strong></span> <span class='ocrx_word' id='word_1_287' title='bbox 907 2331 1154 2395; x_wconf 89' lang='lat' dir='ltr'><strong>vestitur,</strong></span> <span class='ocrx_word' id='word_1_288' title='bbox 1187 2330 1483 2401; x_wconf 91' lang='lat' dir='ltr'><strong>spinisque,</strong></span> <span class='ocrx_word' id='word_1_289' title='bbox 1528 2330 1579 2384; x_wconf 92' lang='lat' dir='ltr'><strong>id</strong></span> <span class='ocrx_word' id='word_1_290' title='bbox 1612 2338 1695 2385; x_wconf 86' lang='lat' dir='ltr'><strong>est</strong></span> <span class='ocrx_word' id='word_1_291' title='bbox 1719 2331 1958 2386; x_wconf 86' lang='lat' dir='ltr'><strong>omnium</strong></span> <span class='ocrx_word' id='word_1_292' title='bbox 1993 2339 2242 2400; x_wconf 88' lang='lat' dir='ltr'><strong>peceato-</strong></span> 
     </span>
    </p>
   </div>
   <div class='ocr_carea' id='block_1_38' title="bbox 655 2409 2240 2484">
    <p class='ocr_par' dir='ltr' id='par_1_38' title="bbox 655 2409 2240 2484">
     <span class='ocr_line' id='line_1_38' title="bbox 655 2409 2240 2484; baseline 0 -10"><span class='ocrx_word' id='word_1_293' title='bbox 655 2435 775 2474; x_wconf 90' lang='lat' dir='ltr'><strong>rum</strong></span> <span class='ocrx_word' id='word_1_294' title='bbox 806 2429 1113 2476; x_wconf 89' lang='lat' dir='ltr'><strong>nostrorum</strong></span> <span class='ocrx_word' id='word_1_295' title='bbox 1143 2421 1346 2476; x_wconf 86' lang='lat' dir='ltr'><strong>aculeis</strong></span> <span class='ocrx_word' id='word_1_296' title='bbox 1374 2429 1684 2484; x_wconf 86' lang='lat' dir='ltr'><strong>coronatur,</strong></span> <span class='ocrx_word' id='word_1_297' title='bbox 1708 2409 1784 2474; x_wconf 30' lang='lat' dir='ltr'><strong>&#39;ut</strong></span> <span class='ocrx_word' id='word_1_298' title='bbox 1813 2435 1912 2475; x_wconf 93' lang='lat' dir='ltr'><strong>nos</strong></span> <span class='ocrx_word' id='word_1_299' title='bbox 1937 2421 2180 2474; x_wconf 85' lang='lat' dir='ltr'><strong>evacuati</strong></span> <span class='ocrx_word' id='word_1_300' title='bbox 2210 2434 2240 2474; x_wconf 89' lang='lat' dir='ltr'><strong>a</strong></span> 
     </span>
    </p>
   </div>
   <div class='ocr_carea' id='block_1_39' title="bbox 652 2512 2241 2584">
    <p class='ocr_par' dir='ltr' id='par_1_39' title="bbox 652 2512 2241 2584">
     <span class='ocr_line' id='line_1_39' title="bbox 652 2512 2241 2584; baseline 0 -17"><span class='ocrx_word' id='word_1_301' title='bbox 652 2513 832 2580; x_wconf 87' lang='lat' dir='ltr'><strong>malis,</strong></span> <span class='ocrx_word' id='word_1_302' title='bbox 855 2529 1056 2570; x_wconf 90' lang='lat' dir='ltr'><strong>corona</strong></span> <span class='ocrx_word' id='word_1_303' title='bbox 1073 2515 1126 2568; x_wconf 93' lang='lat' dir='ltr'><strong>in</strong></span> <span class='ocrx_word' id='word_1_304' title='bbox 1149 2515 1326 2584; x_wconf 94' lang='lat' dir='ltr'><strong>capite</strong></span> <span class='ocrx_word' id='word_1_305' title='bbox 1347 2512 1464 2582; x_wconf 85' lang='lat' dir='ltr'><strong>ejus</strong></span> <span class='ocrx_word' id='word_1_306' title='bbox 1483 2529 1602 2569; x_wconf 90' lang='lat' dir='ltr'><strong>esse</strong></span> <span class='ocrx_word' id='word_1_307' title='bbox 1625 2513 1912 2584; x_wconf 89' lang='lat' dir='ltr'><strong>possimus.</strong></span> <span class='ocrx_word' id='word_1_308' title='bbox 1945 2512 2024 2567; x_wconf 85' lang='lat' dir='ltr'><strong>Ex</strong></span> <span class='ocrx_word' id='word_1_309' title='bbox 2047 2513 2241 2582; x_wconf 86' lang='lat' dir='ltr'><strong>quibus</strong></span> 
     </span>
    </p>
   </div>
   <div class='ocr_carea' id='block_1_40' title="bbox 651 2601 2241 2663">
    <p class='ocr_par' dir='ltr' id='par_1_40' title="bbox 651 2601 2241 2663">
     <span class='ocr_line' id='line_1_40' title="bbox 651 2601 2241 2663; baseline -0.003 -2"><span class='ocrx_word' id='word_1_310' title='bbox 651 2605 904 2663; x_wconf 89' lang='lat' dir='ltr'><strong>omnibus</strong></span> <span class='ocrx_word' id='word_1_311' title='bbox 929 2605 1131 2662; x_wconf 89' lang='lat' dir='ltr'><strong>Christi</strong></span> <span class='ocrx_word' id='word_1_312' title='bbox 1178 2607 1404 2662; x_wconf 89' lang='lat' dir='ltr'><strong>victoria</strong></span> <span class='ocrx_word' id='word_1_313' title='bbox 1430 2614 1486 2661; x_wconf 90' lang='lat' dir='ltr'><strong>et</strong></span> <span class='ocrx_word' id='word_1_314' title='bbox 1513 2606 1762 2660; x_wconf 85' lang='lat' dir='ltr'><strong>diadema</strong></span> <span class='ocrx_word' id='word_1_315' title='bbox 1790 2603 2119 2659; x_wconf 82' lang='lat' dir='ltr'><strong>contexitur.</strong></span> <span class='ocrx_word' id='word_1_316' title='bbox 2150 2601 2241 2657; x_wconf 91' lang='lat' dir='ltr'><strong>Sic</strong></span> 
     </span>
    </p>
   </div>
   <div class='ocr_carea' id='block_1_41' title="bbox 650 2696 2238 2769">
    <p class='ocr_par' dir='ltr' id='par_1_41' title="bbox 650 2696 2238 2769">
     <span class='ocr_line' id='line_1_41' title="bbox 650 2696 2238 2769; baseline -0.003 -17"><span class='ocrx_word' id='word_1_317' title='bbox 650 2712 867 2769; x_wconf 92' lang='lat' dir='ltr'><strong>quoque</strong></span> <span class='ocrx_word' id='word_1_318' title='bbox 906 2707 962 2751; x_wconf 90' lang='lat' dir='ltr'><strong>et</strong></span> <span class='ocrx_word' id='word_1_319' title='bbox 1014 2699 1067 2752; x_wconf 92' lang='lat' dir='ltr'><strong>in</strong></span> <span class='ocrx_word' id='word_1_320' title='bbox 1113 2699 1320 2754; x_wconf 90' lang='lat' dir='ltr'><strong>calamo</strong></span> <span class='ocrx_word' id='word_1_321' title='bbox 1363 2697 1650 2752; x_wconf 81' lang='lat' dir='ltr'><strong>infirmitas</strong></span> <span class='ocrx_word' id='word_1_322' title='bbox 1694 2697 1938 2752; x_wconf 89' lang='lat' dir='ltr'><strong>omnium</strong></span> <span class='ocrx_word' id='word_1_323' title='bbox 1973 2696 2238 2767; x_wconf 89' lang='lat' dir='ltr'><strong>gentium,</strong></span> 
     </span>
    </p>
   </div>
   <div class='ocr_carea' id='block_1_42' title="bbox 651 2785 2240 2858">
    <p class='ocr_par' dir='ltr' id='par_1_42' title="bbox 651 2785 2240 2858">
     <span class='ocr_line' id='line_1_42' title="bbox 651 2785 2240 2858; baseline -0.003 -16"><span class='ocrx_word' id='word_1_324' title='bbox 651 2797 814 2858; x_wconf 87' lang='lat' dir='ltr'><strong>atque</strong></span> <span class='ocrx_word' id='word_1_325' title='bbox 875 2788 1108 2843; x_wconf 88' lang='lat' dir='ltr'><strong>inanitas</strong></span> <span class='ocrx_word' id='word_1_326' title='bbox 1155 2803 1372 2851; x_wconf 92' lang='lat' dir='ltr'><strong>eorum,</strong></span> <span class='ocrx_word' id='word_1_327' title='bbox 1409 2803 1571 2842; x_wconf 90' lang='lat' dir='ltr'><strong>manu</strong></span> <span class='ocrx_word' id='word_1_328' title='bbox 1620 2787 2005 2858; x_wconf 88' lang='lat' dir='ltr'><strong>comprehensa</strong></span> <span class='ocrx_word' id='word_1_329' title='bbox 2053 2785 2240 2840; x_wconf 85' lang='lat' dir='ltr'><strong>Salva-</strong></span> 
     </span>
    </p>
   </div>
   <div class='ocr_carea' id='block_1_43' title="bbox 651 2877 2236 2948">
    <p class='ocr_par' dir='ltr' id='par_1_43' title="bbox 651 2877 2236 2948">
     <span class='ocr_line' id='line_1_43' title="bbox 651 2877 2236 2948; baseline -0.001 -17"><span class='ocrx_word' id='word_1_330' title='bbox 651 2879 787 2932; x_wconf 87' lang='lat' dir='ltr'><strong>toris</strong></span> <span class='ocrx_word' id='word_1_331' title='bbox 815 2888 1058 2943; x_wconf 90' lang='lat' dir='ltr'><strong>sanatur,</strong></span> <span class='ocrx_word' id='word_1_332' title='bbox 1106 2889 1162 2934; x_wconf 89' lang='lat' dir='ltr'><strong>et</strong></span> <span class='ocrx_word' id='word_1_333' title='bbox 1203 2878 1450 2933; x_wconf 80' lang='lat' dir='ltr'><strong>tinuatur</strong></span> <span class='ocrx_word' id='word_1_334' title='bbox 1494 2889 1682 2934; x_wconf 91' lang='lat' dir='ltr'><strong>natura</strong></span> <span class='ocrx_word' id='word_1_335' title='bbox 1714 2877 1952 2948; x_wconf 88' lang='lat' dir='ltr'><strong>fragilis;</strong></span> <span class='ocrx_word' id='word_1_336' title='bbox 1981 2877 2056 2932; x_wconf 90' lang='lat' dir='ltr'><strong>ita</strong></span> <span class='ocrx_word' id='word_1_337' title='bbox 2085 2891 2236 2932; x_wconf 87' lang='lat' dir='ltr'><strong>com-</strong></span> 
     </span>
    </p>
   </div>
   <div class='ocr_carea' id='block_1_44' title="bbox 649 2967 2240 3038">
    <p class='ocr_par' dir='ltr' id='par_1_44' title="bbox 649 2967 2240 3038">
     <span class='ocr_line' id='line_1_44' title="bbox 649 2967 2240 3038; baseline 0.001 -17"><span class='ocrx_word' id='word_1_338' title='bbox 649 2968 921 3036; x_wconf 90' lang='lat' dir='ltr'><strong>prehensa</strong></span> <span class='ocrx_word' id='word_1_339' title='bbox 951 2984 1110 3022; x_wconf 93' lang='lat' dir='ltr'><strong>manu</strong></span> <span class='ocrx_word' id='word_1_340' title='bbox 1139 2969 1362 3032; x_wconf 81' lang='lat' dir='ltr'><strong>Christi,</strong></span> <span class='ocrx_word' id='word_1_341' title='bbox 1393 2968 1558 3022; x_wconf 90' lang='lat' dir='ltr'><strong>etiam</strong></span> <span class='ocrx_word' id='word_1_342' title='bbox 1600 2969 1836 3038; x_wconf 89' lang='lat' dir='ltr'><strong>pretiosa</strong></span> <span class='ocrx_word' id='word_1_343' title='bbox 1868 2970 1922 3022; x_wconf 91' lang='lat' dir='ltr'><strong>in</strong></span> <span class='ocrx_word' id='word_1_344' title='bbox 1945 2967 2143 3036; x_wconf 87' lang='lat' dir='ltr'><strong>capite,</strong></span> <span class='ocrx_word' id='word_1_345' title='bbox 2174 2980 2240 3022; x_wconf 88' lang='lat' dir='ltr'><strong>ac</strong></span> 
     </span>
    </p>
   </div>
   <div class='ocr_carea' id='block_1_45' title="bbox 559 3059 2235 3129">
    <p class='ocr_par' dir='ltr' id='par_1_45' title="bbox 559 3059 2235 3129">
     <span class='ocr_line' id='line_1_45' title="bbox 559 3059 2235 3129; baseline -0.002 -15"><span class='ocrx_word' id='word_1_346' title='bbox 559 3071 564 3078; x_wconf 86' lang='lat'>‘</span> <span class='ocrx_word' id='word_1_347' title='bbox 651 3061 696 3114; x_wconf 88' lang='lat' dir='ltr'><strong>si</strong></span> <span class='ocrx_word' id='word_1_348' title='bbox 729 3074 930 3114; x_wconf 92' lang='lat' dir='ltr'><strong>corona</strong></span> <span class='ocrx_word' id='word_1_349' title='bbox 962 3061 1190 3124; x_wconf 88' lang='lat' dir='ltr'><strong>decoris,</strong></span> <span class='ocrx_word' id='word_1_350' title='bbox 1225 3059 1581 3129; x_wconf 84' lang='lat' dir='ltr'><strong>resplendeat.</strong></span> <span class='ocrx_word' id='word_1_351' title='bbox 1633 3059 1689 3113; x_wconf 92' lang='lat' dir='ltr'><strong>ln</strong></span> <span class='ocrx_word' id='word_1_352' title='bbox 1743 3060 1937 3129; x_wconf 88' lang='lat' dir='ltr'><strong>quibus</strong></span> <span class='ocrx_word' id='word_1_353' title='bbox 1961 3059 2235 3123; x_wconf 90' lang='lat' dir='ltr'><strong>omnibus,</strong></span> 
     </span>
    </p>
   </div>
   <div class='ocr_carea' id='block_1_46' title="bbox 2350 1870 3826 1946">
    <p class='ocr_par' dir='ltr' id='par_1_46' title="bbox 2350 1870 3826 1946">
     <span class='ocr_line' id='line_1_46' title="bbox 2350 1870 3826 1946; baseline 0.004 -21"><span class='ocrx_word' id='word_1_354' title='bbox 2350 1870 2554 1927; x_wconf 88' lang='lat' dir='ltr'><strong>Christi</strong></span> <span class='ocrx_word' id='word_1_355' title='bbox 2569 1873 2804 1944; x_wconf 91' lang='lat' dir='ltr'><strong>aliquod,</strong></span> <span class='ocrx_word' id='word_1_356' title='bbox 2828 1876 3027 1931; x_wconf 90' lang='lat' dir='ltr'><strong>mundo</strong></span> <span class='ocrx_word' id='word_1_357' title='bbox 3049 1877 3383 1946; x_wconf 76' lang='lat' dir='ltr'><strong>cruciﬁgitur</strong></span> <span class='ocrx_word' id='word_1_358' title='bbox 3403 1879 3510 1931; x_wconf 92' lang='lat' dir='ltr'><strong>etei</strong></span> <span class='ocrx_word' id='word_1_359' title='bbox 3524 1879 3711 1931; x_wconf 89' lang='lat' dir='ltr'><strong>mundus</strong></span> <span class='ocrx_word' id='word_1_360' title='bbox 3727 1878 3826 1931; x_wconf 80' lang='lat' dir='ltr'><strong>cruci</strong></span> 
     </span>
    </p>
   </div>
   <div class='ocr_carea' id='block_1_47' title="bbox 2349 1961 3826 2038">
    <p class='ocr_par' dir='ltr' id='par_1_47' title="bbox 2349 1961 3826 2038">
     <span class='ocr_line' id='line_1_47' title="bbox 2349 1961 3826 2038; baseline 0.001 -22"><span class='ocrx_word' id='word_1_361' title='bbox 2349 1961 2538 2018; x_wconf 81' lang='lat' dir='ltr'><strong>ailixus</strong></span> <span class='ocrx_word' id='word_1_362' title='bbox 2570 1973 2798 2019; x_wconf 90' lang='lat' dir='ltr'><strong>tenetur.</strong></span> <span class='ocrx_word' id='word_1_363' title='bbox 2827 1964 2936 2020; x_wconf 87' lang='lat' dir='ltr'><strong>Nec</strong></span> <span class='ocrx_word' id='word_1_364' title='bbox 2957 1965 3059 2021; x_wconf 83' lang='lat' dir='ltr'><strong>hoc</strong></span> <span class='ocrx_word' id='word_1_365' title='bbox 3082 1967 3248 2038; x_wconf 88' lang='lat' dir='ltr'><strong>igitur</strong></span> <span class='ocrx_word' id='word_1_366' title='bbox 3268 1976 3420 2022; x_wconf 90' lang='lat' dir='ltr'><strong>vacat</strong></span> <span class='ocrx_word' id='word_1_367' title='bbox 3443 1983 3471 2020; x_wconf 94' lang='lat' dir='ltr'><strong>a</strong></span> <span class='ocrx_word' id='word_1_368' title='bbox 3503 1967 3715 2038; x_wconf 87' lang='lat' dir='ltr'><strong>mysterio</strong></span> <span class='ocrx_word' id='word_1_369' title='bbox 3731 1966 3826 2036; x_wconf 85' lang='lat' dir='ltr'><strong>quod</strong></span> 
     </span>
    </p>
   </div>
   <div class='ocr_carea' id='block_1_48' title="bbox 2349 2052 3826 2124">
    <p class='ocr_par' dir='ltr' id='par_1_48' title="bbox 2349 2052 3826 2124">
     <span class='ocr_line' id='line_1_48' title="bbox 2349 2052 3826 2124; baseline 0.001 -18"><span class='ocrx_word' id='word_1_370' title='bbox 2349 2053 2646 2107; x_wconf 89' lang='lat' dir='ltr'><strong>secundum</strong></span> <span class='ocrx_word' id='word_1_371' title='bbox 2664 2052 2951 2118; x_wconf 79' lang='lat' dir='ltr'><strong>Joannem,</strong></span> <span class='ocrx_word' id='word_1_372' title='bbox 2974 2056 3224 2111; x_wconf 87' lang='lat' dir='ltr'><strong>Christus</strong></span> <span class='ocrx_word' id='word_1_373' title='bbox 3239 2071 3447 2111; x_wconf 89' lang='lat' dir='ltr'><strong>crucem</strong></span> <span class='ocrx_word' id='word_1_374' title='bbox 3468 2071 3602 2111; x_wconf 87' lang='lat' dir='ltr'><strong>suam</strong></span> <span class='ocrx_word' id='word_1_375' title='bbox 3626 2055 3826 2124; x_wconf 82' lang='lat' dir='ltr'><strong>soluspor-</strong></span> 
     </span>
    </p>
   </div>
   <div class='ocr_carea' id='block_1_49' title="bbox 2348 2145 3825 2218">
    <p class='ocr_par' dir='ltr' id='par_1_49' title="bbox 2348 2145 3825 2218">
     <span class='ocr_line' id='line_1_49' title="bbox 2348 2145 3825 2218; baseline 0.003 -22"><span class='ocrx_word' id='word_1_376' title='bbox 2348 2151 2464 2198; x_wconf 89' lang='lat' dir='ltr'><strong>tare</strong></span> <span class='ocrx_word' id='word_1_377' title='bbox 2495 2145 2721 2209; x_wconf 89' lang='lat' dir='ltr'><strong>dicitur,</strong></span> <span class='ocrx_word' id='word_1_378' title='bbox 2754 2147 3047 2201; x_wconf 89' lang='lat' dir='ltr'><strong>secundum</strong></span> <span class='ocrx_word' id='word_1_379' title='bbox 3078 2148 3318 2218; x_wconf 87' lang='lat' dir='ltr'><strong>reliquos</strong></span> <span class='ocrx_word' id='word_1_380' title='bbox 3341 2163 3463 2202; x_wconf 90' lang='lat' dir='ltr'><strong>vero</strong></span> <span class='ocrx_word' id='word_1_381' title='bbox 3489 2163 3584 2202; x_wconf 92' lang='lat' dir='ltr'><strong>non</strong></span> <span class='ocrx_word' id='word_1_382' title='bbox 3611 2148 3732 2218; x_wconf 87' lang='lat' dir='ltr'><strong>ipse,</strong></span> <span class='ocrx_word' id='word_1_383' title='bbox 3767 2145 3825 2200; x_wconf 82' lang='lat' dir='ltr'><strong>sed</strong></span> 
     </span>
    </p>
   </div>
   <div class='ocr_carea' id='block_1_50' title="bbox 2347 2233 3826 2307">
    <p class='ocr_par' dir='ltr' id='par_1_50' title="bbox 2347 2233 3826 2307">
     <span class='ocr_line' id='line_1_50' title="bbox 2347 2233 3826 2307; baseline 0.001 -20"><span class='ocrx_word' id='word_1_384' title='bbox 2347 2233 2486 2288; x_wconf 91' lang='lat' dir='ltr'><strong>alius</strong></span> <span class='ocrx_word' id='word_1_385' title='bbox 2507 2249 2627 2288; x_wconf 87' lang='lat' dir='ltr'><strong>eam</strong></span> <span class='ocrx_word' id='word_1_386' title='bbox 2651 2244 2873 2304; x_wconf 90' lang='lat' dir='ltr'><strong>portans</strong></span> <span class='ocrx_word' id='word_1_387' title='bbox 2896 2237 3288 2304; x_wconf 85' lang='lat' dir='ltr'><strong>introducitur;</strong></span> <span class='ocrx_word' id='word_1_388' title='bbox 3307 2239 3503 2293; x_wconf 92' lang='lat' dir='ltr'><strong>sicutet</strong></span> <span class='ocrx_word' id='word_1_389' title='bbox 3521 2238 3698 2307; x_wconf 83' lang='lat' dir='ltr'><strong>quando</strong></span> <span class='ocrx_word' id='word_1_390' title='bbox 3715 2245 3826 2290; x_wconf 83' lang='lat' dir='ltr'><strong>tenu-</strong></span> 
     </span>
    </p>
   </div>
   <div class='ocr_carea' id='block_1_51' title="bbox 2345 2327 3823 2396">
    <p class='ocr_par' dir='ltr' id='par_1_51' title="bbox 2345 2327 3823 2396">
     <span class='ocr_line' id='line_1_51' title="bbox 2345 2327 3823 2396; baseline 0 -15"><span class='ocrx_word' id='word_1_391' title='bbox 2345 2327 2521 2391; x_wconf 89' lang='lat' dir='ltr'><strong>batur,</strong></span> <span class='ocrx_word' id='word_1_392' title='bbox 2536 2327 2661 2396; x_wconf 91' lang='lat' dir='ltr'><strong>quia</strong></span> <span class='ocrx_word' id='word_1_393' title='bbox 2679 2329 2971 2383; x_wconf 89' lang='lat' dir='ltr'><strong>secundum</strong></span> <span class='ocrx_word' id='word_1_394' title='bbox 3003 2330 3280 2385; x_wconf 88' lang='lat' dir='ltr'><strong>hominem</strong></span> <span class='ocrx_word' id='word_1_395' title='bbox 3303 2331 3536 2386; x_wconf 90' lang='lat' dir='ltr'><strong>eamdem</strong></span> <span class='ocrx_word' id='word_1_396' title='bbox 3563 2330 3823 2384; x_wconf 86' lang='lat' dir='ltr'><strong>tentationem</strong></span> 
     </span>
    </p>
   </div>
   <div class='ocr_carea' id='block_1_52' title="bbox 2343 2418 3824 2489">
    <p class='ocr_par' dir='ltr' id='par_1_52' title="bbox 2343 2418 3824 2489">
     <span class='ocr_line' id='line_1_52' title="bbox 2343 2418 3824 2489; baseline -0.001 -19"><span class='ocrx_word' id='word_1_397' title='bbox 2343 2427 2652 2486; x_wconf 82' lang='lat' dir='ltr'><strong>susceperat</strong></span> <span class='ocrx_word' id='word_1_398' title='bbox 2679 2418 2984 2486; x_wconf 86' lang='lat' dir='ltr'><strong>unigenitus</strong></span> <span class='ocrx_word' id='word_1_399' title='bbox 3011 2419 3173 2486; x_wconf 87' lang='lat' dir='ltr'><strong>Deus,</strong></span> <span class='ocrx_word' id='word_1_400' title='bbox 3206 2431 3318 2476; x_wconf 88' lang='lat' dir='ltr'><strong>tres</strong></span> <span class='ocrx_word' id='word_1_401' title='bbox 3345 2421 3430 2476; x_wconf 88' lang='lat' dir='ltr'><strong>isti</strong></span> <span class='ocrx_word' id='word_1_402' title='bbox 3458 2435 3568 2475; x_wconf 89' lang='lat' dir='ltr'><strong>eam</strong></span> <span class='ocrx_word' id='word_1_403' title='bbox 3606 2426 3824 2489; x_wconf 85' lang='lat' dir='ltr'><strong>exponunt:</strong></span> 
     </span>
    </p>
   </div>
   <div class='ocr_carea' id='block_1_53' title="bbox 2341 2511 3828 2584">
    <p class='ocr_par' dir='ltr' id='par_1_53' title="bbox 2341 2511 3828 2584">
     <span class='ocr_line' id='line_1_53' title="bbox 2341 2511 3828 2584; baseline -0.003 -17"><span class='ocrx_word' id='word_1_404' title='bbox 2341 2511 2597 2579; x_wconf 78' lang='lat' dir='ltr'><strong>Joannes,</strong></span> <span class='ocrx_word' id='word_1_405' title='bbox 2611 2515 2737 2584; x_wconf 89' lang='lat' dir='ltr'><strong>quia</strong></span> <span class='ocrx_word' id='word_1_406' title='bbox 2753 2514 2990 2570; x_wconf 89' lang='lat' dir='ltr'><strong>divinam</strong></span> <span class='ocrx_word' id='word_1_407' title='bbox 3005 2513 3122 2583; x_wconf 87' lang='lat' dir='ltr'><strong>ejus</strong></span> <span class='ocrx_word' id='word_1_408' title='bbox 3145 2526 3398 2571; x_wconf 88' lang='lat' dir='ltr'><strong>naturam</strong></span> <span class='ocrx_word' id='word_1_409' title='bbox 3417 2513 3828 2584; x_wconf 83' lang='lat' dir='ltr'><strong>susceperatexpla-</strong></span> 
     </span>
    </p>
   </div>
   <div class='ocr_carea' id='block_1_54' title="bbox 2343 2602 3830 2668">
    <p class='ocr_par' dir='ltr' id='par_1_54' title="bbox 2343 2602 3830 2668">
     <span class='ocr_line' id='line_1_54' title="bbox 2343 2602 3830 2668; baseline -0.002 -12"><span class='ocrx_word' id='word_1_410' title='bbox 2343 2603 2596 2668; x_wconf 87' lang='lat' dir='ltr'><strong>nandam,</strong></span> <span class='ocrx_word' id='word_1_411' title='bbox 2636 2603 2840 2658; x_wconf 87' lang='lat' dir='ltr'><strong>nullam</strong></span> <span class='ocrx_word' id='word_1_412' title='bbox 2858 2618 2920 2659; x_wconf 87' lang='lat' dir='ltr'><strong>ex</strong></span> <span class='ocrx_word' id='word_1_413' title='bbox 2963 2607 3150 2660; x_wconf 86' lang='lat' dir='ltr'><strong>eadem</strong></span> <span class='ocrx_word' id='word_1_414' title='bbox 3177 2607 3474 2662; x_wconf 88' lang='lat' dir='ltr'><strong>tentatione</strong></span> <span class='ocrx_word' id='word_1_415' title='bbox 3498 2602 3830 2660; x_wconf 86' lang='lat' dir='ltr'><strong>habuitmentio-</strong></span> 
     </span>
    </p>
   </div>
   <div class='ocr_carea' id='block_1_55' title="bbox 2342 2693 3833 2768">
    <p class='ocr_par' dir='ltr' id='par_1_55' title="bbox 2342 2693 3833 2768">
     <span class='ocr_line' id='line_1_55' title="bbox 2342 2693 3833 2768; baseline -0.001 -19"><span class='ocrx_word' id='word_1_416' title='bbox 2342 2709 2486 2749; x_wconf 92' lang='lat' dir='ltr'><strong>nem.</strong></span> <span class='ocrx_word' id='word_1_417' title='bbox 2519 2693 2610 2750; x_wconf 90' lang='lat' dir='ltr'><strong>Sic</strong></span> <span class='ocrx_word' id='word_1_418' title='bbox 2638 2705 2692 2750; x_wconf 89' lang='lat' dir='ltr'><strong>et</strong></span> <span class='ocrx_word' id='word_1_419' title='bbox 2728 2695 2816 2751; x_wconf 93' lang='lat' dir='ltr'><strong>hic</strong></span> <span class='ocrx_word' id='word_1_420' title='bbox 2847 2695 3255 2766; x_wconf 87' lang='lat' dir='ltr'><strong>imponentibus</strong></span> <span class='ocrx_word' id='word_1_421' title='bbox 3300 2698 3406 2752; x_wconf 86' lang='lat' dir='ltr'><strong>illis</strong></span> <span class='ocrx_word' id='word_1_422' title='bbox 3446 2698 3530 2768; x_wconf 90' lang='lat' dir='ltr'><strong>qui</strong></span> <span class='ocrx_word' id='word_1_423' title='bbox 3574 2699 3833 2763; x_wconf 82' lang='lat' dir='ltr'><strong>susceperunt</strong></span> 
     </span>
    </p>
   </div>
   <div class='ocr_carea' id='block_1_56' title="bbox 2341 2781 3831 2859">
    <p class='ocr_par' dir='ltr' id='par_1_56' title="bbox 2341 2781 3831 2859">
     <span class='ocr_line' id='line_1_56' title="bbox 2341 2781 3831 2859; baseline -0.001 -19"><span class='ocrx_word' id='word_1_424' title='bbox 2341 2800 2486 2850; x_wconf 90' lang='lat' dir='ltr'><strong>eum,</strong></span> <span class='ocrx_word' id='word_1_425' title='bbox 2503 2801 2719 2842; x_wconf 90' lang='lat' dir='ltr'><strong>crucem</strong></span> <span class='ocrx_word' id='word_1_426' title='bbox 2746 2802 2924 2854; x_wconf 92' lang='lat' dir='ltr'><strong>suam,</strong></span> <span class='ocrx_word' id='word_1_427' title='bbox 2949 2803 3069 2857; x_wconf 76' lang='lat' dir='ltr'><strong>qua:</strong></span> <span class='ocrx_word' id='word_1_428' title='bbox 3089 2791 3339 2845; x_wconf 86' lang='lat' dir='ltr'><strong>omnium</strong></span> <span class='ocrx_word' id='word_1_429' title='bbox 3363 2797 3462 2854; x_wconf 90' lang='lat' dir='ltr'><strong>est,</strong></span> <span class='ocrx_word' id='word_1_430' title='bbox 3480 2797 3670 2859; x_wconf 81' lang='lat' dir='ltr'><strong>portans</strong></span> <span class='ocrx_word' id='word_1_431' title='bbox 3689 2786 3770 2854; x_wconf 77' lang='lat' dir='ltr'><strong>ipse</strong></span> <span class='ocrx_word' id='word_1_432' title='bbox 3787 2781 3831 2834; x_wconf 75' lang='lat' dir='ltr'><strong>ab</strong></span> 
     </span>
    </p>
   </div>
   <div class='ocr_carea' id='block_1_57' title="bbox 2339 2870 3833 2952">
    <p class='ocr_par' dir='ltr' id='par_1_57' title="bbox 2339 2870 3833 2952">
     <span class='ocr_line' id='line_1_57' title="bbox 2339 2870 3833 2952; baseline 0 -22"><span class='ocrx_word' id='word_1_433' title='bbox 2339 2878 2486 2930; x_wconf 91' lang='lat' dir='ltr'><strong>omni</strong></span> <span class='ocrx_word' id='word_1_434' title='bbox 2529 2877 2713 2934; x_wconf 90' lang='lat' dir='ltr'><strong>labore</strong></span> <span class='ocrx_word' id='word_1_435' title='bbox 2731 2877 2885 2946; x_wconf 80' lang='lat' dir='ltr'><strong>juxta</strong></span> <span class='ocrx_word' id='word_1_436' title='bbox 2909 2879 3277 2946; x_wconf 82' lang='lat' dir='ltr'><strong>divinitatem,</strong></span> <span class='ocrx_word' id='word_1_437' title='bbox 3315 2894 3555 2952; x_wconf 89' lang='lat' dir='ltr'><strong>egressus</strong></span> <span class='ocrx_word' id='word_1_438' title='bbox 3577 2886 3648 2933; x_wconf 88' lang='lat' dir='ltr'><strong>est</strong></span> <span class='ocrx_word' id='word_1_439' title='bbox 3671 2875 3769 2928; x_wconf 83' lang='lat' dir='ltr'><strong>liber</strong></span> <span class='ocrx_word' id='word_1_440' title='bbox 3797 2870 3833 2923; x_wconf 77' lang='lat' dir='ltr'><strong>in</strong></span> 
     </span>
    </p>
   </div>
   <div class='ocr_carea' id='block_1_58' title="bbox 2339 2968 3833 3039">
    <p class='ocr_par' dir='ltr' id='par_1_58' title="bbox 2339 2968 3833 3039">
     <span class='ocr_line' id='line_1_58' title="bbox 2339 2968 3833 3039; baseline -0.001 -15"><span class='ocrx_word' id='word_1_441' title='bbox 2339 2984 2463 3024; x_wconf 90' lang='lat' dir='ltr'><strong>eum</strong></span> <span class='ocrx_word' id='word_1_442' title='bbox 2489 2971 2580 3039; x_wconf 93' lang='lat' dir='ltr'><strong>qui</strong></span> <span class='ocrx_word' id='word_1_443' title='bbox 2611 2971 2808 3026; x_wconf 92' lang='lat' dir='ltr'><strong>dicitur</strong></span> <span class='ocrx_word' id='word_1_444' title='bbox 2831 2970 3092 3027; x_wconf 74' lang='lat' dir='ltr'><strong>Calvarize</strong></span> <span class='ocrx_word' id='word_1_445' title='bbox 3139 2971 3319 3028; x_wconf 93' lang='lat' dir='ltr'><strong>locus.</strong></span> <span class='ocrx_word' id='word_1_446' title='bbox 3349 2972 3694 3027; x_wconf 71' lang='lat' dir='ltr'><strong>Verumtamen</strong></span> <span class='ocrx_word' id='word_1_447' title='bbox 3713 2968 3833 3034; x_wconf 64' lang='lat' dir='ltr'><strong>ponti</strong></span> 
     </span>
    </p>
   </div>
   <div class='ocr_carea' id='block_1_59' title="bbox 2341 3055 3834 3130">
    <p class='ocr_par' dir='ltr' id='par_1_59' title="bbox 2341 3055 3834 3130">
     <span class='ocr_line' id='line_1_59' title="bbox 2341 3055 3834 3130; baseline -0.005 -17"><span class='ocrx_word' id='word_1_448' title='bbox 2341 3075 2463 3114; x_wconf 89' lang='lat' dir='ltr'><strong>eum</strong></span> <span class='ocrx_word' id='word_1_449' title='bbox 2478 3061 2594 3130; x_wconf 90' lang='lat' dir='ltr'><strong>ipse</strong></span> <span class='ocrx_word' id='word_1_450' title='bbox 2622 3060 2808 3117; x_wconf 91' lang='lat' dir='ltr'><strong>Simon</strong></span> <span class='ocrx_word' id='word_1_451' title='bbox 2835 3061 3011 3118; x_wconf 88' lang='lat' dir='ltr'><strong>factus</strong></span> <span class='ocrx_word' id='word_1_452' title='bbox 3032 3063 3299 3119; x_wconf 89' lang='lat' dir='ltr'><strong>obediens</strong></span> <span class='ocrx_word' id='word_1_453' title='bbox 3324 3064 3430 3118; x_wconf 91' lang='lat' dir='ltr'><strong>Deo</strong></span> <span class='ocrx_word' id='word_1_454' title='bbox 3450 3061 3602 3124; x_wconf 84' lang='lat' dir='ltr'><strong>Patri,</strong></span> <span class='ocrx_word' id='word_1_455' title='bbox 3620 3055 3834 3113; x_wconf 84' lang='lat' dir='ltr'><strong>simulcunt</strong></span> 
     </span>
    </p>
   </div>
   <div class='ocr_carea' id='block_1_60' title="bbox 650 3119 3830 3225">
    <p class='ocr_par' dir='ltr' id='par_1_60' title="bbox 650 3119 3830 3225">
     <span class='ocr_line' id='line_1_60' title="bbox 650 3119 3830 3225; baseline -0.002 -19"><span class='ocrx_word' id='word_1_456' title='bbox 650 3160 712 3206; x_wconf 90' lang='lat' dir='ltr'><strong>ut</strong></span> <span class='ocrx_word' id='word_1_457' title='bbox 754 3151 886 3217; x_wconf 90' lang='lat' dir='ltr'><strong>dixi,</strong></span> <span class='ocrx_word' id='word_1_458' title='bbox 932 3149 1181 3206; x_wconf 87' lang='lat' dir='ltr'><strong>Christus</strong></span> <span class='ocrx_word' id='word_1_459' title='bbox 1218 3119 1343 3205; x_wconf 76' lang='lat' dir='ltr'><strong>dum</strong></span> <span class='ocrx_word' id='word_1_460' title='bbox 1375 3150 1637 3218; x_wconf 91' lang='lat' dir='ltr'><strong>illuditur,</strong></span> <span class='ocrx_word' id='word_1_461' title='bbox 1668 3119 1944 3216; x_wconf 74' lang='lat' dir='ltr'><strong>adorator,</strong></span> <span class='ocrx_word' id='word_1_462' title='bbox 1980 3151 2235 3206; x_wconf 84' lang='lat' dir='ltr'><strong>adoratus</strong></span> <span class='ocrx_word' id='word_1_463' title='bbox 2263 3119 2309 3184; x_wconf 66' lang='grc' dir='ltr'><strong>θ</strong></span> <span class='ocrx_word' id='word_1_464' title='bbox 2340 3119 2598 3209; x_wconf 75' lang='lat' dir='ltr'><strong>membris</strong></span> <span class='ocrx_word' id='word_1_465' title='bbox 2623 3157 2754 3220; x_wconf 90' lang='lat' dir='ltr'><strong>suis,</strong></span> <span class='ocrx_word' id='word_1_466' title='bbox 2800 3155 2891 3225; x_wconf 91' lang='lat' dir='ltr'><strong>qui</strong></span> <span class='ocrx_word' id='word_1_467' title='bbox 2924 3158 3024 3212; x_wconf 93' lang='lat' dir='ltr'><strong>sub</strong></span> <span class='ocrx_word' id='word_1_468' title='bbox 3050 3159 3278 3213; x_wconf 91' lang='lat' dir='ltr'><strong>nomine</strong></span> <span class='ocrx_word' id='word_1_469' title='bbox 3305 3159 3407 3212; x_wconf 89' lang='lat' dir='ltr'><strong>hoc</strong></span> <span class='ocrx_word' id='word_1_470' title='bbox 3438 3160 3706 3214; x_wconf 90' lang='lat' dir='ltr'><strong>censentur,</strong></span> <span class='ocrx_word' id='word_1_471' title='bbox 3725 3157 3764 3200; x_wconf 84' lang='lat' dir='ltr'><strong>et</strong></span> <span class='ocrx_word' id='word_1_472' title='bbox 3778 3146 3830 3199; x_wconf 88' lang='lat' dir='ltr'><strong>in-</strong></span> 
     </span>
    </p>
   </div>
   <div class='ocr_carea' id='block_1_61' title="bbox 652 3241 1296 3298">
    <p class='ocr_par' dir='ltr' id='par_1_61' title="bbox 652 3241 1296 3298">
     <span class='ocr_line' id='line_1_61' title="bbox 652 3241 1296 3298; baseline -0.003 -2"><span class='ocrx_word' id='word_1_473' title='bbox 652 3256 784 3298; x_wconf 89' lang='lat' dir='ltr'><strong>vero</strong></span> <span class='ocrx_word' id='word_1_474' title='bbox 809 3241 860 3296; x_wconf 91' lang='lat' dir='ltr'><strong>in</strong></span> <span class='ocrx_word' id='word_1_475' title='bbox 889 3241 1059 3297; x_wconf 89' lang='lat' dir='ltr'><strong>Deum</strong></span> <span class='ocrx_word' id='word_1_476' title='bbox 1084 3242 1296 3296; x_wconf 88' lang='lat' dir='ltr'><strong>colitur.</strong></span> 
     </span>
    </p>
   </div>
   <div class='ocr_carea' id='block_1_62' title="bbox 722 3353 2232 3425">
    <p class='ocr_par' dir='ltr' id='par_1_62' title="bbox 722 3353 2232 3425">
     <span class='ocr_line' id='line_1_62' title="bbox 722 3353 2232 3425; baseline -0.001 -15"><span class='ocrx_word' id='word_1_477' title='bbox 722 3355 986 3410; x_wconf 77' lang='lat' dir='ltr'><strong>Exeuntes</strong></span> <span class='ocrx_word' id='word_1_478' title='bbox 1042 3365 1216 3410; x_wconf 83' lang='lat' dir='ltr'><strong>autem</strong></span> <span class='ocrx_word' id='word_1_479' title='bbox 1262 3356 1565 3410; x_wconf 80' lang='lat' dir='ltr'><strong>invenerunt</strong></span> <span class='ocrx_word' id='word_1_480' title='bbox 1611 3356 1870 3409; x_wconf 79' lang='lat' dir='ltr'><strong>hominem</strong></span> <span class='ocrx_word' id='word_1_481' title='bbox 1923 3353 2232 3425; x_wconf 84' lang='lat' dir='ltr'><strong>Cyreneum,</strong></span> 
     </span>
    </p>
   </div>
   <div class='ocr_carea' id='block_1_63' title="bbox 649 3449 2234 3522">
    <p class='ocr_par' dir='ltr' id='par_1_63' title="bbox 649 3449 2234 3522">
     <span class='ocr_line' id='line_1_63' title="bbox 649 3449 2234 3522; baseline -0.003 -14"><span class='ocrx_word' id='word_1_482' title='bbox 649 3455 859 3508; x_wconf 78' lang='lat' dir='ltr'><strong>nomine</strong></span> <span class='ocrx_word' id='word_1_483' title='bbox 887 3450 1173 3516; x_wconf 83' lang='lat' dir='ltr'><strong>Simonem,</strong></span> <span class='ocrx_word' id='word_1_484' title='bbox 1202 3451 1340 3504; x_wconf 82' lang='lat' dir='ltr'><strong>hunc</strong></span> <span class='ocrx_word' id='word_1_485' title='bbox 1369 3451 1775 3522; x_wconf 84' lang='lat' dir='ltr'><strong>angariaverunt</strong></span> <span class='ocrx_word' id='word_1_486' title='bbox 1805 3458 1861 3504; x_wconf 92' lang='lat' dir='ltr'><strong>ut</strong></span> <span class='ocrx_word' id='word_1_487' title='bbox 1889 3449 2087 3504; x_wconf 84' lang='lat' dir='ltr'><strong>tolleret</strong></span> <span class='ocrx_word' id='word_1_488' title='bbox 2115 3466 2234 3503; x_wconf 82' lang='lat' dir='ltr'><strong>cru-</strong></span> 
     </span>
    </p>
   </div>
   <div class='ocr_carea' id='block_1_64' title="bbox 647 3539 2236 3611">
    <p class='ocr_par' dir='ltr' id='par_1_64' title="bbox 647 3539 2236 3611">
     <span class='ocr_line' id='line_1_64' title="bbox 647 3539 2236 3611; baseline -0.002 -15"><span class='ocrx_word' id='word_1_489' title='bbox 647 3559 758 3597; x_wconf 80' lang='lat' dir='ltr'><strong>cem</strong></span> <span class='ocrx_word' id='word_1_490' title='bbox 791 3541 922 3610; x_wconf 86' lang='lat' dir='ltr'><strong>ejus.</strong></span> <span class='ocrx_word' id='word_1_491' title='bbox 959 3539 1130 3597; x_wconf 81' lang='lat' dir='ltr'><strong>Homo</strong></span> <span class='ocrx_word' id='word_1_492' title='bbox 1159 3549 1338 3596; x_wconf 89' lang='lat' dir='ltr'><strong>autem</strong></span> <span class='ocrx_word' id='word_1_493' title='bbox 1368 3541 1470 3595; x_wconf 91' lang='lat' dir='ltr'><strong>iste</strong></span> <span class='ocrx_word' id='word_1_494' title='bbox 1499 3541 1564 3595; x_wconf 92' lang='lat' dir='ltr'><strong>de</strong></span> <span class='ocrx_word' id='word_1_495' title='bbox 1598 3540 1809 3611; x_wconf 80' lang='lat' dir='ltr'><strong>Cyrene</strong></span> <span class='ocrx_word' id='word_1_496' title='bbox 1837 3539 2006 3596; x_wconf 89' lang='lat' dir='ltr'><strong>fuisse</strong></span> <span class='ocrx_word' id='word_1_497' title='bbox 2049 3555 2236 3595; x_wconf 89' lang='lat' dir='ltr'><strong>narra-</strong></span> 
     </span>
    </p>
   </div>
   <div class='ocr_carea' id='block_1_65' title="bbox 647 3630 2231 3702">
    <p class='ocr_par' dir='ltr' id='par_1_65' title="bbox 647 3630 2231 3702">
     <span class='ocr_line' id='line_1_65' title="bbox 647 3630 2231 3702; baseline -0.001 -16"><span class='ocrx_word' id='word_1_498' title='bbox 647 3639 755 3697; x_wconf 91' lang='lat' dir='ltr'><strong>tur,</strong></span> <span class='ocrx_word' id='word_1_499' title='bbox 787 3647 906 3702; x_wconf 71' lang='lat' dir='ltr'><strong>quae</strong></span> <span class='ocrx_word' id='word_1_500' title='bbox 932 3639 1016 3686; x_wconf 92' lang='lat' dir='ltr'><strong>est</strong></span> <span class='ocrx_word' id='word_1_501' title='bbox 1040 3630 1346 3701; x_wconf 89' lang='lat' dir='ltr'><strong>Pentapolis</strong></span> <span class='ocrx_word' id='word_1_502' title='bbox 1379 3631 1536 3702; x_wconf 86' lang='lat' dir='ltr'><strong>juxta</strong></span> <span class='ocrx_word' id='word_1_503' title='bbox 1565 3631 1808 3702; x_wconf 87' lang='lat' dir='ltr'><strong>Libyam.</strong></span> <span class='ocrx_word' id='word_1_504' title='bbox 1840 3631 1907 3686; x_wconf 84' lang='lat' dir='ltr'><strong>Et</strong></span> <span class='ocrx_word' id='word_1_505' title='bbox 1945 3631 2065 3687; x_wconf 89' lang='lat' dir='ltr'><strong>ideo</strong></span> <span class='ocrx_word' id='word_1_506' title='bbox 2108 3630 2231 3700; x_wconf 90' lang='lat' dir='ltr'><strong>quia</strong></span> 
     </span>
    </p>
   </div>
   <div class='ocr_carea' id='block_1_66' title="bbox 647 3721 2235 3794">
    <p class='ocr_par' dir='ltr' id='par_1_66' title="bbox 647 3721 2235 3794">
     <span class='ocr_line' id='line_1_66' title="bbox 647 3721 2235 3794; baseline -0.001 -18"><span class='ocrx_word' id='word_1_507' title='bbox 647 3739 901 3792; x_wconf 90' lang='lat' dir='ltr'><strong>magnum</strong></span> <span class='ocrx_word' id='word_1_508' title='bbox 932 3722 984 3776; x_wconf 92' lang='lat' dir='ltr'><strong>in</strong></span> <span class='ocrx_word' id='word_1_509' title='bbox 1013 3737 1078 3776; x_wconf 92' lang='lat' dir='ltr'><strong>co</strong></span> <span class='ocrx_word' id='word_1_510' title='bbox 1124 3721 1389 3794; x_wconf 85' lang='lat' dir='ltr'><strong>formatur</strong></span> <span class='ocrx_word' id='word_1_511' title='bbox 1437 3731 1859 3784; x_wconf 87' lang='lat' dir='ltr'><strong>sacramentum,</strong></span> <span class='ocrx_word' id='word_1_512' title='bbox 1891 3722 1960 3775; x_wconf 90' lang='lat' dir='ltr'><strong>ab</strong></span> <span class='ocrx_word' id='word_1_513' title='bbox 2005 3733 2235 3789; x_wconf 85' lang='lat' dir='ltr'><strong>evange-</strong></span> 
     </span>
    </p>
   </div>
   <div class='ocr_carea' id='block_1_67' title="bbox 647 3811 2230 3881">
    <p class='ocr_par' dir='ltr' id='par_1_67' title="bbox 647 3811 2230 3881">
     <span class='ocr_line' id='line_1_67' title="bbox 647 3811 2230 3881; baseline -0.001 -17"><span class='ocrx_word' id='word_1_514' title='bbox 647 3812 790 3866; x_wconf 88' lang='lat' dir='ltr'><strong>listis</strong></span> <span class='ocrx_word' id='word_1_515' title='bbox 816 3821 922 3864; x_wconf 87' lang='lat' dir='ltr'><strong>tam</strong></span> <span class='ocrx_word' id='word_1_516' title='bbox 947 3813 1250 3881; x_wconf 84' lang='lat' dir='ltr'><strong>diligenter,</strong></span> <span class='ocrx_word' id='word_1_517' title='bbox 1277 3811 1396 3880; x_wconf 91' lang='lat' dir='ltr'><strong>quis</strong></span> <span class='ocrx_word' id='word_1_518' title='bbox 1435 3811 1508 3866; x_wconf 91' lang='lat' dir='ltr'><strong>sit</strong></span> <span class='ocrx_word' id='word_1_519' title='bbox 1532 3820 1586 3867; x_wconf 91' lang='lat' dir='ltr'><strong>et</strong></span> <span class='ocrx_word' id='word_1_520' title='bbox 1615 3812 1756 3865; x_wconf 87' lang='lat' dir='ltr'><strong>unde</strong></span> <span class='ocrx_word' id='word_1_521' title='bbox 1794 3812 1864 3866; x_wconf 90' lang='lat' dir='ltr'><strong>sit</strong></span> <span class='ocrx_word' id='word_1_522' title='bbox 1899 3817 2230 3866; x_wconf 88' lang='lat' dir='ltr'><strong>commenta-</strong></span> 
     </span>
    </p>
   </div>
   <div class='ocr_carea' id='block_1_68' title="bbox 650 3901 2230 3973">
    <p class='ocr_par' dir='ltr' id='par_1_68' title="bbox 650 3901 2230 3973">
     <span class='ocr_line' id='line_1_68' title="bbox 650 3901 2230 3973; baseline -0.001 -19"><span class='ocrx_word' id='word_1_523' title='bbox 650 3910 759 3955; x_wconf 91' lang='lat' dir='ltr'><strong>tur.</strong></span> <span class='ocrx_word' id='word_1_524' title='bbox 787 3901 913 3954; x_wconf 83' lang='lat' dir='ltr'><strong>Erat</strong></span> <span class='ocrx_word' id='word_1_525' title='bbox 943 3902 1086 3954; x_wconf 89' lang='lat' dir='ltr'><strong>enitn</strong></span> <span class='ocrx_word' id='word_1_526' title='bbox 1115 3917 1182 3957; x_wconf 83' lang='lat' dir='ltr'><strong>ex</strong></span> <span class='ocrx_word' id='word_1_527' title='bbox 1210 3904 1480 3972; x_wconf 85' lang='lat' dir='ltr'><strong>gentibus,</strong></span> <span class='ocrx_word' id='word_1_528' title='bbox 1513 3905 1604 3973; x_wconf 90' lang='lat' dir='ltr'><strong>qui</strong></span> <span class='ocrx_word' id='word_1_529' title='bbox 1631 3919 1738 3958; x_wconf 94' lang='lat' dir='ltr'><strong>non</strong></span> <span class='ocrx_word' id='word_1_530' title='bbox 1766 3902 1987 3956; x_wconf 88' lang='lat' dir='ltr'><strong>fortuitu</strong></span> <span class='ocrx_word' id='word_1_531' title='bbox 2016 3902 2230 3957; x_wconf 89' lang='lat' dir='ltr'><strong>obviam</strong></span> 
     </span>
    </p>
   </div>
   <div class='ocr_carea' id='block_1_69' title="bbox 647 3992 2230 4062">
    <p class='ocr_par' dir='ltr' id='par_1_69' title="bbox 647 3992 2230 4062">
     <span class='ocr_line' id='line_1_69' title="bbox 647 3992 2230 4062; baseline 0.004 -22"><span class='ocrx_word' id='word_1_532' title='bbox 647 3992 814 4055; x_wconf 86' lang='lat' dir='ltr'><strong>venit,</strong></span> <span class='ocrx_word' id='word_1_533' title='bbox 848 3992 938 4044; x_wconf 91' lang='lat' dir='ltr'><strong>sed</strong></span> <span class='ocrx_word' id='word_1_534' title='bbox 968 3993 1106 4046; x_wconf 66' lang='lat' dir='ltr'><strong>sicut</strong></span> <span class='ocrx_word' id='word_1_535' title='bbox 1148 4008 1288 4062; x_wconf 65' lang='lat' dir='ltr'><strong>saepe</strong></span> <span class='ocrx_word' id='word_1_536' title='bbox 1318 3993 1448 4057; x_wconf 84' lang='lat' dir='ltr'><strong>dixi,</strong></span> <span class='ocrx_word' id='word_1_537' title='bbox 1482 4009 1547 4047; x_wconf 83' lang='lat' dir='ltr'><strong>ex</strong></span> <span class='ocrx_word' id='word_1_538' title='bbox 1577 3993 1914 4062; x_wconf 88' lang='lat' dir='ltr'><strong>providentia</strong></span> <span class='ocrx_word' id='word_1_539' title='bbox 1946 3993 2060 4056; x_wconf 90' lang='lat' dir='ltr'><strong>Dei,</strong></span> <span class='ocrx_word' id='word_1_540' title='bbox 2091 4002 2149 4046; x_wconf 91' lang='lat' dir='ltr'><strong>ut</strong></span> <span class='ocrx_word' id='word_1_541' title='bbox 2176 3992 2230 4046; x_wconf 89' lang='lat' dir='ltr'><strong>in</strong></span> 
     </span>
    </p>
   </div>
   <div class='ocr_carea' id='block_1_70' title="bbox 649 4079 2229 4153">
    <p class='ocr_par' dir='ltr' id='par_1_70' title="bbox 649 4079 2229 4153">
     <span class='ocr_line' id='line_1_70' title="bbox 649 4079 2229 4153; baseline 0.001 -19"><span class='ocrx_word' id='word_1_542' title='bbox 649 4095 714 4134; x_wconf 88' lang='lat' dir='ltr'><strong>eo</strong></span> <span class='ocrx_word' id='word_1_543' title='bbox 755 4079 866 4148; x_wconf 86' lang='lat' dir='ltr'><strong>jani</strong></span> <span class='ocrx_word' id='word_1_544' title='bbox 921 4091 1313 4136; x_wconf 87' lang='lat' dir='ltr'><strong>monstraretur</strong></span> <span class='ocrx_word' id='word_1_545' title='bbox 1354 4083 1496 4151; x_wconf 89' lang='lat' dir='ltr'><strong>quod</strong></span> <span class='ocrx_word' id='word_1_546' title='bbox 1541 4092 1728 4153; x_wconf 86' lang='lat' dir='ltr'><strong>gentes</strong></span> <span class='ocrx_word' id='word_1_547' title='bbox 1771 4098 1986 4137; x_wconf 90' lang='lat' dir='ltr'><strong>crucem</strong></span> <span class='ocrx_word' id='word_1_548' title='bbox 2028 4079 2229 4136; x_wconf 84' lang='lat' dir='ltr'><strong>Christi</strong></span> 
     </span>
    </p>
   </div>
   <div class='ocr_carea' id='block_1_71' title="bbox 647 4173 2229 4245">
    <p class='ocr_par' dir='ltr' id='par_1_71' title="bbox 647 4173 2229 4245">
     <span class='ocr_line' id='line_1_71' title="bbox 647 4173 2229 4245; baseline 0.001 -19"><span class='ocrx_word' id='word_1_549' title='bbox 647 4187 864 4245; x_wconf 86' lang='lat' dir='ltr'><strong>portare</strong></span> <span class='ocrx_word' id='word_1_550' title='bbox 915 4176 1192 4240; x_wconf 85' lang='lat' dir='ltr'><strong>deberent,</strong></span> <span class='ocrx_word' id='word_1_551' title='bbox 1244 4185 1300 4229; x_wconf 89' lang='lat' dir='ltr'><strong>et</strong></span> <span class='ocrx_word' id='word_1_552' title='bbox 1342 4176 1756 4245; x_wconf 82' lang='lat' dir='ltr'><strong>eomparticipes</strong></span> <span class='ocrx_word' id='word_1_553' title='bbox 1799 4175 2064 4243; x_wconf 87' lang='lat' dir='ltr'><strong>passionis</strong></span> <span class='ocrx_word' id='word_1_554' title='bbox 2114 4173 2229 4241; x_wconf 87' lang='lat' dir='ltr'><strong>ejus</strong></span> 
     </span>
    </p>
   </div>
   <div class='ocr_carea' id='block_1_72' title="bbox 647 4263 2226 4336">
    <p class='ocr_par' dir='ltr' id='par_1_72' title="bbox 647 4263 2226 4336">
     <span class='ocr_line' id='line_1_72' title="bbox 647 4263 2226 4336; baseline 0 -17"><span class='ocrx_word' id='word_1_555' title='bbox 647 4265 786 4319; x_wconf 81' lang='lat' dir='ltr'><strong>fieri.</strong></span> <span class='ocrx_word' id='word_1_556' title='bbox 830 4265 1105 4336; x_wconf 74' lang='lat' dir='ltr'><strong>lndignus~</strong></span> <span class='ocrx_word' id='word_1_557' title='bbox 1134 4266 1279 4320; x_wconf 88' lang='lat' dir='ltr'><strong>enim</strong></span> <span class='ocrx_word' id='word_1_558' title='bbox 1325 4275 1444 4320; x_wconf 91' lang='lat' dir='ltr'><strong>erat</strong></span> <span class='ocrx_word' id='word_1_559' title='bbox 1487 4265 1714 4335; x_wconf 90' lang='lat' dir='ltr'><strong>quilibet</strong></span> <span class='ocrx_word' id='word_1_560' title='bbox 1751 4263 1965 4318; x_wconf 70' lang='lat' dir='ltr'><strong>Judteus</strong></span> <span class='ocrx_word' id='word_1_561' title='bbox 2009 4280 2226 4320; x_wconf 91' lang='lat' dir='ltr'><strong>crucem</strong></span> 
     </span>
    </p>
   </div>
   <div class='ocr_carea' id='block_1_73' title="bbox 645 4355 2226 4426">
    <p class='ocr_par' dir='ltr' id='par_1_73' title="bbox 645 4355 2226 4426">
     <span class='ocr_line' id='line_1_73' title="bbox 645 4355 2226 4426; baseline -0.001 -16"><span class='ocrx_word' id='word_1_562' title='bbox 645 4355 844 4411; x_wconf 86' lang='lat' dir='ltr'><strong>Christi</strong></span> <span class='ocrx_word' id='word_1_563' title='bbox 873 4366 1112 4426; x_wconf 90' lang='lat' dir='ltr'><strong>portare,</strong></span> <span class='ocrx_word' id='word_1_564' title='bbox 1155 4356 1280 4425; x_wconf 88' lang='lat' dir='ltr'><strong>quia</strong></span> <span class='ocrx_word' id='word_1_565' title='bbox 1313 4355 1433 4410; x_wconf 82' lang='lat' dir='ltr'><strong>ﬁdei</strong></span> <span class='ocrx_word' id='word_1_566' title='bbox 1483 4355 1723 4426; x_wconf 91' lang='lat' dir='ltr'><strong>gentium</strong></span> <span class='ocrx_word' id='word_1_567' title='bbox 1767 4362 1884 4408; x_wconf 89' lang='lat' dir='ltr'><strong>erat</strong></span> <span class='ocrx_word' id='word_1_568' title='bbox 1911 4369 2226 4410; x_wconf 87' lang='lat' dir='ltr'><strong>concessum</strong></span> 
     </span>
    </p>
   </div>
   <div class='ocr_carea' id='block_1_74' title="bbox 645 4446 2224 4518">
    <p class='ocr_par' dir='ltr' id='par_1_74' title="bbox 645 4446 2224 4518">
     <span class='ocr_line' id='line_1_74' title="bbox 645 4446 2224 4518; baseline 0 -16"><span class='ocrx_word' id='word_1_569' title='bbox 645 4461 766 4502; x_wconf 87' lang='lat' dir='ltr'><strong>eam</strong></span> <span class='ocrx_word' id='word_1_570' title='bbox 808 4447 1080 4516; x_wconf 70' lang='lat' dir='ltr'><strong>suscipere</strong></span> <span class='ocrx_word' id='word_1_571' title='bbox 1117 4455 1320 4518; x_wconf 90' lang='lat' dir='ltr'><strong>etpost</strong></span> <span class='ocrx_word' id='word_1_572' title='bbox 1362 4447 1542 4502; x_wconf 91' lang='lat' dir='ltr'><strong>Jesum</strong></span> <span class='ocrx_word' id='word_1_573' title='bbox 1586 4447 1744 4502; x_wconf 90' lang='lat' dir='ltr'><strong>ferre.</strong></span> <span class='ocrx_word' id='word_1_574' title='bbox 1799 4447 1948 4502; x_wconf 86' lang='lat' dir='ltr'><strong>Licet</strong></span> <span class='ocrx_word' id='word_1_575' title='bbox 1991 4446 2224 4502; x_wconf 88' lang='lat' dir='ltr'><strong>Joannes</strong></span> 
     </span>
    </p>
   </div>
   <div class='ocr_carea' id='block_1_75' title="bbox 647 4536 2224 4606">
    <p class='ocr_par' dir='ltr' id='par_1_75' title="bbox 647 4536 2224 4606">
     <span class='ocr_line' id='line_1_75' title="bbox 647 4536 2224 4606; baseline 0.001 -16"><span class='ocrx_word' id='word_1_576' title='bbox 647 4536 848 4591; x_wconf 87' lang='lat' dir='ltr'><strong>dixerit</strong></span> <span class='ocrx_word' id='word_1_577' title='bbox 889 4537 1014 4606; x_wconf 88' lang='lat' dir='ltr'><strong>quia</strong></span> <span class='ocrx_word' id='word_1_578' title='bbox 1043 4548 1375 4606; x_wconf 85' lang='lat' dir='ltr'><strong>susceperunt</strong></span> <span class='ocrx_word' id='word_1_579' title='bbox 1411 4537 1594 4593; x_wconf 84' lang='lat' dir='ltr'><strong>Jesum</strong></span> <span class='ocrx_word' id='word_1_580' title='bbox 1617 4549 1664 4592; x_wconf 88' lang='lat' dir='ltr'><strong>et</strong></span> <span class='ocrx_word' id='word_1_581' title='bbox 1688 4538 1978 4592; x_wconf 71' lang='lat' dir='ltr'><strong>eduxerunt</strong></span> <span class='ocrx_word' id='word_1_582' title='bbox 2001 4554 2142 4602; x_wconf 89' lang='lat' dir='ltr'><strong>eum,</strong></span> <span class='ocrx_word' id='word_1_583' title='bbox 2175 4546 2224 4592; x_wconf 90' lang='lat' dir='ltr'><strong>et</strong></span> 
     </span>
    </p>
   </div>
   <div class='ocr_carea' id='block_1_76' title="bbox 645 4625 2230 4696">
    <p class='ocr_par' dir='ltr' id='par_1_76' title="bbox 645 4625 2230 4696">
     <span class='ocr_line' id='line_1_76' title="bbox 645 4625 2230 4696; baseline 0.001 -18"><span class='ocrx_word' id='word_1_584' title='bbox 645 4625 889 4696; x_wconf 83' lang='lat' dir='ltr'><strong>bajulans</strong></span> <span class='ocrx_word' id='word_1_585' title='bbox 915 4627 1013 4680; x_wconf 83' lang='lat' dir='ltr'><strong>sibi</strong></span> <span class='ocrx_word' id='word_1_586' title='bbox 1037 4642 1241 4680; x_wconf 85' lang='lat' dir='ltr'><strong>crucem</strong></span> <span class='ocrx_word' id='word_1_587' title='bbox 1266 4629 1388 4680; x_wconf 69' lang='lat' dir='ltr'><strong>exiit</strong></span> <span class='ocrx_word' id='word_1_588' title='bbox 1433 4629 1488 4680; x_wconf 88' lang='lat' dir='ltr'><strong>in</strong></span> <span class='ocrx_word' id='word_1_589' title='bbox 1529 4644 1647 4681; x_wconf 88' lang='lat' dir='ltr'><strong>eum</strong></span> <span class='ocrx_word' id='word_1_590' title='bbox 1684 4626 1878 4692; x_wconf 85' lang='lat' dir='ltr'><strong>locum,</strong></span> <span class='ocrx_word' id='word_1_591' title='bbox 1906 4627 1995 4693; x_wconf 86' lang='lat' dir='ltr'><strong>qui</strong></span> <span class='ocrx_word' id='word_1_592' title='bbox 2035 4627 2230 4680; x_wconf 84' lang='lat' dir='ltr'><strong>dicitur</strong></span> 
     </span>
    </p>
   </div>
   <div class='ocr_carea' id='block_1_77' title="bbox 643 4716 2226 4787">
    <p class='ocr_par' dir='ltr' id='par_1_77' title="bbox 643 4716 2226 4787">
     <span class='ocr_line' id='line_1_77' title="bbox 643 4716 2226 4787; baseline -0.001 -16"><span class='ocrx_word' id='word_1_593' title='bbox 643 4716 902 4774; x_wconf 80' lang='lat' dir='ltr'><strong>Calvaria:</strong></span> <span class='ocrx_word' id='word_1_594' title='bbox 937 4726 1114 4772; x_wconf 88' lang='lat' dir='ltr'><strong>tamen</strong></span> <span class='ocrx_word' id='word_1_595' title='bbox 1159 4733 1343 4772; x_wconf 88' lang='lat' dir='ltr'><strong>verum</strong></span> <span class='ocrx_word' id='word_1_596' title='bbox 1379 4727 1464 4772; x_wconf 88' lang='lat' dir='ltr'><strong>est</strong></span> <span class='ocrx_word' id='word_1_597' title='bbox 1493 4717 1634 4787; x_wconf 92' lang='lat' dir='ltr'><strong>quod</strong></span> <span class='ocrx_word' id='word_1_598' title='bbox 1663 4717 1852 4786; x_wconf 88' lang='lat' dir='ltr'><strong>reliqui</strong></span> <span class='ocrx_word' id='word_1_599' title='bbox 1887 4726 1994 4772; x_wconf 86' lang='lat' dir='ltr'><strong>tres</strong></span> <span class='ocrx_word' id='word_1_600' title='bbox 2019 4718 2226 4782; x_wconf 89' lang='lat' dir='ltr'><strong>dicunt,</strong></span> 
     </span>
    </p>
   </div>
   <div class='ocr_carea' id='block_1_78' title="bbox 641 4805 2229 4877">
    <p class='ocr_par' dir='ltr' id='par_1_78' title="bbox 641 4805 2229 4877">
     <span class='ocr_line' id='line_1_78' title="bbox 641 4805 2229 4877; baseline 0 -15"><span class='ocrx_word' id='word_1_601' title='bbox 641 4809 765 4877; x_wconf 88' lang='lat' dir='ltr'><strong>quia</strong></span> <span class='ocrx_word' id='word_1_602' title='bbox 796 4809 981 4862; x_wconf 91' lang='lat' dir='ltr'><strong>exiens</strong></span> <span class='ocrx_word' id='word_1_603' title='bbox 1001 4823 1030 4860; x_wconf 88' lang='lat' dir='ltr'><strong>a</strong></span> <span class='ocrx_word' id='word_1_604' title='bbox 1059 4808 1309 4877; x_wconf 67' lang='lat' dir='ltr'><strong>prietorio</strong></span> <span class='ocrx_word' id='word_1_605' title='bbox 1334 4805 1516 4871; x_wconf 85' lang='lat' dir='ltr'><strong>Pilati,</strong></span> <span class='ocrx_word' id='word_1_606' title='bbox 1543 4809 1655 4876; x_wconf 88' lang='lat' dir='ltr'><strong>ipse</strong></span> <span class='ocrx_word' id='word_1_607' title='bbox 1685 4808 1784 4861; x_wconf 85' lang='lat' dir='ltr'><strong>sibi</strong></span> <span class='ocrx_word' id='word_1_608' title='bbox 1810 4809 1982 4876; x_wconf 89' lang='lat' dir='ltr'><strong>prius,</strong></span> <span class='ocrx_word' id='word_1_609' title='bbox 2007 4815 2065 4860; x_wconf 92' lang='lat' dir='ltr'><strong>ut</strong></span> <span class='ocrx_word' id='word_1_610' title='bbox 2086 4805 2229 4862; x_wconf 87' lang='lat' dir='ltr'><strong>ratio</strong></span> 
     </span>
    </p>
   </div>
   <div class='ocr_carea' id='block_1_79' title="bbox 640 4894 2225 4968">
    <p class='ocr_par' dir='ltr' id='par_1_79' title="bbox 640 4894 2225 4968">
     <span class='ocr_line' id='line_1_79' title="bbox 640 4894 2225 4968; baseline -0.004 -15"><span class='ocrx_word' id='word_1_611' title='bbox 640 4907 780 4963; x_wconf 80' lang='lat' dir='ltr'><strong>erat,</strong></span> <span class='ocrx_word' id='word_1_612' title='bbox 809 4899 1059 4968; x_wconf 86' lang='lat' dir='ltr'><strong>portabat</strong></span> <span class='ocrx_word' id='word_1_613' title='bbox 1102 4912 1340 4960; x_wconf 90' lang='lat' dir='ltr'><strong>crucem,</strong></span> <span class='ocrx_word' id='word_1_614' title='bbox 1398 4907 1456 4949; x_wconf 91' lang='lat' dir='ltr'><strong>ut</strong></span> <span class='ocrx_word' id='word_1_615' title='bbox 1505 4897 1710 4951; x_wconf 81' lang='lat' dir='ltr'><strong>veniret</strong></span> <span class='ocrx_word' id='word_1_616' title='bbox 1751 4905 1973 4966; x_wconf 88' lang='lat' dir='ltr'><strong>portans</strong></span> <span class='ocrx_word' id='word_1_617' title='bbox 2007 4910 2125 4949; x_wconf 83' lang='lat' dir='ltr'><strong>eaut</strong></span> <span class='ocrx_word' id='word_1_618' title='bbox 2171 4894 2225 4948; x_wconf 92' lang='lat' dir='ltr'><strong>in</strong></span> 
     </span>
    </p>
   </div>
   <div class='ocr_carea' id='block_1_80' title="bbox 641 4987 2226 5059">
    <p class='ocr_par' dir='ltr' id='par_1_80' title="bbox 641 4987 2226 5059">
     <span class='ocr_line' id='line_1_80' title="bbox 641 4987 2226 5059; baseline -0.004 -15"><span class='ocrx_word' id='word_1_619' title='bbox 641 4988 930 5059; x_wconf 88' lang='lat' dir='ltr'><strong>Golgotha,</strong></span> <span class='ocrx_word' id='word_1_620' title='bbox 956 5004 1062 5057; x_wconf 92' lang='lat' dir='ltr'><strong>quo</strong></span> <span class='ocrx_word' id='word_1_621' title='bbox 1075 4987 1470 5057; x_wconf 82' lang='lat' dir='ltr'><strong>crucifigendus</strong></span> <span class='ocrx_word' id='word_1_622' title='bbox 1495 4997 1631 5041; x_wconf 88' lang='lat' dir='ltr'><strong>erat.</strong></span> <span class='ocrx_word' id='word_1_623' title='bbox 1664 4987 1739 5040; x_wconf 84' lang='lat' dir='ltr'><strong>Ac</strong></span> <span class='ocrx_word' id='word_1_624' title='bbox 1769 5002 1864 5056; x_wconf 91' lang='lat' dir='ltr'><strong>per</strong></span> <span class='ocrx_word' id='word_1_625' title='bbox 1891 4988 1990 5039; x_wconf 88' lang='lat' dir='ltr'><strong>hoc</strong></span> <span class='ocrx_word' id='word_1_626' title='bbox 2017 4996 2226 5039; x_wconf 87' lang='lat' dir='ltr'><strong>utrum-</strong></span> 
     </span>
    </p>
   </div>
   <div class='ocr_carea' id='block_1_81' title="bbox 641 5075 2225 5148">
    <p class='ocr_par' dir='ltr' id='par_1_81' title="bbox 641 5075 2225 5148">
     <span class='ocr_line' id='line_1_81' title="bbox 641 5075 2225 5148; baseline -0.001 -18"><span class='ocrx_word' id='word_1_627' title='bbox 641 5095 745 5148; x_wconf 87' lang='lat' dir='ltr'><strong>que</strong></span> <span class='ocrx_word' id='word_1_628' title='bbox 775 5095 957 5134; x_wconf 88' lang='lat' dir='ltr'><strong>verum</strong></span> <span class='ocrx_word' id='word_1_629' title='bbox 989 5088 1092 5143; x_wconf 89' lang='lat' dir='ltr'><strong>est,</strong></span> <span class='ocrx_word' id='word_1_630' title='bbox 1126 5080 1359 5148; x_wconf 87' lang='lat' dir='ltr'><strong>primum</strong></span> <span class='ocrx_word' id='word_1_631' title='bbox 1390 5079 1533 5148; x_wconf 90' lang='lat' dir='ltr'><strong>quod</strong></span> <span class='ocrx_word' id='word_1_632' title='bbox 1582 5076 1815 5132; x_wconf 87' lang='lat' dir='ltr'><strong>Joannes</strong></span> <span class='ocrx_word' id='word_1_633' title='bbox 1843 5078 1990 5140; x_wconf 87' lang='lat' dir='ltr'><strong>dicit,</strong></span> <span class='ocrx_word' id='word_1_634' title='bbox 2033 5075 2225 5131; x_wconf 88' lang='lat' dir='ltr'><strong>deinde</strong></span> 
     </span>
    </p>
   </div>
   <div class='ocr_carea' id='block_1_82' title="bbox 641 5166 2267 5238">
    <p class='ocr_par' dir='ltr' id='par_1_82' title="bbox 641 5166 2267 5238">
     <span class='ocr_line' id='line_1_82' title="bbox 641 5166 2267 5238; baseline -0.002 -17"><span class='ocrx_word' id='word_1_635' title='bbox 641 5169 784 5236; x_wconf 91' lang='lat' dir='ltr'><strong>quod</strong></span> <span class='ocrx_word' id='word_1_636' title='bbox 814 5167 928 5232; x_wconf 87' lang='lat' dir='ltr'><strong>alii,</strong></span> <span class='ocrx_word' id='word_1_637' title='bbox 959 5168 1086 5238; x_wconf 89' lang='lat' dir='ltr'><strong>quia</strong></span> <span class='ocrx_word' id='word_1_638' title='bbox 1112 5176 1297 5237; x_wconf 89' lang='lat' dir='ltr'><strong>postea</strong></span> <span class='ocrx_word' id='word_1_639' title='bbox 1324 5183 1449 5221; x_wconf 90' lang='lat' dir='ltr'><strong>cum</strong></span> <span class='ocrx_word' id='word_1_640' title='bbox 1476 5167 1690 5220; x_wconf 87' lang='lat' dir='ltr'><strong>obviam</strong></span> <span class='ocrx_word' id='word_1_641' title='bbox 1720 5167 1865 5220; x_wconf 87' lang='lat' dir='ltr'><strong>venit</strong></span> <span class='ocrx_word' id='word_1_642' title='bbox 1893 5166 2080 5220; x_wconf 90' lang='lat' dir='ltr'><strong>Simon</strong></span> <span class='ocrx_word' id='word_1_643' title='bbox 2112 5167 2224 5227; x_wconf 89' lang='lat' dir='ltr'><strong>ille,</strong></span> <span class='ocrx_word' id='word_1_644' title='bbox 2245 5171 2267 5208; x_wconf 77' lang='grc' dir='ltr'><strong>ο</strong></span> 
     </span>
    </p>
   </div>
   <div class='ocr_carea' id='block_1_83' title="bbox 641 5255 2227 5329">
    <p class='ocr_par' dir='ltr' id='par_1_83' title="bbox 641 5255 2227 5329">
     <span class='ocr_line' id='line_1_83' title="bbox 641 5255 2227 5329; baseline -0.001 -16"><span class='ocrx_word' id='word_1_645' title='bbox 641 5260 955 5329; x_wconf 84' lang='lat' dir='ltr'><strong>angariatus</strong></span> <span class='ocrx_word' id='word_1_646' title='bbox 974 5268 1057 5315; x_wconf 86' lang='lat' dir='ltr'><strong>est</strong></span> <span class='ocrx_word' id='word_1_647' title='bbox 1077 5266 1138 5312; x_wconf 92' lang='lat' dir='ltr'><strong>ut</strong></span> <span class='ocrx_word' id='word_1_648' title='bbox 1169 5257 1382 5313; x_wconf 90' lang='lat' dir='ltr'><strong>tolleret</strong></span> <span class='ocrx_word' id='word_1_649' title='bbox 1411 5272 1628 5312; x_wconf 91' lang='lat' dir='ltr'><strong>crucem</strong></span> <span class='ocrx_word' id='word_1_650' title='bbox 1653 5255 1780 5311; x_wconf 91' lang='lat' dir='ltr'><strong>Jesu</strong></span> <span class='ocrx_word' id='word_1_651' title='bbox 1817 5271 1986 5326; x_wconf 87' lang='lat' dir='ltr'><strong>usque</strong></span> <span class='ocrx_word' id='word_1_652' title='bbox 2013 5255 2227 5326; x_wconf 77' lang='lat'><strong>1160</strong></span> 
     </span>
    </p>
   </div>
   <div class='ocr_carea' id='block_1_84' title="bbox 638 5345 2226 5419">
    <p class='ocr_par' dir='ltr' id='par_1_84' title="bbox 638 5345 2226 5419">
     <span class='ocr_line' id='line_1_84' title="bbox 638 5345 2226 5419; baseline -0.003 -15"><span class='ocrx_word' id='word_1_653' title='bbox 638 5349 707 5406; x_wconf 87' lang='lat' dir='ltr'><strong>ad</strong></span> <span class='ocrx_word' id='word_1_654' title='bbox 729 5349 926 5405; x_wconf 87' lang='lat' dir='ltr'><strong>locum.</strong></span> <span class='ocrx_word' id='word_1_655' title='bbox 947 5348 1194 5419; x_wconf 87' lang='lat' dir='ltr'><strong>Congrue</strong></span> <span class='ocrx_word' id='word_1_656' title='bbox 1221 5348 1437 5417; x_wconf 91' lang='lat' dir='ltr'><strong>quidem</strong></span> <span class='ocrx_word' id='word_1_657' title='bbox 1467 5347 1622 5412; x_wconf 89' lang='lat' dir='ltr'><strong>satis,</strong></span> <span class='ocrx_word' id='word_1_658' title='bbox 1647 5347 1900 5416; x_wconf 87' lang='lat' dir='ltr'><strong>quoniam</strong></span> <span class='ocrx_word' id='word_1_659' title='bbox 1921 5345 2049 5402; x_wconf 91' lang='lat' dir='ltr'><strong>Jesu</strong></span> <span class='ocrx_word' id='word_1_660' title='bbox 2075 5347 2226 5416; x_wconf 90' lang='lat' dir='ltr'><strong>prior</strong></span> 
     </span>
    </p>
   </div>
   <div class='ocr_carea' id='block_1_85' title="bbox 639 5441 2222 5513">
    <p class='ocr_par' dir='ltr' id='par_1_85' title="bbox 639 5441 2222 5513">
     <span class='ocr_line' id='line_1_85' title="bbox 639 5441 2222 5513; baseline 0.001 -17"><span class='ocrx_word' id='word_1_661' title='bbox 639 5458 759 5497; x_wconf 89' lang='lat' dir='ltr'><strong>eam</strong></span> <span class='ocrx_word' id='word_1_662' title='bbox 784 5458 881 5513; x_wconf 91' lang='lat' dir='ltr'><strong>pro</strong></span> <span class='ocrx_word' id='word_1_663' title='bbox 911 5443 1064 5498; x_wconf 90' lang='lat' dir='ltr'><strong>nobis</strong></span> <span class='ocrx_word' id='word_1_664' title='bbox 1089 5442 1342 5512; x_wconf 87' lang='lat' dir='ltr'><strong>portavit,</strong></span> <span class='ocrx_word' id='word_1_665' title='bbox 1383 5451 1509 5496; x_wconf 92' lang='lat' dir='ltr'><strong>tunc</strong></span> <span class='ocrx_word' id='word_1_666' title='bbox 1544 5442 1758 5496; x_wconf 92' lang='lat' dir='ltr'><strong>demum</strong></span> <span class='ocrx_word' id='word_1_667' title='bbox 1796 5441 1850 5496; x_wconf 93' lang='lat' dir='ltr'><strong>in</strong></span> <span class='ocrx_word' id='word_1_668' title='bbox 1878 5442 1965 5495; x_wconf 88' lang='lat' dir='ltr'><strong>via</strong></span> <span class='ocrx_word' id='word_1_669' title='bbox 2006 5456 2105 5511; x_wconf 89' lang='lat' dir='ltr'><strong>pro</strong></span> <span class='ocrx_word' id='word_1_670' title='bbox 2157 5455 2222 5497; x_wconf 90' lang='lat' dir='ltr'><strong>eo</strong></span> 
     </span>
    </p>
   </div>
   <div class='ocr_carea' id='block_1_86' title="bbox 639 5533 2221 5603">
    <p class='ocr_par' dir='ltr' id='par_1_86' title="bbox 639 5533 2221 5603">
     <span class='ocr_line' id='line_1_86' title="bbox 639 5533 2221 5603; baseline 0 -15"><span class='ocrx_word' id='word_1_671' title='bbox 639 5550 738 5590; x_wconf 85' lang='lat' dir='ltr'><strong>nos</strong></span> <span class='ocrx_word' id='word_1_672' title='bbox 767 5551 884 5589; x_wconf 90' lang='lat' dir='ltr'><strong>eam</strong></span> <span class='ocrx_word' id='word_1_673' title='bbox 914 5535 1052 5590; x_wconf 78' lang='lat' dir='ltr'><strong>ferre</strong></span> <span class='ocrx_word' id='word_1_674' title='bbox 1084 5550 1305 5590; x_wconf 88' lang='lat' dir='ltr'><strong>necesse</strong></span> <span class='ocrx_word' id='word_1_675' title='bbox 1345 5543 1445 5590; x_wconf 88' lang='lat' dir='ltr'><strong>est.</strong></span> <span class='ocrx_word' id='word_1_676' title='bbox 1489 5534 1554 5589; x_wconf 90' lang='lat' dir='ltr'><strong>Et</strong></span> <span class='ocrx_word' id='word_1_677' title='bbox 1578 5534 1630 5588; x_wconf 93' lang='lat' dir='ltr'><strong>in</strong></span> <span class='ocrx_word' id='word_1_678' title='bbox 1660 5534 1761 5588; x_wconf 90' lang='lat' dir='ltr'><strong>hoc</strong></span> <span class='ocrx_word' id='word_1_679' title='bbox 1784 5533 1901 5603; x_wconf 89' lang='lat' dir='ltr'><strong>ipso</strong></span> <span class='ocrx_word' id='word_1_680' title='bbox 1925 5534 2221 5602; x_wconf 90' lang='lat' dir='ltr'><strong>eodemque</strong></span> 
     </span>
    </p>
   </div>
   <div class='ocr_carea' id='block_1_87' title="bbox 642 5624 2219 5697">
    <p class='ocr_par' dir='ltr' id='par_1_87' title="bbox 642 5624 2219 5697">
     <span class='ocr_line' id='line_1_87' title="bbox 642 5624 2219 5697; baseline 0.002 -21"><span class='ocrx_word' id='word_1_681' title='bbox 642 5627 802 5688; x_wconf 81' lang='lat' dir='ltr'><strong>facto,</strong></span> <span class='ocrx_word' id='word_1_682' title='bbox 834 5627 1002 5681; x_wconf 88' lang='lat' dir='ltr'><strong>honor</strong></span> <span class='ocrx_word' id='word_1_683' title='bbox 1030 5627 1208 5697; x_wconf 88' lang='lat' dir='ltr'><strong>regius</strong></span> <span class='ocrx_word' id='word_1_684' title='bbox 1233 5628 1574 5697; x_wconf 63' lang='lat' dir='ltr'><strong>praedicatur,</strong></span> <span class='ocrx_word' id='word_1_685' title='bbox 1601 5641 1669 5679; x_wconf 90' lang='lat' dir='ltr'><strong>ne</strong></span> <span class='ocrx_word' id='word_1_686' title='bbox 1689 5625 1805 5679; x_wconf 90' lang='lat' dir='ltr'><strong>sine</strong></span> <span class='ocrx_word' id='word_1_687' title='bbox 1830 5625 2076 5678; x_wconf 89' lang='lat' dir='ltr'><strong>ministro</strong></span> <span class='ocrx_word' id='word_1_688' title='bbox 2104 5624 2219 5679; x_wconf 80' lang='lat' dir='ltr'><strong>Rex</strong></span> 
     </span>
    </p>
   </div>
   <div class='ocr_carea' id='block_1_88' title="bbox 641 5716 2266 5798">
    <p class='ocr_par' dir='ltr' id='par_1_88' title="bbox 641 5716 2266 5798">
     <span class='ocr_line' id='line_1_88' title="bbox 641 5716 2266 5798; baseline -0.002 -25"><span class='ocrx_word' id='word_1_689' title='bbox 641 5716 707 5773; x_wconf 73' lang='lat' dir='ltr'><strong>ad</strong></span> <span class='ocrx_word' id='word_1_690' title='bbox 742 5717 1013 5772; x_wconf 79' lang='lat' dir='ltr'><strong>victoriam</strong></span> <span class='ocrx_word' id='word_1_691' title='bbox 1042 5719 1376 5788; x_wconf 86' lang='lat' dir='ltr'><strong>procederet,</strong></span> <span class='ocrx_word' id='word_1_692' title='bbox 1406 5719 1495 5788; x_wconf 83' lang='lat' dir='ltr'><strong>qui</strong></span> <span class='ocrx_word' id='word_1_693' title='bbox 1547 5717 1874 5786; x_wconf 89' lang='lat' dir='ltr'><strong>triumphum</strong></span> <span class='ocrx_word' id='word_1_694' title='bbox 1900 5716 2016 5788; x_wconf 84' lang='lat' dir='ltr'><strong>ejus</strong></span> <span class='ocrx_word' id='word_1_695' title='bbox 2043 5726 2266 5798; x_wconf 0' lang='lat' dir='ltr'><strong>porta-1.</strong></span> 
     </span>
    </p>
   </div>
   <div class='ocr_carea' id='block_1_89' title="bbox 2337 3245 3834 3320">
    <p class='ocr_par' dir='ltr' id='par_1_89' title="bbox 2337 3245 3834 3320">
     <span class='ocr_line' id='line_1_89' title="bbox 2337 3245 3834 3320; baseline -0.001 -23"><span class='ocrx_word' id='word_1_696' title='bbox 2337 3245 2626 3300; x_wconf 87' lang='lat' dir='ltr'><strong>veniuntur</strong></span> <span class='ocrx_word' id='word_1_697' title='bbox 2653 3246 2704 3299; x_wconf 90' lang='lat' dir='ltr'><strong>in</strong></span> <span class='ocrx_word' id='word_1_698' title='bbox 2747 3247 2852 3300; x_wconf 87' lang='lat' dir='ltr'><strong>via.</strong></span> <span class='ocrx_word' id='word_1_699' title='bbox 2899 3247 3016 3316; x_wconf 89' lang='lat' dir='ltr'><strong>Ipse</strong></span> <span class='ocrx_word' id='word_1_700' title='bbox 3052 3248 3156 3302; x_wconf 91' lang='lat' dir='ltr'><strong>sibi</strong></span> <span class='ocrx_word' id='word_1_701' title='bbox 3197 3250 3358 3320; x_wconf 88' lang='lat' dir='ltr'><strong>juxta</strong></span> <span class='ocrx_word' id='word_1_702' title='bbox 3381 3246 3624 3303; x_wconf 83' lang='lat' dir='ltr'><strong>Joannem</strong></span> <span class='ocrx_word' id='word_1_703' title='bbox 3650 3250 3834 3312; x_wconf 64' lang='lat' dir='ltr'><strong>tropum</strong></span> 
     </span>
    </p>
   </div>
   <div class='ocr_carea' id='block_1_90' title="bbox 2337 3329 3835 3412">
    <p class='ocr_par' dir='ltr' id='par_1_90' title="bbox 2337 3329 3835 3412">
     <span class='ocr_line' id='line_1_90' title="bbox 2337 3329 3835 3412; baseline -0.003 -19"><span class='ocrx_word' id='word_1_704' title='bbox 2337 3354 2493 3393; x_wconf 91' lang='lat' dir='ltr'><strong>suum</strong></span> <span class='ocrx_word' id='word_1_705' title='bbox 2527 3338 2706 3392; x_wconf 90' lang='lat' dir='ltr'><strong>victor</strong></span> <span class='ocrx_word' id='word_1_706' title='bbox 2733 3339 2947 3404; x_wconf 89' lang='lat' dir='ltr'><strong>attollit,</strong></span> <span class='ocrx_word' id='word_1_707' title='bbox 2991 3341 3118 3395; x_wconf 90' lang='lat' dir='ltr'><strong>dum</strong></span> <span class='ocrx_word' id='word_1_708' title='bbox 3149 3357 3292 3397; x_wconf 91' lang='lat' dir='ltr'><strong>crux</strong></span> <span class='ocrx_word' id='word_1_709' title='bbox 3322 3357 3482 3412; x_wconf 86' lang='lat' dir='ltr'><strong>super</strong></span> <span class='ocrx_word' id='word_1_710' title='bbox 3515 3340 3727 3394; x_wconf 87' lang='lat' dir='ltr'><strong>humeros</strong></span> <span class='ocrx_word' id='word_1_711' title='bbox 3760 3329 3835 3398; x_wconf 63' lang='lat' dir='ltr'><strong>ejus</strong></span> 
     </span>
    </p>
   </div>
   <div class='ocr_carea' id='block_1_91' title="bbox 2337 3427 3835 3501">
    <p class='ocr_par' dir='ltr' id='par_1_91' title="bbox 2337 3427 3835 3501">
     <span class='ocr_line' id='line_1_91' title="bbox 2337 3427 3835 3501; baseline -0.003 -16"><span class='ocrx_word' id='word_1_712' title='bbox 2337 3431 2670 3500; x_wconf 91' lang='lat' dir='ltr'><strong>imponitur,</strong></span> <span class='ocrx_word' id='word_1_713' title='bbox 2721 3441 2769 3484; x_wconf 87' lang='lat' dir='ltr'><strong>et</strong></span> <span class='ocrx_word' id='word_1_714' title='bbox 2821 3431 2993 3501; x_wconf 77' lang='lat' dir='ltr'><strong>factus</strong></span> <span class='ocrx_word' id='word_1_715' title='bbox 3035 3442 3154 3498; x_wconf 88' lang='lat' dir='ltr'><strong>est,</strong></span> <span class='ocrx_word' id='word_1_716' title='bbox 3215 3434 3512 3488; x_wconf 88' lang='lat' dir='ltr'><strong>secundum</strong></span> <span class='ocrx_word' id='word_1_717' title='bbox 3561 3427 3835 3500; x_wconf 68' lang='lat' dir='ltr'><strong>prophetam,</strong></span> 
     </span>
    </p>
   </div>
   <div class='ocr_carea' id='block_1_92' title="bbox 2332 3508 3831 3592">
    <p class='ocr_par' dir='ltr' id='par_1_92' title="bbox 2332 3508 3831 3592">
     <span class='ocr_line' id='line_1_92' title="bbox 2332 3508 3831 3592; baseline 0.002 -20"><span class='ocrx_word' id='word_1_718' title='bbox 2332 3521 2655 3590; x_wconf 79' lang='lat' dir='ltr'><strong>principatus</strong></span> <span class='ocrx_word' id='word_1_719' title='bbox 2702 3520 2817 3589; x_wconf 89' lang='lat' dir='ltr'><strong>ejus</strong></span> <span class='ocrx_word' id='word_1_720' title='bbox 2866 3538 3022 3592; x_wconf 85' lang='lat' dir='ltr'><strong>super</strong></span> <span class='ocrx_word' id='word_1_721' title='bbox 3079 3539 3364 3577; x_wconf 84' lang='lat' dir='ltr'><strong>numerum</strong></span> <span class='ocrx_word' id='word_1_722' title='bbox 3407 3523 3516 3592; x_wconf 87' lang='lat' dir='ltr'><strong>ejus</strong></span> <span class='ocrx_word' id='word_1_723' title='bbox 3554 3518 3669 3590; x_wconf 86' lang='lat' dir='ltr'><strong>(lsa.</strong></span> <span class='ocrx_word' id='word_1_724' title='bbox 3706 3508 3831 3575; x_wconf 77' lang='grc' dir='ltr'><strong>ιι,6)·</strong></span> 
     </span>
    </p>
   </div>
   <div class='ocr_carea' id='block_1_93' title="bbox 2335 3610 3837 3682">
    <p class='ocr_par' dir='ltr' id='par_1_93' title="bbox 2335 3610 3837 3682">
     <span class='ocr_line' id='line_1_93' title="bbox 2335 3610 3837 3682; baseline -0.001 -17"><span class='ocrx_word' id='word_1_725' title='bbox 2335 3610 2471 3666; x_wconf 83' lang='lat' dir='ltr'><strong>Nam</strong></span> <span class='ocrx_word' id='word_1_726' title='bbox 2504 3621 2760 3682; x_wconf 66' lang='lat' dir='ltr'><strong>tropaeum</strong></span> <span class='ocrx_word' id='word_1_727' title='bbox 2794 3615 2992 3678; x_wconf 90' lang='lat' dir='ltr'><strong>crucis,</strong></span> <span class='ocrx_word' id='word_1_728' title='bbox 3019 3629 3136 3669; x_wconf 86' lang='lat' dir='ltr'><strong>sive</strong></span> <span class='ocrx_word' id='word_1_729' title='bbox 3159 3613 3381 3679; x_wconf 89' lang='lat' dir='ltr'><strong>Simon,</strong></span> <span class='ocrx_word' id='word_1_730' title='bbox 3409 3614 3518 3669; x_wconf 90' lang='lat' dir='ltr'><strong>sive</strong></span> <span class='ocrx_word' id='word_1_731' title='bbox 3540 3612 3640 3682; x_wconf 89' lang='lat' dir='ltr'><strong>ipse</strong></span> <span class='ocrx_word' id='word_1_732' title='bbox 3663 3613 3837 3678; x_wconf 66' lang='grc' dir='ltr'><strong>ροτιιτθο</strong></span> 
     </span>
    </p>
   </div>
   <div class='ocr_carea' id='block_1_94' title="bbox 2335 3693 3835 3774">
    <p class='ocr_par' dir='ltr' id='par_1_94' title="bbox 2335 3693 3835 3774">
     <span class='ocr_line' id='line_1_94' title="bbox 2335 3693 3835 3774; baseline -0.007 -20"><span class='ocrx_word' id='word_1_733' title='bbox 2335 3701 2454 3766; x_wconf 94' lang='lat' dir='ltr'><strong>rit,</strong></span> <span class='ocrx_word' id='word_1_734' title='bbox 2508 3702 2563 3756; x_wconf 90' lang='lat' dir='ltr'><strong>in</strong></span> <span class='ocrx_word' id='word_1_735' title='bbox 2609 3713 2948 3760; x_wconf 88' lang='lat' dir='ltr'><strong>sacramento</strong></span> <span class='ocrx_word' id='word_1_736' title='bbox 3000 3719 3139 3774; x_wconf 90' lang='lat' dir='ltr'><strong>pene</strong></span> <span class='ocrx_word' id='word_1_737' title='bbox 3193 3719 3364 3760; x_wconf 90' lang='lat' dir='ltr'><strong>unum</strong></span> <span class='ocrx_word' id='word_1_738' title='bbox 3429 3711 3530 3763; x_wconf 90' lang='lat' dir='ltr'><strong>est,</strong></span> <span class='ocrx_word' id='word_1_739' title='bbox 3574 3695 3772 3768; x_wconf 82' lang='lat' dir='ltr'><strong>quoniam</strong></span> <span class='ocrx_word' id='word_1_740' title='bbox 3801 3693 3835 3739; x_wconf 65' lang='lat' dir='ltr'><strong>ei</strong></span> 
     </span>
    </p>
   </div>
   <div class='ocr_carea' id='block_1_95' title="bbox 2332 3779 3837 3862">
    <p class='ocr_par' dir='ltr' id='par_1_95' title="bbox 2332 3779 3837 3862">
     <span class='ocr_line' id='line_1_95' title="bbox 2332 3779 3837 3862; baseline -0.008 -15"><span class='ocrx_word' id='word_1_741' title='bbox 2332 3793 2579 3848; x_wconf 88' lang='lat' dir='ltr'><strong>Christus</strong></span> <span class='ocrx_word' id='word_1_742' title='bbox 2628 3795 2682 3849; x_wconf 93' lang='lat' dir='ltr'><strong>in</strong></span> <span class='ocrx_word' id='word_1_743' title='bbox 2738 3795 2994 3860; x_wconf 91' lang='lat' dir='ltr'><strong>homine,</strong></span> <span class='ocrx_word' id='word_1_744' title='bbox 3029 3805 3084 3849; x_wconf 92' lang='lat' dir='ltr'><strong>et</strong></span> <span class='ocrx_word' id='word_1_745' title='bbox 3139 3797 3312 3852; x_wconf 88' lang='lat' dir='ltr'><strong>homo</strong></span> <span class='ocrx_word' id='word_1_746' title='bbox 3361 3811 3481 3850; x_wconf 87' lang='lat' dir='ltr'><strong>eam</strong></span> <span class='ocrx_word' id='word_1_747' title='bbox 3531 3785 3770 3862; x_wconf 79' lang='lat' dir='ltr'><strong>portaverit</strong></span> <span class='ocrx_word' id='word_1_748' title='bbox 3803 3779 3837 3830; x_wconf 82' lang='lat' dir='ltr'><strong>in</strong></span> 
     </span>
    </p>
   </div>
   <div class='ocr_carea' id='block_1_96' title="bbox 2332 3878 3833 3958">
    <p class='ocr_par' dir='ltr' id='par_1_96' title="bbox 2332 3878 3833 3958">
     <span class='ocr_line' id='line_1_96' title="bbox 2332 3878 3833 3958; baseline -0.007 -20"><span class='ocrx_word' id='word_1_749' title='bbox 2332 3883 2569 3938; x_wconf 88' lang='lat' dir='ltr'><strong>Christo.</strong></span> <span class='ocrx_word' id='word_1_750' title='bbox 2645 3882 2756 3938; x_wconf 83' lang='lat' dir='ltr'><strong>Nec</strong></span> <span class='ocrx_word' id='word_1_751' title='bbox 2828 3885 3140 3940; x_wconf 88' lang='lat' dir='ltr'><strong>discordant</strong></span> <span class='ocrx_word' id='word_1_752' title='bbox 3215 3888 3388 3958; x_wconf 88' lang='lat' dir='ltr'><strong>igitur</strong></span> <span class='ocrx_word' id='word_1_753' title='bbox 3475 3878 3833 3950; x_wconf 71' lang='lat' dir='ltr'><strong>evangelistam!</strong></span> 
     </span>
    </p>
   </div>
   <div class='ocr_carea' id='block_1_97' title="bbox 2332 3961 3836 4046">
    <p class='ocr_par' dir='ltr' id='par_1_97' title="bbox 2332 3961 3836 4046">
     <span class='ocr_line' id='line_1_97' title="bbox 2332 3961 3836 4046; baseline -0.001 -19"><span class='ocrx_word' id='word_1_754' title='bbox 2332 3975 2612 4029; x_wconf 88' lang='lat' dir='ltr'><strong>sententiae</strong></span> <span class='ocrx_word' id='word_1_755' title='bbox 2635 4014 2649 4039; x_wconf 90' lang='lat'><strong>,</strong></span> <span class='ocrx_word' id='word_1_756' title='bbox 2703 3974 2918 4043; x_wconf 90' lang='lat' dir='ltr'><strong>quando</strong></span> <span class='ocrx_word' id='word_1_757' title='bbox 2962 3977 3265 4031; x_wconf 84' lang='lat' dir='ltr'><strong>concordat</strong></span> <span class='ocrx_word' id='word_1_758' title='bbox 3310 3974 3614 4046; x_wconf 79' lang='lat' dir='ltr'><strong>mysterium</strong></span> <span class='ocrx_word' id='word_1_759' title='bbox 3638 4009 3651 4034; x_wconf 88' lang='lat'><strong>,</strong></span> <span class='ocrx_word' id='word_1_760' title='bbox 3690 3973 3732 4020; x_wconf 79' lang='lat' dir='ltr'><strong>el</strong></span> <span class='ocrx_word' id='word_1_761' title='bbox 3771 3961 3836 4014; x_wconf 74' lang='lat' dir='ltr'><strong>bo‘</strong></span> 
     </span>
    </p>
   </div>
   <div class='ocr_carea' id='block_1_98' title="bbox 2333 4057 3832 4136">
    <p class='ocr_par' dir='ltr' id='par_1_98' title="bbox 2333 4057 3832 4136">
     <span class='ocr_line' id='line_1_98' title="bbox 2333 4057 3832 4136; baseline -0.011 -16"><span class='ocrx_word' id='word_1_762' title='bbox 2333 4081 2434 4120; x_wconf 91' lang='lat' dir='ltr'><strong>nus</strong></span> <span class='ocrx_word' id='word_1_763' title='bbox 2483 4065 2616 4120; x_wconf 93' lang='lat' dir='ltr'><strong>ordo</strong></span> <span class='ocrx_word' id='word_1_764' title='bbox 2681 4065 2736 4118; x_wconf 91' lang='lat' dir='ltr'><strong>in</strong></span> <span class='ocrx_word' id='word_1_765' title='bbox 2800 4081 2907 4135; x_wconf 93' lang='lat' dir='ltr'><strong>quo</strong></span> <span class='ocrx_word' id='word_1_766' title='bbox 2968 4075 3154 4121; x_wconf 88' lang='lat' dir='ltr'><strong>noster</strong></span> <span class='ocrx_word' id='word_1_767' title='bbox 3221 4066 3500 4136; x_wconf 90' lang='lat' dir='ltr'><strong>perfectus</strong></span> <span class='ocrx_word' id='word_1_768' title='bbox 3561 4057 3832 4131; x_wconf 65' lang='lat' dir='ltr'><strong>praedicatur,</strong></span> 
     </span>
    </p>
   </div>
   <div class='ocr_carea' id='block_1_99' title="bbox 2331 4138 3836 4228">
    <p class='ocr_par' dir='ltr' id='par_1_99' title="bbox 2331 4138 3836 4228">
     <span class='ocr_line' id='line_1_99' title="bbox 2331 4138 3836 4228; baseline 0.003 -20"><span class='ocrx_word' id='word_1_769' title='bbox 2331 4157 2544 4226; x_wconf 89' lang='lat' dir='ltr'><strong>quando</strong></span> <span class='ocrx_word' id='word_1_770' title='bbox 2579 4156 2730 4226; x_wconf 92' lang='lat' dir='ltr'><strong>prius</strong></span> <span class='ocrx_word' id='word_1_771' title='bbox 2768 4157 2947 4211; x_wconf 89' lang='lat' dir='ltr'><strong>crucis</strong></span> <span class='ocrx_word' id='word_1_772' title='bbox 2976 4171 3087 4210; x_wconf 73' lang='lat' dir='ltr'><strong>sua:</strong></span> <span class='ocrx_word' id='word_1_773' title='bbox 3117 4167 3394 4228; x_wconf 62' lang='lat' dir='ltr'><strong>trOpaeum</strong></span> <span class='ocrx_word' id='word_1_774' title='bbox 3436 4157 3546 4227; x_wconf 89' lang='lat' dir='ltr'><strong>ipse</strong></span> <span class='ocrx_word' id='word_1_775' title='bbox 3573 4153 3623 4207; x_wconf 89' lang='lat' dir='ltr'><strong>in</strong></span> <span class='ocrx_word' id='word_1_776' title='bbox 3647 4138 3836 4211; x_wconf 56' lang='lat' dir='ltr'><strong>statarii“!</strong></span> 
     </span>
    </p>
   </div>
   <div class='ocr_carea' id='block_1_100' title="bbox 2328 4233 3838 4327">
    <p class='ocr_par' dir='ltr' id='par_1_100' title="bbox 2328 4233 3838 4327">
     <span class='ocr_line' id='line_1_100' title="bbox 2328 4233 3838 4327; baseline -0.003 -27"><span class='ocrx_word' id='word_1_777' title='bbox 2328 4245 2523 4302; x_wconf 91' lang='lat' dir='ltr'><strong>deinde</strong></span> <span class='ocrx_word' id='word_1_778' title='bbox 2569 4248 2894 4318; x_wconf 83' lang='lat' dir='ltr'><strong>martyribus</strong></span> <span class='ocrx_word' id='word_1_779' title='bbox 2938 4247 3290 4318; x_wconf 90' lang='lat' dir='ltr'><strong>erigendum,</strong></span> <span class='ocrx_word' id='word_1_780' title='bbox 3342 4258 3398 4302; x_wconf 89' lang='lat' dir='ltr'><strong>et</strong></span> <span class='ocrx_word' id='word_1_781' title='bbox 3441 4244 3638 4302; x_wconf 89' lang='lat' dir='ltr'><strong>cunctis</strong></span> 
     </span>
    </p>
   </div>
   <div class='ocr_carea' id='block_1_101' title="bbox 2328 4331 3838 4412">
    <p class='ocr_par' dir='ltr' id='par_1_101' title="bbox 2328 4331 3838 4412">
     <span class='ocr_line' id='line_1_101' title="bbox 2328 4331 3838 4412; baseline -0.002 -18"><span class='ocrx_word' id='word_1_782' title='bbox 2328 4340 2470 4396; x_wconf 89' lang='lat' dir='ltr'><strong>tibus</strong></span> <span class='ocrx_word' id='word_1_783' title='bbox 2507 4341 2714 4412; x_wconf 80' lang='lat'><strong>1161</strong></span> <span class='ocrx_word' id='word_1_784' title='bbox 2750 4340 3094 4396; x_wconf 89' lang='lat' dir='ltr'><strong>contradidit.</strong></span> <span class='ocrx_word' id='word_1_785' title='bbox 3144 4340 3264 4397; x_wconf 85' lang='lat' dir='ltr'><strong>Nec</strong></span> <span class='ocrx_word' id='word_1_786' title='bbox 3307 4338 3569 4412; x_wconf 72' lang='lat' dir='ltr'><strong>praecedit</strong></span> <span class='ocrx_word' id='word_1_787' title='bbox 3614 4331 3743 4405; x_wconf 74' lang='lat' dir='ltr'><strong>igitur</strong></span> <span class='ocrx_word' id='word_1_788' title='bbox 3775 4334 3838 4391; x_wconf 72' lang='lat' dir='ltr'><strong>qm</strong></span> 
     </span>
    </p>
   </div>
   <div class='ocr_carea' id='block_1_102' title="bbox 2329 4419 3835 4508">
    <p class='ocr_par' dir='ltr' id='par_1_102' title="bbox 2329 4419 3835 4508">
     <span class='ocr_line' id='line_1_102' title="bbox 2329 4419 3835 4508; baseline -0.007 -18"><span class='ocrx_word' id='word_1_789' title='bbox 2329 4451 2546 4491; x_wconf 89' lang='lat' dir='ltr'><strong>crucem</strong></span> <span class='ocrx_word' id='word_1_790' title='bbox 2585 4436 2785 4490; x_wconf 88' lang='lat' dir='ltr'><strong>Christi</strong></span> <span class='ocrx_word' id='word_1_791' title='bbox 2831 4444 3033 4507; x_wconf 89' lang='lat' dir='ltr'><strong>portat,</strong></span> <span class='ocrx_word' id='word_1_792' title='bbox 3076 4437 3172 4492; x_wconf 90' lang='lat' dir='ltr'><strong>sed</strong></span> <span class='ocrx_word' id='word_1_793' title='bbox 3227 4437 3487 4508; x_wconf 88' lang='lat' dir='ltr'><strong>sequitur</strong></span> <span class='ocrx_word' id='word_1_794' title='bbox 3517 4433 3645 4489; x_wconf 86' lang='lat' dir='ltr'><strong>sicut</strong></span> <span class='ocrx_word' id='word_1_795' title='bbox 3663 4429 3750 4496; x_wconf 77' lang='lat' dir='ltr'><strong>ipse</strong></span> <span class='ocrx_word' id='word_1_796' title='bbox 3766 4419 3835 4472; x_wconf 67' lang='lat' dir='ltr'><strong>ait!</strong></span> 
     </span>
    </p>
   </div>
   <div class='ocr_carea' id='block_1_103' title="bbox 2335 4524 3837 4595">
    <p class='ocr_par' dir='ltr' id='par_1_103' title="bbox 2335 4524 3837 4595">
     <span class='ocr_line' id='line_1_103' title="bbox 2335 4524 3837 4595; baseline 0.003 -17"><span class='ocrx_word' id='word_1_797' title='bbox 2335 4524 2439 4590; x_wconf 81' lang='lat' dir='ltr'><strong>Qui</strong></span> <span class='ocrx_word' id='word_1_798' title='bbox 2469 4525 2574 4579; x_wconf 80' lang='lat' dir='ltr'><strong>uult</strong></span> <span class='ocrx_word' id='word_1_799' title='bbox 2599 4535 2712 4595; x_wconf 83' lang='lat' dir='ltr'><strong>post</strong></span> <span class='ocrx_word' id='word_1_800' title='bbox 2741 4541 2823 4580; x_wconf 88' lang='lat' dir='ltr'><strong>me</strong></span> <span class='ocrx_word' id='word_1_801' title='bbox 2843 4527 3036 4591; x_wconf 81' lang='lat' dir='ltr'><strong>venire,</strong></span> <span class='ocrx_word' id='word_1_802' title='bbox 3062 4526 3216 4582; x_wconf 83' lang='lat' dir='ltr'><strong>tollat</strong></span> <span class='ocrx_word' id='word_1_803' title='bbox 3253 4544 3471 4583; x_wconf 80' lang='lat' dir='ltr'><strong>crucem</strong></span> <span class='ocrx_word' id='word_1_804' title='bbox 3498 4538 3635 4581; x_wconf 81' lang='lat' dir='ltr'><strong>suam</strong></span> <span class='ocrx_word' id='word_1_805' title='bbox 3655 4529 3692 4574; x_wconf 77' lang='lat' dir='ltr'><strong>et</strong></span> <span class='ocrx_word' id='word_1_806' title='bbox 3709 4527 3837 4582; x_wconf 63' lang='grc' dir='ltr'><strong>κεῖν’</strong></span> 
     </span>
    </p>
   </div>
   <div class='ocr_carea' id='block_1_104' title="bbox 2333 4612 3837 4687">
    <p class='ocr_par' dir='ltr' id='par_1_104' title="bbox 2333 4612 3837 4687">
     <span class='ocr_line' id='line_1_104' title="bbox 2333 4612 3837 4687; baseline -0.008 -18"><span class='ocrx_word' id='word_1_807' title='bbox 2333 4627 2420 4669; x_wconf 87' lang='lat' dir='ltr'><strong>tur</strong></span> <span class='ocrx_word' id='word_1_808' title='bbox 2445 4632 2526 4669; x_wconf 88' lang='lat' dir='ltr'><strong>me</strong></span> <span class='ocrx_word' id='word_1_809' title='bbox 2552 4614 2701 4686; x_wconf 90' lang='lat' dir='ltr'><strong>(Luc.</strong></span> <span class='ocrx_word' id='word_1_810' title='bbox 2737 4631 2812 4682; x_wconf 86' lang='lat' dir='ltr'><strong>ix,</strong></span> <span class='ocrx_word' id='word_1_811' title='bbox 2834 4615 2948 4687; x_wconf 74' lang='lat'><strong>23).</strong></span> <span class='ocrx_word' id='word_1_812' title='bbox 3002 4615 3117 4672; x_wconf 84' lang='lat' dir='ltr'><strong>Non</strong></span> <span class='ocrx_word' id='word_1_813' title='bbox 3149 4619 3305 4673; x_wconf 89' lang='lat' dir='ltr'><strong>enim</strong></span> <span class='ocrx_word' id='word_1_814' title='bbox 3356 4633 3533 4681; x_wconf 86' lang='lat' dir='ltr'><strong>suam,</strong></span> <span class='ocrx_word' id='word_1_815' title='bbox 3562 4612 3644 4670; x_wconf 86' lang='lat' dir='ltr'><strong>sed</strong></span> <span class='ocrx_word' id='word_1_816' title='bbox 3667 4613 3837 4663; x_wconf 82' lang='lat' dir='ltr'><strong>nostram</strong></span> 
     </span>
    </p>
   </div>
   <div class='ocr_carea' id='block_1_105' title="bbox 2332 4699 3840 4776">
    <p class='ocr_par' dir='ltr' id='par_1_105' title="bbox 2332 4699 3840 4776">
     <span class='ocr_line' id='line_1_105' title="bbox 2332 4699 3840 4776; baseline 0 -18"><span class='ocrx_word' id='word_1_817' title='bbox 2332 4714 2512 4776; x_wconf 91' lang='lat' dir='ltr'><strong>portat</strong></span> <span class='ocrx_word' id='word_1_818' title='bbox 2545 4720 2794 4770; x_wconf 91' lang='lat' dir='ltr'><strong>crucem;</strong></span> <span class='ocrx_word' id='word_1_819' title='bbox 2821 4717 2876 4761; x_wconf 91' lang='lat' dir='ltr'><strong>et</strong></span> <span class='ocrx_word' id='word_1_820' title='bbox 2893 4707 3292 4774; x_wconf 87' lang='lat' dir='ltr'><strong>ideojubemur</strong></span> <span class='ocrx_word' id='word_1_821' title='bbox 3310 4723 3413 4764; x_wconf 92' lang='lat' dir='ltr'><strong>nos</strong></span> <span class='ocrx_word' id='word_1_822' title='bbox 3442 4713 3665 4762; x_wconf 85' lang='lat' dir='ltr'><strong>nostram</strong></span> <span class='ocrx_word' id='word_1_823' title='bbox 3686 4699 3840 4768; x_wconf 50' lang='lat' dir='ltr'><strong>pom“:</strong></span> 
     </span>
    </p>
   </div>
   <div class='ocr_carea' id='block_1_106' title="bbox 2331 4787 3839 4870">
    <p class='ocr_par' dir='ltr' id='par_1_106' title="bbox 2331 4787 3839 4870">
     <span class='ocr_line' id='line_1_106' title="bbox 2331 4787 3839 4870; baseline -0.005 -19"><span class='ocrx_word' id='word_1_824' title='bbox 2331 4810 2570 4851; x_wconf 91' lang='lat' dir='ltr'><strong>crucem.</strong></span> <span class='ocrx_word' id='word_1_825' title='bbox 2605 4796 2740 4862; x_wconf 82' lang='lat' dir='ltr'><strong>Quia</strong></span> <span class='ocrx_word' id='word_1_826' title='bbox 2771 4806 2826 4851; x_wconf 90' lang='lat' dir='ltr'><strong>et</strong></span> <span class='ocrx_word' id='word_1_827' title='bbox 2868 4797 2914 4852; x_wconf 91' lang='lat' dir='ltr'><strong>si</strong></span> <span class='ocrx_word' id='word_1_828' title='bbox 2953 4813 3048 4853; x_wconf 90' lang='lat' dir='ltr'><strong>sua</strong></span> <span class='ocrx_word' id='word_1_829' title='bbox 3078 4811 3181 4864; x_wconf 92' lang='lat' dir='ltr'><strong>est,</strong></span> <span class='ocrx_word' id='word_1_830' title='bbox 3230 4802 3289 4854; x_wconf 92' lang='lat' dir='ltr'><strong>in</strong></span> <span class='ocrx_word' id='word_1_831' title='bbox 3345 4815 3454 4870; x_wconf 88' lang='lat' dir='ltr'><strong>qua</strong></span> <span class='ocrx_word' id='word_1_832' title='bbox 3491 4796 3700 4868; x_wconf 86' lang='lat' dir='ltr'><strong>patiatur</strong></span> <span class='ocrx_word' id='word_1_833' title='bbox 3731 4787 3839 4840; x_wconf 72' lang='lat' dir='ltr'><strong>homo</strong></span> 
     </span>
    </p>
   </div>
   <div class='ocr_carea' id='block_1_107' title="bbox 2333 4882 3837 4969">
    <p class='ocr_par' dir='ltr' id='par_1_107' title="bbox 2333 4882 3837 4969">
     <span class='ocr_line' id='line_1_107' title="bbox 2333 4882 3837 4969; baseline -0.007 -29"><span class='ocrx_word' id='word_1_834' title='bbox 2333 4888 2497 4951; x_wconf 91' lang='lat' dir='ltr'><strong>Deus,</strong></span> <span class='ocrx_word' id='word_1_835' title='bbox 2527 4897 2708 4943; x_wconf 90' lang='lat' dir='ltr'><strong>nostra</strong></span> <span class='ocrx_word' id='word_1_836' title='bbox 2743 4896 2922 4943; x_wconf 91' lang='lat' dir='ltr'><strong>tamen</strong></span> <span class='ocrx_word' id='word_1_837' title='bbox 2950 4898 3034 4944; x_wconf 90' lang='lat' dir='ltr'><strong>est</strong></span> <span class='ocrx_word' id='word_1_838' title='bbox 3063 4906 3170 4958; x_wconf 91' lang='lat' dir='ltr'><strong>qua</strong></span> <span class='ocrx_word' id='word_1_839' title='bbox 3197 4892 3599 4947; x_wconf 82' lang='lat' dir='ltr'><strong>redimiiuuret</strong></span> <span class='ocrx_word' id='word_1_840' title='bbox 3620 4882 3837 4969; x_wconf 59' lang='lat' dir='ltr'><strong>salvamul-</strong></span> 
     </span>
    </p>
   </div>
   <div class='ocr_carea' id='block_1_108' title="bbox 2327 4971 3838 5053">
    <p class='ocr_par' dir='ltr' id='par_1_108' title="bbox 2327 4971 3838 5053">
     <span class='ocr_line' id='line_1_108' title="bbox 2327 4971 3838 5053; baseline 0.004 -22"><span class='ocrx_word' id='word_1_841' title='bbox 2327 4977 2532 5032; x_wconf 85' lang='lat' dir='ltr'><strong>Idcirco</strong></span> <span class='ocrx_word' id='word_1_842' title='bbox 2563 4979 2703 5033; x_wconf 91' lang='lat' dir='ltr'><strong>sicut</strong></span> <span class='ocrx_word' id='word_1_843' title='bbox 2743 4978 2883 5033; x_wconf 88' lang='lat' dir='ltr'><strong>Deus</strong></span> <span class='ocrx_word' id='word_1_844' title='bbox 2910 4983 3103 5036; x_wconf 87' lang='lat' dir='ltr'><strong>tentari</strong></span> <span class='ocrx_word' id='word_1_845' title='bbox 3162 4998 3278 5036; x_wconf 91' lang='lat' dir='ltr'><strong>non</strong></span> <span class='ocrx_word' id='word_1_846' title='bbox 3311 4992 3515 5053; x_wconf 86' lang='lat' dir='ltr'><strong>potest,</strong></span> <span class='ocrx_word' id='word_1_847' title='bbox 3557 4981 3626 5034; x_wconf 81' lang='lat' dir='ltr'><strong>ita</strong></span> <span class='ocrx_word' id='word_1_848' title='bbox 3651 4987 3731 5030; x_wconf 74' lang='lat' dir='ltr'><strong>nec</strong></span> 
     </span>
    </p>
   </div>
   <div class='ocr_carea' id='block_1_109' title="bbox 2334 5052 3842 5138">
    <p class='ocr_par' dir='ltr' id='par_1_109' title="bbox 2334 5052 3842 5138">
     <span class='ocr_line' id='line_1_109' title="bbox 2334 5052 3842 5138; baseline 0.004 -16"><span class='ocrx_word' id='word_1_849' title='bbox 2334 5068 2484 5123; x_wconf 88' lang='lat' dir='ltr'><strong>Unde</strong></span> <span class='ocrx_word' id='word_1_850' title='bbox 2515 5069 2738 5138; x_wconf 88' lang='lat' dir='ltr'><strong>pulchre</strong></span> <span class='ocrx_word' id='word_1_851' title='bbox 2777 5069 3024 5125; x_wconf 84' lang='lat' dir='ltr'><strong>Christus</strong></span> <span class='ocrx_word' id='word_1_852' title='bbox 3066 5052 3410 5129; x_wconf 87' lang='lat' dir='ltr'><strong>ascensurus</strong></span> <span class='ocrx_word' id='word_1_853' title='bbox 3450 5083 3676 5129; x_wconf 84' lang='lat' dir='ltr'><strong>crucem,</strong></span> <span class='ocrx_word' id='word_1_854' title='bbox 3701 5052 3842 5128; x_wconf 50' lang='lat' dir='ltr'><strong>Mil“</strong></span> 
     </span>
    </p>
   </div>
   <div class='ocr_carea' id='block_1_110' title="bbox 2328 5159 3842 5242">
    <p class='ocr_par' dir='ltr' id='par_1_110' title="bbox 2328 5159 3842 5242">
     <span class='ocr_line' id='line_1_110' title="bbox 2328 5159 3842 5242; baseline -0.001 -28"><span class='ocrx_word' id='word_1_855' title='bbox 2328 5161 2648 5216; x_wconf 86' lang='lat' dir='ltr'><strong>vestimenta</strong></span> <span class='ocrx_word' id='word_1_856' title='bbox 2671 5162 2940 5230; x_wconf 86' lang='lat' dir='ltr'><strong>deposuit,</strong></span> <span class='ocrx_word' id='word_1_857' title='bbox 2960 5173 3020 5218; x_wconf 92' lang='lat' dir='ltr'><strong>ut</strong></span> <span class='ocrx_word' id='word_1_858' title='bbox 3040 5165 3181 5220; x_wconf 90' lang='lat' dir='ltr'><strong>scias</strong></span> <span class='ocrx_word' id='word_1_859' title='bbox 3195 5165 3366 5235; x_wconf 91' lang='lat' dir='ltr'><strong>quasi</strong></span> <span class='ocrx_word' id='word_1_860' title='bbox 3386 5164 3649 5220; x_wconf 91' lang='lat' dir='ltr'><strong>hominem</strong></span> <span class='ocrx_word' id='word_1_861' title='bbox 3668 5159 3842 5242; x_wconf 55' lang='lat' dir='ltr'><strong>pasfilﬂft</strong></span> 
     </span>
    </p>
   </div>
   <div class='ocr_carea' id='block_1_111' title="bbox 2328 5239 3846 5326">
    <p class='ocr_par' dir='ltr' id='par_1_111' title="bbox 2328 5239 3846 5326">
     <span class='ocr_line' id='line_1_111' title="bbox 2328 5239 3846 5326; baseline 0.009 -17"><span class='ocrx_word' id='word_1_862' title='bbox 2328 5262 2384 5309; x_wconf 89' lang='lat' dir='ltr'><strong>et</strong></span> <span class='ocrx_word' id='word_1_863' title='bbox 2397 5269 2503 5309; x_wconf 88' lang='lat' dir='ltr'><strong>non</strong></span> <span class='ocrx_word' id='word_1_864' title='bbox 2524 5254 2680 5323; x_wconf 89' lang='lat' dir='ltr'><strong>quasi</strong></span> <span class='ocrx_word' id='word_1_865' title='bbox 2698 5255 2867 5310; x_wconf 89' lang='lat' dir='ltr'><strong>Deum</strong></span> <span class='ocrx_word' id='word_1_866' title='bbox 2893 5271 3096 5326; x_wconf 89' lang='lat' dir='ltr'><strong>regem.</strong></span> <span class='ocrx_word' id='word_1_867' title='bbox 3120 5257 3266 5324; x_wconf 85' lang='lat' dir='ltr'><strong>Quia</strong></span> <span class='ocrx_word' id='word_1_868' title='bbox 3301 5265 3364 5315; x_wconf 82' lang='lat' dir='ltr'><strong>et</strong></span> <span class='ocrx_word' id='word_1_869' title='bbox 3392 5257 3442 5313; x_wconf 82' lang='lat' dir='ltr'><strong>si</strong></span> <span class='ocrx_word' id='word_1_870' title='bbox 3465 5239 3846 5326; x_wconf 50' lang='lat' dir='ltr'><strong>utrumquemﬁ&#39;</strong></span> 
     </span>
    </p>
   </div>
   <div class='ocr_carea' id='block_1_112' title="bbox 2330 5325 3845 5429">
    <p class='ocr_par' dir='ltr' id='par_1_112' title="bbox 2330 5325 3845 5429">
     <span class='ocr_line' id='line_1_112' title="bbox 2330 5325 3845 5429; baseline 0.005 -28"><span class='ocrx_word' id='word_1_871' title='bbox 2330 5333 2470 5412; x_wconf 79' lang='lat' dir='ltr'><strong>stus,</strong></span> <span class='ocrx_word' id='word_1_872' title='bbox 2502 5347 2658 5417; x_wconf 88' lang='lat' dir='ltr'><strong>quasi</strong></span> <span class='ocrx_word' id='word_1_873' title='bbox 2689 5347 2852 5403; x_wconf 91' lang='lat' dir='ltr'><strong>homo</strong></span> <span class='ocrx_word' id='word_1_874' title='bbox 2875 5325 3076 5416; x_wconf 82' lang='lat' dir='ltr'><strong>tamen,</strong></span> <span class='ocrx_word' id='word_1_875' title='bbox 3104 5357 3160 5405; x_wconf 90' lang='lat' dir='ltr'><strong>et</strong></span> <span class='ocrx_word' id='word_1_876' title='bbox 3189 5365 3308 5406; x_wconf 90' lang='lat' dir='ltr'><strong>non</strong></span> <span class='ocrx_word' id='word_1_877' title='bbox 3334 5350 3495 5422; x_wconf 87' lang='lat' dir='ltr'><strong>quasi</strong></span> <span class='ocrx_word' id='word_1_878' title='bbox 3518 5347 3667 5405; x_wconf 64' lang='lat' dir='ltr'><strong>Deus,</strong></span> 
     </span>
    </p>
   </div>
   <div class='ocr_carea' id='block_1_113' title="bbox 2329 5427 3846 5510">
    <p class='ocr_par' dir='ltr' id='par_1_113' title="bbox 2329 5427 3846 5510">
     <span class='ocr_line' id='line_1_113' title="bbox 2329 5427 3846 5510; baseline 0.007 -19"><span class='ocrx_word' id='word_1_879' title='bbox 2329 5438 2495 5509; x_wconf 89' lang='lat' dir='ltr'><strong>gitur.</strong></span> <span class='ocrx_word' id='word_1_880' title='bbox 2522 5437 2590 5493; x_wconf 86' lang='lat' dir='ltr'><strong>Et</strong></span> <span class='ocrx_word' id='word_1_881' title='bbox 2609 5438 2746 5493; x_wconf 90' lang='lat' dir='ltr'><strong>mira</strong></span> <span class='ocrx_word' id='word_1_882' title='bbox 2770 5439 3104 5510; x_wconf 74' lang='lat' dir='ltr'><strong>dispensatio</strong></span> <span class='ocrx_word' id='word_1_883' title='bbox 3123 5441 3252 5508; x_wconf 86' lang='lat' dir='ltr'><strong>Dei,</strong></span> <span class='ocrx_word' id='word_1_884' title='bbox 3284 5441 3516 5506; x_wconf 86' lang='lat' dir='ltr'><strong>milites,</strong></span> <span class='ocrx_word' id='word_1_885' title='bbox 3536 5439 3590 5494; x_wconf 89' lang='lat' dir='ltr'><strong>in</strong></span> <span class='ocrx_word' id='word_1_886' title='bbox 3609 5427 3846 5510; x_wconf 67' lang='grc' dir='ltr'><strong>ντοριιοωξ</strong></span> 
     </span>
    </p>
   </div>
   <div class='ocr_carea' id='block_1_114' title="bbox 2328 5505 3847 5606">
    <p class='ocr_par' dir='ltr' id='par_1_114' title="bbox 2328 5505 3847 5606">
     <span class='ocr_line' id='line_1_114' title="bbox 2328 5505 3847 5606; baseline 0.002 -19"><span class='ocrx_word' id='word_1_887' title='bbox 2328 5535 2654 5599; x_wconf 87' lang='lat' dir='ltr'><strong>nescientes,</strong></span> <span class='ocrx_word' id='word_1_888' title='bbox 2705 5535 2981 5606; x_wconf 90' lang='lat' dir='ltr'><strong>sapienter</strong></span> <span class='ocrx_word' id='word_1_889' title='bbox 3019 5536 3201 5591; x_wconf 90' lang='lat' dir='ltr'><strong>sciunt</strong></span> <span class='ocrx_word' id='word_1_890' title='bbox 3255 5550 3372 5604; x_wconf 90' lang='lat' dir='ltr'><strong>quo</strong></span> <span class='ocrx_word' id='word_1_891' title='bbox 3425 5505 3847 5606; x_wconf 57' lang='lat' dir='ltr'><strong>temporeiui&#39;tvel</strong></span> 
     </span>
    </p>
   </div>
   <div class='ocr_carea' id='block_1_115' title="bbox 2327 5603 3850 5700">
    <p class='ocr_par' dir='ltr' id='par_1_115' title="bbox 2327 5603 3850 5700">
     <span class='ocr_line' id='line_1_115' title="bbox 2327 5603 3850 5700; baseline -0.009 -20"><span class='ocrx_word' id='word_1_892' title='bbox 2327 5626 2506 5694; x_wconf 88' lang='lat' dir='ltr'><strong>qualia</strong></span> <span class='ocrx_word' id='word_1_893' title='bbox 2531 5627 2748 5682; x_wconf 90' lang='lat' dir='ltr'><strong>Christo</strong></span> <span class='ocrx_word' id='word_1_894' title='bbox 2768 5603 3106 5682; x_wconf 65' lang='lat' dir='ltr'><strong>vestimenta</strong></span> <span class='ocrx_word' id='word_1_895' title='bbox 3139 5603 3508 5682; x_wconf 74' lang='lat' dir='ltr'><strong>conveniunt.</strong></span> <span class='ocrx_word' id='word_1_896' title='bbox 3540 5621 3692 5676; x_wconf 89' lang='lat' dir='ltr'><strong>Porro</strong></span> <span class='ocrx_word' id='word_1_897' title='bbox 3713 5603 3850 5700; x_wconf 54' lang='lat' dir='ltr'><strong>Cain&quot;</strong></span> 
     </span>
    </p>
   </div>
   <div class='ocr_carea' id='block_1_116' title="bbox 2327 5705 3853 5790">
    <p class='ocr_par' dir='ltr' id='par_1_116' title="bbox 2327 5705 3853 5790">
     <span class='ocr_line' id='line_1_116' title="bbox 2327 5705 3853 5790; baseline -0.023 -4"><span class='ocrx_word' id='word_1_898' title='bbox 2327 5718 2421 5771; x_wconf 60' lang='grc' dir='ltr'><strong>τίω</strong></span> <span class='ocrx_word' id='word_1_899' title='bbox 2451 5717 2620 5782; x_wconf 72' lang='grc' dir='ltr'><strong>Ιοευε,</strong></span> <span class='ocrx_word' id='word_1_900' title='bbox 2649 5719 3039 5778; x_wconf 83' lang='lat' dir='ltr'><strong>decollatorum</strong></span> <span class='ocrx_word' id='word_1_901' title='bbox 3071 5729 3216 5790; x_wconf 76' lang='lat' dir='ltr'><strong>erat,</strong></span> <span class='ocrx_word' id='word_1_902' title='bbox 3259 5732 3316 5773; x_wconf 84' lang='lat' dir='ltr'><strong>et</strong></span> <span class='ocrx_word' id='word_1_903' title='bbox 3355 5730 3545 5773; x_wconf 90' lang='lat' dir='ltr'><strong>eorum</strong></span> <span class='ocrx_word' id='word_1_904' title='bbox 3575 5709 3658 5784; x_wconf 91' lang='lat' dir='ltr'><strong>qui</strong></span> <span class='ocrx_word' id='word_1_905' title='bbox 3677 5705 3853 5758; x_wconf 64' lang='lat' dir='ltr'><strong>diversi</strong></span> 
     </span>
    </p>
   </div>
  </div>
