4016 6354
153 276 252 333 ηιξ

899 268 1263 329 EXPOSI'I‘IO
1299 270 1368 327 IN
1406 271 1843 333 MATTHEUM.
1882 303 1950 314 --
1988 271 2115 328 LIB.
2158 267 2271 337 XII,
2309 264 2462 327 CAP.
2501 267 2714 327 XXVII.

3332 267 3435 327 N6

124 378 203 441 in
245 396 482 446 mortem
509 386 888 444 afllciebantur
913 390 1267 445 cruciatibus.
1308 390 1387 445 lbi
1409 405 1539 461 ergo
1562 391 1742 446 cruci-
1772 394 1821 456 Α
1852 388 2150 444 vestimenta
2190 390 2329 457 ejus,
2364 395 2555 441 sortem
2578 388 2859 439 mittentes.
2894 382 3011 440 Hoc
3054 399 3289 456 namque
3329 395 3434 454 est,

152 481 339 554 figitur
363 480 646 546 Dominus,
672 478 760 535 ubi
788 479 942 548 prius
966 494 1094 535 area
1116 487 1236 535 erat
1255 478 1658 546 damnatorum,
1686 489 1746 535 ut

150 573 224 629 ibi
262 571 607 644 erigerentur
633 569 890 641 deinceps
926 570 1123 626 vexilla
1150 579 1470 642 martyrum.
1500 570 1568 626 Et
1611 587 1745 642 quo.

148 665 312 721 modo
334 678 434 735 pro
470 662 627 720 nobis
654 662 1005 719 maledictum
1039 664 1212 719 factus
1237 673 1322 719 est
1352 663 1407 718 in
1435 679 1596 720 cruce
1614 705 1630 730 ,
1664 665 1746 720 sic

147 771 249 829 pro
295 756 541 812 omnium
570 754 764 821 salute,
813 754 968 826 quasi
1012 755 1208 811 noxius
1234 754 1376 811 inter
1402 756 1613 822 noxios,
1646 753 1746 812 ﬂa-

148 845 384 919 gellatus
411 846 763 916 suspenditur
787 847 1020 902 medius.
1054 846 1123 902 Et
1148 846 1270 902 ideo
1303 861 1406 903 nec
1450 846 1744 903 verisimile

144 938 369 993 videtur
399 936 533 992 illud
557 937 702 1007 quod
729 938 951 1008 quidam
985 937 1207 993 tradunt
1253 938 1320 994 de
1356 938 1550 1004 Adam,
1584 939 1743 1010 quasi

146 1030 222 1086 ibi
259 1027 430 1086 fuerit
458 1028 727 1100 sepultus,
760 1037 820 1084 ut
851 1030 1139 1087 distillaret
1163 1031 1384 1104 sanguis
1412 1031 1616 1087 Christi
1646 1047 1739 1088 su-

142 1136 243 1194 per
264 1121 537 1178 tumulum
569 1122 759 1193 ipsius,
788 1133 845 1178 et
878 1122 999 1178 ideo
1039 1124 1252 1180 dicatur
1275 1124 1425 1181 locus
1458 1123 1740 1191 Calvariaa,

144 1214 199 1269 id
235 1222 324 1269 est
351 1214 569 1286 capitis,
602 1225 825 1286 propter
854 1222 1018 1286 caput
1053 1214 1276 1270 humani
1300 1216 1531 1287 generis,
1561 1226 1622 1272 ut
1656 1231 1745 1272 re-

144 1306 559 1361 surrectionem‘
593 1305 856 1370 inveniat,
902 1321 1025 1361 cum
1066 1306 1264 1377 populo
1315 1307 1592 1373 universo,
1644 1322 1744 1378 per

142 1398 608 1453 resurrectionem
634 1397 861 1464 Christi,
894 1399 1260 1471 protoplastus
1307 1400 1441 1469 ipse.
1473 1399 1744 1468 Quoniam

144 1489 541 1545 inconveniens
565 1498 707 1556 erat,
739 1497 798 1544 ut
824 1488 998 1556 aiunt,
1028 1501 1087 1544 ut
1119 1505 1243 1546 cum
1272 1489 1426 1545 multi
1453 1505 1519 1546 ex
1543 1504 1609 1546 eo
1632 1491 1744 1546 nati

142 1583 531 1639 remissionem
562 1584 875 1653 acciperent
902 1594 1272 1654 peccatorum,
1303 1592 1357 1640 et
1390 1586 1745 1642 resurrectio-

142 1676 232 1731 nis
258 1675 566 1747 gratiamin
592 1673 832 1741 Christo,
860 1690 929 1729 ne
951 1677 1124 1748 magis
1149 1677 1265 1748 ipse
1283 1685 1443 1748 pater
1477 1679 1743 1745 omnium,

1847 481 2058 555 quodin
2077 480 2292 537 Psalmo
2312 481 2426 550 ipse
2446 479 2512 534 de
2534 495 2591 535 se
2615 494 2712 549 per
2733 478 3058 548 Prophetam
3074 479 3434 550 praedixerat:

1848 574 2149 631 Diviserunt
2175 574 2273 629 sibi
2301 575 2605 630 vestimenta
2635 590 2772 639 mea,
2801 583 2848 628 et
2876 590 3034 645 super
3054 584 3242 645 uestem
3265 566 3437 631 meum

1846 668 2098 721 miserunt
2124 675 2318 720 sortem
2353 663 2528 735 (Psal.
2559 678 2674 729 xxt,
2709 661 2819 733 19).
2854 661 3006 719 Hanc
3042 678 3279 735 namque
3311 679 3439 736 pro-

1844 756 2085 828 phetiam
2110 754 2352 826 apertius
2382 753 2621 811 Joannes
2641 752 2915 825 explanat,
2948 753 3041 823 qui
3064 753 3143 809 ait
3162 754 3304 825 quod
3334 754 3439 810 mi-

1844 848 1989 913 lites,
2022 857 2313 920 postquam
2357 846 2748 904 cruciﬁxerunt
2781 845 3092 913 Christum,
3125 857 3438 919 acceperunt

1844 939 2149 995 vestimenta
2177 939 2315 1010 ejus,
2346 947 2396 993 et
2443 938 2677 1008 fecerunt
2729 948 2959 1010 quatuor
2995 948 3192 1009 partes,
3236 939 3439 994 unicui-

1843 1048 1943 1103 que
1969 1030 2126 1085 militi
2152 1039 2353 1102 partem
2384 1029 2564 1102 (Joan.
2602 1045 2718 1097 xtx,
2743 1029 2839 1097 25,
2860 1029 2977 1101 24).
3002 1029 3207 1086 Tunica
3230 1038 3436 1094 autem,

1786 1164 1815 1189 .
1844 1122 1975 1195 quia
2012 1130 2134 1177 erat
2168 1122 2507 1177 inconsutilis
2536 1129 2591 1176 et
2622 1137 2652 1175 a
2700 1136 2915 1177 sursum
2957 1120 3160 1177 textilis
3208 1136 3308 1193 per
3356 1130 3439 1177 to-

1844 1222 1980 1281 tum,
2014 1214 2263 1268 dixerunt
2291 1214 2359 1268 ad
2388 1213 2605 1269 invicem
2631 1231 2645 1267 :
2679 1211 2804 1267 Non
2842 1213 3147 1268 scindamus
3177 1228 3315 1278 eam,
3343 1212 3435 1269 sed

1843 1308 2134 1361 sortiantur
2158 1306 2224 1361 de
2249 1322 2312 1361 ea
2340 1306 2491 1376 cujus
2518 1307 2605 1361 sit.
2654 1304 2772 1361 Non
2803 1306 2948 1360 enim
2979 1321 3098 1362 eam
3114 1319 3319 1360 omnes
3343 1320 3435 1360 ac-

1844 1405 2125 1468 ceperunt,
2160 1397 2255 1453 sed
2279 1397 2370 1467 qui
2400 1397 2579 1451 sortiti
2620 1406 2747 1453 sunt
2770 1411 2889 1451 eam
2931 1404 3079 1452 sorte
3101 1394 3435 1451 hereditatis

1846 1487 2074 1544 Christi.
2111 1488 2205 1543 Va:
2258 1489 2344 1543 his
2381 1488 2471 1558 qui
2529 1488 2670 1543 hanc
2708 1488 2959 1544 scindere
3001 1495 3270 1544 conantur
3293 1487 3435 1542 tuni-

1847 1594 1990 1642 cam,
2016 1593 2136 1649 quae
2156 1578 2388 1649 desuper
2407 1588 2663 1634 contexta
2690 1586 2775 1634 est
2802 1592 2900 1649 per
2932 1587 3136 1643 totum;
3159 1578 3315 1648 quod
3332 1591 3435 1632 nec

1847 1669 1950 1741 ipsi
1982 1670 2181 1725 milites
2218 1669 2647 1737 considerantes,
2695 1669 2944 1725 mirabile
2970 1670 3243 1739 cpiﬂcium
3290 1669 3436 1727 fece-

140 1767 464 1838 bujusmodi
490 1766 725 1838 gratiam
752 1778 1176 1839 consequeretur
1215 1784 1315 1840 per
1340 1768 1639 1836 Christum,
1676 1785 1740 1826 ac
1769 1760 1819 1822 B
1847 1771 1992 1817 runt.
2035 1760 2148 1817 Nec
2194 1770 2376 1825 tamen
2422 1777 2545 1817 eum
2576 1776 2766 1817 omnes
2812 1772 3157 1831 acceperunt,
3198 1762 3292 1817 sed
3339 1762 3434 1832 (ιιιί

140 1860 186 1916 si
220 1858 388 1915 aliter
427 1857 610 1914 salvus
643 1874 763 1914 esse
783 1874 889 1914 non
914 1869 1121 1931 posset,
1150 1859 1256 1915 nisi
1278 1861 1573 1916 mentiatur
1594 1859 1741 1917 Scri-

136 1960 307 2023 ptura
333 1949 540 2015 divina,
569 1965 690 2021 quae
713 1950 845 2006 dicit
865 1966 989 2006 eum
1022 1950 1075 2006 in
1107 1949 1323 2008 Hebron
1358 1950 1528 2008 fuisse
1554 1953 1737 2023 sepul-

136 2053 283 2098 tum.
318 2041 476 2111 Quod
506 2042 553 2097 si
600 2041 703 2097 hoc
744 2043 817 2096 ita
849 2051 1015 2107 esset,
1050 2058 1149 2097 cur
1195 2051 1252 2097 et
1302 2043 1393 2096 alii
1424 2057 1491 2098 eo
1522 2044 1575 2097 in
1621 2042 1741 2098 loco

136 2136 577 2192 damnarentur?
605 2135 682 2190 Ex
707 2151 815 2205 quo
846 2146 1071 2207 apparet
1104 2135 1372 2207 Golgotha
1414 2151 1518 2191 non
1564 2135 1744 2206 sepul—

132 2242 305 2282 crum
331 2226 488 2295 primi
520 2225 758 2281 hominis
787 2224 975 2291 fuisse,
1020 2226 1114 2282 sed
1135 2226 1312 2282 locum
1330 2226 1738 2293 decollatortnn,

133 2327 200 2374 ut
233 2319 460 2374 daretur
499 2316 786 2386 judicium,
821 2319 911 2374 ubi
939 2319 1178 2375 abundat
1216 2328 1523 2391 peccatum,
1552 2334 1742 2390 super-

134 2410 528 2466 abundandam
543 2424 666 2465 esse
682 2418 737 2465 et
752 2412 1006 2482 gratiam.
1034 2410 1101 2465 Et
1122 2411 1375 2467 dederunt
1398 2413 1445 2466 ei
1466 2410 1640 2466 vinum
1664 2412 1742 2466 bi-

135 2502 264 2557 bere
310 2516 432 2555 cum
462 2498 585 2570 felle
626 2501 857 2555 mistum.
890 2500 959 2555 Et
987 2518 1106 2556 cum
1142 2509 1425 2572 gustasset,
1458 2500 1623 2555 noluit
1667 2501 1742 2555 bi-

137 2594 285 2648 bere.
323 2592 442 2650 Hoc
462 2602 547 2648 est
583 2601 763 2648 autem
793 2594 1120 2661 myrrhatum
1155 2595 1332 2648 uinum
1354 2593 1498 2662 quod
1529 2592 1742 2648 Marcus

135 2688 243 2754 ait,
267 2687 398 2757 quia
425 2684 711 2742 Matthmus
732 2685 803 2757 fel
830 2702 929 2757 pro
957 2687 1313 2741 amaritudine
1351 2687 1565 2757 posuit;
1601 2703 1739 2757 quo-

134 2780 294 2835 niam
322 2779 669 2852 myrrhatum
720 2780 903 2834 vinum
957 2778 1362 2835 amarissimum
1418 2790 1532 2845 est;
1574 2795 1741 2850 quan-

134 2886 310 2943 quam
357 2871 476 2926 fieri
503 2879 682 2945 potest
718 2878 779 2926 ut
816 2880 871 2927 et
900 2870 972 2926 fel
1008 2886 1074 2928 ac
1112 2871 1299 2926 vinum
1340 2879 1397 2927 et
1452 2873 1734 2943 myrrham

136 2960 495 3026 miscuerint,
526 2969 588 3014 ut
635 2961 874 3017 amarius
915 2968 1080 3027 esset,
1127 2970 1397 3032 quatenus
1428 2962 1543 3017 haec
1592 2962 1741 3033 potio

134 3068 371 3109 omnem
423 3053 841 3109 amaritudinem
872 3068 1060 3109 eorum
1093 3068 1259 3109 carne
1287 3063 1340 3109 et
1384 3054 1591 3120 anima,
1640 3069 1736 3110 seu

135 3147 377 3219 spiritus
397 3146 750 3217 exprimeret,
801 3162 899 3218 per
918 3162 1082 3216 quam
1111 3162 1241 3202 sane
1272 3145 1429 3217 plena
1469 3148 1740 3217 passionis
1768 3128 1814 3194 (ἶ

136 3238 459 3294 amaritudo
483 3237 816 3309 designatur.
850 3236 956 3293 Sed
983 3238 1255 3303 Christus,
1291 3254 1407 3293 cum
1454 3247 1738 3310 gustasset,

142 3331 370 3404 [162
404 3342 459 3386 ut
504 3345 744 3402 praesens
771 3330 1103 3402 evangelista
1151 3330 1413 3401 loquitur,
1459 3331 1627 3386 noluit
1665 3331 1743 3385 bi-

138 3425 286 3479 bere.
314 3425 385 3479 Et
415 3425 518 3480 hoc
537 3433 623 3480 est
652 3424 794 3494 quod
817 3424 1029 3479 Marcus
1057 3425 1156 3491 ait,
1181 3442 1285 3480 non
1325 3427 1543 3496 accepit,
1577 3425 1628 3480 id
1657 3433 1742 3480 est

135 3524 203 3570 ut
225 3516 478 3580 biberet,
509 3517 760 3586 quamvis
783 3517 1099 3588 gustaverit.
1138 3517 1205 3571 Et
1246 3517 1382 3571 mira
1413 3516 1743 3587 dispensatio

137 3609 243 3664 Dei
285 3610 368 3664 sic
408 3610 656 3665 universa
712 3610 1010 3681 dispensat,
1052 3623 1113 3665 ut
1155 3608 1389 3680 expletio
1443 3608 1743 3680 prOpbetia:

136 3698 493 3770 compleatur
521 3700 574 3755 in
608 3699 774 3766 facto,
797 3709 853 3755 et
889 3716 977 3755 res
1004 3709 1155 3772 gesta
1187 3700 1369 3755 divina
1405 3700 1744 3756 demonstra-

137 3797 231 3844 ret
266 3799 635 3845 sacramenta.
669 3789 805 3845 Nam
831 3790 978 3846 aliud
1002 3799 1086 3846 est
1111 3799 1357 3862 gustare,
1393 3798 1449 3846 ct
1478 3790 1621 3846 aliud
1663 3792 1743 3847 hic

134 3878 303 3935 bere.
334 3879 477 3948 Quia
524 3882 758 3953 gustavit
807 3882 1025 3952 quidem
1057 3892 1311 3947 mortem,
1367 3883 1461 3937 sed
1492 3882 1665 3937 noluit
1688 3882 1745 3938 in

139 3981 268 4029 toto
293 3988 420 4029 eam
448 3972 654 4039 bibere,
680 3975 937 4045 quoniam
963 3974 1051 4030 die
1084 3975 1243 4030 tertia
1272 3974 1590 4030 resurrexit.
1621 3973 1746 4030 Suf-

135 4066 267 4123 ficit
311 4067 460 4122 enim
500 4066 656 4122 nobis
685 4076 745 4122 ut
773 4075 1019 4139 gustaret
1058 4082 1157 4138 pro
1203 4067 1357 4123 nobis
1392 4075 1641 4122 mortem.
1677 4066 1747 4122 Et

135 4160 274 4217 ideo
315 4172 443 4216 cum
463 4169 739 4231 gustasset
764 4158 1133 4230 noluissetqne
1159 4158 1371 4224 bibere,
1403 4159 1578 4215 dixit:
1607 4156 1747 4214 Con-

134 4261 484 4309 summatum
506 4262 604 4308 est.
636 4251 775 4310 Hinc
799 4269 1033 4324 namque
1062 4252 1303 4325 loquitur
1326 4253 1471 4310 Deus
1497 4268 1596 4323 per
1620 4268 1748 4324 pro-

136 4350 379 4419 phetam
419 4346 760 4403 Jerusalem?
789 4347 904 4420 Ego
953 4357 1001 4404 te
1039 4346 1273 4418 plantaoi
1301 4348 1501 4402 vineam
1528 4345 1744 4401 electam

137 4442 293 4510 (λεν.
340 4456 408 4505 n,
429 4439 522 4511 21)
541 4457 555 4505 ;
582 4440 854 4511 quomodo
875 4454 1139 4496 conversa
1161 4454 1220 4494 es
1242 4439 1296 4492 in
1325 4438 1746 4493 amaritudinem

134 4534 282 4589 vitis
334 4532 565 4587 alienae?
616 4531 817 4586 Amara
860 4530 1080 4600 quidem
1119 4529 1248 4584 vitis
1287 4543 1531 4582 amarum
1561 4527 1746 4581 vinum

134 4624 307 4691 fecit,
341 4623 490 4695 quod
537 4608 845 4693 propinavit
870 4621 1099 4677 Domino
1145 4620 1295 4685 Jesu,
1329 4628 1389 4674 ut
1434 4618 1759 4697 impleretur

136 4718 301 4791 quod
332 4716 604 4786 scriptum
630 4724 751 4771 est:
783 4714 1050 4769 Dederunt
1073 4715 1127 4768 in
1164 4729 1335 4768 escam
1364 4728 1534 4766 meam
1578 4709 1670 4780 fel,
1699 4719 1749 4765 et

134 4811 210 4865 in
257 4810 353 4865 siti
382 4824 503 4862 mea
529 4815 835 4878 potaverunt
863 4823 944 4860 me
988 4815 1134 4860 aceto
1185 4801 1360 4877 (Psal.
1413 4818 1599 4866 uvnt,
1630 4800 1747 4872 22).

135 4899 496 4955 Przsentem
531 4906 714 4952 autem
753 4896 1043 4968 capitulum
1068 4911 1164 4966 per
1193 4894 1634 4965 anticipationem
1664 4890 1747 4946 lo-

134 4991 349 5061 quitur
360 4988 729 5061 Evangelista,
753 4987 879 5060 quia
901 4988 1007 5043 hoc
1026 4984 1351 5057 completum
1363 4997 1443 5039 εει
1466 4990 1753 5055 postquam

136 5083 210 5138 in
232 5095 465 5138 crucem
494 5080 757 5137 Dominus
786 5079 1061 5146 ascendit;
1092 5094 1212 5149 qua:
1235 5077 1490 5133 nimirum
1517 5072 1756 5145 comple-

136 5171 235 5228 ιὶο
279 5171 482 5228 mortis
526 5179 716 5243 gustus
768 5170 888 5227 fuit.
943 5169 1063 5227 Non
1108 5169 1252 5225 enim
1302 5177 1517 5224 aeternae
1569 5164 1756 5238 gloria:

133 5264 389 5331 Christi,
411 5272 470 5320 et
519 5264 916 5336 incorruptioni
969 5263 1225 5335 deinceps
1264 5262 1571 5318 amaritudo
1624 5252 1761 5316 mis-3

132 5364 325 5415 ceter
372 5356 767 5427 corruptionis.
799 5356 1069 5425 Quoniam
1099 5357 1245 5412 aliud
1295 5364 1379 5410 est
1409 5355 1513 5410 hoc
1542 5353 1767 5435 vinum,

126 5451 309 5524 quod
346 5451 571 5505 mistum
597 5466 721 5507 cum
739 5450 861 5507 felle
881 5451 1139 5523 gustavit,
1166 5459 1221 5505 et
1251 5448 1395 5504 aliud
1420 5447 1554 5503 illud
1584 5448 1754 5517 quod,

126 5559 289 5600 cum
328 5542 619 5613 discipulis
653 5544 790 5609 suis,
826 5559 885 5600 se
912 5543 1211 5600 bibiturum
1247 5542 1300 5596 in
1326 5555 1492 5612 regno
1529 5540 1627 5595 Dei
1659 5553 1775 5595 no--

110 5650 289 5691 xum
320 5635 657 5708 repromisit.

170 5746 187 5753 '
232 5727 540 5800 Postquam
562 5740 736 5787 autem
774 5731 1147 5800 cruciﬁxerunt
1175 5724 1633 5793 eum,‘diviserunt
1660 5722 1760 5779 sibi

1844 1854 2071 1910 sortitus
2102 1862 2192 1911 est
2211 1869 2332 1910 eam
2374 1864 2522 1910 sorte
2557 1855 2720 1911 bona.
2750 1853 2936 1925 Neque
2966 1855 3130 1926 igitur
3157 1856 3432 1911 credimus

1844 1946 2061 2019 aliquod
2095 1948 2542 2004 vestimentorum
2573 1947 2691 2018 ejus
2726 1947 2780 2002 in
2819 1946 2922 2000 alia
2956 1947 3251 2016 partitione
3299 1962 3431 2002 con-

1844 2041 2095 2104 scissum,
2126 2039 2221 2096 sed
2249 2055 2416 2095 unum
2442 2039 2694 2110 quodque
2720 2053 2910 2095 eorum
2933 2040 3200 2110 integrum
3224 2040 3435 2095 unicui-

1842 2149 1948 2205 que
1973 2133 2364 2204 permansisse.
2421 2133 2832 2198 Verumtamen,
2862 2132 3042 2204 qualia
3096 2132 3183 2187 illa
3231 2132 3435 2188 fuerint

1842 2227 2165 2281 vestimenta
2197 2227 2530 2296 ignoramus,
2570 2227 2666 2282 sed
2690 2236 2894 2298 quanta
2919 2227 2973 2282 in
3000 2227 3082 2283 eis
3112 2227 3221 2283 sint
3251 2244 3434 2284 sacra-

1814 2329 2026 2375 -menta
2077 2321 2218 2376 scire
2269 2320 2661 2377 desideramus.
2688 2324 2929 2389 Quorum
3002 2334 3186 2393 partes
3235 2324 3433 2396 singuli

1843 2412 2298 2483 cvangelistarum
2326 2412 2503 2468 sortiti
2532 2423 2681 2479 sunt,
2703 2415 2797 2469 sed
2818 2431 2922 2470 una
2939 2415 3280 2471 inconsutilis
3301 2430 3433 2470 con-

1845 2512 1995 2559 texta
2019 2504 2254 2574 desuper
2295 2520 2396 2575 per
2430 2512 2626 2571 totum,
2661 2514 2947 2575 permanet
2972 2506 3089 2572 uni,
3123 2507 3336 2579 1163
3377 2517 3435 2562 et

1842 2594 2094 2650 omnibus
2118 2610 2242 2649 una.
2273 2593 2351 2650 De
2377 2595 2575 2666 quibus
2602 2594 2847 2667 profecto
2872 2596 3132 2663 vestibus,
3187 2598 3278 2667 qui
3311 2597 3433 2652 nul-

1842 2685 1951 2741 lam
1974 2687 2074 2741 sub
2094 2686 2241 2742 omni
2270 2688 2535 2757 quadrato
2560 2689 2684 2744 coeli
2727 2689 2952 2745 cardine
2979 2697 3192 2759 partem
3222 2688 3431 2744 habue-

1842 2779 1915 2835 rit
1948 2780 2116 2835 miser
2137 2787 2251 2847 est,
2279 2781 2537 2851 quoniam
2563 2781 2737 2838 nudus
2768 2781 3041 2848 ambulat;
3070 2790 3127 2838 et
3173 2782 3431 2853 quiquod

1842 2887 2035 2927 omnes
2063 2871 2263 2928 habent
2290 2873 2343 2928 in
2366 2873 2594 2938 unitate,
2643 2875 2893 2930 scindere
2915 2873 3166 2939 voluerit,
3202 2874 3431 2931 misera-

1842 2962 2006 3019 bilior
2032 2973 2133 3019 est.
2175 2963 2388 3022 Idcirco
2424 2966 2627 3022 Christi
2652 2967 2976 3022 vestimenta
3009 2967 3089 3024 sic
3114 2977 3263 3025 sorte
3287 2968 3430 3025 divi-

1844 3055 2018 3111 denda
2044 3065 2171 3111 sunt
2194 3057 2337 3113 inter
2362 3072 2573 3124 omnes,
2593 3068 2653 3113 ut
2676 3059 2855 3114 unitas
2885 3074 2992 3114 non
3027 3068 3429 3130 corrumpatur,

1846 3147 2031 3218 sicque
2061 3148 2240 3205 unitas
2272 3150 2637 3215 servanda,ut
2662 3151 2860 3221 singuli
2882 3158 3066 3222 partes
3095 3166 3222 3207 suas
3249 3160 3432 3207 ειιειο-
3501 3196 3509 3203 .

1846 3240 2016 3295 diant.
2052 3239 2121 3296 Et
2165 3241 2417 3306 sedentes,
2446 3241 2722 3295 servabant
2756 3258 2895 3296 eum.
2927 3240 3213 3311 Diligentia
3256 3240 3431 3310 siqui-

1845 3334 1967 3389 dem
2007 3333 2236 3389 militum
2272 3343 2327 3389 et
2354 3335 2691 3391 sacerdotum
2721 3334 2878 3391 nobis
2909 3333 3127 3404 proficit
3156 3347 3333 3407 usque
3373 3333 3430 3387 in

1845 3423 2168 3480 hodiernum
2192 3425 2356 3489 diem,
2386 3432 2447 3478 ut
2467 3424 2640 3494 major
2661 3432 2923 3493 appareat
2942 3421 3166 3489 veritas,
3197 3432 3253 3477 et
3274 3436 3430 3492 aper-

1847 3516 1951 3570 tior
1979 3515 2151 3570 virtus
2175 3515 2525 3586 resurgentis.
2554 3514 2821 3583 Quoniam
2862 3515 3155 3570 servabant
3169 3514 3283 3585 jam
3309 3527 3430 3569 cor-

1844 3620 1946 3676 pus
1983 3605 2254 3672 cruciﬁxi,
2304 3606 2560 3663 submissi
2614 3622 2644 3661 a
2675 3607 3007 3678 principibus
3062 3606 3426 3671 sacerdotum,

1846 3698 2000 3768 quasi
2054 3697 2341 3753 iurandum
2401 3714 2432 3753 a
2480 3697 2785 3768 discipulis,
2828 3698 2874 3754 si
2929 3712 3037 3752 non
3094 3706 3427 3764 servaretur,

1846 3804 1982 3861 quos
2003 3797 2166 3845 testes
2193 3804 2313 3845 esse
2339 3789 2487 3856 fecit,
2522 3791 2568 3847 si
2603 3790 2806 3846 vellent
2834 3789 3080 3869 proferre
3104 3807 3315 3858 verum,
3338 3808 3431 3848 ve-

1844 3882 1982 3937 ritas
2011 3882 2448 3938 resurrectionis.
2475 3882 2544 3938 Et
2568 3883 2926 3953 imposuerunt
2952 3899 3109 3954 super
3128 3893 3283 3955 caput
3312 3884 3428 3954 ejus

1847 3989 2062 4029 causam
2087 3974 2248 4044 ipsius
2262 3975 2535 4042 scriptam,
2553 3989 2639 4032 utc
2658 3990 2758 4031 as-r
2778 3973 2940 4031 Iesus
2967 3975 3082 4029 Rsx
3107 3989 3421 4032 ιυυεοιωιί.

1846 4065 1962 4123 Mos
1992 4065 2257 4137 siquidem
2278 4073 2397 4122 erat
2421 4081 2609 4121 eorum
2645 4065 2889 4121 scribere
2931 4080 3124 4122 causas
3145 4065 3428 4121 damnato—

1847 4173 1992 4223 rum,
2019 4164 2073 4213 et
2103 4157 2223 4213 ideo
2250 4154 2451 4213 Christi
2476 4157 2663 4214 titulus
2690 4165 2746 4213 et
2790 4171 2957 4213 causa
2983 4156 3305 4213 mirabiliter
3336 4172 3430 4214 su-

1846 4267 1946 4323 per
1968 4260 2133 4323 caput
2159 4250 2469 4308 ascribitur.
2494 4250 2606 4308 Nec
2625 4250 2943 4322 simpliciter
2965 4259 3024 4306 ut
3044 4250 3291 4313 aliorum,
3327 4252 3423 4307 sed

1848 4345 2023 4402 tribus
2050 4344 2580 4416 linguisinsignitur,
2628 4345 2682 4400 in
2728 4345 2926 4415 quibus
2972 4346 3258 4401 universus
3277 4346 3429 4402 orbis

1850 4437 2154 4507 tripartitus
2204 4436 2507 4492 litterarum
2548 4436 2742 4492 studiis
2765 4436 3104 4505 permaxime
3129 4437 3425 4509 regelatur.

1852 4529 1963 4585 Nec
1993 4529 2081 4584 vili
2105 4531 2158 4585 in
2188 4529 2326 4592 loco,
2351 4530 2445 4585 sed
2474 4544 2634 4599 super
2664 4536 2847 4598 caput,
2878 4543 2943 4584 ac
2970 4530 3016 4585 si
3047 4538 3306 4601 tropaeum
3346 4546 3432 4586 re-

1854 4621 2094 4693 gnantis,
2126 4628 2184 4675 ut
2208 4620 2419 4676 cunctis
2455 4627 2640 4690 pateat
2658 4619 2985 4692 legentibus,
3006 4620 3291 4677 attollitur.
3322 4620 3432 4679 Nec

1853 4710 2020 4781 igitur
2038 4725 2255 4781 possum
2292 4709 2452 4780 digne
2493 4709 2750 4765 admirari
2801 4724 2900 4779 pro
2942 4710 3021 4766 rei
3063 4711 3433 4783 magnitudine

1855 4802 2248 4874 providentiam
2272 4800 2392 4868 Dei,
2421 4816 2543 4873 qua:
2574 4803 2641 4858 de
2670 4802 3102 4860 adversariorum
3154 4805 3433 4862 erroribus

1857 4911 1955 4953 sua
1985 4895 2184 4965 ubique
2232 4896 2506 4967 praestruit
2557 4905 2916 4951 sacramenta.
2964 4896 3104 4953 Ecce
3138 4898 3433 4969 redemptis
3482 4898 3487 4901 ⁷

1849 4987 1963 5059 jam
1989 5002 2151 5058 supra
2180 4985 2330 5043 falsis
2372 4987 2631 5053 testibus,
2674 5003 2803 5045 ecce
2832 4988 3023 5045 seditio
3047 5004 3076 5043 a
3099 4989 3431 5060 principibus

1856 5081 2218 5145 sacerdotum,
2250 5090 2308 5136 et
2327 5080 2630 5137 senioribus
2654 5081 2922 5138 concitata
2947 5089 3030 5157 est
3070 5080 3255 5137 multis
3303 5096 3429 5152 pcr-

1856 5172 2217 5228 suasionibus.
2247 5169 2388 5228 Ecce
2430 5172 2731 5229 conductus
2775 5181 2859 5229 est
2907 5173 3073 5228 miser
3097 5171 3329 5245 populus
3360 5174 3431 5228 ad

1858 5261 2152 5319 clamorem
2175 5271 2230 5318 et
2257 5263 2570 5333 petitionem
2620 5264 2812 5319 mortis
2836 5262 3063 5330 Christi,
3107 5278 3208 5320 nec
3250 5272 3433 5321 tamen

1861 5355 2144 5411 inveniunt
2171 5369 2413 5420 causam,
2439 5370 2545 5424 qua
2565 5354 2726 5424 digne
2752 5353 3032 5420 moriatur,
3045 5354 3151 5410 nisi
3171 5356 3315 5425 quod
3337 5371 3436 5411 rex

1864 5458 2007 5504 esset
2024 5448 2354 5515 Iudaeorum.
2378 5446 2485 5503 Sed
2505 5447 2755 5517 quamvis
2781 5446 3067 5503 illudentes
3108 5447 3186 5503 illi
3228 5450 3334 5505 hoc
3357 5448 3438 5505 fe-

1864 5528 2085 5607 cerint,
2118 5550 2296 5595 tamen
2329 5554 2514 5593 verum
2562 5538 2730 5594 fuisse
2762 5553 2832 5594 ex
2876 5540 3161 5609 prophetia
3191 5539 3440 5597 ﬁrmatur

1865 5650 1986 5707 qua:
2007 5633 2174 5687 dicit:
2202 5627 2609 5700 Inscriptionetn
2639 5630 2779 5683 tituli
2819 5645 2888 5685 ne
2915 5646 3252 5702 corrumpas.
3286 5630 3443 5697 Quod

1867 5727 2069 5783 Pilatus
2114 5723 2498 5791 testimonium,
2541 5723 2695 5795 quasi
2738 5725 2995 5781 obediens
3029 5723 3323 5796 Scriptum
3356 5725 3446 5781 di-
