4016 6354
711 313 811 365 947

1516 310 1571 367 S.
1615 308 1968 366 PASGHASII
2006 306 2354 364 RADBERTI
2390 307 2681 364 ABBATIS
2714 308 3161 367 CORBEIENSIS

3746 339 3820 397 Ws

709 424 867 489 vina,
890 436 1036 493 quan
1062 421 1139 477 vis
1159 422 1400 493 ignarus,
1445 421 1646 479 dicitet
1677 423 1875 488 ﬁrmat,
1903 422 2055 489 Quod
2075 420 2282 491 scripsi,
2310 422 2361 482 A
2388 416 2678 473 cluduntur
2707 420 2959 476 universa
3000 420 3227 491 judicia,
3270 436 3321 483 et
3363 441 3639 500 prematur
3672 454 3825 509 πίει-η

707 517 924 588 scripsi;
966 532 1035 571 ne
1067 515 1253 572 titulus
1280 524 1467 572 contra
1496 516 1733 573 divinum
1761 516 2082 587 praesagium
2113 515 2166 570 in
2192 513 2287 570 ali-

706 622 815 679 quo
839 617 1310 678 corrumperetur;
1337 622 1401 664 ac
1426 609 1469 664 si
1499 608 1737 664 diceret:
1757 607 1911 676 Quod
1943 607 2154 680 scripsi,
2172 608 2285 663 uti—

707 716 810 771 que.
838 715 1025 755 verum
1050 699 1263 771 scripsi,
1292 715 1395 755 non
1429 700 1600 755 solum
1625 700 1749 769 quia
1779 700 1893 772 ipse
1915 700 2073 763 dixit,
2103 708 2162 754 ut
2186 714 2285 756 vos

706 790 906 855 dicitis,
935 791 1029 846 sed
1073 791 1197 860 quia
1237 799 1321 846 est
1368 807 1495 848 vere
1524 807 1620 846 rex
1644 791 1973 848 Judteorum.
2004 794 2105 859 Qui
2135 793 2202 848 de
2224 807 2284 850 se

704 882 946 953 loquitur
984 885 1035 937 in
1064 882 1326 940 Psalmis:
1356 883 1465 955 Ego
1489 894 1660 940 autem
1699 888 2010 943 constitutus
2051 905 2165 942 sum
2192 903 2285 943 rea:

706 975 769 1028 ab
794 991 873 1039 eo,
898 975 950 1029 id
982 982 1064 1029 est
1089 990 1118 1029 a
1147 975 1258 1030 Deo
1300 974 1464 1030 Patre
1482 1018 1496 1041 ,
1527 993 1682 1048 super
1702 976 1851 1044 Sion,
1877 988 2102 1034 montem
2131 996 2285 1036 sanc-

703 1076 814 1120 tum
827 1066 941 1136 ejus
965 1061 1137 1138 (Psal.
1158 1083 1215 1131 tt,
1234 1066 1308 1137 6).
1335 1068 1494 1135 Ecce,
1510 1070 1819 1135 utcernitis,
1840 1069 2055 1136 fratres,
2072 1072 2285 1129 siveoc-

703 1157 940 1223 casione,
980 1159 1093 1214 sive
1130 1174 1195 1213 ex
1225 1159 1469 1225 veritate,
1505 1160 1618 1215 sive
1640 1161 1739 1215 alia
1765 1162 2001 1232 qualibet
2024 1178 2091 1219 ex
2122 1180 2284 1221 causa

703 1250 952 1306 Christus
975 1252 1321 1306 annuntietur
1338 1266 1426 1305 rex
1442 1260 1495 1307 et
1510 1251 1667 1316 Deus;
1690 1251 1902 1323 Scripta
1912 1271 2089 1309 rarum
2107 1256 2286 1313 omnis

702 1339 879 1395 littera
920 1350 1169 1407 testatur,
1218 1357 1441 1411 regnum
1472 1343 1587 1413 ejus
1624 1359 1849 1411 regnum
1877 1346 2281 1415 sempiternum,

701 1431 813 1486 sive
839 1432 881 1502 1
894 1432 1053 1504 165
1080 1431 1425 1488 Hebrarorum
1436 1475 1449 1500 ,
1464 1434 1577 1488 sive
1591 1434 1923 1499 Graecorum,
1941 1436 2054 1492 sive
2067 1436 2285 1494 Latino-

704 1539 842 1577 rum.
863 1524 927 1578 Et
951 1525 1071 1582 ideo
1093 1540 1197 1579 non
1223 1524 1445 1580 fortuitu
1481 1526 1684 1582 Pilatus
1704 1527 1850 1589 fecit,
1873 1528 1964 1583 sed
1987 1527 2170 1584 divino
2190 1544 2287 1600 ap-

701 1615 886 1685 pulsus
920 1626 1071 1671 nutu.
1107 1615 1379 1672 Seribitur
1396 1627 1578 1674 autem
1612 1636 1772 1675 causa
1794 1619 1918 1675 Jesu
1949 1638 2105 1691 super
2125 1631 2284 1693 caput

700 1705 835 1775 ejus,
866 1716 919 1761 et
944 1709 1161 1777 ponitur
1182 1723 1245 1764 ac
1272 1709 1315 1765 si
1346 1725 1541 1766 corona
1566 1712 1939 1778 sacerdotalis,
1963 1729 2125 1784 quam
2158 1728 2283 1786 por-

698 1798 849 1852 tabat
872 1801 1126 1855 sacerdos
1147 1818 1215 1856 ex
1239 1802 1374 1873 lege,
1393 1804 1444 1858 in
1468 1804 1646 1876 capite
1670 1822 1790 1871 suo,
1822 1807 2050 1891 formam
2076 1809 2281 1866 habens

698 1889 1043 1959 pontiﬁcatus
1056 1891 1277 1948 Christi.
1292 1892 1357 1948 Et
1372 1894 1492 1950 ideo
1504 1895 1756 1951 laminam
1772 1889 2131 1972 conscriptam
2144 1899 2283 1959 fere-

697 1981 1021 2038 batauream
1049 1983 1316 2053 intrante,
1340 1995 1396 2041 ut
1412 2003 1597 2043 verum
1611 1991 2279 2064 prmsignaretpontiﬁcem

699 2071 904 2140 Jesum,
920 2075 1073 2144 cujus
1086 2092 1228 2131 nunc
1254 2077 1440 2133 titulus
1456 2080 1576 2150 quis
1590 2080 1680 2148 sit,
1696 2091 1747 2138 et
1763 2084 1891 2153 quid
1908 2084 1999 2151 sit,
2024 2102 2151 2142 vere
2164 2088 2280 2144 sine

699 2166 1071 2234 corruptione,
1107 2183 1269 2240 super
1289 2185 1526 2237 crucem,
1547 2187 1610 2228 ac
1633 2173 1676 2228 si
1710 2175 1760 2228 in
1777 2174 1954 2231 fronte
1966 2180 2202 2248 ponitur,
2221 2190 2281 2237 ut

698 2255 908 2309 cunctis
932 2256 1131 2326 liqueat
1158 2258 1476 2330 legentibus,
1502 2263 1644 2333 quod
1670 2265 1784 2334 ipse
1811 2276 1892 2322 est
1916 2266 2072 2324 Iesus
2117 2287 2279 2329 verus

694 2346 962 2416 pontifex,
996 2365 1092 2405 rex
1122 2349 1450 2409 Judaeorum.
1483 2355 1628 2412 Tunc
1650 2361 1891 2429 cruciﬁxi
1926 2373 2048 2417 sunt
2074 2381 2191 2419 cum
2216 2382 2277 2421 eo

695 2442 801 2495 duo
824 2442 1073 2510 latrones,
1102 2462 1240 2502 unus
1274 2467 1306 2503 a
1335 2451 1532 2507 dextris
1562 2464 1609 2508 et
1650 2472 1785 2510 unus
1830 2475 1861 2511 a
1886 2458 2131 2516 sinistris.
2164 2461 2280 2519 Hoc

695 2531 893 2602 quippe
918 2531 1116 2589 factum
1163 2548 1268 2603 est,
1296 2554 1363 2595 ex
1394 2556 1589 2612 magna
1634 2547 1973 2616 providentia
2003 2550 2119 2618 Dei,
2153 2554 2280 2623 quia

697 2638 787 2679 rex
847 2636 901 2682 et
951 2630 1190 2686 omnium
1241 2645 1547 2692 sanctorum
1597 2655 1665 2695 ne
1719 2642 1864 2699 solus
1911 2644 2184 2701 levaretur
2221 2649 2278 2704 in

695 2726 887 2782 cruce;
941 2732 1065 2774 nam
1096 2738 1228 2777 crux
1267 2723 1466 2781 Christi
1518 2744 1582 2785 ac
1629 2732 1670 2785 si
1723 2733 1957 2789 tribunal
1980 2734 2279 2804 judicantis

695 2804 946 2876 erigitur.
976 2809 1041 2863 Et
1069 2811 1190 2868 ideo
1244 2814 1350 2872 duo
1379 2820 1770 2893 cruciﬁguntur
1817 2842 1940 2881 cum
1970 2843 2056 2896 eo,
2084 2840 2143 2886 ut
2164 2841 2276 2890 tota

696 2894 853 2950 simul
894 2897 946 2952 in
995 2916 1157 2957 cruce
1183 2919 1344 2959 causa
1365 2906 1553 2977 judicii
1586 2911 1878 2983 formetur;
1908 2933 2031 2974 cum
2063 2919 2169 2975 duo
2197 2924 2274 2979 rei

694 2986 823 3041 hinc
851 2988 976 3045 inde
1001 3002 1304 3061 ponuntur;
1340 3014 1476 3054 unus
1499 3002 1715 3070 quidem
1737 3020 1767 3058 a
1795 3008 2023 3075 dextris,
2048 3022 2105 3067 et
2137 3030 2276 3071 unus

693 3094 724 3131 a
746 3078 1005 3149 sinistris;
1031 3086 1239 3143 medius
1260 3103 1388 3144 vero
1407 3090 1656 3149 Christus
1685 3095 1942 3155 innocens
1962 3103 2271 3161 damnatur.

692 3166 799 3224 Par
828 3173 1090 3243 siquidem
1142 3192 1322 3246 pinna,
1371 3183 1465 3237 sed
1515 3185 1696 3256 dispar
1742 3205 1904 3246 causa
1941 3211 2083 3250 :non
2127 3198 2272 3255 enim

694 3276 858 3316 unum
906 3267 1157 3326 omnibus
1199 3273 1464 3327 sententia
1512 3273 1807 3345 judicantis
1833 3280 1963 3339 facit
1993 3287 2270 3357 meritum,

690 3367 865 3426 neque
901 3371 1059 3427 paena
1089 3363 1315 3433 aequalis
1343 3381 1530 3423 omnes
1562 3372 1629 3426 ad
1660 3388 1823 3429 unum
1875 3376 2021 3433 ducit
2046 3382 2272 3439 exitum.

692 3446 922 3520 Ideoque
946 3467 1040 3508 rex
1066 3454 1315 3514 Christus
1336 3459 1619 3530 innocens,
1644 3466 1698 3521 in
1726 3469 1902 3525 medio
1919 3470 2099 3541 justus
2126 3473 2271 3531 afﬂi-

691 3541 858 3610 gitur,
883 3559 947 3599 ac
963 3545 1009 3599 si
1039 3547 1104 3602 de
1126 3549 1211 3604 his
1233 3540 1603 3622 iudicaturus,
1634 3559 1725 3627 qui
1764 3559 1816 3613 in
1846 3540 2055 3619 dextris
2082 3574 2175 3619 aut
2200 3566 2275 3621 si-

697 3634 887 3690 nistris
922 3647 1103 3693 erunt.
1130 3638 1408 3711 Alioquin,
1433 3645 1536 3701 nisi
1571 3645 1739 3716 judex
1763 3658 1908 3704 esset
1935 3651 2193 3709 innocens
2218 3665 2273 3711 et

691 3727 1056 3797 omnipotens,
1089 3745 1192 3788 nec
1230 3734 1338 3790 reis
1373 3736 1667 3795 clementer
1709 3742 1920 3797 veniam
1969 3744 2024 3799 in
2066 3746 2275 3806 dextris

690 3818 821 3910 dare
847 3832 1050 3889 posset,
1076 3839 1178 3880 nec
1193 3828 1515 3899 supplicium
1541 3832 1625 3889 his
1647 3835 1737 3903 qui
1764 3835 1817 3890 in
1834 3836 2069 3894 sinistris
2089 3849 2271 3910 erunt,

687 3904 833 3975 justo
863 3925 963 3965 suo
985 3912 1372 3976 determinaret
1392 3919 1619 3991 judicio.
1646 3925 1989 4000 Quapropter
2010 3904 2270 3988 innocen;

694 4000 788 4066 tia,
812 4005 1063 4072 quamvis
1092 4004 1288 4078 injuste
1314 4012 1590 4084 damnata,
1643 4018 1931 4090 gloriosius
1972 4021 2270 4085 clariﬁcata

691 4091 1008 4163 absolvitur,
1052 4105 1107 4153 et
1138 4113 1353 4157 reorum
1401 4120 1562 4176 poena
1621 4107 1952 4166 decernitur.
2010 4112 2269 4179 Quamvis

690 4185 833 4240 enim
860 4201 1050 4245 omnes
1068 4190 1148 4246 rei
1170 4192 1278 4249 sint
1298 4211 1396 4266 pro
1426 4213 1583 4268 paena
1611 4203 1839 4271 peccati,
1867 4212 1921 4257 et
1946 4206 2140 4261 merito
2163 4224 2267 4279 pu-

691 4276 928 4347 niantur,
970 4288 1152 4339 tamen
1183 4284 1237 4340 hi
1266 4286 1365 4341 soli
1391 4288 1687 4357 salvantur,
1730 4292 1926 4363 quibus
1953 4310 1984 4350 a
2008 4276 2269 4367 justovju-

689 4368 809 4426 dice
838 4372 947 4427 Deo
968 4373 1299 4446 indulgentia
1325 4386 1379 4433 et
1409 4378 1626 4450 pietatis
1658 4381 1928 4440 confessio
1972 4387 2148 4443 datur.
2174 4388 2267 4445 Et-

689 4461 833 4515 enim
855 4463 947 4533 qui
971 4464 1022 4518 in
1046 4465 1281 4523 sinistris
1306 4479 1482 4536 erunt,
1507 4471 1839 4542 blasphemia
1871 4482 1925 4529 et
1954 4474 2262 4546 inﬁdelitas,
2291 4517 2346 4578 Β

690 4556 986 4611 secundum
1017 4557 1271 4617 duritiam
1299 4565 1479 4621 cordis
1504 4581 1710 4635 eorum,
1734 4569 1787 4624 in
1811 4570 2006 4640 quibus
2028 4574 2261 4642 punien-

691 4655 798 4714 tur,
820 4649 966 4721 juste
1014 4652 1355 4726 relinquitur.
1389 4658 1454 4714 Et
1486 4661 1629 4728 ideo,
1666 4671 1725 4717 ut
1773 4663 1905 4730 dixi,
1945 4674 2054 4721 tota
2096 4683 2262 4724 causa

684 4740 966 4811 judicii,et
993 4755 1166 4804 status
1192 4766 1500 4819 causarum,
1517 4769 1580 4809 ac
1602 4755 1645 4809 si
1670 4763 1794 4812 ante
1821 4756 2053 4812 tribunal
2074 4759 2263 4817 aeterni

687 4836 904 4906 iudicis,
927 4842 1285 4909 praestruitur.
1324 4842 1475 4899 Unde
1497 4848 1639 4917 quod
1667 4849 1719 4903 in
1749 4865 1909 4906 cruce
1938 4850 2139 4907 factum
2156 4862 2263 4921 est,

688 4931 1060 4988 universitatis
1090 4932 1276 5004 judicii
1308 4936 1616 5006 adimpletio
1644 4948 1747 5006 est,
1770 4947 1825 4995 et
1850 4942 2145 5013 prophetiae
2169 4960 2263 4999 ex-

688 5022 903 5090 hibitio,
956 5025 1023 5081 de
1063 5040 1166 5095 qua
1212 5027 1449 5085 dicitur:
1483 5028 1614 5084 Cum
1648 5032 1838 5103 iniquis
1879 5034 2156 5106 deputatus
2185 5045 2263 5091 est

690 5112 885 5187 (Marc.
917 5131 1005 5182 xv,
1028 5116 1142 5190 28).
1176 5118 1242 5173 Et
1274 5136 1377 5174 non
1418 5121 1885 5192 qualitercunque,
1931 5124 2024 5179 sed
2053 5125 2263 5182 medius

689 5207 930 5275 ponitur,
962 5222 1028 5264 ac
1059 5209 1102 5264 si
1131 5224 1225 5264 rex
1250 5217 1305 5265 et
1337 5209 1501 5281 judex
1536 5211 1677 5266 inter
1703 5198 1919 5269 Iudaeos
1956 5225 2011 5269 et
2050 5224 2258 5286 gentes.

694 5293 765 5349 Ut
786 5311 914 5352 oves
935 5297 1151 5368 quidem
1179 5307 1383 5354 statuat
1415 5300 1467 5354 in
1498 5299 1724 5365 dextris,
1757 5301 1937 5359 hzedos
1965 5312 2145 5360 autem
2173 5307 2264 5363 de-

689 5394 880 5441 cernat
899 5386 953 5440 in
979 5386 1234 5454 sinistris,
1257 5386 1380 5457 quia
1394 5386 1605 5458 justitia
1630 5388 1783 5459 plena
1802 5399 1877 5445 est
1906 5392 2119 5448 dextera
2146 5392 2262 5463 ejus

690 5474 865 5547 (Psal.
900 5493 1069 5544 sun,
1095 5478 1205 5549 Η).
1243 5477 1463 5534 Factum
1489 5488 1573 5535 est
1598 5479 1780 5552 itaque
1811 5481 1885 5537 ita
1911 5491 1972 5538 ut
2000 5484 2052 5538 in
2084 5483 2261 5541 medio

687 5567 917 5626 duorum
939 5570 1249 5627 animalium
1278 5581 1655 5644 cognoscatur.
1694 5573 1846 5641 Quod
1887 5575 1929 5630 si
1970 5576 2109 5655 bene
2137 5593 2269 5661 per-_

687 5660 899 5728 pendis,
923 5660 1164 5718 invenies
1187 5661 1326 5732 quod
1349 5663 1402 5717 in
1448 5663 1550 5719 hoc
1594 5662 1805 5735 1165
1836 5665 2109 5736 triumpho
2135 5683 2259 5722 cru-

690 5750 790 5820 sis,
814 5752 992 5835 omnia
1012 5752 1442 5810 determinantur
1466 5753 1656 5811 salutis
1677 5765 2036 5827 sacramenta,
2051 5767 2105 5812 et
2125 5774 2255 5816 con-

2389 511 2510 565 vitze
2537 511 2781 581 praemia.

2461 602 2811 659 Transeuntes
2837 616 3011 659 autem
3059 605 3459 678 blasphemaoant
3497 635 3613 687 eum,
3644 641 3827 688 moventes

2387 696 2561 767 capita
2578 713 2698 761 sua,
2722 706 2771 750 el
2794 697 3021 754 dicentes
3039 718 3057 754 :
3085 698 3198 754 Vah
3224 704 3309 772 qui
3324 705 3522 763 destruis
3542 716 3736 784 templum
3749 721 3827 788 Dei,

2386 802 2434 845 et
2484 792 2538 845 in
2572 792 2749 845 triduo
2803 794 3113 863 recedi/iens.
3166 795 3275 853 Hoc
3310 814 3429 873 ergo
3461 804 3685 874 dicebant,
3725 819 3829 884 quasi

2388 880 2604 948 dixerit,
2634 883 2860 938 Possum
2890 885 3171 942 destruere
3185 898 3250 943 et
3281 892 3588 951 remdiﬁcare.
3616 900 3693 955 Ubi
3714 880 3754 957 et
3770 906 3831 961 alii

2387 970 2601 1026 codices
2627 973 2843 1040 habent,
2872 977 2965 1047 qui
2986 978 3212 1034 destruis
3234 982 3483 1052 templum,
3509 997 3551 1040 et
3569 989 3614 1042 in
3629 992 3761 1047 triduo
3782 1013 3833 1051 re-

2388 1061 2643 1130 (edi/iens,
2682 1064 2827 1119 salva
2874 1069 3217 1138 temetipsum.
3268 1068 3367 1127 Sed
3411 1090 3534 1130 unus
3578 1089 3646 1133 est
3680 1098 3831 1151 sensus,

2387 1152 2512 1220 quia
2544 1167 2684 1223 saepe
2731 1156 3001 1212 interdum
3048 1159 3367 1228 insultando,
3405 1164 3508 1220 haec
3538 1168 3595 1223 ad
3621 1171 3779 1227 turbam
3800 1185 3835 1232 et

2388 1242 2455 1296 ad
2502 1242 2675 1313 ipsum
2718 1244 3097 1316 loquebantur.
3144 1248 3248 1306 Sed
3274 1254 3409 1322 quod
3448 1256 3515 1309 ait
3559 1267 3833 1330 transeuntes,

2386 1332 2581 1389 melius
2624 1334 2679 1389 in
2723 1334 2912 1392 Graeco
2951 1337 3111 1394 habet
3146 1350 3527 1411 prmtereuutes,
3553 1358 3606 1402 ut
3640 1351 3837 1418 signanter
3932 1338 3933 1409 ξ

2386 1425 2514 1480 illud
2543 1427 2610 1483 de
2629 1427 2844 1485 Psalmo
2873 1430 3256 1504 intelligamus,
3284 1445 3336 1488 ut
3365 1437 3482 1506 quid
3505 1438 3745 1496 destrusisti
3763 1461 3837 1499 aa-
3932 1450 3933 1475 ‘

2386 1520 2579 1573 cerium
2601 1521 2737 1590 ejus,
2761 1522 2813 1577 id
2838 1531 2921 1577 est
2962 1523 3153 1590 vineae,
3192 1542 3349 1594 quam
3381 1528 3442 1582 de
3468 1527 3841 1601 Egyptotransm-

2384 1610 2541 1678 lerat,
2583 1622 2630 1666 et
2662 1613 2981 1668 vindemiant
3028 1631 3167 1681 eam,
3211 1616 3401 1688 inquit,
3425 1635 3583 1674 omnes
3603 1624 3675 1693 qui
3693 1635 3837 1693 preter-

2386 1708 2695 1779 grediuntur
2724 1708 2857 1762 viam
2881 1706 3053 1778 (Psal.
3096 1724 3260 1773 xcv",
3298 1709 3401 1781 15).
3429 1709 3754 1768 Praetereuntes
3778 1731 3839 1770 au-

2310 1790 2357 1851 B
2387 1807 2493 1854 tem
2520 1809 2693 1863 erant,
2722 1799 2813 1869 qui
2843 1799 3005 1855 etiam
3046 1801 3284 1856 macerie
3319 1802 3478 1856 vinea:
3514 1804 3739 1870 dissoluta,
3761 1806 3837 1859 vin-

2385 1893 2694 1948 demiabant
2731 1906 2825 1947 eos
2864 1892 2957 1961 qui
3006 1902 3381 1949 remanserant
3420 1893 3468 1948 in
3506 1894 3614 1960 ﬁde,
3648 1895 3840 1951 laudantes

2384 1983 2574 2040 Deum.
2604 1985 2849 2054 Quandiu
2867 1985 3009 2039 enim
3034 1985 3265 2056 quisque
3293 2002 3397 2042 non
3418 1986 3667 2041 declinata
3688 1987 3748 2040 via
3765 1985 3838 2049 Dei,

2383 2088 2560 2150 potest
2608 2079 2788 2134 dicere
2841 2079 2996 2133 Deo:
3031 2079 3283 2135 Statuisti
3333 2097 3486 2151 supra
3532 2092 3703 2153 petram
3737 2082 3840 2152 pedes

2384 2187 2551 2226 meos.
2587 2171 2652 2225 Et
2695 2171 2813 2226 ideo
2849 2187 2955 2225 non
2984 2170 3324 2241 blasphemat
3349 2173 3540 2241 Jesum,
3564 2175 3639 2244 qui
3660 2170 3722 2229 est
3738 2184 3840 2243 caput

2383 2262 2657 2328 Ecclesim,
2686 2263 2811 2335 quia
2842 2265 2893 2319 in
2924 2280 3006 2330 eo,
3037 2267 3139 2323 ﬁde
3173 2268 3316 2323 ﬁxus
3354 2276 3476 2335 stat,
3504 2282 3592 2323 nec
3622 2275 3841 2337 potestmo-

2382 2373 2511 2412 vere
2537 2365 2720 2427 caput,
2776 2358 2915 2413 sicut
2952 2359 3042 2429 qui
3074 2362 3337 2429 pneterit,
3368 2361 3446 2416 vel
3485 2360 3666 2423 transit,
3696 2357 3757 2413 vel
3777 2358 3839 2411 de-

2382 2447 2546 2503 clinat
2575 2464 2603 2502 a
2633 2449 2719 2504 via
2760 2449 2875 2504 Dei.
2905 2449 3057 2518 Quod
3087 2452 3129 2507 si
3160 2452 3374 2518 fecerit,
3403 2463 3520 2507 tunc
3546 2467 3653 2506 eum
3673 2450 3844 2518 blasphe-

2382 2550 2510 2605 mat,
2544 2550 2597 2597 et
2619 2542 2862 2609 insultat,
2880 2543 3064 2600 dicens
3097 2564 3109 2599 :
3149 2545 3286 2602 Vah.
3318 2546 3473 2603 Juxta
3496 2546 3638 2602 illud:
3671 2545 3842 2599 Viderat

2381 2642 2428 2687 et
2466 2643 2730 2687 moverunt
2755 2636 2925 2705 capita
2950 2653 3047 2689 sua
3081 2635 3255 2708 (Psal.
3288 2654 3440 2703 cxm,
3470 2636 3538 2709 7).
3568 2635 3662 2689 Vala
3680 2634 3780 2690 enim
3795 2632 3846 2685 iu-
3922 2660 3929 2671 -

2382 2722 2627 2793 terjcctio
2664 2732 2747 2778 est
2774 2724 3113 2793 insultantis,
3148 2727 3237 2782 vel
3260 2727 3544 2782 irridentis.
3573 2725 3732 2781 Omnes
3748 2721 3843 2775 enim

2382 2828 2487 2868 non
2517 2814 2777 2870 habentes
2801 2814 3014 2871 ﬁrmum
3043 2827 3229 2888 caput,
3263 2819 3357 2874 sed
3382 2826 3634 2873 moventes
3652 2830 3744 2870 eum
3764 2826 3843 2866 Stlt-

2381 2922 2497 2961 sum
2527 2914 2689 2978 atque
2704 2908 2973 2977 deorsum,
3000 2927 3107 2966 non
3139 2921 3272 2967 sunt
3290 2911 3588 2983 prudentes,
3609 2924 3689 2964 nec
3708 2906 3844 2961 habent

2378 2997 2562 3053 oculos
2585 2998 2637 3052 in
2675 2999 2850 3069 capite
2892 3014 3010 3067 suo,
3043 3016 3224 3073 neque
3253 3010 3413 3072 caput
3434 3000 3626 3056 ﬁrmum
3647 2999 3688 3053 in
3706 2996 3779 3050 ﬁde
3797 3002 3847 3047 te-

2377 3096 2528 3155 nent,
2565 3088 2617 3143 id
2645 3098 2728 3145 est
2770 3098 3031 3157 mentem,
3076 3107 3144 3146 ne
3201 3102 3501 3157 moveatur,
3542 3090 3622 3146 sed
3650 3091 3847 3142 rotaturut

2302 3162 2347 3226 C
2381 3178 2541 3233 l‘unda
2573 3195 2744 3246 mens,
2776 3188 2831 3234 et
2856 3181 3185 3238 conscientia
3216 3200 3405 3241 eorum
3426 3184 3490 3239 ad
3508 3180 3700 3253 singula.
3725 3176 3848 3232 Nolueo

2381 3280 2502 3326 rant
2534 3271 2698 3343 igitur
2732 3272 2785 3327 hi
2814 3273 3094 3330 ambulare
3133 3286 3292 3332 recto
3314 3276 3503 3333 itinere
3528 3274 3845 3366 Scripturarittlt.

2379 3377 2554 3432 neque
2582 3362 2700 3417 vias
2735 3363 2860 3419 vita:
2902 3380 3255 3436 cognoscere,
3288 3375 3349 3423 ut
3387 3375 3578 3423 starent
3614 3364 3657 3417 in
3689 3360 3751 3414 via
3772 3357 3846 3411 Dei.

2381 3455 2447 3509 Et
2485 3455 2604 3511 ideo
2652 3458 3266 3528 praetergrediebantur,
3312 3469 3558 3516 moventes
3595 3456 3732 3526 capita
3762 3466 3848 3511 ut.

2378 3547 2503 3618 quia
2533 3558 2814 3604 moverant
2842 3551 3007 3620 pedes
3034 3568 3101 3607 ne
3136 3562 3352 3611 starent
3382 3554 3435 3609 in
3460 3562 3616 3625 petra,
3636 3561 3729 3621 qus
3752 3542 3848 3600 Chri-

2376 3650 2491 3696 stus
2526 3650 2629 3696 est.
2685 3643 2751 3698 Et
2783 3644 3036 3700 dicebant
3065 3662 3078 3699 :
3116 3644 3286 3704 Salva
3318 3650 3641 3718 temetipsum,
3680 3642 3716 3696 si
3738 3636 3849 3691 Filia

2376 3731 2476 3785 Dei
2495 3749 2569 3799 es,
2606 3735 2857 3789 descende
2882 3737 2947 3791 de
2990 3755 3162 3793 cruce.
3210 3739 3370 3796 Fatui
3410 3739 3566 3805 enim,
3594 3736 3713 3791 fatua
3741 3725 3850 3785 insul

2374 3823 2537 3877 tando
2561 3822 2811 3879 dicebant
2836 3844 2848 3879 :
2894 3823 3005 3881 Vah
3030 3829 3121 3899 qui
3144 3829 3383 3885 destruis
3403 3827 3649 3899 templum.
3674 3819 3853 3877 Dicebant

2373 3929 2503 3986 ergo
2540 3915 2668 3972 illud
2694 3958 2708 3983 ,
2742 3918 2884 3988 quod
2944 3918 3063 3978 falsi
3112 3929 3289 3980 testes
3331 3936 3491 3995 supra
3533 3917 3624 3976 sibi
3672 3909 3849 3970 mendose

2372 4004 2765 4061 conﬁnxerant.
2799 4005 2915 4063 Non
2944 4009 3088 4065 enim
3124 4011 3347 4068 dixerat
3387 4008 3524 4084 quod
3553 4009 3654 4079 ipse
3677 4004 3850 4059 desim-

2370 4109 2454 4157 ret
2492 4100 2747 4172 templum
2784 4101 2901 4171 Dei,
2944 4104 3059 4172 sed,
3086 4103 3315 4173 Solvite,
3354 4116 3403 4161 et
3447 4120 3535 4176 ego
3568 4109 3665 4174 post
3690 4093 3850 4151 tridsm

2368 4192 2699 4262 rerediﬁcabo
2728 4193 2880 4249 illud.
2927 4193 3063 4263 Quia
3094 4200 3243 4268 quod
3283 4199 3376 4254 alii
3403 4200 3679 4258 destruunt,
3700 4193 3781 4261 ipse
3799 4197 3854 4238 τε·

2368 4283 2618 4349 aediﬁcat,
2662 4285 2775 4341 sive
2828 4286 3085 4358 templum
3120 4291 3376 4360 corporis
3417 4289 3519 4355 sui,
3546 4287 3646 4343 sive
3671 4277 3853 4349 templum

2366 4384 2668 4447 martyrum
2711 4392 2952 4445 suorum,
2987 4387 3043 4433 et
3084 4382 3337 4437 omnium
3385 4396 3563 4438 eorum
3608 4369 3855 4466 quigbabfﬂl

2372 4467 2738 4521 testimonium
2771 4467 2863 4523 Dei
2910 4469 2963 4524 in
2998 4484 3076 4525 se.
3119 4469 3279 4528 Unde
3310 4474 3427 4543 ipse
3458 4472 3567 4526 ait:
3605 4464 3725 4520 Venit
3757 4464 3852 4559 €le

2369 4558 2519 4622 hora,
2545 4560 2755 4629 quando
2787 4577 2963 4616 omnes
2992 4564 3083 4633 qui
3110 4564 3167 4617 in
3194 4564 3550 4619 monumentis
3587 4551 3855 4616 sumasth

2362 4664 2537 4703 vocem
2558 4646 2687 4703 Filii
2724 4649 2844 4717 Dei,
2872 4659 2926 4706 et
2956 4662 3244 4723 resurgant
3273 4651 3460 4725 (Ioan.
3496 4668 3548 4718 v,
3572 4647 3672 4721 28).

2441 4741 2656 4815 1166
2690 4741 2947 4799 δίηιίίίιεν
2972 4755 3021 4799 et
3059 4747 3329 4819 principes
3371 4745 3679 4803 sacerdotum
3700 4733 3858 4794 illuden-

2368 4841 2463 4898 tes,
2486 4850 2603 4887 cum
2627 4835 2810 4890 scribis
2843 4846 2892 4891 et
2927 4838 3245 4904 senioribus,
3291 4839 3572 4894 dicebant:
3597 4833 3719 4889 Alios

2367 4922 2513 4993 fecit,
2544 4925 2771 4995 seipsum
2792 4944 2896 4981 non
2924 4938 3087 4998 potest
3108 4929 3318 4985 salvum
3342 4931 3537 4999 facere.
3562 4918 3856 5016 Quam???"

2371 5017 2680 5073 sacerdotes
2709 5028 2764 5073 et
2783 5017 3011 5088 Scribm,
3049 5020 3141 5092 qui
3171 5020 3423 5093 legerant
3445 5019 3614 5076 omnia
3633 5014 3691 5070 de
3705 5009 3856 5066 Chrile

2370 5124 2489 5179 quae
2520 5124 2549 5164 a
2572 5110 2850 5181 prophetis
2879 5112 3022 5168 dicta
3068 5122 3211 5179 sunt,
3243 5114 3341 5184 qui
3371 5112 3612 5168 viderant
3639 5101 3753 5197 quod
3775 5112 3860 5197 con-

2369 5200 2612 5269 ﬁtentur,
2640 5203 2889 5259 viderant
2930 5206 3117 5275 utique
3157 5207 3305 5277 quod
3357 5206 3494 5261 alios
3532 5195 3856 5259 salvoslecent,

2370 5300 2424 5349 et
2461 5294 2707 5350 irrident.
2742 5293 2931 5350 Vestra
2958 5312 3055 5352 vos
3082 5297 3286 5368 itaque,
3314 5297 3597 5361 Pharisaei,
3620 5286 3862 5350 condemnat

2338 5364 2658 5451 lsententia,
2684 5386 2774 5456 qui
2804 5387 3025 5444 credere
3047 5390 3320 5446 noluistis.
3359 5390 3442 5445 Ad
3478 5388 3736 5444 clamorem
3758 5386 3861 5473 ωηξ·

2364 5491 2468 5547 que
2494 5478 2639 5550 vulgi
2688 5480 3009 5536 excitantur.
3044 5482 3246 5553 Vulgus
3298 5483 3485 5554 itaque
3517 5480 3661 5542 dicit,
3686 5476 3863 5544 quamns

2359 5567 2668 5625 insultando
2696 5589 2707 5624 :
2745 5570 2906 5627 Salva
2941 5576 3305 5646 temetipsum;
3340 5584 3395 5632 et
3430 5594 3443 5629 :
3475 5574 3538 5632 Si
3560 5572 3688 5643 [ilius
3706 5563 3781 5619 Dei
3798 5566 3862 5617 αἱ.

2360 5663 2638 5718 descendat
2663 5664 2730 5718 de
2752 5681 2921 5729 cruce.
2948 5667 3041 5722 Isti
3071 5670 3322 5742 negando
3343 5685 3376 5725 e
3401 5666 3661 5726 contrario
3673 5656 3864 5717 ειιωιιιιι

2290 5750 2319 5825 ε’
2358 5755 2484 5833 quia
2522 5755 2852 5831 semetipsum
2885 5773 2990 5814 non
3022 5760 3196 5837 potuit
3217 5758 3434 5817 salvum
3463 5759 3710 5837 [πει-ιβ
3736 5754 3866 5807 tam
