4016 6354
174 300 271 368 983

917 300 1276 361 EXPOSITIO
1313 303 1380 359 IN
1414 302 1850 362 ΜΔΤΤΗΑΕΙᾹΜ.
1889 335 1959 347 —-
1996 305 2122 363 LIB.
2164 307 2278 375 XII,
2315 308 2466 367 CAP.
2508 309 2718 368 XXVII.

3276 274 3442 374 ’ρει

172 426 311 485 ﬁnus
356 434 519 482 error
555 417 764 478 duobus
801 432 868 474 ex
896 421 1161 486 numeris,
1184 420 1432 475 similiter
1474 436 1572 490 pro
1616 420 1748 475 vitio
1774 423 1825 482 Α
1851 436 1959 475 non
1989 420 2156 476 solem
2198 422 2546 478 obscuratum
2585 422 2854 488 dixerunt,
2907 424 3002 480 sed
3034 432 3278 493 tantum,
3311 429 3440 499 quia

172 516 473 585 apr'ptoris.
503 511 641 580 Quia
668 525 997 581 quamsazpe,
1022 510 1236 581 quando
1264 526 1355 566 sex
1388 512 1635 567 volumus
1676 513 1751 567 si-

172 609 429 675 gniﬁcare
463 604 752 661 scribimus
780 603 826 658 V
847 611 900 658 et
924 603 974 669 l;
1006 605 1150 675 quod
1175 605 1222 659 si
1249 605 1499 660 diviseris
1528 606 1572 660 ν
1601 606 1748 662 litte-

174 706 291 747 ram
317 696 371 749 in
398 695 508 750 duo
535 695 577 760 l,
600 702 762 750 erunt
811 694 990 763 itaque
1037 703 1164 750 tres.
1194 695 1261 750 Et
1295 696 1410 765 ipsa
1456 698 1561 751 erit
1591 698 1748 751 tertia

172 769 301 843 liora
322 789 467 858 apud
496 787 757 853 Marcum,
785 802 905 857 quae
930 796 1082 843 sexta
1117 790 1258 859 apud
1306 799 1418 845 tres
1454 790 1587 845 alios
1621 790 1749 858 legi-

172 893 276 950 tur,
298 883 447 954 quod
466 883 687 938 omnino
706 896 813 937 non
836 883 1095 952 approbo,
1117 883 1367 953 quamvis
1390 883 1746 953 quorumdam

167 975 477 1046 opinionem
518 972 855 1045 protulerim.
903 973 1041 1041 Quia
1088 975 1190 1030 etsi
1235 975 1377 1045 apud
1426 974 1648 1034 Latinos
1692 985 1749 1032 et

169 1067 387 1123 Gmcos
417 1066 521 1122 tale
543 1066 745 1137 aliquid
774 1067 1041 1136 potuisset
1088 1068 1419 1139 contingere,
1454 1068 1596 1136 apud
1641 1067 1750 1124 He-

169 1158 338 1213 braeos
368 1169 546 1212 tamen
571 1173 669 1228 pro
708 1157 794 1212 his
822 1155 1106 1211 Mattlueus
1140 1173 1245 1211 non
1294 1167 1511 1228 poterat
1541 1158 1745 1225 vitiari,

168 1251 253 1321 qui
288 1251 356 1305 ab
386 1250 519 1305 hora
549 1257 727 1314 sexta,
756 1248 970 1318 quando
1002 1249 1260 1304 Dominus
1293 1265 1485 1304 manus
1509 1250 1564 1303 in
1587 1265 1747 1306 cruce

170 1339 419 1404 tetendit,
447 1340 699 1395 tenebras
742 1339 872 1394 dicit
895 1355 1016 1394 esse
1046 1339 1217 1395 factas
1248 1355 1412 1410 super
1436 1342 1746 1397 universam

171 1438 407 1493 terram;
440 1438 494 1483 et
530 1428 702 1484 Lucas
747 1429 953 1484 addidit
983 1446 995 1482 :
1023 1429 1162 1496 Quia
1200 1430 1278 1484 sol
1330 1432 1636 1486 obscuratur
1669 1441 1747 1486 est

170 1517 316 1589 (Luc.
350 1534 509 1584 χχιιι,
538 1518 649 1589 45).
677 1519 746 1573 Et
776 1519 897 1574 ideo
931 1535 1040 1575 non
1070 1520 1305 1586 aliunde,
1338 1522 1480 1576 sicut
1524 1523 1744 1592 quidam

168 1611 373 1677 volunt,
399 1612 638 1668 tenebrae
665 1610 821 1667 facta:
845 1620 990 1678 sunt,
1023 1624 1184 1683 quam
1224 1629 1293 1668 ex
1337 1612 1549 1669 defectu
1591 1614 1742 1679 solis,

167 1703 412 1772 quamvis
442 1712 570 1758 tunc
617 1702 877 1772 temporis
901 1718 1010 1759 non
1048 1703 1280 1776 eclypsis
1302 1705 1432 1760 solis
1458 1714 1620 1769 esset,
1650 1705 1745 1775 qui

1852 511 2008 581 facta
2033 521 2155 566 sunt
2184 512 2410 567 tenebra:
2434 530 2591 583 super
2630 530 2831 569 omnem
2860 523 3077 570 terram.
3101 515 3256 573 Unde
3306 532 3440 574 con—

1852 618 2084 673 sequens
2105 613 2188 659 est
2209 604 2433 676 intelligi
2455 606 2720 675 quasdam
2746 606 3214 665 tenebrosissimas
3235 609 3436 677 nubes,

1850 702 1904 748 et
1932 694 2072 749 forte
2118 710 2222 750 non
2274 711 2460 761 unam,
2507 698 2602 751 sed
2646 695 2841 752 multas
2866 705 2921 751 et
2942 696 3179 763 maiores
3207 714 3438 756 concur-

1852 785 2008 849 risse,
2039 800 2201 855 super
2241 801 2457 841 omnem
2480 794 2680 840 terram
2703 786 2942 841 Judaeam
2966 787 3052 841 vel
3071 786 3433 854 Hierusalem,

1850 877 1991 932 sicut
2039 876 2178 933 forte
2243 878 2399 934 factae
2457 877 2676 934 fuerunt
2736 880 2977 935 tenebrae
3025 879 3322 951 palpabiles
3377 883 3434 937 in

1849 967 2107 1041 Egypto,
2132 971 2236 1025 hoc
2260 971 2420 1026 modo
2452 972 2625 1027 tribus
2659 970 2880 1037 diebus;
2915 986 3021 1027 non
3064 987 3132 1026 ex
3162 972 3292 1027 solis
3336 974 3433 1029 de-

1850 1060 2102 1127 fectione,
2135 1078 2256 1133 quae
2279 1063 2340 1117 fit
2360 1078 2428 1118 ex
2456 1077 2726 1119 concursu
2770 1063 2936 1131 lunae,
2959 1063 3055 1119 sed
3081 1079 3148 1119 ex
3188 1079 3253 1120 eo
3288 1066 3435 1135 quod

1849 1163 2020 1210 nubes
2043 1156 2350 1210 tenebrosa:
2374 1154 2528 1211 valde
2564 1164 2958 1210 concurrerunt
3008 1170 3074 1210 ex
3122 1157 3350 1212 adverso
3379 1158 3434 1212 in

1848 1261 2036 1312 unum,
2064 1256 2119 1302 et
2161 1255 2338 1303 tamen
2365 1247 2455 1301 lux
2484 1257 2605 1301 erat
2644 1246 2895 1301 omnibus
2926 1246 3051 1302 filiis
3078 1246 3265 1312 Israel,
3296 1247 3434 1303 sicut

1850 1334 2128 1405 Scriptura
2167 1345 2394 1391 testatur
2416 1345 2625 1399 sancta,
2673 1336 2980 1405 ubicunque
3012 1338 3433 1392 commoraban-

1849 1435 1957 1480 tur.
1990 1426 2136 1494 Quas
2165 1428 2417 1482 nimirum
2452 1427 2703 1480 tenebras
2729 1426 2903 1480 tribus
2924 1426 3117 1495 diebus
3139 1424 3434 1495 hominum,

1848 1517 2183 1587 impossibile
2213 1518 2313 1572 fuit
2337 1519 2471 1582 ﬁeri,
2522 1533 2590 1573 ex
2639 1535 2868 1575 occursu
2906 1519 3036 1575 solis
3079 1531 3133 1574 et
3177 1521 3337 1576 lunae.
3367 1522 3435 1578 Et

1848 1606 1990 1663 hanc
2015 1609 2263 1677 inquiunt
2292 1608 2452 1663 aliam
2475 1608 2818 1664 tenebrarum
2846 1624 3066 1666 causam
3091 1610 3285 1677 fuisse,
3308 1626 3430 1667 cum

1849 1693 2131 1768 Scriptura
2152 1697 2320 1752 Exodi
2344 1697 2546 1752 nullam
2562 1698 2725 1754 aliam
2750 1714 2969 1756 causam
2985 1702 3152 1766 dicat,
3174 1703 3280 1756 nisi
3302 1702 3431 1771 quia

167 1810 265 1849 non
293 1795 403 1851 alio
423 1795 480 1850 in
504 1804 747 1867 tempore
772 1811 804 1850 a
844 1796 1042 1852 δωουιο
1060 1798 1163 1852 hoc
1186 1812 1377 1867 passus
1404 1807 1508 1862 est,
1550 1798 1656 1852 nisi
1687 1798 1741 1852 in
1774 1782 1821 1842 Β
1847 1786 2059 1859 Moyses
2104 1790 2348 1845 extendit
2372 1804 2591 1845 manum
2642 1806 2795 1846 suam
2825 1792 2880 1847 in
2920 1794 3137 1858 caelum,
3183 1802 3239 1848 et
3276 1794 3432 1850 facta:

165 1894 435 1942 conventu
461 1885 592 1942 solis
619 1894 673 1941 et
705 1886 879 1954 lunae;
933 1889 1149 1957 quando
1173 1889 1299 1943 luna
1342 1889 1516 1959 prima
1555 1889 1746 1945 subtus

161 1992 389 2034 currens
433 1978 657 2049 impedit
682 1978 814 2034 solis
867 1979 1067 2043 radios,
1090 1995 1158 2034 ne
1201 1979 1379 2034 luceat
1412 1979 1589 2044 nobis,
1614 1994 1742 2035 suo-

160 2085 261 2140 que
301 2084 535 2125 occursu
562 2069 743 2124 lumen
792 2069 921 2124 solis
944 2071 1212 2125 obtundit.
1243 2070 1349 2125 Sed
1374 2071 1501 2140 quia
1532 2071 1584 2125 in
1610 2085 1740 2140 pas-

159 2160 309 2216 sione
331 2160 546 2215 Domini
592 2161 773 2214 lunam
807 2163 1328 2230 quartamdecimam
1367 2162 1533 2217 fuisse
1584 2177 1744 2218 nemo

156 2261 244 2307 est
274 2252 368 2322 qui
396 2252 652 2323 ambigat,
694 2253 910 2322 quando
930 2262 1226 2308 conventus
1247 2254 1296 2307 ei
1329 2253 1506 2327 nullus
1533 2264 1650 2308 erat
1673 2255 1742 2309 ad

153 2343 345 2407 solem,
389 2357 562 2413 neque
611 2358 871 2399 occursus
914 2358 1022 2414 quo
1070 2344 1236 2414 possit
1268 2344 1349 2399 sol
1398 2359 1497 2398 suo
1536 2342 1741 2413 privari

156 2436 378 2502 lumine,
403 2436 607 2492 idcirco
627 2436 846 2506 quidam
864 2437 1117 2505 permoti,
1140 2452 1249 2492 non
1270 2436 1513 2491 valentes
1535 2435 1739 2490 calum—

153 2527 420 2582 niantium
453 2528 787 2599 argumentis
818 2528 884 2581 ad
908 2527 1127 2597 plenum
1156 2530 1503 2598 respondere,
1533 2526 1739 2581 malue-

154 2628 273 2673 runt
318 2619 539 2688 planam
576 2618 779 2690 eligere
818 2618 961 2673 viam
1003 2633 1068 2674 ac
1112 2619 1443 2688 perfacilem.
1485 2618 1563 2673 Eo
1593 2617 1739 2687 quod

154 2720 257 2763 tam
295 2710 534 2765 obscura
555 2711 812 2775 obtectio.
842 2721 897 2767 et
930 2720 1039 2766 tam
1081 2713 1303 2767 evidens
1345 2711 1476 2768 facti
1504 2712 1740 2767 miracu-

150 2800 275 2866 lum,
303 2803 357 2858 si
376 2818 542 2872 super
562 2818 778 2858 omnem
812 2812 1011 2859 terram
1038 2812 1187 2858 esset
1208 2806 1291 2874 (ut
1329 2804 1602 2873 sapientes
1636 2818 1763 2858 sar».

149 2893 252 2948 culi
281 2894 497 2961 dicunt,
540 2902 596 2949 et
636 2896 1056 2965 reprehensores
1106 2894 1232 2950 ﬁdei
1274 2894 1519 2966 nostris),
1568 2895 1737 2950 latere

147 3000 251 3041 non
270 2995 465 3057 posset
484 3002 659 3057 neque
678 2988 819 3052 fieri,
852 2996 1039 3042 utnon
1080 2987 1413 3042 scriberetur
1442 2987 1495 3040 in
1520 2987 1737 3041 chroni-

145 3077 225 3133 cis
250 3077 339 3134 vel
369 3078 612 3133 historiis
639 3078 949 3134 Grazcorum
989 3077 1072 3133 vel
1104 3076 1456 3142 Latinorum;
1498 3092 1564 3132 eo
1588 3078 1734 3148 quod

146 3179 255 3226 tam
287 3173 510 3226 insueta
541 3171 751 3227 novitas
775 3169 937 3239 hujus
956 3170 1085 3227 facti
1114 3181 1330 3242 poterat
1374 3186 1479 3225 non
1524 3186 1735 3241 permo-

144 3278 268 3319 vere
286 3279 514 3320 omnem
539 3264 834 3331 hominem,
867 3273 927 3318 ut
953 3265 1057 3334 ipsi
1084 3264 1289 3330 dicunt,
1313 3264 1633 3333 sapientem.
1667 3264 1734 3317 Et

143 3354 243 3411 hoc
267 3356 617 3427 permaxime
675 3354 749 3409 illi
800 3364 1113 3426 opponunt,
1165 3355 1258 3426 qui
1309 3369 1411 3410 nec
1456 3353 1733 3410 miraculis

142 3447 378 3501 credunt
402 3445 625 3511 divinis,
662 3460 763 3501 nec
788 3446 991 3501 sanctis
1021 3445 1126 3501 nisi
1151 3458 1274 3500 cum
1305 3444 1511 3515 judicio
1538 3453 1593 3499 et
1622 3444 1733 3498 dis-

140 3539 403 3595 cussione
442 3538 794 3607 acquiescere
842 3537 1030 3593 volunt
1067 3536 1523 3608 evangelistarum
1549 3535 1728 3590 dictis.

142 3625 316 3693 Unde,
349 3636 415 3683 ut
433 3628 566 3694 dixi,
591 3627 833 3683 nonnulli
856 3628 1162 3694 doctorum,
1197 3641 1267 3682 ne
1292 3626 1502 3696 possint
1529 3626 1598 3680 ab
1623 3624 1731 3679 ullo

136 3719 614 3775 contradictorum
661 3719 714 3773 in
760 3719 973 3790 1172
1009 3718 1190 3789 aliquo
1219 3718 1492 3787 redargui,
1515 3718 1608 3787 qui
1640 3734 1749 3772 vo--

136 3810 255 3869 lunt
277 3827 502 3883 semper
531 3813 954 3883 reprehendere,
982 3826 1209 3883 arguere
1237 3827 1385 3878 vera,
1409 3820 1464 3867 et
1486 3820 1733 3866 astruere

132 3900 273 3958 falsa
302 3904 568 3959 dixerunt
614 3902 758 3973 quod
810 3902 951 3958 sicut
990 3910 1184 3958 caetera
1236 3902 1390 3973 signa
1438 3916 1558 3971 quae
1587 3900 1730 3956 facta

134 4004 260 4050 sunt
282 3997 345 4050 in
368 3995 625 4066 passione
651 3993 888 4060 Domini,
916 3993 972 4049 in
996 3992 1331 4050 Hierusalem
1361 3993 1731 4049 tantummodo

128 4085 277 4141 facta
307 4093 446 4142 sunt
478 4103 493 4141 :
526 4086 608 4143 sic
626 4095 682 4142 et
710 4086 945 4142 tenebrae
965 4084 1084 4141 ista:
1111 4080 1233 4155 qua:
1259 4084 1537 4151 dicuntur,
1569 4099 1733 4154 super

128 4191 361 4236 omnem
400 4187 600 4235 terram
621 4176 864 4235 Judmam
892 4177 1231 4235 solummodo
1270 4187 1396 4233 sunt
1435 4176 1615 4244 factae,
1641 4191 1732 4233 us-

125 4284 235 4340 que
260 4272 341 4327 ad
371 4270 565 4325 horam
605 4284 825 4326 nonam.
858 4266 996 4323 Nam
1042 4277 1091 4323 et
1131 4267 1303 4323 velum
1351 4266 1530 4339 templi
1585 4268 1640 4322 in
1665 4282 1731 4339 ea

123 4362 363 4417 δείδειιηι
391 4361 603 4429 est,ubi
628 4370 686 4417 et
734 4370 879 4416 terra
918 4360 1271 4428 contremuit,
1304 4374 1369 4415 ac
1412 4368 1579 4431 petrae
1619 4359 1733 4416 dis-

120 4465 305 4528 rupta
361 4462 525 4521 sunt,
569 4464 619 4509 et
655 4464 993 4508 monumenta
1048 4462 1230 4523 aperta
1256 4460 1402 4519 sunt,
1444 4452 1500 4507 in
1536 4466 1643 4521 qua
1674 4459 1729 4507 et

119 4548 284 4603 multi
313 4554 666 4602 mortuorum
691 4553 1128 4612 resurrexerunt,
1142 4554 1191 4601 et
1215 4555 1569 4616 apparuerunt
1591 4546 1729 4600 mul-

115 4641 207 4695 tis.
231 4640 363 4696 Nec
394 4639 592 4693 mirum
621 4638 786 4710 igitur
805 4639 850 4694 si
876 4638 1041 4693 etiam
1063 4646 1121 4693 et
1158 4639 1212 4693 in
1242 4647 1385 4693 terra
1407 4637 1591 4705 Iudaea
1612 4640 1728 4695 hac

115 4732 265 4788 facta
296 4742 462 4797 sunt,
488 4746 590 4788 nec
636 4740 817 4787 tamen
854 4731 1075 4798 alicubi,
1107 4740 1166 4785 ut
1195 4732 1260 4787 ad
1304 4732 1547 4787 omnium
1588 4731 1730 4787 noti-

112 4826 251 4882 tiam
302 4829 439 4884 haec
482 4833 866 4895 pervenerunt.
895 4825 1057 4881 Verbi
1105 4826 1301 4898 gratia,
1344 4826 1398 4880 in
1444 4825 1594 4880 ludia
1637 4835 1731 4881 aut

111 4915 442 4989 Ethiopia,
489 4916 574 4973 vel
616 4916 857 4989 Scythia.
902 4916 1057 4985 Quod
1095 4917 1142 4973 si
1176 4915 1378 4972 factum
1404 4916 1615 4984 fuisset,
1644 4917 1729 4973 in-

104 5008 347 5078 quiunt,
398 5006 737 5063 inveniretur
782 5006 1007 5062 omnino
1048 5006 1105 5061 in
1131 5006 1376 5061 historiis
1402 5021 1591 5061 eorum
1644 5008 1731 5064 vel

100 5100 454 5155 annalibus.
481 5096 637 5155 Nunc
680 5107 881 5163 autem,
932 5099 1059 5169 quia
1114 5097 1367 5169 legimus,
1419 5108 1566 5155 terra
1621 5108 1729 5155 tre-

103 5194 281 5261 muit,
320 5190 685 5249 referendum
713 5200 797 5248 est
837 5191 906 5247 ad
946 5201 1149 5247 terram
1178 5188 1537 5257 Hierusalem,
1563 5200 1657 5246 aut
1683 5190 1729 5246 si

104 5284 285 5341 latius
321 5284 408 5339 ad
438 5291 638 5338 terram
673 5281 936 5338 Judteam.
970 5282 1064 5338 Sic
1107 5290 1164 5336 et
1203 5283 1440 5337 tenebrae
1465 5282 1604 5349 istae,
1636 5290 1733 5338 aut

99 5393 284 5449 super
325 5376 681 5431 Hierusalem
706 5383 935 5436 tantum,
958 5381 1051 5428 aut
1077 5374 1123 5429 si
1152 5373 1401 5439 multum,
1428 5389 1591 5444 super
1613 5390 1729 5429 om-

98 5486 237 5525 nem
261 5468 566 5531 Judaeam;
591 5480 657 5521 ne
679 5468 804 5521 dum
830 5466 1254 5537 magnitudinem
1279 5466 1525 5521 miraculi
1549 5477 1733 5523 osten-

92 5558 241 5615 dere
292 5557 588 5621 volumus,
625 5556 829 5611 incidat
874 5557 1107 5611 assertio
1144 5564 1328 5612 nostra
1372 5557 1426 5611 in
1466 5559 1729 5627 derisum,

91 5651 180 5707 ita
207 5661 283 5705 ut
330 5648 521 5719 magis
565 5648 937 5704 infidelitatem
976 5648 1155 5718 pariat
1205 5664 1311 5704 non
1360 5652 1729 5719 credentibus,

84 5758 281 5813 quam
314 5741 522 5808 ﬁdem,
555 5743 857 5811 praesertim
894 5757 1019 5798 cum
1063 5742 1347 5800 Matthzeus
1393 5751 1450 5800 et
1492 5743 1726 5814 Marcus,

1848 1891 1977 1936 sunt
2001 1882 2238 1936 tenebrae
2262 1890 2316 1936 et
2342 1881 2517 1953 caligo
2544 1897 2706 1951 super
2731 1898 2950 1938 omnem
2983 1893 3184 1939 terram
3207 1882 3432 1956 Egypti

1847 1972 2020 2028 tribus
2035 1974 2245 2038 diebus,
2273 1983 2329 2028 et
2352 1990 2512 2029 nemo
2526 1976 2657 2030 vidit
2670 1974 2892 2031 fratrem
2912 1992 3091 2041 suum,
3117 1992 3295 2046 neque
3313 1992 3433 2046 sur-

1846 2064 1987 2118 rexit
2011 2064 2206 2134 aliquis
2227 2065 2293 2119 de
2317 2065 2436 2121 loco
2460 2081 2576 2120 suo.
2604 2065 2711 2120 Fac
2733 2082 2864 2137 ergo
2883 2074 3048 2136 utper
3064 2067 3435 2138 exaggeratio-

1845 2167 1968 2209 nem
1998 2157 2071 2210 ita
2095 2156 2367 2222 dicantur,
2392 2166 2446 2212 et
2474 2158 2548 2212 ita
2575 2157 2740 2213 fuerit
2759 2173 2922 2228 super
2943 2173 3160 2214 omnem
3188 2157 3428 2214 Judaaam

1844 2246 1898 2301 in
1932 2248 2181 2316 passione
2207 2247 2431 2314 Christi,
2462 2249 2677 2318 quando
2720 2251 2964 2305 extendit
2989 2265 3183 2305 manus
3223 2265 3352 2306 suas
3378 2250 3432 2305 in

1845 2357 2028 2397 cruce.
2072 2342 2155 2396 Ad
2203 2340 2359 2410 cujus
2400 2340 2540 2396 forte
2570 2342 2797 2412 ﬁguram
2825 2341 3037 2412 Moyses
3080 2351 3211 2397 tunc
3236 2357 3431 2398 manus

1844 2451 1971 2492 suas
1991 2438 2300 2493 extendisse
2324 2438 2376 2492 in
2403 2437 2601 2492 caelum
2624 2448 2774 2493 recte
2800 2439 3021 2505 dicitur,
3050 2448 3112 2493 ut
3133 2438 3430 2496 liberaren-

1844 2538 1932 2584 tur
1963 2530 2107 2584 servi
2140 2530 2230 2584 Dei
2272 2545 2304 2583 a
2349 2531 2479 2601 jugo
2510 2530 2809 2585 servitutis.
2852 2530 3021 2586 Nemo
3070 2540 3255 2586 tamen
3280 2539 3430 2587 recte

1845 2619 2057 2689 1173
2079 2619 2253 2673 credit
2276 2618 2630 2675 eﬂicaciorem
2656 2619 2822 2674 fuisse
2846 2618 3063 2690 Moysen
3087 2620 3142 2674 in
3166 2619 3425 2691 Egypto,

1840 2727 2002 2781 quam
2035 2711 2135 2765 fuit
2160 2710 2410 2765 Christus
2452 2711 2507 2766 in
2536 2726 2716 2766 cruce.
2742 2710 2813 2765 Et
2832 2711 2954 2767 ideo
2978 2712 3105 2782 quia
3140 2726 3239 2783 per
3259 2712 3428 2785 Egy-

1840 2811 1990 2873 ptum
2038 2811 2182 2856 totus
2215 2801 2305 2856 hic
2331 2803 2649 2874 designatur
2697 2803 2951 2868 mundus,
2980 2803 3175 2859 melius
3203 2819 3234 2858 a
3274 2812 3427 2860 sexta

1839 2896 1974 2950 hora
2009 2895 2245 2950 tenebrae
2271 2893 2427 2950 factm
2451 2896 2781 2961 creduntur,
2810 2897 3028 2966 quando
3053 2895 3317 2953 formatus
3342 2907 3429 2954 est

1838 2987 2047 3058 primus
2071 2987 2230 3040 homo
2251 2987 2316 3051 de
2341 2986 2467 3040 limo
2494 2997 2670 3052 terrae,
2699 3002 2869 3057 usque
2894 2987 2949 3042 in
2976 2988 3167 3043 horam
3191 3003 3422 3055 nonam;

1841 3084 1896 3130 et
1927 3092 2031 3130 non
2071 3091 2230 3146 super
2256 3075 2496 3131 Judaeum
2528 3085 2762 3143 tantum,
2788 3086 2846 3132 ut
2871 3078 2959 3133 isti
2985 3081 3296 3149 opinantur,
3328 3079 3421 3135 sed

1764 3146 1809 3209 Ο
1840 3182 2003 3238 super
2044 3183 2260 3223 omnem
2314 3178 2511 3222 terram
2557 3183 2721 3238 quam
2768 3169 2845 3225 sol
2882 3171 3123 3240 quotidie
3155 3171 3425 3227 illustrare

1838 3261 2097 3317 cernitur.
2130 3260 2296 3315 Mirer
2339 3262 2481 3315 enim
2515 3263 2567 3315 in
2596 3262 2967 3332 hujuscemodi
3012 3265 3171 3319 dictis
3196 3272 3304 3318 tam
3331 3279 3421 3319 sa-

1835 3352 2047 3421 pientes
2072 3352 2173 3406 viri
2206 3352 2336 3421 quid
2362 3352 2465 3406 sibi
2498 3352 2768 3415 voluerint
2793 3357 3124 3424 contingere.
3153 3354 3318 3423 Quasi
3342 3354 3424 3410 fa-

1834 3442 1994 3500 cilius
2024 3442 2288 3498 increduli
2335 3451 2389 3497 et
2428 3444 2703 3512 sapientes
2750 3444 2928 3499 saeculi
2961 3453 3156 3501 caetera
3188 3446 3421 3501 debeant

1835 3534 2058 3589 credere
2087 3533 2141 3587 in
2172 3533 2464 3605 Evangelio
2484 3574 2500 3600 ,
2529 3536 2576 3591 si
2614 3535 2719 3590 ista
2745 3550 2866 3606 quae
2902 3536 2990 3591 hic
3018 3536 3271 3592 dicuntur
3296 3537 3417 3592 fue-

1834 3625 1946 3678 rint
1970 3623 2186 3679 falsata.
2218 3624 2351 3679 Nam
2381 3625 2666 3682 Matthaeus
2693 3635 2747 3681 et
2783 3625 2998 3683 Marcus
3051 3627 3238 3684 dicunt
3275 3629 3421 3699 quod

1833 3733 1867 3770 a
1903 3727 2048 3771 sexta
2079 3717 2209 3771 hora
2238 3719 2464 3773 tenebrae
2487 3718 2644 3788 facite
2670 3729 2793 3773 sunt
2821 3734 2978 3790 super
3004 3721 3298 3775 universam
3317 3729 3423 3774 ter-

1834 3823 1972 3861 ram.
2004 3806 2121 3863 Non
2147 3823 2310 3878 super
2333 3806 2578 3864 Iudaeam
2603 3818 2837 3877 tantum,
2871 3824 3049 3880 neque
3079 3824 3242 3881 super
3262 3808 3420 3867 Jeru-
3509 3860 3515 3864 .

1834 3899 2002 3955 salem
2028 3938 2046 3966 ,
2074 3901 2170 3956 sed
2193 3917 2350 3971 super
2378 3901 2674 3956 universam
2705 3912 2921 3957 terram.
2951 3901 3062 3957 Fac
3088 3916 3217 3974 ergo
3243 3910 3305 3957 ut
3332 3903 3417 3957 di-

1833 4005 2021 4047 camus
2043 4031 2057 4056 ,
2095 3992 2236 4048 sicut
2266 3992 2367 4063 ipsi
2395 3992 2621 4061 volunt,
2669 4008 2832 4065 super
2870 3994 3181 4050 universam
3218 4002 3419 4050 terram

1832 4080 2094 4138 Iudaeam.
2129 4081 2270 4151 Quid
2291 4097 2420 4155 ergo
2448 4083 2679 4141 facimus
2706 4085 2775 4141 de
2801 4085 2905 4141 hoc
2932 4086 3077 4156 quod
3100 4085 3277 4142 Lucas
3303 4087 3380 4142 ait
3400 4126 3417 4153 ,

1834 4169 1962 4246 quia
1996 4173 2078 4231 sol
2104 4175 2417 4231 obscuratur
2438 4177 2553 4232 est?
2578 4191 2711 4247 ergo
2737 4177 2828 4234 ubi
2855 4177 2936 4234 sol
2962 4178 3287 4235 obscuratus
3310 4187 3418 4246 est,

1832 4268 1966 4325 nihil
1999 4268 2144 4325 aliud
2171 4284 2337 4339 quam
2375 4271 2614 4327 tenebrae
2647 4280 3048 4328 remanserunt.
3082 4271 3150 4327 Et
3176 4271 3304 4342 quia
3338 4271 3421 4328 sol

1834 4369 1964 4417 tunc
1989 4400 2005 4427 ,
2035 4369 2096 4416 ut
2122 4362 2444 4432 praedictum
2471 4372 2592 4418 erat
2612 4403 2627 4430 ,
2659 4377 2767 4418 non
2795 4349 2961 4431 luxit;
3010 4364 3139 4434 quia
3165 4379 3294 4420 vero
3322 4364 3419 4420 ob-

1833 4460 2087 4507 scuratus
2109 4462 2194 4508 est
2231 4467 2396 4523 super
2418 4453 2725 4509 universam
2761 4463 2961 4509 terram
2985 4493 3002 4521 ,
3027 4454 3251 4511 omnino
3283 4454 3421 4509 nihil

1834 4542 1979 4599 aliud
2007 4544 2062 4599 in
2085 4552 2198 4599 toto
2225 4545 2427 4600 mundo
2448 4559 2612 4615 quam
2640 4537 2882 4601 tenebras
2903 4544 3139 4614 fuerunt,
3164 4562 3338 4618 usque
3359 4547 3415 4603 in

1834 4635 2027 4691 horam
2060 4650 2281 4691 nonam.
2311 4636 2379 4690 Et
2418 4637 2523 4691 hoc
2561 4634 2766 4691 factum
2795 4646 2882 4691 est
2911 4637 3056 4693 inter
3094 4644 3322 4703 caetera,
3358 4646 3417 4692 ut

1834 4731 2200 4802 compleretur
2223 4731 2366 4800 quod
2387 4732 2649 4801 scriptum
2671 4740 2757 4786 est
2778 4749 2792 4785 :
2820 4730 3116 4787 Dccumbet
3152 4731 3232 4786 sol
3255 4730 3416 4787 meri-

1835 4824 1955 4889 die,
1985 4830 2042 4877 et
2067 4823 2542 4878 contenebrabitur
2569 4836 2734 4892 super
2764 4832 2968 4879 terram
3004 4823 3058 4879 in
3088 4821 3176 4879 die
3206 4822 3317 4878 lux.
3347 4822 3415 4879 Et

1836 4915 1944 4970 alio
1964 4915 2083 4971 loco
2108 4931 2120 4968 :
2150 4914 2416 4970 Occubuit
2433 4914 2535 4981 sol,
2561 4929 2687 4970 cum
2713 4915 2891 4972 adhuc
2912 4915 3086 4971 media
3109 4926 3256 4972 esset
3276 4915 3413 4981 dies.

1836 5008 1979 5080 Ergo
2006 5007 2062 5062 in
2092 5008 2224 5063 hora
2254 5016 2405 5063 sexta
2434 5008 2836 5066 rationabiliter
2858 5007 3019 5066 factm
3046 5009 3303 5065 dicuntur
3332 5017 3417 5065 te-

1834 5101 2039 5167 nebrae,
2068 5100 2286 5170 quando
2315 5100 2572 5156 meridies
2599 5110 2705 5169 est,
2735 5117 2804 5157 ne
2825 5100 2948 5173 quis
2975 5110 3190 5172 putaret
3214 5116 3416 5172 praece-

1833 5189 2031 5254 dentis,
2058 5189 2146 5246 vel
2174 5191 2554 5260 subsequentis
2580 5192 2757 5249 noctis
2786 5194 3039 5250 tenebras
3059 5191 3248 5249 fuisse.
3273 5192 3416 5249 Dici-

1833 5288 1926 5337 tur
1950 5291 2006 5337 et
2037 5283 2091 5337 in
2123 5283 2300 5339 medio
2327 5292 2489 5339 terra:
2516 5285 2777 5341 Dominus
2805 5285 3127 5353 crucifixus;
3161 5286 3287 5357 quia
3317 5302 3412 5358 ap-

1835 5380 1949 5427 tum
1980 5382 2097 5429 erat
2125 5382 2265 5430 utet
2306 5374 2359 5429 in
2399 5378 2628 5432 meridie
2656 5385 2960 5445 pateretur,
3000 5378 3053 5432 in
3080 5378 3413 5450 plenitudine

1835 5467 2039 5523 scilicet
2065 5476 2118 5520 et
2140 5483 2245 5522 non
2272 5469 2323 5521 in
2348 5469 2580 5533 defectu,
2609 5476 2702 5522 aut
2731 5470 2783 5522 in
2813 5469 3146 5526 incremento
3174 5471 3414 5526 charita-

1833 5557 1924 5623 tis,
1954 5558 2049 5612 sed
2078 5558 2132 5612 in
2155 5558 2312 5627 pleno
2341 5557 2553 5613 fervore
2574 5559 2896 5626 dilectionis,
2921 5561 2989 5615 de
3010 5577 3112 5631 qua
3136 5563 3269 5618 dicit
3289 5578 3415 5618 cum

1834 5653 2268 5723 interrogaretur
2296 5652 2365 5705 ab
2392 5667 2587 5722 sponsa
2615 5654 2668 5706 in
2696 5653 2956 5720 Canticis,
2982 5654 3069 5708 ubi
3094 5656 3304 5725 pascis?
3327 5655 3419 5711 ubi

1833 5745 2033 5800 cubas?
2056 5743 2230 5814 (Cant.
2265 5760 2308 5811 ι,
2340 5742 2418 5816 7.)
2439 5744 2503 5799 Et
2532 5745 2846 5824 illqinquit,
2877 5748 2934 5801 in
2958 5746 3192 5803 meridie.
3225 5746 3284 5803 In
3310 5762 3399 5804 me
