4016 6354
637 289 741 347 955

1438 283 1496 337 S.
1536 279 1891 338 PASCHASII
1932 272 2275 333 BADBERTI
2312 267 2602 326 ABBATIS
2636 262 3083 321 CORBEIENSIS

3693 272 3777 331 95E

634 406 792 468 ridie,
813 402 938 472 quia
964 401 1018 455 in
1038 413 1102 452 ea
1125 398 1390 453 charitate
1415 410 1520 464 qua
1543 407 1736 464 passus
1757 399 1842 447 est
1860 406 1960 461 pro
1980 387 2202 448 mundo,
2233 390 2255 449 Α

2310 401 2446 455 adeo
2494 397 2756 454 tenaciter
2797 394 2947 449 cordi
2990 390 3181 445 mentis
3220 394 3575 461 niezeinhazsit,
3599 401 3776 456 utnulla

636 495 839 553 delicia:
862 500 917 547 et
937 490 1105 561 gloria
1127 488 1441 542 floruerunt.
1474 484 1669 538 Tribus
1700 482 1864 551 igitur
1889 480 2040 535 horis
2063 488 2211 532 tene-

638 589 749 643 bra:
763 569 1206 655 permanserunt;
1231 579 1355 648 quia
1378 578 1559 632 lumen
1575 573 1875 636 Trinitatis,
1900 571 2043 641 quod
2068 572 2213 626 Deus

640 686 755 741 est,
799 683 942 730 totus
977 673 1213 727 mundus
1256 670 1528 725 amiserat.
1565 665 1769 721 Privati
1805 665 1950 719 enim
1997 671 2153 719 erant
2182 677 2214 717 a

639 768 840 823 lumine
865 764 956 836 qui
980 764 1033 818 in
1057 762 1259 817 mundo
1285 769 1444 816 erant
1463 758 1717 814 universo
1748 755 1906 810 trium
1933 755 2215 820 horarum,

641 861 697 917 id
735 869 815 916 est
840 875 867 912 a
900 858 1101 913 lumine
1127 855 1220 909 Dei
1244 855 1459 919 Patris,
1489 861 1545 909 et
1570 868 1602 906 a
1639 849 1923 921 splendore
1949 848 2068 903 Filii
2101 846 2220 916 ejus

642 954 765 1008 Jesn
795 950 1019 1014 Christi,
1048 957 1103 1004 ct
1132 948 1201 1003 ab
1229 944 1624 1000 illuminatione
1654 941 1891 1012 Spiritus
1916 940 2114 997 sancti.
2151 938 2221 994 Et

645 1047 767 1101 idco
797 1058 899 1098 non
941 1043 1110 1097 nubes
1142 1040 1455 1097 obdensatze
1486 1046 1612 1093 sunt
1642 1034 1976 1092 solummodo
1995 1074 2010 1098 ,
2040 1041 2103 1087 ut
2130 1031 2219 1087 isti

646 1139 852 1202 dicunt,
885 1136 976 1191 sed
1002 1137 1327 1191 obscuratus
1355 1142 1459 1196 est,
1490 1131 1635 1186 Luca
1658 1138 1817 1193 teste,
1849 1128 1949 1192 sol,
1972 1127 2115 1197 quod
2134 1126 2223 1179 ln-

649 1228 855 1281 minare
883 1227 1057 1297 majus
1081 1234 1186 1292 est,
1209 1241 1277 1279 ne
1306 1233 1398 1279 aut
1416 1223 1740 1293 pendentem
1766 1218 2051 1275 Dominum
2075 1215 2224 1270 vide-

649 1328 731 1373 ret
757 1360 771 1381 ,
821 1327 913 1373 aut
944 1318 1090 1388 impii
1136 1317 1576 1386 blasphemantes
1605 1329 1700 1369 sua
1747 1313 1866 1367 luce
1898 1310 2221 1365 fruerentur.

648 1410 758 1465 Nec
780 1411 975 1465 mirum
1009 1410 1172 1480 igitur
1202 1410 1247 1463 si
1277 1408 1356 1463 sol
1390 1406 1619 1461 retraxit
1642 1402 1856 1475 11⁵1ἧΙ
1884 1402 2065 1456 radios
2092 1398 2229 1453 lucis

651 1515 780 1564 suae,
798 1515 865 1555 ne
891 1501 1094 1555 videret
1118 1498 1469 1569 ignominiam
1494 1496 1691 1552 Christi
1716 1492 1870 1563 cujus
1892 1494 2226 1563 figura'prze-

651 1600 888 1646 cesserat
915 1591 968 1646 in
991 1590 1116 1645 ﬁliis
1128 1590 1258 1655 Noe,
1275 1591 1366 1660 qui
1388 1586 1913 1645 obtexeruntoculos
1936 1601 2063 1641 suos
2078 1600 2229 1638 aver-

651 1683 728 1737 sis
756 1681 1016 1745 vultibus,
1055 1696 1123 1735 ne
1149 1682 1395 1735 viderent
1429 1680 1812 1736 verecundiam
1843 1677 2042 1731 Patris.
2076 1673 2231 1743 Quod

653 1776 696 1829 si
741 1781 891 1828 tanta
923 1773 1161 1843 taliaque
1206 1774 1271 1827 de
1300 1773 1414 1828 sole
1450 1788 1558 1828 non
1603 1773 1832 1827 credunt
1858 1769 2147 1839 contigisse
2175 1770 2229 1823 in

655 1866 909 1920 universo
947 1865 1109 1931 orbe,
1157 1863 1480 1918 mirabiliter
1507 1878 1573 1917 ex
1608 1864 1809 1915 virtute
1839 1862 1964 1923 Dei,
2008 1861 2133 1930 quia
2163 1874 2233 1913 ex

655 1964 915 2011 consueto
940 1970 1099 2010 cursu
1128 1970 1158 2009 a
1188 1955 1384 2009 saeculo
1425 1954 1646 2008 evenire
1673 1967 1780 2007 non
1809 1952 2019 2022 potuit,
2050 1951 2233 2006 nescio

659 2045 703 2100 si
729 2044 954 2099 credere
981 2044 1194 2114 possint
1222 2043 1465 2097 inﬁdeles
1498 2051 1696 2097 terram
1723 2042 1797 2095 ita
1829 2040 2149 2104 tremuisse,
2172 2046 2234 2093 ut

659 2136 950 2205 Evangelia
980 2135 1255 2207 produnt,
1301 2149 1401 2190 nec
1428 2143 1610 2205 petras
1654 2134 1852 2188 scissas
1895 2131 2061 2185 fuisse
2086 2171 2101 2195 ,
2134 2143 2236 2184 nec

657 2238 904 2284 mortuos
930 2228 996 2284 de
1017 2228 1401 2289 monumentis,
1436 2226 1577 2296 quod
1608 2224 1784 2293 majus
1811 2233 1922 2288 est,
1952 2239 1981 2277 a
2007 2222 2236 2277 mortuis

660 2322 983 2379 surrexisse.
1012 2322 1281 2377 Caeterum
1308 2320 1450 2392 quod
1481 2320 1654 2384 aiunt,
1681 2319 1734 2374 in
1758 2318 1918 2373 nullis
1940 2318 2058 2372 haec
2087 2315 2238 2370 inve-

658 2412 765 2467 niri
800 2411 1044 2468 historiis
1068 2452 1083 2476 ,
1115 2411 1337 2466 audiant
1382 2410 1510 2479 quid
1554 2408 1753 2464 Paulus
1786 2407 2011 2464 Orosius
2053 2414 2238 2461 noster

658 2499 852 2561 scribit
873 2544 888 2569 ,
918 2504 1061 2576 quod
1089 2503 1176 2559 die
1201 2504 1417 2575 quando
1441 2496 1694 2572 patibulo'
1724 2501 1916 2556 afﬁxus
1941 2509 2027 2555 est
2050 2497 2237 2554 Domi-

662 2612 800 2662 nus,
831 2597 1069 2652 maximo
1102 2606 1415 2652 terraemotn
1451 2610 1549 2666 per
1580 2609 1796 2650 omnem
1837 2593 2022 2648 orbem
2058 2591 2235 2657 facto,

662 2703 792 2744 saxa
816 2689 869 2743 in
886 2688 1161 2743 montibus
1177 2688 1349 2743 scissa
1365 2696 1511 2753 sunt,
1529 2687 1763 2741 maxima
1772 2700 2000 2754 rumque
2023 2684 2236 2738 urbium

660 2779 908 2849 plurimae
942 2788 1161 2850 partes,
1191 2780 1313 2849 plus
1349 2778 1508 2834 solito
1538 2778 1893 2835 concussione
1919 2775 2236 2831 ceciderint.

662 2871 862 2927 Eadem
888 2911 904 2935 ,
931 2871 1144 2941 inquit,
1175 2872 1263 2928 die
1306 2872 1361 2926 in
1386 2871 1519 2925 hora
1564 2871 1670 2925 diei
1714 2878 1865 2925 sexta
1891 2912 1905 2935 ,
1934 2868 2013 2924 sol
2042 2868 2092 2922 in
2127 2875 2239 2922 toto

664 2963 868 3015 mundo
895 2962 1215 3017 obscuratus
1242 2970 1328 3017 est
1368 2971 1643 3031 terraque,
1668 2976 1776 3015 nox
1804 2959 1982 3015 subito
2005 2958 2239 3015 obducta

664 3059 748 3107 est
776 3052 956 3112 terris,
984 3060 1040 3106 et
1069 3051 1211 3105 sicut
1235 3051 1436 3105 dictum
1465 3059 1582 3116 est,

818 3139 1070 3204 Impiaque
1091 3150 1325 3191 aeternam
1353 3142 1620 3191 timuerunt
1641 3139 1817 3190 saecula
1842 3147 2052 3189 noctem.

737 3223 940 3281 Deinde
970 3225 1208 3290 addidit,
1247 3237 1417 3294 usque
1452 3224 1586 3279 adeo
1606 3224 1724 3283 Jioc
1754 3221 2074 3278 miraculum
2100 3237 2242 3292 prae-

665 3317 911 3384 fulsisse,
956 3326 1018 3373 ut
1045 3332 1219 3387 neque
1258 3317 1439 3372 lunam
1472 3316 1661 3372 lumini
1724 3316 1854 3371 solis
1876 3358 1891 3382 ,
1936 3330 2113 3385 neque
2147 3330 2247 3369 nu-

663 3408 761 3467 bes
810 3408 1087 3467 obstitisse
1133 3408 1476 3465 manifestum
1533 3416 1708 3473 esset,
1761 3423 1947 3463 verum
1995 3415 2247 3477 quartam

667 3505 933 3561 decimam
983 3502 1070 3559 die
1120 3501 1341 3569 lunam,
1398 3501 1538 3558 sicut
1582 3500 1833 3557 omnibus
1888 3509 2073 3556 notum
2130 3509 2246 3565 est,

668 3603 779 3649 tota
804 3592 924 3648 creli
952 3592 1212 3665 religione
1234 3590 1533 3664 interiecta,
1558 3592 1872 3661 longissime
1897 3608 1926 3646 a
1953 3600 2247 3662 conspectu

666 3683 799 3739 solis
843 3681 1114 3751 abfuisse;
1163 3683 1257 3740 sed
1284 3694 1339 3740 et
1383 3682 1570 3739 stellas
1592 3723 1607 3749 ,
1643 3690 1772 3737 tunc
1803 3681 1856 3735 in
1888 3681 1996 3737 illis
2038 3681 2249 3739 diurnis

667 3775 821 3830 horis
844 3814 858 3838 ,
882 3774 970 3830 vel
1008 3774 1189 3846 potius
1217 3774 1270 3829 in
1316 3774 1405 3830 illa
1432 3771 1705 3828 horrenda
1740 3780 1901 3827 nocte
1926 3813 1942 3837 ,
1968 3780 2082 3828 toto
2110 3772 2249 3828 coelo

670 3866 906 3923 fulsisse.
932 3867 1085 3935 Quod
1110 3883 1215 3924 non
1243 3867 1418 3925 solum
1442 3866 1459 3932 ,'
1487 3866 1661 3936 inquit
1685 3905 1701 3931 ,
1732 3873 2045 3921 sanctorum
2074 3864 2250 3920 Evan-

670 3958 933 4031 geliorum
953 3958 1108 4025 ﬁdes,
1133 3959 1488 4015 verumetiam
1511 3958 1774 4029 aliquanti
1795 3956 2107 4014 Graecorum
2126 3955 2250 4013 libri

672 4059 1014 4107 attestantur.
1062 4050 1131 4107 Et
1160 4050 1281 4109 ideo
1311 4065 1417 4107 non
1447 4049 1591 4105 sicut
1630 4049 1719 4103 isti
1760 4048 1949 4103 volunt
1976 4046 2250 4118 Evangelii

671 4143 879 4197 veritas
918 4142 1036 4198 sine
1063 4142 1290 4197 testibus
1333 4139 1677 4197 manifestata
1712 4137 1907 4209 fulget;
1953 4139 2169 4207 quando
2197 4144 2251 4195 et

672 4235 870 4308 Flegon
903 4235 1122 4305 quidam
1146 4233 1362 4305 gentilis
1385 4274 1405 4299 ,
1433 4242 1570 4288 teste
1604 4230 1835 4302 Origene
1856 4269 1871 4296 ,
1911 4230 2016 4287 hoc
2045 4230 2250 4289 factum

673 4336 861 4383 narrat
884 4326 937 4381 in
969 4322 1415 4389 chronicis'suis,
1447 4322 1547 4378 sub
1579 4322 1885 4392 principatu
1911 4319 2112 4378 Tiberii
2141 4319 2252 4378 Caro

674 4422 844 4488 saris,
869 4420 973 4479 nisi
1008 4420 1156 4491 quod
1181 4416 1509 4489 signiﬁcavit
1536 4416 1692 4488 plena
1728 4415 1853 4470 luna
1894 4414 1999 4470 hoc
2024 4413 2250 4471 factum.

677 4515 783 4571 Sed
804 4523 860 4571 et
885 4514 1178 4585 Dionysius
1200 4511 1551 4583 Areopagita,
1572 4508 1971 4580 Apollophanio
1996 4516 2254 4566 concreto

675 4615 729 4662 et
756 4604 1179 4677 conphilosopho
1221 4605 1325 4662 sibi
1349 4604 1592 4661 scribens
1609 4643 1625 4670 ,
1671 4602 1813 4658 inter
1833 4609 2032 4658 extera
2059 4602 2126 4658 de
2152 4603 2256 4660 hoc

676 4696 939 4755 miraculo
971 4696 1047 4751 ita
1075 4696 1243 4761 dicit,
1288 4705 1346 4753 ut
1386 4704 1569 4751 autem
1613 4693 1705 4749 lux
1734 4709 1969 4766 superna
2016 4701 2256 4765 paternae

676 4787 859 4859 gloriae
883 4786 1225 4858 splendorem
1246 4802 1407 4856 supra
1428 4796 1531 4841 tuae
1552 4785 1749 4842 mentis
1770 4788 2021 4842 tenebras
2041 4784 2257 4840 radiare

677 4893 776 4935 suo
816 4878 1094 4948 proposito
1123 4877 1447 4942 destinavit,
1496 4893 1618 4932 mox
1660 4877 2031 4945 penetralibus
2076 4876 2258 4933 cordis

677 4967 781 5023 mei
816 4964 1034 5032 infudit,
1067 4975 1127 5023 ut
1152 4968 1247 5025 tibi
1277 4967 1446 5023 frater
1471 4968 1803 5036 memoriale,
1831 4968 2135 5038 piissimum
2166 4983 2253 5024 re-

679 5057 955 5124 cordarer,
984 5058 1221 5129 qualiter
1242 5060 1295 5114 in
1319 5057 1631 5128 Eleopoleos
1659 5059 1877 5121 civitate
1900 5074 2039 5130 pene
2060 5059 2253 5128 coaevi,

678 5165 778 5217 ego
807 5148 1067 5219 siquidem
1105 5148 1295 5219 viginti
1321 5156 1374 5205 et
1398 5148 1635 5218 quinque
1667 5166 1933 5207 annorum
1973 5150 2089 5206 fere
2117 5159 2255 5209 tem-

681 5258 782 5314 pus
802 5241 1077 5308 evolvens,
1100 5242 1304 5312 pariter
1327 5243 1695 5306 morabamur,
1719 5257 1841 5297 cum
1865 5240 1999 5297 feria
2021 5241 2256 5312 quadam

678 5344 831 5393 sexta
858 5335 1027 5391 ferme
1055 5334 1211 5401 hora,
1240 5336 1394 5404 quasi
1424 5335 1548 5390 luna
1578 5334 1627 5388 ei
1657 5348 1715 5387 se
1736 5332 2048 5401 obiiciente,
2071 5335 2152 5389 sol
2174 5342 2259 5391 est

684 5426 1014 5484 horribiliter
1035 5427 1357 5483 obscuratus
1385 5444 1399 5481 :
1423 5427 1550 5496 quia
1572 5441 1677 5480 non
1698 5424 1862 5492 Deus,
1888 5426 1982 5481 sed
2006 5437 2258 5482 creatura

684 5518 800 5583 Dei,
826 5516 965 5574 lucis
987 5533 1099 5573 suae
1125 5519 1375 5574 occubitn
1402 5518 1584 5574 lucere
1603 5527 1901 5588 nequeunt,
1927 5529 2260 5591 questusque

687 5624 804 5662 sum
844 5609 985 5680 apud
1018 5618 1102 5675 te,
1134 5611 1261 5680 quid
1296 5610 1507 5682 11⁵15
1536 5610 1665 5666 hinc
1702 5612 1798 5666 tibi
1842 5613 2262 5682 prudentissime

689 5699 999 5767 videretur?
1041 5702 1255 5776 Exque
1294 5704 1584 5775 prudentia
1628 5714 1721 5762 tua
1768 5708 2076 5779 respondit,
2119 5712 2262 5781 quod

2311 489 2686 545 obliteratione
2731 484 2952 546 abradi,
3000 482 3143 536 nulla
3189 484 3367 537 mortis
3412 484 3609 557 imagine
3644 490 3781 547 valeat

2314 580 2539 637 aboleri.
2570 577 2774 635 Obfuso
2808 588 3041 643 namque
3072 573 3197 627 orbe
3226 572 3562 639 uniformiter,
3585 581 3782 633 tenebra-

2315 690 2435 731 rum
2476 672 2705 745 caligine
2750 671 3058 726 albescente
3086 706 3100 731 ,
3144 674 3203 720 ut
3242 678 3501 737 purgatum
3528 669 3659 723 rediit
3689 671 3789 727 solis

2317 770 2666 830 diametrum,
2692 761 2997 835 philipplari
3021 761 3051 793 "
3085 759 3173 814 Dei
3200 760 3586 830 assumpsimus;
3612 776 3789 829 cumque

2318 860 2641 931 reperimus,
2674 856 2818 927 quod
2844 863 2901 909 et
2921 862 3042 909 erat
3068 850 3411 915 notissimum,
3438 861 3633 907 eotenus
3652 851 3791 920 faliga.

2320 953 2470 1008 tione
2496 948 2761 1020 eclyptica
2790 945 2961 1002 solem
2990 944 3104 1014 pati
3127 941 3392 997 molestias
3413 958 3511 996 non
3539 940 3715 1005 debere,
3734 941 3794 993 lu-

2322 1059 2447 1102 nam
2478 1045 2545 1097 ab
2573 1042 2795 1097 Oriente
2813 1079 2828 1104 ,
2853 1038 3086 1093 solarem
3115 1034 3366 1106 fulgorem
3395 1034 3516 1088 velis
3541 1030 3793 1101 Euiiopicis

2322 1128 2678 1193 obducehtem
2698 1172 2711 1197 ,
2744 1130 2920 1187 solere
2950 1129 3005 1183 in
3048 1126 3269 1182 occidua
3298 1127 3421 1180 hora
3448 1133 3635 1193 captare
3665 1123 3797 1193 periu-

2323 1229 2431 1300 gia.
2462 1227 2614 1282 Tunc
2638 1232 2818 1279 autem
2849 1221 3127 1291 lucigenos
3154 1220 3428 1273 thesauros
3449 1215 3670 1286 caligines
3702 1230 3798 1283 quas

2325 1325 2623 1390 genuerunt
2649 1330 2820 1384 usque
2848 1314 2901 1367 in
2931 1311 3167 1366 Niliacos
3194 1308 3459 1371 terminos,
3489 1316 3542 1360 nt
3565 1307 3799 1374 putavimus

2324 1411 2666 1483 proferentes
2712 1406 3005 1461 recondere
3051 1402 3383 1465 occidentes,
3422 1398 3677 1467 prmsertim
3715 1411 3801 1449 cum

2327 1502 2470 1556 lunae
2490 1502 2720 1559 deesset,
2745 1506 2800 1552 et
2822 1510 2922 1551 nec
2944 1500 3240 1550 conventus
3262 1500 3461 1559 tempus
3482 1488 3802 1557 propinquaret,

2332 1594 2419 1649 aio
2448 1593 2514 1647 ad
2560 1600 2611 1646 tc
2655 1591 2866 1661 peritiae
2904 1597 3071 1643 vasta:
3118 1585 3440 1647 sacrarium,
3470 1582 3624 1636 adhuc
3650 1579 3805 1633 nescius

2332 1694 2496 1740 tanta:
2528 1684 2606 1739 rei
2635 1682 2972 1754 mySterium.
3005 1680 3177 1747 Quid,
3202 1674 3438 1746 inquam,
3469 1672 3699 1743 speculum
3719 1671 3806 1724 doc-

2261 1751 2307 1811 Β
2336 1776 2491 1831 trime
2532 1751 2966 1843 Apollophanis},
2997 1770 3084 1824 his
3112 1766 3336 1823 secretis
3374 1763 3609 1819 ascribis?
3637 1761 3701 1814 Ad
3726 1774 3807 1829 qua:

2336 1870 2467 1927 mihi
2493 1877 2549 1924 tu
2576 1868 2852 1939 inquiens,
2883 1864 3107 1920 omnino
3128 1861 3311 1917 divino
3336 1866 3503 1913 etnon
3528 1853 3709 1910 humani
3726 1866 3810 1905 sen-

2336 1978 2428 2017 sus
2454 1974 2726 2021 sermone,
2759 1958 2895 2022 istae,
2919 1958 3060 2012 bone
3082 1952 3327 2025 Dionysi,
3353 1950 3626 2004 divinarum
3649 1944 3812 2000 retribu-

2337 2053 2510 2106 tiones
2548 2058 2675 2105 sunt
2706 2063 2909 2103 rerum.
2947 2046 3088 2101 Ecce
3114 2043 3185 2098 de
3208 2043 3294 2097 his
3322 2040 3545 2097 tenebris
3567 2036 3670 2105 quid
3693 2032 3812 2103 philo-

2337 2144 2526 2214 sophia
2561 2140 2730 2196 sensit
2762 2139 3022 2194 humana.
3071 2137 3217 2191 Ecce
3251 2132 3379 2204 quid
3419 2129 3606 2185 Graecia
3627 2126 3751 2181 habet
3776 2123 3813 2175 in

2338 2235 2448 2289 suis
2477 2231 2803 2286 authenticis
2830 2230 3003 2284 libris.
3042 2227 3187 2282 Ecce
3212 2224 3341 2295 quid
3370 2223 3466 2278 iste
3486 2215 3815 2291 Apollophanitu

2337 2324 2546 2380 dederit
2570 2324 2622 2378 in
2648 2322 2942 2393 responsis.
2969 2319 3132 2375 Forte
3158 2315 3427 2372 intellexit
3448 2313 3530 2368 ille
3551 2321 3659 2365 tunc
3675 2324 3722 2362 ex
3740 2306 3817 2360 dia-

2338 2428 2514 2472 metro
2550 2415 2734 2470 Aridei
2763 2411 3069 2484 philosophi
3107 2410 3257 2481 quod
3282 2406 3449 2462 nostri
3476 2403 3641 2459 nolunt
3660 2398 3817 2456 credere

2339 2523 2405 2563 ex
2427 2506 2753 2577 Evangeliis.
2776 2504 2881 2572 Qui
2904 2520 3009 2558 non
3033 2502 3089 2557 in
3111 2500 3303 2556 Iudaea
3325 2506 3521 2553 tantum
3542 2496 3628 2550 has
3643 2490 3821 2546 tenebras

2339 2597 2509 2655 fuisse
2538 2596 2826 2667 cognovit,
2880 2595 2974 2650 sed
3022 2601 3134 2648 toto
3188 2592 3321 2647 orbe
3348 2587 3528 2645 obfuso
3568 2579 3821 2639 unifonniter

2342 2692 2687 2748 tenebrarum
2731 2688 2963 2759 caligine
3007 2685 3301 2756 persensit.
3331 2682 3399 2738 Et
3433 2678 3565 2750 quod
3603 2670 3823 2732 mirabilius

2341 2793 2443 2849 est,
2475 2799 2539 2839 ac
2573 2784 2618 2839 si
2645 2798 2711 2839 ex
2745 2782 2966 2837 oraculo
3003 2781 3194 2836 divino
3218 2776 3506 2850 respondit.
3535 2771 3665 2841 Quod
3684 2766 3824 2823 divina-

2342 2891 2461 2931 rum
2492 2875 2879 2929 retributiones
2903 2879 3085 2928 essent
3118 2886 3331 2927 rerum.
3361 2869 3531 2937 Atque
3566 2875 3672 2918 tunc
3694 2860 3827 2913 beatus

2342 2967 2662 3038 Dionysius,
2695 2980 2759 3020 ac
2787 2964 2833 3020 si
2871 2964 3142 3020 excitatus
3174 2971 3331 3017 tanto
3357 2955 3602 3015 miraculo
3623 2948 3827 3038 evigilata.

2344 3033 2618 3119 Notatum,
2649 3055 2842 3124 inquit,
2867 3053 3020 3108 feriae
3045 3053 3196 3108 diem
3219 3060 3489 3119 etiannum
3508 3033 3830 3101 annuntiationi,

2267 3120 2313 3184 Ο
2344 3167 2505 3223 quam
2527 3120 2931 3204 Paulus-noster
2951 3147 3180 3202 auribus
3200 3142 3472 3215 suspensis
3488 3134 3701 3196 intonuit,
3717 3126 3828 3223 signis.

2346 3215 2768 3299 acclamantibus
2790 3282 2805 3307 ,
2852 3238 3174 3295 concordari
3219 3244 3475 3307 expertus
3498 3274 3512 3299 ,
3550 3227 3653 3285 dedi
3686 3215 3831 3278 veritati

2347 3349 2560 3398 manus,
2581 3342 2636 3387 et
2656 3331 2909 3387 falsitatis
2924 3345 3042 3385 sum
3058 3329 3298 3385 nexibus
3318 3324 3593 3380 absolutus.
3615 3317 3706 3372 lien
3722 3319 3830 3382 qua!

2260 3475 2283 3487 ρ
2347 3425 2585 3497 graviter
2613 3424 2787 3479 adhuc
2818 3422 2979 3477 hodie
3005 3420 3190 3491 caligo
3216 3416 3527 3489 ignorantia:
3550 3399 3834 3497 mundqu-

2350 3489 2616 3577 ienebrat,
2643 3513 2878 3569 maxime
2905 3513 2957 3567 in
2984 3512 3070 3566 his
3094 3489 3192 3581 qui
3217 3509 3409 3565 nolunt
3433 3504 3727 3575 acquiescere
3742 3489 3833 3546 γετί-ι

2348 3610 2466 3674 tuti,
2506 3609 2695 3664 nolunt
2728 3607 2956 3662 credere
2983 3604 3324 3675 Evangeliis,
3356 3615 3524 3672 neque
3548 3592 3835 3659 intelligereea

2348 3715 2468 3770 qua:
2497 3709 2605 3755 tam
2632 3696 2977 3753 ineﬁ‘abiliter
3008 3696 3252 3752 efferunt
3287 3694 3459 3755 sancti
3484 3678 3836 3757 evangelistaJ

2351 3801 2464 3848 tam
2496 3792 2817 3847 mirabiliter
2840 3791 3144 3862 pradicant
3174 3790 3326 3845 facta
3344 3829 3361 3854 ,
3392 3795 3453 3841 ut
3475 3783 3639 3841 divina

2350 3885 2557 3950 dicunt.
2573 3897 2733 3939 nemo
2748 3858 2858 3954 qui
2868 3883 3035 3939 sentit
3057 3890 3157 3936 aut
3176 3882 3335 3945 vivit,
3358 3890 3550 3947 negare
3569 3869 3721 3943 possit.
3739 3858 3838 3917 Unde

2350 3978 2478 4049 quia
2506 3976 2644 4031 tales
2666 3976 2918 4031 humanis
2936 3974 3228 4045 perdoceri
3254 3975 3530 4043 nequeunt
3552 3962 3718 4023 verbis,
3735 3965 3841 4049 erit?

2352 4043 2452 4126 dus
2475 4076 2560 4123 est
2585 4067 2677 4137 qui
2706 4043 2974 4123 illuminat
3001 4079 3224 4121 omnem
3254 4064 3527 4120 hominem
3545 4098 3560 4124 ,
3591 4064 3643 4110 ut
3670 4064 3741 4107 eos
3766 4043 3840 4099 ill?

2351 4161 2523 4218 minet
2549 4169 2606 4215 et
2626 4174 2726 4215 nos
2752 4160 2987 4215 deducat
3010 4160 3065 4213 in
3089 4173 3318 4214 omnem
3348 4154 3637 4211 veritatem.

2423 4252 2492 4307 Et
2521 4252 2662 4306 circa
2688 4252 2869 4305 horam
2898 4267 3112 4316 uariant,
3140 4250 3348 4321 inquit,
3377 4243 3611 4302 clamauit
3633 4238 3754 4291 hsta
3768 4238 3845 4321 te“

2351 4360 2540 4415 magna
2567 4343 2745 4397 dicem
2776 4358 2791 4395 :
2816 4341 2925 4402 Eli.
2952 4342 3059 4406 Eli,
3089 4316 3568 4396 lamdsabacllwui.
3592 4316 3848 4415 117611οξ

2356 4405 2461 4501 est:
2484 4435 2623 4489 Deus
2648 4450 2815 4499 nisus,
2846 4434 2989 4489 Deus
3016 4405 3188 4499 meus,
3220 4444 3278 4488 ut
3322 4431 3449 4504 quid
3479 4416 3748 4493 dereliquisli
3769 4405 3849 4465 Il"

2356 4527 2497 4581 Ecce
2525 4527 2579 4581 in
2604 4526 2735 4581 hora
2763 4539 2907 4579 nona
2934 4518 3069 4579 voce
3095 4539 3298 4595 magna
3326 4523 3526 4579 clamat
3547 4514 3628 4588 qui
3649 4510 3704 4566 ad
3723 4510 3849 4598 aurarii

2354 4625 2480 4690 post
2503 4617 2785 4675 meridiem
2811 4616 3054 4671 ambulat
3074 4617 3127 4670 in
3161 4592 3446 4686 paradiso,
3478 4621 3532 4667 et
3553 4608 3717 4663 clamat
3740 4610 3783 4649 ac
3802 4592 3849 4642 di-

2356 4707 2454 4772 cit,
2481 4706 2652 4761 Adam
2679 4707 2770 4760 ubi
2798 4705 2892 4760 es?
2921 4702 3076 4778 (Gen.
3104 4721 3188 4770 ill,
3218 4705 3306 4775 9.)
3339 4702 3450 4759 Sed
3489 4700 3573 4756 hic
3595 4707 3704 4751 voce
3722 4690 3849 4778 magi“

2359 4798 2579 4862 clamat,
2597 4797 2739 4866 quod
2764 4774 2953 4852 contra
2979 4804 3262 4861 naturam,
3284 4774 3354 4850 ut
3386 4794 3461 4849 ita
3491 4791 3667 4848 dicam,
3691 4774 3851 4835 moriar

2357 4888 2491 4943 tium
2531 4895 2636 4942 est.
2687 4884 2845 4941 Unde
2889 4885 3248 4955 quaerendum
3299 4885 3358 4940 in
3409 4896 3514 4953 quo
3561 4871 3851 4934 factum!“

2359 4981 2565 5039 Christi
2584 4995 2710 5046 vox,
2733 4988 2991 5036 utrumne
3011 4979 3367 5035 solummodo
3386 4976 3563 5034 sonitu
3581 4960 3853 5027 clamosi.“

2362 5091 2555 5146 magna
2580 5075 2634 5129 in
2646 5074 2914 5145 mysterio
2933 5088 3037 5144 pro
3046 5074 3215 5129 rebus
3230 5070 3505 5145 mysticis.
3522 5057 3710 5134 Quodsi

2363 5136 2605 5224 sensibili
2648 5136 2835 5221 auditu
2881 5136 2967 5221 est
3003 5164 3252 5221 exterius
3414 5155 3720 5227 exemplum,

2366 5257 2715 5313 nihilominus
2741 5271 2937 5328 magna
2963 5264 3048 5311 est
3085 5262 3440 5310 sacramento
3483 5240 3726 5305 interioris
3745 5236 3862 5289 hom?

2366 5349 2452 5403 nis
2500 5348 2567 5404 ad
2599 5348 2929 5413 remedium;
2963 5348 3090 5417 quia
3121 5345 3309 5401 omnis
3351 5345 3460 5400 'vox
3483 5336 3668 5397 Christi
3690 5370 3703 5397 υ

2367 5440 2554 5509 utique
2598 5440 2880 5509 probatur,
2930 5445 2987 5493 et
3028 5437 3161 5493 adeo
3208 5450 3410 5508 magna
3458 5440 3517 5489 ut
3560 5430 3610 5485 in
3652 5418 3868 5509 ιιονίδδξξξῗ

2368 5548 2544 5586 omnes
2573 5530 2663 5602 qui
2690 5532 2746 5583 in
2782 5528 3136 5584 monumentis
3170 5537 3337 5591 sunt,
3370 5525 3587 5580 audiant
3621 5526 3761 5572 rem
3782 5497 3867 5602 Ϊῗ

2368 5583 2694 5692 Deiﬁflean.
2724 5637 2778 5687 v,
2804 5620 2922 5691 28),
2968 5635 3075 5691 qua
3124 5633 3276 5674 nunc
3311 5583 3479 5686 duplo
3518 5583 3872 5692 redituimur..l}i

2368 5680 2676 5785 ubicunque
2698 5680 3078 5787 in'Scriptu'ris
3096 5710 3297 5780 sacris,
3323 5680 3534 5766 clamor
3555 5701 3693 5762 Iesu.
3713 5680 3877 5748 alii“?
