4016 6354
175 363 280 425 967

915 327 1290 412 Ἐχροδιτιο
1328 352 1394 408 lN
1434 352 1793 409 nummo

1900 383 1945 395 --
2008 352 2135 409 LIB.
2174 352 2289 421 XII,
2326 352 2478 410 CAP.
2524 351 2739 411 XXVII.

3356 353 3466 413 958

177 494 300 536 mor
340 474 469 541 Dei,
499 481 596 529 aut
617 471 820 528 clamor
859 470 1140 540 sapientiae
1166 469 1389 539 legitur,
1428 480 1643 539 semper
1668 465 1768 522 alio
1799 472 1851 533 Α
1879 466 2132 523 dolentis.
2165 466 2275 523 Nec
2304 469 2469 539 igitur
2506 477 2724 539 oportet
2762 468 3047 526 demutare
3072 482 3294 525 sensum
3326 460 3462 525 tanti

182 572 312 645 quid
340 580 598 639 magnum
629 570 685 619 et
722 560 992 617 ineffabile
1036 568 1435 617 sacramentum
1468 558 1773 629 intelligere

181 667 418 734 oportet.
463 657 635 713 Porro
680 653 763 709 Eli
810 652 1197 722 interpretatur
1240 651 1382 706 Deus
1429 667 1608 716 meus;
1646 650 1774 721 quia

184 752 245 809 El
275 764 445 805 unum
475 756 559 803 est
587 760 784 801 nomen
810 758 877 798 ex
901 742 1089 798 decem
1121 742 1432 797 nominibus
1470 740 1586 795 Dei.
1619 739 1776 807 Quod

180 841 377 913 Aquila
406 836 786 911 etymologiam
815 832 931 904 ejus
970 834 1157 888 volens
1210 833 1531 904 exprimere,
1586 834 1776 909 ἰχυρόν

186 936 584 1004 interpretatus
607 939 710 994 est,
735 929 881 998 quod
902 935 987 982 est
1006 926 1193 991 fortis;
1216 933 1271 980 et
1296 926 1397 980 hoc
1416 940 1484 980 ex
1507 924 1777 993 principio

185 1024 439 1099 vigesimi
468 1022 630 1094 primi
660 1020 855 1092 psalmi
886 1035 1017 1089 usus
1044 1027 1152 1085 est,
1179 1018 1253 1072 ita
1280 1026 1341 1072 ut
1363 1018 1559 1089 legitur
1588 1018 1639 1071 in
1676 1016 1780 1072 He-

186 1124 362 1188 braeo,
385 1122 527 1176 Deus
549 1136 718 1183 meus,
738 1117 876 1172 Deus
899 1131 1064 1180 meus,
1088 1124 1146 1169 ut
1170 1113 1296 1185 quid
1319 1130 1400 1167 me
1419 1112 1741 1182 dereliquiin
1754 1111 1779 1165 9

187 1213 316 1287 quia
348 1211 479 1266 illud
508 1211 649 1281 quod
679 1210 731 1264 in
758 1209 937 1263 medio
959 1216 1061 1262 nos
1083 1205 1351 1269 canimus,
1378 1205 1573 1275 respice
1598 1204 1654 1258 in
1676 1220 1776 1270 me,

186 1301 523 1373 superﬂuum
554 1309 654 1356 est.
683 1299 901 1367 Quaeso,
928 1297 1121 1362 lector,
1154 1313 1262 1353 non
1289 1305 1342 1353 te
1364 1304 1604 1361 moveat,
1634 1295 1780 1365 quod

188 1395 282 1451 alii
332 1395 551 1450 codices
567 1392 788 1456 habent,
814 1388 994 1455 Heloi,
1035 1388 1210 1452 Heloi,
1234 1387 1615 1457 lamazaptani,
1654 1386 1782 1455 quia

186 1484 345 1541 Heloi
377 1486 483 1540 hoc
523 1492 608 1539 est
648 1481 791 1553 quod
837 1480 947 1545 Eli,
995 1478 1119 1548 quia
1150 1500 1199 1534 oi
1232 1478 1599 1547 diphthongus
1639 1474 1780 1543 apud

186 1577 411 1635 Graecos
452 1586 568 1642 est,
614 1584 667 1630 et
696 1590 792 1644 per
819 1596 837 1629 ι
867 1572 1034 1629 solam
1082 1571 1356 1640 legendus.
1389 1568 1560 1624 Porro
1588 1568 1643 1622 in
1674 1566 1780 1622 He-

186 1670 339 1727 braeo
368 1664 749 1736 lamazaptani,
765 1672 826 1718 ut
851 1664 1027 1726 aiunt,
1055 1658 1342 1715 irascentis
1364 1672 1467 1711 vox
1496 1665 1602 1721 est,
1625 1654 1783 1725 plena

190 1758 455 1832 querelis.
500 1753 1005 1812 Lemasabachthani
1042 1751 1239 1822 Syrum
1271 1756 1358 1805 est
1398 1746 1783 1818 conquerentis

1881 563 2155 634 mysterii,
2200 562 2266 621 ad
2311 562 2693 618 contumeliam
2729 562 3063 619 inﬁrmitatis
3123 571 3324 619 nostra;
3362 577 3464 617 na-

1882 662 2039 721 turae,
2068 654 2212 725 quod
2243 655 2488 711 voluntas
2508 664 2626 722 est;
2662 663 2718 712 et
2749 667 3171 724 sacramentum,
3203 659 3348 730 quod
3369 673 3464 729 po-

1884 755 2054 803 testas
2081 756 2166 804 est
2192 756 2248 803 et
2273 747 2469 803 ﬁducia
2500 764 2564 805 ac
2596 750 2923 821 triumphus.
2949 749 3279 823 Triumphus
3305 751 3467 823 plane

1881 848 1995 903 est,
2026 840 2179 909 queri
2236 840 2305 895 ad
2358 854 2573 896 crucem
2616 849 2673 897 et
2717 842 2998 898 oll‘erentis
3042 859 3102 899 se
3143 860 3241 899 sua
3273 851 3466 915 sponte

1883 928 2253 997 querimonias
2299 930 2620 986 innocentia:
2665 947 2777 988 suae
2824 933 3189 1003 proclamare,
3221 945 3367 991 stare
3394 934 3463 991 ad

1883 1020 2230 1086 sententiam,
2267 1021 2362 1076 sed
2412 1022 2535 1076 inde
2587 1038 2972 1079 concessurum
3022 1041 3051 1079 a
3111 1026 3317 1080 dextris
3355 1026 3470 1081 vir-

1884 1111 2014 1165 tutis
2059 1112 2153 1167 Dei
2191 1130 2204 1166 :
2258 1112 2427 1167 clavis
2476 1112 2694 1184 conligi,
2736 1116 2829 1170 sed
2888 1130 2987 1185 pro
3028 1117 3467 1185 persecutoribus

1882 1216 2070 1266 orare;
2100 1212 2312 1258 acetum
2339 1211 2526 1273 potare
2549 1214 2606 1259 et
2638 1206 2818 1261 dicere
2843 1206 2897 1260 in
2923 1217 3298 1272 sacramento,
3327 1206 3469 1263 Con-

1882 1307 2199 1350 summatum
2232 1306 2347 1353 est:
2373 1296 2620 1368 deputari
2669 1297 2811 1354 inter
2847 1299 3096 1370 iniquos,
3133 1300 3227 1355 sed
3257 1301 3348 1355 uni
3376 1315 3469 1356 eo-

1884 1406 2004 1443 rum
2036 1390 2349 1459 paradisum
2374 1391 2577 1446 donare
2596 1432 2611 1456 ,
2640 1391 2841 1446 elevari
2866 1393 2919 1446 in
2947 1393 3112 1464 ligno,
3140 1394 3234 1448 sed
3265 1401 3466 1447 terram

1884 1491 2117 1536 tremere
2148 1500 2162 1536 :
2194 1483 2426 1552 pendere
2465 1484 2520 1537 in
2560 1499 2747 1551 cruce,
2779 1485 2872 1540 sed
2899 1485 3065 1541 solem
3105 1500 3170 1541 ac
3204 1486 3346 1540 diem
3386 1484 3470 1539 fu-

1884 1587 2041 1643 gare:
2077 1589 2277 1628 exuere
2311 1575 2549 1639 animam
2584 1590 2614 1630 a
2642 1590 2904 1646 corpore,
2934 1579 3028 1632 sed
3058 1592 3319 1633 revocare
3351 1578 3470 1632 ani—

1885 1679 2004 1719 mas
2021 1664 2087 1718 ad
2108 1679 2356 1734 corpora,
2382 1666 2636 1736 ipsosque
2654 1678 2896 1725 mortuos
2916 1670 2984 1725 ad
2997 1670 3165 1725 vitam
3187 1685 3466 1741 reparare;

1886 1757 2089 1826 sepiliri
2118 1767 2389 1815 mortuum
2417 1767 2476 1815 ut
2506 1761 2778 1816 hominem
2799 1802 2814 1828 ,
2840 1765 2934 1818 sed
2957 1777 3239 1833 resurgere
3266 1761 3472 1828 Deum;

189 1852 282 1924 pio
307 1850 529 1915 affectu,
557 1858 738 1904 tamen
771 1854 1058 1915 utrumque
1087 1850 1265 1908 sonat,
1294 1857 1458 1913 quare
1486 1856 1567 1893 me
1596 1837 1786 1893 dereli-
1813 1861 1861 1921 Β
1890 1850 2183 1903 secundum
2198 1849 2473 1906 hominem
2487 1867 2585 1922 ρτο
2599 1854 2753 1909 nobis
2767 1854 2949 1908 omnia
2973 1854 3184 1908 inﬁrma
3220 1854 3351 1924 pali,
3377 1854 3473 1908 sed

187 1943 393 2011 quiut“?
420 1942 488 1997 Et
518 1948 578 1995 ut
616 1954 787 2008 nuper
814 1936 994 1992 audivi
1023 1951 1053 1989 a
1088 1934 1323 2005 quodam
1354 1932 1579 1987 Hebraeo
1606 1931 1780 1986 lama-

193 2035 455 2108 zapthani
491 2047 687 2089 sonare
722 2030 959 2095 videtur,
989 2036 1052 2082 ut
1087 2027 1215 2096 quid
1252 2024 1636 2095 perexquisisti
1664 2038 1782 2091 me,

192 2134 251 2183 et
288 2133 375 2181 est
407 2137 620 2187 sensus,
652 2128 713 2175 ut
741 2120 870 2189 quid
896 2116 1283 2188 perexquisisti
1308 2156 1322 2180 ,
1354 2123 1414 2170 ut
1434 2115 1616 2170 omnia
1641 2128 1787 2169 com-

189 2217 382 2291 pleres
423 2215 477 2271 in
523 2214 648 2269 me?
694 2226 867 2283 usque
905 2211 971 2265 ad
1006 2210 1165 2264 unius
1210 2209 1419 2279 apicem
1472 2209 1634 2274 ioue,
1665 2221 1786 2277 qum

194 2309 460 2382 praedicta
482 2315 608 2363 sunt
636 2306 691 2361 in
717 2305 835 2374 lege
860 2311 915 2359 et
942 2302 1220 2373 prophetis
1246 2302 1314 2356 de
1342 2316 1447 2357 me.
1485 2300 1638 2369 Quod
1666 2301 1788 2356 ideo

194 2411 313 2459 tam
360 2402 414 2457 in
440 2401 630 2459 Grteco
665 2414 827 2469 quam
870 2397 922 2451 in
965 2395 1159 2449 Latino
1196 2393 1352 2463 juxta
1398 2393 1787 2465 proprietatem

195 2496 442 2553 Hebrum
480 2495 675 2566 linguae
703 2492 783 2547 sic
825 2490 1041 2560 legitur.
1070 2487 1331 2555 Quamvis
1373 2502 1495 2542 mox
1545 2484 1787 2554 ejusdem

194 2593 353 2648 vocis
401 2587 779 2659 interpretatio
846 2584 898 2639 in
966 2592 1197 2653 utraque
1264 2583 1442 2653 lingua
1493 2581 1791 2651 subsequa-

196 2690 315 2748 tur,
344 2692 404 2737 ut
432 2682 604 2736 honor
637 2688 693 2734 et
723 2676 1023 2734 reverentia
1056 2675 1382 2731 dulcissimae
1410 2674 1560 2730 vocis
1586 2672 1791 2730 Christi

198 2790 367 2847 quam
396 2772 534 2828 fudit
578 2772 633 2827 in
675 2768 904 2825 articulo
926 2768 1119 2823 mortis
1143 2768 1209 2822 ad
1251 2766 1489 2831 Patrem,
1514 2777 1787 2822 servetur.

199 2865 359 2924 Sicut
378 2867 433 2921 in
471 2863 721 2928 Alleluia,
768 2863 903 2918 etin
947 2859 1188 2924 Osanna,
1231 2873 1333 2913 nec
1364 2872 1466 2912 non
1512 2857 1564 2911 in
1589 2856 1787 2922 Amen,

199 2966 264 3013 ut
312 2970 554 3012 consona
598 2968 732 3009 voce
775 2953 916 3008 sicut
973 2958 1030 3006 et
1088 2956 1270 3005 mente
1315 2962 1504 3003 omnes
1552 2947 1606 3002 in
1656 2946 1795 3018 idip—

202 3064 327 3105 sum
377 3046 567 3103 laudes
606 3045 848 3102 dicamus
895 3041 1001 3096 Deo
1050 3049 1341 3105 canentes,
1394 3046 1450 3094 et
1492 3037 1796 3093 communi-

203 3151 399 3197 cantes
437 3140 491 3195 in
523 3139 754 3196 invicem
806 3136 860 3190 in
906 3134 1112 3189 unitate
1154 3134 1463 3188 verborum.
1513 3131 1795 3203 Siquidem

1888 1941 2185 1993 secundum
2207 1942 2377 1996 Deum
2400 1943 2455 1997 in
2484 1943 2570 2000 bis
2603 1946 2857 2000 omnibus
2886 1946 3243 2015 triumphare.
3267 1945 3474 2000 Idcirco

1886 2045 1986 2101 pro
2009 2032 2093 2085 his
2118 2032 2360 2098 vocibus,
2378 2047 2534 2089 nemo
2550 2036 2704 2090 nobis
2725 2044 2904 2106 potest
2925 2036 3208 2102 insultare,
3238 2036 3364 2107 quia
3389 2036 3473 2091 di-

1888 2124 1960 2179 cit
1986 2143 1998 2178 :
2035 2124 2172 2179 Deus
2206 2143 2373 2192 meus,
2405 2126 2548 2181 Deus
2578 2145 2742 2193 meus,
2776 2129 2981 2199 utquid
3003 2128 3329 2200 dereliquisti
3354 2129 3479 2183 me?

1888 2214 2053 2282 Quasi
2087 2218 2303 2289 1178
2326 2219 2378 2273 in
2402 2220 2486 2274 his
2515 2228 2595 2274 tot
2608 2221 3207 2277 beatitudinum‘causis
3234 2222 3369 2276 mori
3408 2221 3477 2277 ti-

1890 2308 2109 2372 muerit,
2145 2319 2199 2365 et
2225 2312 2295 2365 ob
2324 2311 2377 2365 id
2408 2313 2563 2380 quasi
2589 2313 2656 2367 ad
2683 2314 3063 2370 necessitatem
3092 2314 3357 2369 moriendi
3384 2313 3480 2370 de-

1873 2406 2094 2457 .sertum
2122 2413 2180 2455 se
2220 2415 2250 2454 a
2278 2400 2389 2456 Deo
2409 2411 2687 2470 queratur.
2722 2402 2875 2470 Quod
2904 2404 2949 2458 si
2980 2404 3054 2458 ita
3080 2411 3246 2469 esset,
3280 2402 3480 2458 fratres

1892 2490 2020 2555 mei,
2053 2500 2182 2560 puto
2210 2493 2333 2562 quia
2371 2509 2477 2549 non
2513 2503 2656 2550 esset
2691 2496 2793 2550 ista
2821 2512 2926 2552 vox
2956 2496 3193 2564 Christi,
3227 2496 3349 2551 Filii
3382 2496 3477 2552 Dei

1890 2582 2019 2646 vivi,
2044 2600 2256 2655 magna.
2290 2584 2631 2656 Quapropter
2652 2588 2779 2657 quia
2797 2603 2987 2657 magna
3020 2597 3123 2652 est,
3159 2589 3325 2644 credo
3350 2588 3478 2658 quia

1893 2674 1947 2728 in
1974 2674 2059 2729 his
2097 2677 2277 2731 verbis
2297 2693 2550 2749 magnum
2575 2679 2792 2749 aliquod
2824 2680 2979 2735 nobis
3012 2681 3252 2737 ostendit
3292 2695 3479 2737 sacra-

1894 2773 2158 2831 mentum,
2177 2776 2232 2821 et
2252 2767 2730 2837 profundissimum
2752 2771 2809 2824 in
2832 2785 2890 2825 se
2906 2772 3220 2842 mysterium
3249 2772 3479 2828 abscons-

1894 2854 2065 2942 ditum
2098 2858 2153 2912 in
2179 2873 2245 2914 eo
2273 2860 2415 2928 quod
2442 2860 2638 2916 clamat
2665 2863 2733 2917 ad
2758 2862 2926 2918 Deum
2948 2905 2963 2929 ,
2992 2868 3156 2936 q'uare
3188 2882 3270 2920 me
3293 2865 3483 2920 dereli-

1896 2948 2052 3019 quisti
2067 2950 2093 3003 1'
2131 2948 2248 3006 Non
2273 2952 2416 3006 enim
2440 2954 2523 3009 fas
2548 2965 2632 3010 est
2658 2970 2780 3010 eum
2809 2958 3025 3011 mentiri
3048 2958 3103 3012 in
3125 2973 3191 3013 eo
3209 2960 3352 3030 quod
3382 2958 3481 3025 ait,

1898 3054 2060 3108 quare
2084 3056 2164 3095 me
2206 3040 2531 3113 dereliquiin
2553 3044 2579 3097 ?
2607 3042 2792 3115 Neque
2826 3045 3029 3117 aliquid
3054 3047 3160 3103 vile
3198 3047 3480 3116 aestimari,

1903 3132 2028 3201 quia
2063 3148 2249 3188 verum
2295 3143 2379 3189 est
2403 3136 2547 3204 quod
2570 3136 2702 3192 dicit
2730 3138 3014 3208 querelosa
3042 3155 3208 3208 voce,
3237 3140 3364 3197 licet
3385 3154 3483 3212 per

205 3235 262 3289 in
306 3234 415 3289 hac
460 3249 591 3290 voce
638 3235 761 3303 quia
810 3248 1067 3303 magnum
1115 3240 1199 3289 est
1240 3231 1584 3304 mysterium,
1634 3229 1793 3300 digne
1822 3227 1865 3288 C
1896 3224 3328 3300 humilitatemhumanmconditionis.Quianoninhac
3354 3247 3485 3290 voce

205 3325 378 3388 satis,
438 3331 498 3378 ut
559 3323 698 3389 dixi,
762 3324 1038 3394 provisum
1095 3331 1178 3380 est
1236 3323 1306 3377 ab
1368 3323 1498 3392 ipsis
1558 3335 1794 3393 evange-

204 3418 353 3475 listis
385 3420 597 3491 1177
627 3428 687 3474 ut
720 3434 820 3490 pro
846 3420 1051 3475 honore
1090 3434 1153 3475 ac
1189 3419 1491 3474 reverentia
1524 3418 1656 3472 tanti
1681 3416 1798 3472 cla-

207 3509 382 3565 moris
420 3510 721 3581 proprietas
769 3511 1085 3566 eorumdem
1123 3512 1412 3566 verborum
1455 3511 1509 3564 in
1547 3510 1800 3565 omnibus

209 3608 525 3655 servaretur
548 3599 764 3672 linguis;
803 3601 930 3670 quia
964 3601 1148 3656 nescio
1186 3601 1232 3655 si
1262 3602 1397 3657 satis
1435 3600 1595 3671 digne
1628 3598 1801 3668 possit

210 3691 594 3761 interpretari,
623 3692 766 3761 quod
796 3708 917 3749 cum
952 3702 1104 3749 tanto
1134 3692 1329 3747 aﬂ‘ectu
1360 3692 1414 3746 in
1453 3697 1799 3747 sacramento

210 3782 409 3839 salutis
440 3792 637 3839 nostra:
665 3784 1015 3854 supplicatur.
1040 3782 1424 3838 Verumtamen
1456 3782 1509 3836 in
1539 3796 1602 3836 ea
1628 3781 1800 3835 inter-

210 3873 520 3945 pretatione
541 3915 557 3939 ,
589 3889 752 3944 quam
781 3873 1141 3945 Hieronymus
1168 3872 1487 3929 emendasse
1537 3869 1799 3934 creditur,

212 3968 395 4036 magis
418 3982 631 4038 semper
646 3966 1112 4023 lemazabacthani
1140 3965 1320 4019 habet.
1352 3962 1409 4017 In
1454 3977 1517 4016 ea
1539 3975 1668 4017 vero
1682 3972 1802 4030 quae

212 4059 396 4130 prius,
421 4068 481 4114 ut
499 4058 707 4115 aestimo
750 4059 804 4114 in
834 4057 1081 4115 ecclesiis
1111 4056 1390 4127 legebatur
1417 4052 1799 4123 lamazaptani.

213 4147 331 4205 Sed
351 4147 601 4206 Christus
636 4164 800 4205 unum
823 4148 1020 4205 horum
1054 4148 1107 4204 in
1139 4161 1304 4203 cruce
1325 4146 1565 4217 pendens
1586 4142 1801 4209 sonuit,

210 4242 367 4315 quod
394 4242 741 4314 evangelista;
765 4242 937 4314 magis
955 4240 1096 4297 forte
1116 4248 1241 4297 sunt
1259 4238 1453 4295 secuti.
1478 4236 1655 4292 Potuit
1680 4249 1805 4291 eve-

213 4335 341 4390 nire
372 4342 433 4388 ut
462 4333 657 4404 aliquis
691 4335 744 4389 in
780 4333 1048 4411 Psalterio
1078 4332 1219 4403 apud
1258 4330 1512 4387 Hebraeos
1539 4328 1805 4398 scriptum

213 4427 495 4498 repererit
509 4427 689 4493 aliter,
718 4442 783 4483 ex
803 4442 912 4497 quo
932 4427 1049 4482 haec
1077 4425 1310 4479 varietas
1342 4422 1503 4478 unius
1522 4420 1673 4477 verbi
1695 4420 1806 4475 ori-

214 4529 404 4586 retur,
432 4518 523 4573 ubi
547 4527 603 4574 et
634 4518 697 4573 in‘
717 4517 924 4574 Graecis
961 4516 1239 4574 codicibus
1264 4512 1439 4585 reperi
1468 4509 1806 4567 lebasamba-

1903 3316 2107 3373 divisus
2135 3330 2220 3375 est
2243 3320 2513 3388 Christus,
2541 3338 2716 3393 neque
2747 3324 3070 3395 tripartitus,
3098 3333 3158 3379 ut
3189 3341 3218 3379 a
3255 3341 3315 3381 se
3336 3325 3485 3380 defe-

1902 3410 2200 3466 ceritDeus
2229 3412 2485 3478 verbum,
2519 3414 2644 3468 dum
2686 3415 2847 3470 homo
2883 3414 3226 3486 passionibus
3261 3414 3487 3487 exponi-

1907 3508 2012 3554 tur.
2037 3500 2141 3556 Sed
2158 3502 2272 3557 haec
2294 3518 2395 3557 vox
2428 3520 2623 3575 magna
2649 3519 2714 3559 ex
2745 3521 2813 3561 eo
2830 3515 2931 3565 est.
2959 3522 3080 3562 cum
3110 3521 3177 3562 ex
3202 3506 3373 3562 forma
3389 3508 3484 3564 Del

1904 3603 2080 3660 esset;
2104 3594 2249 3649 Patri
2272 3596 2383 3651 Deo
2411 3598 2715 3667 coacqualis,
2738 3613 2805 3653 ex
2827 3615 2935 3670 quo
2956 3600 3184 3655 formam
3206 3601 3346 3655 servi
3369 3616 3488 3657 sus-

1904 3689 2072 3758 cepit,
2100 3690 2168 3743 ab
2202 3688 2360 3757 hujus
2386 3706 2514 3762 ergo
2535 3693 2906 3762 magnitudine
2942 3694 3279 3749 descendens
3304 3702 3489 3749 semet-

1905 3783 2076 3851 ipsum
2115 3783 2400 3836 exinanivit
2431 3781 2685 3855 (Philipp.
2716 3800 2776 3851 η,
2808 3784 2881 3855 7),
2907 3802 3005 3856 per
3034 3787 3136 3842 hoc
3161 3827 3175 3852 ,
3202 3785 3348 3856 quod
3373 3786 3487 3842 for-

1906 3889 2049 3928 mam
2078 3874 2219 3928 servi
2242 3874 2478 3944 suscepit
2498 3889 2562 3930 ac
2582 3890 2680 3945 per
2705 3878 2809 3932 hoc
2848 3893 2954 3932 una
2996 3877 3244 3933 voluntas
3268 3885 3351 3934 est
3380 3877 3487 3934 Pa«h

1909 3963 2008 4019 tris
2034 3965 2126 4035 qui
2154 3964 2460 4033 misiteum,
2484 3975 2538 4022 et
2560 3966 2682 4022 Filii
2710 3969 2801 4039 qui
2826 3983 2921 4023 sua
2951 3977 3143 4040 sponte
3164 3985 3284 4025 eam
3307 3984 3491 4026 susce-

1906 4055 2004 4125 pit.
2026 4055 2180 4112 Unde
2197 4064 2457 4127 quantum
2472 4057 2541 4113 ad
2571 4058 2713 4114 illam
2735 4068 3015 4131 exspectat
3037 4068 3285 4116 naturam
3310 4062 3363 4116 in
3386 4074 3490 4131 qua

1910 4144 2088 4201 fuerat
2130 4149 2309 4218 imago
2346 4149 2631 4206 invisibilis
2661 4151 2713 4206 in
2744 4150 2916 4207 forma
2945 4152 3060 4218 Dei,
3097 4153 3214 4223 ipse
3242 4154 3491 4225 idemque

1910 4238 2160 4295 Christus
2196 4240 2486 4297 derelictus
2514 4250 2596 4297 est
2618 4257 2648 4297 a
2681 4241 2862 4307 Patre,
2889 4259 3010 4300 cum
3038 4258 3171 4300 caro
3193 4244 3351 4300 morti
3374 4236 3490 4300 tra-

1913 4328 2076 4396 ditur,
2110 4329 2235 4385 licet
2261 4330 2404 4386 idem
2435 4332 2783 4402 impassibilis
2813 4335 3089 4390 credatur.
3115 4334 3180 4389 Et
3203 4333 3493 4391 derelictus

1913 4430 2017 4486 est,
2038 4438 2145 4477 non
2170 4438 2269 4493 per
2293 4439 2373 4490 se,
2396 4426 2486 4493 qui
2510 4440 2723 4496 semper
2749 4442 2887 4482 unus
2906 4436 3023 4483 erat
3047 4442 3170 4483 eum
3191 4426 3371 4494 Patre,
3397 4426 3494 4485 sed

1915 4528 2013 4583 pro
2045 4515 2298 4571 omnibus
2332 4517 2508 4582 nobis,
2544 4525 2601 4571 ut
2630 4518 2754 4572 talia
2783 4526 2838 4573 et
2869 4526 3018 4575 tanta
3039 4521 3328 4577 sustineret
3348 4519 3495 4577 Deus

212 4584 435 4671 ctbani.
463 4611 804 4684 Quapropter
832 4627 962 4682 rogo
994 4610 1047 4665 in
1088 4619 1198 4663 tam
1232 4584 1479 4662 obscuris
1521 4603 1706 4659 verbis
1751 4607 1807 4658 et
1832 4584 1885 4645 Ῑ)
1910 4612 1963 4659 et
1990 4606 2154 4660 homo
2180 4606 2463 4674 Christus,
2504 4616 2563 4663 ut
2605 4623 2778 4678 usque
2819 4611 2885 4665 ad
2917 4619 3147 4667 mortem
3178 4611 3404 4667 veniret.
3439 4620 3496 4667 et

213 4703 520 4776 incognitis
548 4704 689 4775 apud
732 4718 832 4759 nos
866 4718 1025 4759 nemo
1050 4700 1227 4757 facilis
1263 4699 1333 4756 sit
1378 4697 1696 4753 Latinorum
1737 4693 1809 4750 ad
1914 4706 2143 4752 mortem
2167 4700 2374 4765 crucis,
2408 4714 2526 4770 qute
2557 4700 2701 4757 inter
2728 4702 2976 4759 homines
3008 4704 3321 4774 turpissima
3350 4702 3497 4758 vide-

211 4797 646 4862 immutandum,
665 4811 823 4851 nemo
838 4794 994 4865 quasi
1009 4793 1509 4865 ademendanaum,
1526 4785 1679 4856 cujus
1698 4784 1810 4838 vim
1916 4788 2092 4842 batur.
2126 4788 2239 4843 Non
2253 4789 2396 4843 enim
2407 4789 2695 4846 derelictus
2714 4800 2799 4847 est
2818 4800 2877 4846 ut
2912 4808 3016 4848 non
3047 4802 3189 4849 esset
3208 4791 3352 4848 Deus
3372 4804 3493 4846 cum

212 4888 380 4945 verbi
410 4903 511 4944 nos
538 4887 835 4959 intelligere
858 4902 965 4942 non
989 4885 1253 4940 valemus.
1274 4883 1343 4939 Et
1368 4866 1488 4938 ideo
1511 4886 1730 4935 nostros
1753 4876 1812 4931 in

210 4982 485 5039 Latinum
522 4997 817 5053 sequamur
852 4982 1208 5052 interpretes,
1237 4979 1328 5049 qui
1358 4991 1546 5033 omnes
1572 4986 1812 5030 consona

212 5089 363 5131 voce
397 5085 455 5128 ut
481 5075 607 5147 quid
643 5074 966 5146 dereliquisti
998 5089 1101 5138 me,
1127 5072 1399 5128 dixerunt.
1423 5068 1529 5125 Nec
1554 5068 1817 5123 miremur

211 5167 527 5223 verborum
540 5167 921 5235 humilitatem,
938 5174 993 5223 et
1013 5165 1383 5237 querimonias
1412 5162 1670 5228 derelicti,
1691 5173 1816 5217 cum

212 5261 468 5316 formam
515 5260 658 5316 servi
698 5261 751 5316 in
796 5274 863 5316 eo
907 5260 1381 5333 recognoscimus,
1421 5264 1477 5313 et
1502 5255 1818 5313 scandalum

212 5351 707 5419 crucisvidemus;
726 5354 803 5408 ita
822 5361 1027 5419 tamen,
1054 5362 1113 5409 ut
1133 5352 1495 5424 intelligamus
1520 5350 1645 5422 quia
1670 5363 1817 5406 mors

211 5443 441 5500 Christi
463 5442 600 5498 nihil
624 5444 769 5499 aliud
795 5454 879 5500 est
918 5460 1082 5515 quam
1124 5443 1316 5500 mortis
1342 5442 1592 5508 abolitio,
1622 5449 1676 5496 et
1715 5455 1814 5511 po-

211 5541 499 5593 testatum
522 5535 932 5603 dehonestatio;
956 5536 1150 5592 fiducia
1168 5534 1411 5591 victoria;
1437 5541 1492 5589 et
1512 5532 1821 5603 triumphus

208 5628 550 5703 pugnantis.
574 5626 705 5695 Quae
726 5630 971 5699 quamvis
996 5644 1063 5684 ex
1080 5627 1396 5683 inﬁrmitate
1420 5624 1600 5682 carnis
1613 5624 1821 5690 veniat,

215 5742 345 5779 non
377 5722 680 5777 necessitas
715 5722 851 5788 fuit,
889 5723 983 5778 sed
1014 5722 1283 5777 voluntas.
1315 5719 1383 5774 Et
1411 5719 1531 5774 ideo
1560 5718 1739 5789 potius
1769 5717 1821 5771 in

210 5822 587 5872 sacramento
606 5814 955 5891 intelligenda
981 5822 1066 5873 est
1093 5814 1201 5871 ista
1224 5827 1351 5881 vox,
1367 5825 1529 5885 quam
1556 5811 1610 5867 in
1630 5808 1823 5867 affectu

1917 4879 2031 4934 Deo
2057 4887 2113 4933 et
2139 4880 2192 4933 in
2220 4880 2409 4946 Deum,
2448 4880 2542 4936 sed
2565 4881 2861 4939 derelictus
2888 4893 2972 4939 est
2995 4884 3199 4949 venire,
3231 4895 3403 4953 usque
3428 4880 3498 4937 ad

1918 4987 2168 5039 crucem,
2208 4987 2380 5043 usque
2412 4973 2479 5028 ad
2501 4971 2711 5045 ﬂagella
2739 4984 2794 5029 et
2821 4984 3014 5046 sputa,
3058 4988 3230 5045 usque
3274 4973 3340 5029 ad
3381 4972 3499 5043 spi-

1923 5078 2080 5120 neam
2118 5079 2397 5131 coronam,
2438 5075 2496 5121 et
2515 5082 2686 5135 usque
2726 5068 2790 5123 ad
2834 5069 3077 5123 diversas
3119 5065 3496 5123 contumelias.

1922 5154 1979 5210 ln
2013 5156 2118 5211 hoc
2157 5171 2287 5226 ergo
2326 5156 2622 5228 intelligere
2658 5158 2885 5229 potestis
2932 5159 3059 5229 quid
3106 5160 3178 5214 sit
3221 5158 3365 5229 quod
3399 5157 3498 5224 ait,

1925 5249 2102 5315 Quare
2122 5250 2455 5321 Adereliquisti
2480 5252 2598 5307 me?
2636 5252 2842 5307 faciens
2889 5252 3345 5322 comparationem
3389 5249 3502 5321 glo-

1922 5345 2017 5399 riae
2039 5360 2181 5410 suae,
2214 5360 2375 5414 quam
2422 5344 2610 5400 habuit
2632 5346 2772 5414 apud
2797 5344 3011 5399 Patrem
3033 5385 3047 5411 ,
3092 5353 3147 5400 et
3166 5341 3503 5399 confusionis

1925 5451 2086 5508 quam
2128 5445 2477 5491 contemnens
2532 5443 2755 5506 propter
2795 5449 2896 5489 nos
2945 5435 3220 5489 sustinuit.
3274 5431 3503 5499 Nescio,

1927 5529 2128 5583 fratres
2157 5528 2294 5592 mei,
2329 5528 2373 5581 sl
2398 5526 2537 5582 ullus
2568 5525 2898 5591 mortalium,
2924 5525 3222 5597 intelligere
3243 5526 3415 5595 possit
3448 5525 3503 5581 in

1928 5623 2033 5677 hoc
2058 5619 2313 5692 mysterio
2345 5618 2638 5687 querelosae
2663 5618 2812 5672 vocis
2834 5657 2848 5683 ,
2882 5626 3081 5687 quanta
3116 5616 3363 5688 qualiave
3392 5615 3505 5671 sint

1929 5721 2268 5771 sacramenta
2297 5727 2416 5781 qua:
2442 5709 2620 5766 offert.
2659 5708 2793 5777 Quia
2833 5710 2887 5765 in
2928 5711 3014 5767 his
3051 5711 3229 5767 verbis
3259 5710 3503 5766 omnium

1930 5822 2118 5864 eorum
2147 5804 2239 5879 qui
2269 5801 2633 5878 praedostinati
2661 5810 2788 5860 sunt
2821 5801 2890 5859 ad
2923 5803 3103 5869 vitam,
3131 5802 3327 5877 pendet
3360 5798 3511 5869 salui
