4048 6352
651 340 756 402 989

1442 334 1499 393 S.
1540 332 1896 392 PASCHASII
1936 331 2284 390 RADBERTI
2321 333 2611 393 ABBATIS
2647 334 3095 396 CORBEIENSIS
3726 342 3806 405 960

649 455 1000 523 onminmque
1031 450 1410 506 damnatorum
1448 448 1708 519 judicium
1728 488 1743 512 ,
1774 455 1834 501 ut
1888 445 2077 501 aﬁ‘erat
2114 446 2225 501 Deo
2251 449 2303 510 Α
2327 449 2562 519 primum
2586 450 2886 506 coacuisset
2909 449 3062 505 acida
3091 447 3228 503 facta
3246 456 3323 504 est
3346 459 3397 505 et
3412 462 3655 522 corrupta;
3681 472 3807 527 quam

650 549 797 605 Patri
829 550 884 603 in
908 561 967 602 se
993 545 1231 600 omnium
1248 541 1599 603 surculorum;
1632 547 1686 593 et
1705 539 1786 592 hae
1807 537 2059 605 suntejus
2090 553 2225 607 que-

652 640 796 704 relae,
821 646 881 693 ut
918 636 1219 705 intelligant
1240 632 1499 695 universi,
1544 631 1668 699 quia
1714 631 1769 683 in
1802 646 1865 684 eo
1902 631 2045 698 quod
2074 630 2229 684 dere-

649 729 809 785 lictus
839 738 923 782 est
965 741 1137 795 usque
1166 723 1232 778 ad
1267 733 1526 785 mortem,
1571 722 1767 790 pendet
1806 721 2046 775 omnium
2093 719 2231 773 salu-

650 821 721 875 tis
764 834 951 874 causa.
990 816 1152 870 Multa
1197 823 1322 868 sunt
1361 813 1577 882 quidem
1624 811 1675 863 in
1712 811 1811 864 hac
1853 824 1982 864 voce
2029 808 2228 864 Christi

652 926 880 981 magna,
932 924 1051 978 quae
1099 922 1280 961 coram
1332 904 1439 959 Deo
1486 902 1645 957 Patre
1700 903 1935 956 breviter
1989 916 2226 956 comme-

653 1013 858 1063 morat,
892 1001 985 1056 sed
1022 999 1133 1052 vult
1166 997 1381 1067 1179
1425 1005 1481 1050 ut
1535 995 1710 1049 latiori
1756 994 2029 1048 intellectu
2080 995 2230 1064 quis-

653 1108 758 1164 que
785 1091 1098 1161 perpendat.
1129 1088 1327 1143 Eadem
1356 1101 1586 1154 namque
1620 1101 1718 1138 vox
1745 1093 1828 1138 est
1856 1098 1960 1154 qua
1987 1084 2187 1138 dicitur
2212 1102 2225 1138 :

654 1184 894 1240 Avertisti
917 1182 1104 1251 faciem
1133 1189 1278 1233 tuam
1309 1194 1341 1230 a
1367 1192 1468 1240 me,
1485 1186 1531 1229 et
1555 1176 1724 1245 factus
1738 1191 1852 1228 sum
1869 1176 2225 1227 conturbatus.

654 1273 723 1329 Et
746 1272 872 1328 illud
891 1286 956 1325 ac
970 1272 1015 1324 si
1038 1269 1278 1323 clamans
1301 1267 1367 1320 ad
1388 1265 1605 1319 Patrem
1626 1283 1639 1317 :
1660 1266 1792 1329 Quae
1813 1266 2014 1318 utilitas
2037 1265 2090 1317 in
2112 1280 2230 1317 san-

653 1368 808 1438 guine
822 1379 955 1425 meo,
977 1361 1102 1415 dum
1121 1358 1377 1412 descendo
1391 1358 1445 1409 in
1461 1357 1844 1425 corruptionem
1863 1354 2047 1425 ?(Psal
2074 1369 2227 1419 xxix,

653 1457 709 1523 8,
744 1457 852 1527 l0.)
894 1452 1264 1510 Obedientiam
1286 1450 1554 1517 siquidem
1586 1447 1664 1501 sui
1701 1447 1899 1501 laboris
1936 1456 2097 1508 atque
2127 1446 2227 1499 hu-

655 1547 898 1603 militatis
928 1551 1278 1614 repraesentat
1310 1541 1419 1594 Deo
1456 1539 1625 1603 Patri,
1649 1547 1704 1591 et
1727 1536 1884 1591 otl'vrt
1916 1538 1967 1590 in
1998 1537 2228 1605 pretium

653 1656 853 1700 nostra:
868 1643 1079 1705 salutis,
1109 1655 1329 1696 causam
1354 1652 1504 1702 vero,
1533 1637 1643 1691 imo
1668 1634 1901 1689 fructum
1928 1649 2106 1686 causae
2140 1647 2228 1686 re-

652 1738 841 1807 quirit,
874 1744 929 1789 ιιι
958 1734 1301 1791 commendet
1326 1733 1434 1785 Deo
1456 1728 1601 1783 Patri
1620 1769 1635 1793 ,
1666 1736 1841 1782 totum
1865 1725 2123 1795 quidquid
2146 1731 2231 1778 est

2329 540 2442 609 ipse
2472 541 2525 596 in
2557 557 2614 596 se
2640 542 2960 612 suscipiens,
2985 542 3191 611 potavit
3215 557 3275 596 ac
3306 542 3349 597 si
3377 542 3425 598 in
3451 544 3631 600 calamo
3655 559 3809 607 nostra

2328 629 2655 700 fragilitatis.
2699 630 2805 686 Sed
2840 648 2941 688 nos
2968 631 3021 685 ei
3054 639 3182 686 tunc
3215 630 3397 688 damus
3434 634 3717 704 myrrhatum
3745 639 3807 695 vi-

2329 738 2456 777 num
2478 725 2662 778 bibere
2693 732 2854 799 atque
2888 733 3099 779 acetum
3128 738 3249 778 cum
3273 722 3389 779 felle
3414 725 3810 798 mistum,quando

2328 828 2449 869 eum
2475 816 2757 884 consopire
2787 816 3059 870 credimus
3087 831 3155 870 ne
3180 815 3313 870 mala
3336 826 3507 871 nostra
3537 818 3705 873 videat.
3733 820 3811 877 Sed

2329 913 2587 973 quantum
2614 904 2680 959 ad
2710 920 2827 970 nos,
2846 904 2973 974 quia
3001 904 3245 960 laesiones
3267 904 3313 959 ei
3336 904 3611 969 inferimus,
3631 906 3704 962 ille
3720 924 3811 963 cum

2330 1004 2597 1065 gustasset
2640 996 3021 1050 mortalitatem
3068 1006 3340 1061 nostram,
3368 995 3639 1064 huiusmodi
3670 1008 3808 1067 potum

2330 1099 2487 1154 quem
2506 1084 2814 1151 offerimus,
2844 1085 3015 1139 noluit
3042 1085 3245 1140 bibere.
3268 1084 3381 1140 Non
3400 1087 3518 1157 quia
3539 1087 3693 1141 vinum
3709 1099 3805 1151 erat,

2330 1179 2422 1232 sed
2465 1178 2587 1247 quia
2633 1193 2753 1231 cum
2792 1177 2914 1232 felle
2955 1177 3175 1232 mistum
3205 1186 3340 1242 erat,
3370 1187 3422 1232 et
3447 1177 3610 1232 vinum
3636 1177 3810 1246 laetitia,

2329 1270 2471 1340 quod
2499 1270 2552 1322 in
2578 1269 2734 1323 nobis
2760 1277 2911 1333 erat,
2941 1276 3110 1323 totum
3146 1268 3441 1322 amaritudo
3477 1268 3656 1337 peccati
3681 1283 3811 1323 comt-

2331 1367 2498 1429 perat.
2539 1356 2645 1412 Sed
2680 1365 2738 1411 ut
2759 1358 3135 1411 ostenderetur
3162 1357 3453 1413 sineeritati
3493 1358 3630 1413 bona:
3663 1368 3814 1413 natura:

2331 1450 2717 1503 amaritudines
2739 1448 2987 1503 vitiorum
3016 1464 3120 1502 non
3153 1450 3396 1504 debuisse
3425 1449 3704 1514 admisceri,
3725 1467 3812 1504 cum

2329 1549 2598 1609 gustasset
2625 1541 2794 1609 ipsam
2816 1541 3238 1609 corruptionem,
3265 1540 3429 1596 noluit
3444 1541 3610 1597 bibere
3625 1543 3738 1611 quod
3755 1545 3816 1598 ad-

2328 1632 2547 1685 mistutn
2573 1640 2711 1695 erat,
2736 1632 2829 1685 sed
2858 1632 3227 1686 sinceritatem
3262 1642 3463 1687 natura:
3496 1634 3758 1702 suscipiens,
3776 1633 3814 1686 in

2328 1737 2435 1790 qua
2456 1723 2555 1776 ista
2587 1722 2848 1791 perferret
2872 1739 2991 1792 qua:
3021 1732 3206 1779 nostra
3227 1733 3372 1789 sunt,
3389 1733 3438 1779 el
3457 1724 3668 1795 aﬁigerct
3682 1726 3812 1792 cruci;

652 1805 813 1894 illud,
863 1843 960 1882 cur
999 1841 1167 1895 usque
1197 1824 1262 1877 ad
1308 1824 1446 1877 hanc
1485 1828 1709 1876 mortem
1737 1819 1964 1871 venerit.
1994 1816 2117 1870 Haec
2151 1815 2222 1870 id-
2256 1805 2305 1866 Β
2331 1828 2393 1865 ac
2442 1813 2692 1881 deinceps
2734 1815 2787 1867 in
2828 1827 2886 1868 se
2923 1822 3289 1880 monstraret',
3330 1815 3468 1884 quod
3497 1815 3601 1869 sine
3626 1815 3815 1868 amaritu-

651 1918 798 1973 cireo
820 1917 1081 1985 prolixius
1103 1914 1354 1975 dixerim,
1374 1922 1431 1964 nt
1452 1926 1612 1965 nemo
1631 1901 1881 1979 magnum
1905 1908 2120 1977 pietatis
2140 1922 2225 1960 sa-

648 2020 987 2065 cramentum
1024 2009 1090 2063 ad
1126 2007 1455 2076 impietatem
1509 2012 1815 2072 retorqueat
1869 2001 2220 2054 inﬁdelitatis.

651 2099 915 2167 Quoniam
964 2096 1202 2165 ejusdem
1244 2112 1343 2150 vox
1375 2104 1459 2149 est
1501 2102 1661 2162 atque
1697 2107 1877 2147 sermo
1906 2090 2223 2145 derelictum

651 2206 711 2247 se
740 2190 1119 2260 conquerentis
1138 2199 1189 2243 et
1213 2204 1271 2243 se
1296 2202 1520 2259 regnare
1540 2186 1860 2255 proﬁtentis.
1883 2183 2225 2253 Quapropter

651 2297 810 2338 nemo
832 2282 989 2337 ﬁdem
1014 2290 1254 2335 nostram
1287 2278 1613 2333 inﬁdelitatis
1642 2278 1853 2331 ratione
1878 2276 2101 2339 dividat,
2130 2274 2225 2328 scd

650 2375 1005 2432 conﬁteantur
1027 2391 1092 2430 ex
1122 2383 1231 2428 toto
1263 2374 1453 2438 corde,
1487 2373 1613 2442 quia
1638 2371 1776 2425 idem
1808 2379 1910 2432 est,
1942 2372 2129 2424 eodem
2170 2370 2224 2424 in

652 2475 917 2537 tempore,
939 2466 1029 2534 qui
1051 2473 1294 2519 mortuus
1316 2472 1367 2517 et
1389 2463 1479 2531 qui
1499 2460 1873 2516 immortaliter
1897 2469 2104 2529 regnat.
2130 2458 2226 2511 Se-

647 2559 833 2629 quitur
858 2572 872 2611 :
908 2557 1137 2624 Quidam
1164 2564 1338 2609 autem
1360 2554 1487 2618 illic,
1523 2564 1739 2617 stantes,
1765 2563 1811 2607 et
1840 2554 2107 2607 audientes
2138 2553 2222 2605 di-

648 2649 829 2703 cebant
854 2661 873 2700 :
897 2647 1071 2702 Eliam
1097 2658 1242 2702 vocat
1262 2648 1377 2701 iste.
1408 2645 1548 2715 Ergo
1563 2662 1684 2699 cum
1701 2646 1831 2699 dicit
1851 2646 2093 2714 quidam,
2116 2659 2221 2698 non

649 2752 839 2793 omnes
876 2737 991 2792 vult
1031 2737 1273 2807 intelligi.
1310 2736 1433 2799 Sed,
1466 2745 1526 2788 ut
1550 2736 1805 2798 arbitror,
1855 2735 2071 2802 quidam
2111 2734 2223 2788 fue-

652 2841 779 2885 runt
828 2846 894 2885 ex
950 2829 1211 2884 militibus
1260 2829 1657 2890 Romanorum,
1706 2842 1811 2882 non
1868 2826 2224 2896 intelligentes

648 2922 1034 2993 proprietatem
1079 2920 1330 2974 Hebraici
1384 2919 1678 2983 sermonis;
1734 2919 1827 2972 sed
1871 2934 1935 2972 ex
1978 2934 2043 2972 eo
2080 2919 2223 2988 quod

651 3001 805 3079 dixit,
832 3012 940 3079 Eli,
974 3011 1082 3074 Eli,
1108 3011 1368 3080 putabant
1391 3025 1512 3064 eum
1536 3009 1703 3063 Eliam
1726 3024 1968 3064 vocasse.
1990 3010 2141 3064 Unde
2169 3017 2225 3064 et

650 3104 741 3161 alii
770 3103 1051 3158 dicebant:
1082 3101 1207 3157 Sine
1225 3101 1490 3155 videamus
1517 3117 1585 3154 an
1615 3102 1783 3155 veniat
1806 3101 1953 3155 Elia:
1974 3110 2020 3154 et
2045 3101 2222 3155 liberet

648 3212 787 3250 eum.
807 3193 957 3261 Quod
980 3193 1023 3248 si
1044 3191 1256 3247 Iudaeos
1284 3191 1703 3246 intellexerimus
1727 3191 1851 3245 talia
1874 3190 2095 3254 dixisse,
2124 3207 2223 3246 nec
2250 3161 2294 3222 θ

648 3289 845 3344 mirum
869 3286 912 3342 si
946 3302 1094 3341 more
1133 3285 1290 3341 solito
1321 3285 1526 3339 faciunt
1562 3293 1620 3337 ιιι
1656 3283 1941 3337 Dominum
1979 3283 2223 3338 imbecil-

644 3380 821 3436 litatis
841 3395 952 3436 suae
984 3378 1261 3442 infament,
1293 3380 1448 3449 quasi
1477 3380 1530 3433 in
1561 3378 1694 3434 Elia:
1721 3378 1977 3433 auxilium
2011 3380 2226 3443 invoca-

648 3473 807 3528 verit.
842 3471 911 3526 Et
937 3472 1039 3527 hoc
1067 3478 1129 3525 ut
1154 3470 1411 3525 Romanis
1441 3469 1804 3524 nescientibus
1835 3470 2222 3540 proprietatem

644 3563 937 3618 verborum
964 3561 1326 3631 persuadeant
1350 3559 1621 3614 inﬁrmum
1646 3575 1768 3615 eum
1795 3559 1981 3623 fuisse,
2010 3562 2097 3630 qui
2120 3560 2222 3615 sibi

648 3667 754 3709 non
778 3652 1013 3723 potuerit
1055 3651 1360 3706 subvenire.
1394 3648 1500 3705 Sed
1528 3659 1584 3704 et
1610 3666 1736 3716 nos,
1777 3652 1902 3721 quia
1941 3650 2117 3706 factus
2142 3660 2227 3707 est

640 3744 804 3801 nobis
827 3742 1074 3797 Christus
1097 3742 1206 3807 via,
1236 3742 1507 3796 discamus
1532 3741 1722 3796 saltem
1748 3742 1799 3795 in
1827 3742 2103 3807 extremis,
2127 3757 2224 3812 pro

648 3838 860 3894 cunctis
892 3836 1334 3892 tribulationibus
1363 3836 1583 3902 nostris,
1615 3851 1808 3908 magna
1830 3852 1962 3892 voce
1991 3837 2225 3891 clamare

650 3927 719 3982 ad
750 3926 1053 3989 Dominum,
1079 3942 1185 3981 non
1209 3941 1343 3982 sono
1368 3925 1643 3990 vocis,sed
1664 3925 1899 3981 clamore
1921 3926 2101 3980 cordis
2120 3926 2224 3981 sic-

648 4018 727 4088 uti
770 4016 962 4073 Jonam
990 4018 1056 4072 de
1085 4025 1270 4073 ventre
1298 4017 1402 4072 ceti
1437 4016 1704 4072 clamasse
1736 4016 1983 4086 legimus.
2015 4015 2225 4073 Interea

649 4124 850 4182 negare
873 4124 978 4165 non
1005 4124 1316 4180 possumus,
1343 4109 1470 4180 quia
1497 4123 1723 4178 magnus
1757 4109 1963 4165 clamor
1989 4108 2120 4176 fuit,
2165 4118 2226 4165 ιιι

649 4198 717 4255 de
749 4207 934 4256 ventre
954 4200 1059 4255 ceti
1083 4199 1361 4256 audiretur
1392 4198 1448 4253 in
1475 4198 1614 4255 caelo
1631 4239 1648 4263 ,
1676 4206 1732 4253 et
1755 4198 1823 4253 de
1841 4197 2108 4270 profundo
2137 4200 2223 4255 in-

647 4287 770 4345 feri.
793 4289 898 4346 Sed
919 4290 1091 4360 major
1108 4289 1310 4346 Christi
1330 4289 1553 4345 omnino
1576 4289 1629 4343 in
1660 4304 1823 4345 cruce
1853 4287 1976 4356 fuit,
2008 4299 2227 4361 propter

648 4382 1075 4453 magnitudinem
1096 4396 1275 4437 rerum
1299 4395 1419 4450 quae
1440 4381 1720 4452 completa:
1745 4390 1869 4437 sunt
1900 4382 1955 4437 in
1982 4382 2222 4449 Christo,

646 4482 703 4531 et
715 4485 933 4546 propter
949 4489 1201 4546 magnum
1215 4470 1463 4529 allectum
1479 4472 1793 4529 voluntariae
1805 4474 2071 4544 passionis
2085 4475 2219 4543 ejus.

644 4630 651 4636 _
719 4562 979 4620 Continuo
1017 4579 1232 4619 currens
1267 4580 1403 4618 unus
1425 4579 1490 4617 ea:
1520 4564 1593 4618 eis
1611 4604 1627 4628 ,
1655 4574 1919 4635 acceptam
1948 4566 2220 4635 spongiam

647 4654 877 4725 implevit
912 4664 1091 4720 aceto;
1123 4664 1171 4709 et
1204 4655 1448 4724 imposuit
1477 4654 1745 4719 arundini,
1774 4664 1819 4708 et
1862 4655 2020 4709 dabat
2061 4656 2108 4709 ei
2144 4655 2221 4710 bi-

648 4746 784 4802 bere.
811 4745 936 4804 Haec
956 4746 1077 4801 ideo
1097 4744 1250 4811 fecit,
1277 4746 1404 4817 quia
1418 4746 1573 4814 juxta
1601 4745 1861 4802 Joannem
1884 4747 2114 4812 dixerat,
2139 4745 2224 4803 Si-

648 4837 742 4891 tio.
772 4835 888 4907 lpse
913 4851 1040 4893 vero
1068 4837 1173 4893 hoc
1204 4837 1326 4894 ideo
1353 4838 1523 4903 dixit,
1552 4845 1614 4892 ut
1655 4837 2055 4908 complerentur
2099 4853 2219 4893 om-

648 4927 739 4983 nia
758 4942 878 4998 qua:
898 4928 1154 4998 praedicta
1180 4936 1307 4983 sunt
1334 4926 1403 4983 de
1430 4926 1550 4991 illo;
1576 4937 1635 4982 ut
1660 4937 1745 4983 est
1768 4927 1897 4984 illud
1921 4946 1935 4982 :
1969 4926 2037 4982 Et
2064 4928 2221 4984 dede-

648 5027 769 5093 runt
795 5019 851 5074 in
878 5034 1053 5073 escam
1074 5034 1246 5074 meam
1285 5017 1357 5087 [et
1374 5058 1389 5082 ,
1412 5028 1461 5074 et
1491 5019 1707 5091 1180
1728 5020 1785 5075 in
1810 5021 1899 5074 siti
1925 5036 2043 5075 mea
2069 5029 2220 5091 pota-

646 5120 828 5189 perunt
865 5120 1158 5167 meaceto.
1205 5110 1374 5168 Aeeta
1404 5126 1533 5183 ergo
1575 5125 1747 5182 usque
1785 5111 1840 5166 in
1896 5111 2216 5168 hodiernum

646 5200 811 5266 diem,
842 5200 1010 5257 Judaei
1038 5211 1093 5258 et
1123 5216 1312 5258 omnes
1336 5199 1596 5256 increduli
1642 5199 1935 5258 Dominicat
1976 5216 2219 5258 resurre-

648 5290 863 5357 ctionis,
892 5301 949 5349 et
973 5293 1095 5349 felle
1118 5302 1307 5364 potant
1332 5293 1650 5356 Dominum;
1684 5291 1805 5347 felle
1829 5292 2036 5348 scilicet
2064 5307 2219 5347 ama-

646 5384 898 5465 ritudinis
944 5388 1195 5443 vitiorum
1233 5395 1287 5443 et
1324 5394 1477 5441 aceto
1508 5384 1858 5441 inﬁdelitatis.
1900 5385 2035 5452 Quia
2082 5384 2222 5440 sicut

648 5489 749 5549 per
778 5478 961 5533 vinum
990 5494 1185 5533 novum
1227 5479 1433 5532 honore
1478 5486 1533 5532 et
1558 5478 1731 5531 virtus
1770 5476 2084 5546 designatur
2124 5477 2225 5529 im-

648 5569 1024 5635 mortalitatis,
1057 5573 1129 5625 ita
1157 5578 1211 5625 et
1251 5585 1346 5641 per
1388 5580 1597 5625 acetum
1643 5569 1917 5637 corruptio
1948 5569 2222 5623 vitiorum.

649 5656 781 5714 Nam
810 5662 989 5715 vinum
1015 5677 1110 5732 per
1138 5662 1328 5716 vitium
1350 5669 1405 5715 et
1432 5661 1695 5714 incuriam
1718 5659 2028 5728 frequenter
2057 5660 2107 5712 in
2136 5674 2228 5712 va-

649 5752 728 5812 Iis
774 5756 1006 5810 accessit
1034 5775 1045 5809 :
1077 5756 1157 5810 sic
1196 5764 1251 5811 et
1290 5764 1481 5810 natura
1522 5756 1786 5819 humana,
1817 5768 1941 5808 cum
1980 5754 2030 5807 in
2056 5753 2223 5808 Adam

2248 4527 2302 4589 D

2325 1908 2448 1962 dine
2471 1908 2675 1976 peccati
2706 1918 2867 1979 atque
2900 1909 3262 1978 corruptionis
3281 1950 3295 1975 ,
3324 1908 3670 1963 immortalitas
3688 1922 3819 1962 resur-

2324 2000 2560 2069 gentium
2590 1998 2767 2054 futura
2799 2010 2960 2055 esset.
2994 1999 3123 2068 Quae
3156 2002 3412 2070 quoniam
3442 2001 3760 2056 immortalitas
3779 2001 3815 2053 in

2323 2092 2467 2144 vasis
2482 2100 2767 2145 coacuerat
2789 2093 3007 2146 humani
3029 2094 3266 2163 generis,
3293 2104 3561 2164 reparatur
3579 2093 3624 2147 in
3642 2094 3814 2148 Clll’iSlO.

2325 2180 2561 2235 Sollicite
2590 2182 2949 2247 considerate,
2980 2197 3180 2252 quaeso,
3216 2199 3341 2253 quae
3366 2192 3632 2237 narrantur
3648 2193 3692 2236 et
3712 2181 3817 2235 facta

2323 2285 2449 2329 sunt
2472 2275 2522 2329 in
2550 2274 2766 2330 Christo
2794 2290 2966 2343 neque
2995 2275 3195 2345 aliquid
3230 2276 3356 2340 vile,
3387 2284 3477 2331 aut
3503 2291 3563 2329 ex
3594 2283 3747 2330 eventu
3774 2288 3816 2327 ea

2324 2368 2611 2437 contigisse
2631 2368 2883 2423 aistimes.
2900 2367 2944 2423 Ο
2963 2369 3143 2434 homo,
3159 2369 3252 2424 sed
3270 2369 3449 2423 omnia
3468 2383 3530 2423 ex
3555 2366 3814 2437 providentia

2324 2460 2400 2513 sic
2420 2470 2714 2529 prtrparata
2735 2468 2881 2524 sunt,
2896 2469 3054 2529 atque
3081 2460 3357 2527 ordinata,
3377 2470 3436 2515 ut
3461 2476 3521 2515 ex
3546 2460 3684 2514 rebus
3703 2457 3818 2527 gestis

2325 2552 2719 2620 complerentur
2758 2554 3083 2623 prophetire,
3109 2562 3161 2607 et
3192 2568 3260 2607 ex
3299 2554 3410 2623 ipsa
3440 2552 3685 2622 prophetia
3709 2547 3818 2604 Chri-

2325 2654 2439 2700 stus
2469 2646 2519 2699 in
2543 2661 2707 2700 carne
2736 2647 3136 2711 ostenderetur;
3174 2661 3237 2699 ex
3284 2647 3396 2716 ipsa
3419 2659 3539 2700 vero
3562 2642 3815 2703 ostensione,

2324 2753 2508 2793 rerum
2547 2754 2723 2793 causa:
2775 2747 2830 2793 et
2859 2753 3019 2809 opera
3066 2736 3341 2793 factorum
3383 2738 3815 2793 demonstrarentur.

2323 2830 2572 2900 Alioquin
2604 2831 2668 2884 ad
2695 2845 2942 2896 erucem,
2976 2832 3117 2885 unde
3153 2831 3416 2885 acetum?
3453 2829 3594 2885 Unde
3630 2822 3821 2897 spongia?

2322 2920 2407 2974 vel
2437 2921 2488 2974 in
2519 2920 2608 2974 tali
2637 2920 3031 2990 exspectaculo,
3061 2922 3200 2976 unde
3222 2922 3411 2975 vinum
3429 2912 3820 2992 myrrhatutnlvel

2324 3015 2465 3068 unde
2495 3023 2574 3069 tot
2597 3012 2955 3067 calami?Nisi
2995 3015 3119 3083 quia
3159 3014 3237 3069 sic
3283 3016 3459 3069 omnia
3502 3012 3712 3068 ordinata
3735 3013 3822 3062 sunt

2326 3117 2354 3157 a
2386 3104 2525 3165 Deo,
2558 3111 2615 3157 ut
2646 3113 2699 3157 et
2734 3104 2984 3159 adessent
3011 3113 3206 3174 pnesto
3240 3120 3317 3159 ex
3354 3104 3542 3175 quibus
3562 3102 3720 3156 ﬁerent
3739 3109 3822 3164 qua

2325 3196 2577 3266 prtedicta
2620 3204 2793 3260 erant,
2831 3203 2885 3250 et
2931 3203 3057 3251 tunc
3089 3196 3306 3263 ﬁerent,
3359 3196 3563 3266 quando
3587 3191 3819 3264 oportebat.

2326 3289 2391 3343 Et
2423 3289 2475 3342 in
2508 3288 2592 3342 his
2622 3288 2782 3342 rebus
2814 3302 2881 3343 ex
2907 3288 3101 3358 quibus
3127 3304 3247 3358 qua:
3283 3288 3511 3354 ﬁebant,
3535 3299 3628 3342 eta
3666 3282 3820 3354 quibus.

2324 3384 2511 3451 utique
2552 3382 2992 3451 praedicarentur.
3034 3380 3165 3436 Nam
3212 3381 3563 3454 spongiaﬁlla
3588 3375 3694 3449 quid
3723 3371 3822 3426 aliud

2324 3487 2488 3542 quam
2528 3472 2673 3541 ipsos
2714 3469 2929 3527 Judaaos
2953 3471 3252 3543 ﬁgurabat?
3305 3473 3549 3542 Quisquis
3592 3464 3823 3524 considerat

2326 3566 2561 3636 spongia:
2608 3574 2895 3630 naturam,
2926 3580 3087 3635 quam
3128 3579 3430 3621 cavernosa
3468 3564 3563 3628 sit,
3608 3571 3737 3631 quam
3768 3562 3823 3605 lu-

2324 3657 2488 3721 mida,
2516 3664 2571 3710 et
2596 3654 2798 3721 inﬂata,
2825 3671 2988 3726 quam
3018 3654 3193 3710 mollis
3218 3670 3291 3711 ac
3318 3654 3541 3728 fragilis,
3563 3660 3612 3705 et
3635 3645 3823 3703 resoluta.

2325 3756 2501 3819 potest
2536 3762 2832 3818 agnoscere
2859 3747 2985 3817 quid
3015 3745 3326 3815 signiﬁcet;
3352 3762 3470 3817 qua:
3500 3744 3613 3799 licet
3638 3742 3825 3796 humores

2326 3839 2379 3893 in
2403 3854 2461 3893 se
2499 3837 2680 3892 inﬂata
2707 3838 2903 3902 trahat,
2926 3837 3035 3892 cito
3072 3838 3360 3893 evanescit
3376 3846 3432 3892 et
3448 3826 3787 3890 evomitomnia
3804 3838 3825 3874 ι

2330 3932 2539 4002 1181
2574 3946 2651 3996 se,
2682 3944 2937 4000 expressa
2971 3930 3089 3984 :sic
3114 3936 3170 3984 et
3212 3925 3390 3983 Judaei
3431 3941 3521 3983 seu
3555 3920 3741 3994 quilibet
3767 3921 3825 3965 ιιι·

2326 4025 2479 4089 midi,
2506 4024 2596 4094 qui
2628 4023 2760 4078 nihil
2790 4022 2933 4078 aliud
2966 4023 3017 4077 in
3044 4036 3103 4077 se
3130 4032 3332 4092 gerunt
3356 4035 3515 4092 quam
3535 4024 3715 4072 acetum
3737 4019 3824 4079 pec-

2326 4117 2433 4172 cati
2461 4126 2516 4170 et
2541 4114 2922 4185 corruptionis,
2954 4128 3169 4168 omnem
3193 4110 3522 4185 ﬂagitiorum
3549 4101 3823 4162 colluvionem

2326 4207 2379 4263 in
2410 4221 2468 4262 se
2501 4206 2796 4271 trahentes,
2828 4220 2965 4277 quos
2997 4205 3052 4260 in
3084 4202 3301 4259 calamo
3330 4197 3629 4273 fragilitatis
3647 4188 3828 4256 sumitis:

2326 4298 2577 4370 superbia
2613 4298 2793 4370 erigit,
2817 4306 2872 4353 et
2899 4298 2943 4353 si
2967 4296 3241 4367 quidpiam
3276 4293 3480 4350 fuerint
3502 4283 3828 4361 depressum!

2327 4390 2515 4445 intima
2549 4396 2862 4445 evomentes
2885 4405 3004 4454 sua,
3036 4388 3191 4443 vacui
3216 4393 3504 4442 remanent
3523 4399 3581 4438 ac
3606 4381 3742 4437 leves.
3776 4372 3830 4423 Αο

2325 4493 2424 4550 per
2446 4480 2548 4536 hoc
2563 4481 2663 4551 ipsi
2687 4488 2811 4535 sunt
2835 4480 2926 4550 qui
2958 4479 3165 4549 seipsos
3187 4476 3431 4533 otl'erunt
3451 4477 3504 4532 in
3531 4470 3828 4536 mortismw‘

2326 4572 2459 4637 lum,
2489 4587 2518 4625 a
2540 4571 2738 4642 quibus
2763 4571 2886 4624 etin
2903 4570 3098 4641 quibus
3123 4584 3273 4623 mors
3302 4567 3515 4624 Domini
3546 4556 3827 4620 ministratur.

2326 4659 2457 4728 Quae
2480 4660 2601 4715 ideo
2627 4660 2833 4715 bibitur
2860 4676 2891 4714 a
2924 4659 3173 4723 Domino,
3201 4667 3262 4713 ut
3288 4658 3566 4714 aboleatur
3587 4654 3636 4707 in
3659 4646 3826 4704 calamo.

2326 4760 2381 4807 et
2409 4752 2474 4808 de
2497 4766 2724 4822 corpore
2747 4751 3103 4807 absorbeatur
3126 4752 3392 4807 humano.
3437 4749 3569 4817 Quia
3614 4742 3700 4798 nisi
3722 4733 3832 4828 Cliti:

2325 4852 2442 4897 stus
2489 4841 2619 4896 vitia
2668 4849 2854 4897 nostra
2907 4841 2959 4894 in
3016 4855 3176 4896 cruce
3214 4839 3603 4899 absorbuisset,
3631 4845 3713 4887 nos
3734 4835 3827 4879 δεδι

2324 4929 2534 4986 arundo
2560 4944 2752 4996 vacua,
2792 4938 2848 4984 et
2890 4928 3115 5001 spongia
3160 4928 3323 4999 plena
3374 4928 3563 4985 mortis
3585 4917 3745 4995 poculo
3777 4923 3833 4965 τε·

2324 5019 2732 5077 mansissemus.
2768 5017 3075 5090 Undequia
3103 5029 3212 5075 tam
3240 5018 3471 5090 fragiles
3491 5027 3682 5074 sumus,
3706 5013 3831 5060 mus“

2324 5109 2614 5168 fundamus
2645 5110 2824 5166 omnia
2849 5111 3029 5166 cordis
3051 5110 3223 5166 nostri
3246 5110 3444 5166 intima
3485 5107 3551 5163 ad
3578 5100 3828 5161 Christum;

2324 5204 2579 5274 primum,
2603 5217 2702 5273 per
2713 5203 3061 5273 baptismum,
3079 5203 3222 5273 quod
3244 5202 3419 5260 semel
3441 5200 3673 5259 fecimus.

2326 5295 2565 5373 quotidie
2585 5310 2680 5366 per
2694 5294 3084 5365 pmnitentiam,
3104 5302 3164 5349 ut
3179 5293 3464 5371 deleantur
3486 5291 3539 5346 in
3554 5288 3695 5345 cruce

2327 5396 2511 5442 nostra
2546 5398 2790 5456 peccata,
2821 5396 2875 5443 et
2918 5388 3270 5443 absorbeatur
3299 5403 3400 5457 per
3438 5388 3603 5457 ipsum
3645 5387 3764 5432 mors
3795 5379 3833 5419 ιιι

2324 5481 2569 5534 victoria.
2603 5481 2800 5535 Audite
2847 5496 3095 5550 magnum
3133 5489 3189 5535 et
3231 5477 3550 5534 admirabile
3590 5472 3836 5527 sacrameli‘

2327 5582 2460 5626 tum.
2487 5572 2624 5626 Ecce
2646 5581 2703 5625 ιιι
2723 5572 2861 5626 hibit
2882 5583 3116 5632 acetum,
3137 5573 3276 5642 quod
3300 5580 3423 5625 erat
3453 5571 3505 5625 in
3530 5561 3724 5641 spongia
3745 5564 3835 5622 Po"

2327 5672 2532 5719 rectum
2556 5663 2655 5717 sibi
2696 5664 2750 5716 in
2792 5663 3017 5725 calamo,
3071 5665 3225 5734 juxta
3272 5662 3441 5717 alium
3492 5651 3836 5724 evangelistam,

2330 5755 2464 5811 dixit
2494 5766 2910 5811 consummatum
2934 5766 3027 5812 est.
3053 5758 3441 5814 Consummata
3466 5762 3679 5818 namque
3718 5742 3759 5793 in
3791 5744 3839 5785 eo
