4048 6352
929 333 1293 402 ΕΧΡΟΒΙἹἾΟ
1327 343 1396 402 ΙΝ
1434 344 1870 407 MATTILEUM.
1909 380 1981 393 —
2013 351 2143 408 LIB.
2185 352 2302 422 XII,
2340 351 2493 411 CAP.
2528 353 2741 411 XXVII.

3355 359 3462 418 90$

184 458 308 536 sunt
332 450 543 519 omnia,
569 465 636 509 eo
663 453 808 524 quod
863 466 1139 527 assumpta
1186 458 1515 515 mortalitate
1560 470 1767 528 nostra,
1794 465 1848 525 Α
1874 471 1975 519 tem
2014 465 2178 520 habeo
2201 453 2428 536 ponendi
2454 468 2687 522 animam
2711 483 2901 536 meam,
2934 477 2984 525 et
3005 470 3194 527 iterum
3218 460 3459 531 sumendi

184 530 469 615 impletum
502 553 647 601 esset
676 547 1020 617 mysterium,
1049 557 1108 602 ut
1136 548 1251 618 ipse
1299 550 1352 605 in
1382 566 1542 607 cruce
1583 568 1679 623 per
1712 568 1771 609 se

180 645 429 708 portaret
456 637 641 691 omnia
673 646 872 693 nostra:
894 641 1255 711 corruptionis
1280 642 1523 697 vulnera.
1550 644 1618 699 Et
1645 645 1768 700 ideo

180 741 321 781 unus
347 734 434 781 est
459 727 551 797 qui
574 728 812 783 accurrit
839 730 1091 786 nesciens
1134 743 1553 799 sacramentum,
1590 744 1645 790 et
1668 736 1769 791 im-

178 814 348 889 plevit
377 831 632 888 magnum
659 820 999 891 mysterium,
1033 821 1085 876 in
1116 838 1224 892 quo
1252 825 1626 895 compleantur
1652 843 1768 883 om-

178 906 288 962 nia.
324 907 592 975 Quoniam
614 909 718 964 iste
756 926 895 966 unus
914 913 1096 967 unitas
1118 929 1302 970 eorum
1326 918 1590 985 omnium,
1633 935 1768 991 quo-

180 1014 300 1053 rum
330 1000 681 1055 acerbitatem
705 1010 760 1057 et
782 993 1182 1073 corruptionem
1224 1007 1502 1064 absorbuit
1542 1021 1597 1066 et
1642 1028 1768 1069 eva-

179 1089 366 1144 cuavit
389 1089 672 1147 Dominus.
702 1091 783 1147 Ex
825 1094 1023 1164 quibus
1072 1111 1170 1167 per
1207 1099 1441 1169 gratiam
1487 1102 1766 1160 exhaustis

181 1180 434 1236 omnibus
461 1181 609 1237 vitiis
637 1182 1058 1241 immortalitatis
1081 1187 1195 1243 sola
1245 1189 1428 1245 laetitia
1478 1196 1761 1251 remansit.

181 1270 248 1327 Et
271 1280 490 1327 acetum
511 1273 656 1343 quod
683 1285 925 1343 acuerat,
944 1277 1106 1334 rediit
1130 1281 1184 1334 in
1215 1289 1483 1343 naturam,
1509 1292 1563 1337 et
1585 1293 1764 1342 trans-

179 1366 361 1422 fusum
384 1376 470 1423 est
511 1368 565 1422 in
604 1384 801 1441 corpus
850 1370 1074 1439 Christi,
1114 1383 1171 1430 et
1217 1374 1416 1430 factum
1467 1389 1550 1433 est
1579 1380 1762 1435 vinum

179 1472 398 1523 novum,
442 1461 627 1515 vinum
664 1462 1057 1533 jocunditatis;
1093 1480 1159 1520 eo
1202 1468 1345 1535 quod
1391 1468 1547 1522 ﬂuxit
1592 1470 1659 1524 de
1696 1487 1762 1527 eo

177 1549 419 1619 palmite,
452 1550 546 1621 qui
574 1560 658 1606 est
690 1553 818 1609 vitis
851 1569 1001 1609 vera.
1030 1554 1183 1622 Quod
1229 1572 1363 1611 sane
1413 1558 1593 1612 vinum
1624 1560 1761 1615 bibit

170 1642 281 1714 jam
332 1659 458 1698 cum
516 1645 629 1699 suis
677 1660 879 1700 novum
928 1646 984 1701 in
1038 1662 1203 1719 regno
1245 1648 1424 1703 Patris
1446 1652 1549 1715 sui,
1581 1666 1758 1721 neque

173 1733 401 1791 ulterius
429 1735 729 1792 bibiturum
752 1747 837 1793 est
862 1752 931 1793 ex
975 1752 1060 1805 eo,
1103 1741 1245 1811 quod
1278 1753 1519 1809 acuerat,
1547 1744 1613 1798 de
1650 1759 1758 1813 quo

173 1828 411 1897 suscepit
450 1828 554 1883 hoc
592 1828 844 1898 poculum
881 1831 1093 1887 mortis.

235 1918 398 1974 Iesus
442 1929 642 1985 autem,
669 1923 859 1976 iterum
906 1923 1142 1978 clamans
1180 1941 1299 1979 voce
1338 1943 1547 1996 magna,
1587 1928 1755 1981 emisit

168 2011 435 2080 spiritum.
466 2011 683 2068 Poterat
706 2030 834 2086 ergo
864 2015 968 2069 hoc
994 2015 1111 2071 loco
1139 2032 1295 2072 error
1330 2034 1430 2073 nos
1451 2020 1750 2089 subripere,

168 2102 299 2173 quid
347 2101 505 2160 Jesus
558 2103 875 2160 clamaverit
903 2104 1060 2175 juxta
1114 2106 1444 2173 Matthzeum,
1498 2127 1620 2166 cum
1679 2113 1754 2166 ait

164 2192 368 2248 iterum
394 2193 659 2251 clamasse
684 2195 857 2262 illum,
889 2198 992 2252 nisi
1021 2197 1195 2254 Lucas
1221 2202 1598 2271 expressisset,
1622 2205 1749 2272 quid

164 2281 506 2349 clamaverit,
533 2285 588 2341 id
608 2293 713 2351 est,
746 2282 927 2354 Pater,
961 2288 1016 2343 in
1050 2305 1236 2345 manus
1285 2301 1403 2344 tuas
1447 2295 1750 2349 commendo

161 2375 413 2446 spiritum
443 2394 634 2433 meum.
689 2378 944 2451 Alioquin
978 2380 1192 2438 facilius
1236 2383 1535 2453 ignorantia
1568 2394 1746 2440 nostra

163 2463 396 2532 diceret,
423 2468 668 2523 eamdem
696 2484 884 2524 vocem
915 2470 1178 2527 clamasse
1204 2472 1427 2538 iterum,
1450 2489 1612 2543 quam
1654 2489 1750 2528 su-

159 2569 256 2625 pra
282 2556 619 2615 clamaverat
641 2560 827 2617 dicens
850 2579 864 2615 :
892 2562 1036 2617 Deus
1068 2580 1234 2628 meus,
1262 2564 1403 2619 Deus
1428 2583 1589 2629 meus,
1638 2576 1744 2645 etc.

161 2644 317 2704 Nunc
347 2659 534 2705 autem
559 2650 861 2722 intelligere
886 2662 1102 2723 oportet
1140 2656 1268 2724 quia
1291 2671 1395 2710 vox
1427 2657 1554 2721 ista,
1584 2644 1747 2727 quam

160 2739 361 2798 iterum
400 2743 659 2800 clamavit
693 2746 951 2803 emittens
1017 2749 1287 2820 spiritum,
1333 2751 1449 2821 ipsa
1499 2752 1601 2807 fuit
1644 2768 1747 2808 vox

161 2844 323 2901 quam
357 2832 538 2889 Lucas
564 2835 698 2891 dicit
741 2835 1037 2894 clamasse:
1070 2837 1249 2906 Pater,
1306 2843 1362 2895 in
1402 2858 1590 2897 manus
1627 2854 1746 2899 tuas

157 2924 466 2979 commendo
510 2926 753 2997 spiritum
805 2944 997 2983 meum.
1048 2928 1153 2985 Sed
1203 2930 1397 2985 iterum
1441 2935 1587 3003 quod
1631 2935 1744 3001 ait,

156 3027 262 3070 non
310 3014 383 3069 ad
422 3015 529 3071 hoc
580 3015 922 3074 referendum
982 3021 1194 3092 1182
1236 3031 1336 3085 est,
1406 3033 1466 3078 ut
1511 3025 1743 3095 idipsum

156 3105 497 3174 clamaverit,
523 3110 620 3165 sed
658 3111 725 3166 ad
750 3111 855 3167 hoc
882 3112 1007 3182 quia
1036 3114 1231 3167 iterum
1253 3113 1525 3181 clamavit,
1554 3126 1609 3171 et
1636 3133 1741 3172 non

1871 569 1987 607 eam
2017 554 2199 624 (Joan.
2229 571 2286 620 x,
2318 556 2429 623 18).
2459 556 2761 628 Utrumque
2791 573 2923 630 ergo
2962 561 3015 615 in
3041 561 3158 631 ejus
3190 572 3459 634 potestate

1868 646 1992 713 fuit,
2028 657 2083 702 et
2112 648 2331 719 quando
2358 649 2547 716 voluit,
2592 665 2929 707 reassumere
2975 668 3119 720 eam,
3147 658 3271 726 quia
3310 666 3458 727 poto-

1870 750 1981 796 stas
2004 740 2183 797 Patris
2202 750 2257 796 et
2284 741 2407 797 Filii
2437 758 2543 797 una
2566 752 2667 798 est.
2708 743 2774 797 Et
2810 744 2933 800 ideo
2955 761 3060 800 non
3106 756 3258 801 extra
3299 763 3454 806 suam

1868 841 2216 902 potestatem,
2249 848 2368 887 eam
2395 834 2596 899 emisit,
2631 850 2751 890 cum
2774 850 2893 889 eam
2920 836 2972 890 in
3002 838 3268 901 manibus,
3292 839 3344 893 id
3370 846 3456 896 est

1870 922 1924 977 in
1972 932 2238 993 potestate
2294 924 2497 990 Patris,
2559 927 2978 991 commendavit,
3019 929 3145 998 quia
3193 930 3285 999 qui
3328 944 3453 986 eam

1868 1019 2217 1071 commendat
2245 1018 2358 1088 ipse
2376 1025 2463 1072 est
2484 1033 2623 1071 unus
2638 1018 2885 1089 idemque
2907 1010 3153 1077 Christus
3168 1021 3451 1080 Dominus.

1866 1110 2115 1164 Animam
2148 1109 2411 1179 siquidem
2456 1110 2799 1165 commendat
2829 1109 2996 1173 Patri,
3020 1120 3079 1165 ut
3112 1127 3242 1167 caro
3274 1114 3453 1169 trada-

1873 1210 1959 1257 tur
1981 1204 2163 1257 morti.
2213 1204 2356 1259 Mors
2394 1214 2572 1259 autem
2624 1213 2726 1268 est,
2759 1206 2899 1259 sicut
2943 1207 3213 1276 sapientes
3267 1207 3451 1264 saeculi

1867 1295 2074 1360 dicunt,
2118 1297 2387 1365 separatio
2410 1297 2605 1350 anima:
2626 1312 2656 1351 a
2683 1312 2943 1366 corpore,
2975 1306 3029 1351 et
3057 1299 3160 1353 hoc
3205 1309 3288 1354 est
3316 1300 3449 1355 sim-

1864 1386 2075 1457 pliciter
2100 1388 2256 1441 mori.
2282 1386 2389 1442 Sed
2414 1387 2569 1457 longe
2608 1387 2751 1441 aliud
2792 1397 2875 1443 est
2921 1404 3111 1460 magna
3161 1405 3292 1445 voce
3338 1391 3448 1446 cla-

1866 1493 2016 1532 mare
2040 1478 2318 1532 Christum
2348 1486 2404 1533 et
2446 1479 2699 1533 emittere
2736 1479 3009 1548 spiritum,
3038 1480 3180 1535 sicut
3224 1482 3449 1552 exponit

1865 1569 2182 1637 Matthaeus,
2216 1583 2311 1627 aut
2336 1573 2607 1643 expirare,
2647 1574 2786 1628 sicut
2830 1582 3061 1631 testatur
3106 1576 3305 1644 Lucas,
3351 1586 3446 1634 aut

1865 1661 2100 1727 tradere,
2130 1663 2271 1717 sicut
2300 1663 2375 1716 ait
2402 1662 2667 1728 Joannes;
2700 1678 2799 1718 nec
2826 1664 3046 1730 alicubi,
3070 1681 3246 1736 neque
3281 1667 3444 1724 alicui

1862 1754 2038 1819 alteri,
2063 1771 2224 1825 quam
2252 1756 2305 1810 in
2338 1757 2587 1812 manibus
2614 1756 2810 1811 Patris.
2843 1757 2978 1812 Nam
3015 1760 3150 1813 mori
3198 1760 3440 1815 omnium

1786 1829 1830 1887 Β
1859 1844 2138 1899 hominum
2199 1854 2301 1911 est,
2346 1847 2508 1900 etiam
2562 1847 2844 1911 malorum,
2898 1851 3152 1918 quoniam
3198 1851 3440 1906 omnium

1860 1937 2056 1991 animm
2083 1953 2298 1992 reorum
2325 1947 2382 1993 et
2424 1948 2736 1995 sanctorum
2769 1950 3092 2010 separantur
3121 1958 3153 1995 a
3187 1957 3436 2013 corpore.

1857 2026 1986 2095 Qua:
2014 2043 2118 2082 nou
2146 2038 2374 2098 possunt
2394 2029 2576 2085 dicere
2605 2038 2713 2085 tam
2736 2030 2905 2086 libere
2935 2046 2966 2085 a
2997 2032 3214 2088 vinculo
3228 2035 3439 2104 peccati

1856 2135 2033 2190 neque
2050 2130 2156 2173 tam
2181 2120 2445 2185 absolute,
2474 2131 2741 2193 potestate
2771 2139 2867 2178 sua
2887 2125 2939 2179 in
2956 2123 3204 2180 libertate
3224 2126 3437 2198 1183

1854 2212 2069 2280 gratim,
2098 2228 2217 2282 qua:
2245 2214 2380 2267 dixit
2408 2211 2655 2269 Christus
2689 2215 2875 2269 exiens
2922 2216 2988 2270 de
3036 2230 3265 2287 corpore
3316 2231 3434 2281 suo,

1854 2302 1907 2355 in
1933 2303 2195 2371 mysterio
2221 2318 2327 2357 non
2348 2302 2553 2357 divisus
2575 2320 2604 2358 a
2635 2318 2713 2370 se,
2740 2321 2915 2377 neque
2942 2306 3267 2377 tripartitus.
3297 2306 3433 2375 Quia

1852 2394 1942 2463 qui
1983 2394 2378 2460 solvit‘Jesum,
2409 2397 2497 2451 hic
2534 2412 2640 2451 non
2661 2406 2745 2451 est
2764 2396 2904 2465 ejus.
2934 2398 3003 2453 Et
3048 2400 3174 2469 quia
3207 2416 3313 2456 non
3350 2408 3437 2456 est

1850 2484 2078 2545 solutus,
2114 2499 2290 2554 neque
2318 2485 2523 2540 divisus
2551 2500 2581 2539 a
2604 2501 2681 2549 se,
2716 2487 2766 2540 id
2820 2496 2905 2542 est
2961 2488 3014 2541 in
3060 2490 3268 2543 unitate
3309 2504 3435 2544 cum

1850 2572 2011 2626 Patre
2065 2573 2118 2626 in
2172 2573 2349 2626 anima
2403 2589 2566 2643 quam
2619 2575 2801 2629 emisit
2856 2591 2886 2629 a
2949 2591 3202 2647 corpore,
3263 2578 3317 2633 id
3350 2586 3437 2635 est

1851 2665 1904 2718 in
1960 2681 2188 2734 corpore
2234 2666 2288 2720 in
2351 2681 2459 2736 quo
2521 2666 2762 2736 sepultus
2808 2678 2892 2723 est
2946 2669 3000 2723 in
3057 2670 3330 2741 sepulcro,
3379 2671 3435 2728 id

1849 2764 1934 2809 est
1972 2755 2026 2808 in
2081 2772 2144 2809 ea
2207 2755 2379 2810 forma
2433 2757 2488 2811 in
2526 2772 2632 2826 qua
2679 2774 2800 2813 cum
2847 2758 3009 2814 Patre
3056 2770 3113 2814 et
3164 2761 3218 2815 in
3268 2759 3433 2818 Patre

1848 2854 1932 2900 est
1982 2846 2177 2916 ubique
2224 2856 2389 2902 totus.
2417 2847 2626 2903 idcirco
2671 2850 2796 2918 quia
2836 2849 2957 2904 talis
3011 2859 3301 2920 tantusque
3326 2860 3431 2921 est,

1848 2950 2102 3000 magnum
2155 2936 2476 3008 mysterium
2532 2946 2647 3002 est,
2705 2952 2899 3010 magna
2969 2954 3103 2994 voce
3170 2940 3467 3027 clamarek

1848 3035 1903 3080 et
1929 3027 2008 3082 sic
2045 3028 2294 3083 emittere
2321 3029 2593 3098 spiritum,
2630 3029 2714 3084 vel
2769 3030 2823 3083 in
2870 3045 3030 3085 manu
3080 3030 3175 3085 Dei
3219 3032 3433 3088 tradere

1849 3120 2118 3189 spiritum,
2150 3120 2200 3174 id
2236 3129 2320 3174 est
2344 3120 2599 3174 animam.
2641 3119 2811 3187 Quem
2839 3136 2945 3175 non
2976 3136 3008 3175 a
3040 3123 3218 3193 seipso
3239 3121 3433 3178 dissol-

157 3201 525 3274 qualicunque
553 3219 700 3268 voce,
731 3206 824 3260 sed
869 3221 1061 3275 magna
1104 3207 1334 3271 iterum;
1380 3209 1504 3278 quia
1546 3226 1739 3281 magna
1769 3192 1813 3255 δ
1847 3215 1940 3277 vit,
1978 3229 2150 3282 neque
2172 3230 2368 3283 corpus
2388 3215 2531 3285 quod
2558 3214 2611 3267 in
2651 3226 2880 3269 mortem
2928 3215 3008 3270 ire
3029 3217 3296 3285 permisit.
3325 3216 3432 3272 Cu-

155 3300 236 3349 est
262 3303 323 3349 et
364 3293 634 3352 ineli'abile
661 3297 805 3366 quod
850 3297 1123 3353 clamavit.
1157 3297 1514 3355 Commendat
1560 3312 1740 3357 autem
1837 3303 1929 3374 jus
1951 3306 2075 3375 quia
2101 3320 2298 3375 corpus
2333 3316 2604 3361 mortuum
2634 3315 2737 3371 est,
2764 3303 2887 3373 jure
2910 3306 3161 3361 Christus
3202 3307 3295 3361 Dei
3340 3305 3431 3361 Fi-

154 3401 417 3458 magnum
453 3387 755 3457 depositum
799 3390 909 3444 Deo
958 3388 1130 3455 Patri,
1179 3391 1235 3445 in
1289 3390 1443 3460 cujus
1497 3393 1744 3450 manibus

154 3488 277 3535 sunt
300 3481 516 3536 omnia.
546 3481 614 3536 Et
637 3482 775 3537 bene
803 3481 1213 3537 commendatur
1233 3484 1456 3554 spiritus
1476 3484 1597 3539 Filii
1616 3487 1743 3540 cha-

152 3569 376 3626 rissimo
396 3570 542 3626 Patri
570 3589 583 3625 :
610 3573 738 3642 quia
769 3572 822 3627 in
845 3581 1038 3628 natura
1059 3572 1238 3629 Patris
1262 3574 1392 3629 nihil
1423 3576 1639 3630 charius
1661 3585 1743 3631 est

153 3671 316 3727 quam
350 3657 543 3726 Filius,
573 3661 716 3715 sicut
743 3674 843 3717 nec
872 3662 928 3717 in
956 3661 1097 3717 Filio
1123 3662 1332 3733 aliquid
1363 3663 1539 3733 majus
1575 3681 1739 3736 quam

150 3751 337 3810 Pater.
368 3752 636 3822 Quoniam
657 3754 835 3812 Patris
858 3765 915 3811 et
935 3755 1060 3811 Filii
1084 3773 1192 3812 una
1240 3766 1325 3813 est
1371 3766 1588 3824 natura,
1616 3775 1741 3813 una-

150 3858 254 3914 que
273 3844 588 3916 aequalitas,
614 3855 669 3902 et
694 3863 801 3902 una
832 3847 1048 3905 dilectio
1083 3847 1321 3919 Spiritus
1372 3850 1567 3905 sancti.
1617 3850 1741 3905 Ideo

145 3934 285 3992 bene
345 3936 611 4007 quidquid
665 3937 813 3993 Patri
863 3941 1275 3995 commendatur
1329 3956 1359 3995 a
1412 3939 1583 4007 Filio,
1633 3956 1739 3996 non

146 4028 446 4094 amittitur,
477 4030 570 4084 sed
592 4041 857 4086 servatur.
889 4031 1095 4087 Bonum
1136 4048 1269 4104 ergo
1300 4033 1604 4103 depositum
1633 4044 1737 4097 est.

139 4120 353 4177 bonum
401 4121 593 4193 pignus
629 4125 853 4193 spiritus
882 4126 1007 4181 Filii
1049 4129 1142 4198 qui
1183 4131 1614 4185 commendatur.
1672 4131 1741 4186 Et

140 4209 264 4268 ideo
284 4227 521 4269 securus
539 4214 669 4269 olim
692 4215 767 4270 ait
788 4230 803 4270 :
822 4214 948 4271 Non
972 4216 1296 4289 derelinques
1321 4221 1553 4274 animam
1568 4238 1738 4276 meam

135 4301 191 4355 in
217 4304 464 4374 inferno,
493 4321 583 4360 nec
609 4305 758 4361 dabis
785 4316 1026 4361 sanetum
1057 4318 1204 4363 tuum
1244 4309 1417 4365 videre
1446 4312 1739 4382 corruptio-

135 4410 252 4451 nem
311 4397 498 4470 (Psal.
538 4414 629 4466 xv,
688 4399 798 4472 10).
842 4399 1119 4457 Christum
1162 4411 1347 4473 autem
1396 4404 1490 4460 Dei
1539 4403 1736 4460 Filium

132 4489 325 4548 nullus
357 4492 512 4562 capit
533 4492 673 4549 alius
690 4507 853 4564 quam
878 4493 1076 4561 Pater;
1106 4502 1164 4551 et
1180 4495 1304 4552 ideo
1326 4511 1584 4569 magnum
1626 4496 1737 4568 spi-

132 4579 327 4647 ritum,
362 4582 423 4636 in
448 4599 556 4654 quo
580 4592 708 4640 sunt
753 4599 942 4641 omnes
971 4585 1215 4642 thesauri
1250 4586 1530 4657 sapientiae
1568 4594 1733 4659 atque

128 4672 392 4729 scientia
422 4688 617 4746 magno
643 4673 754 4731 Deo
785 4675 937 4732 Patri
958 4677 1321 4733 commendat.
1350 4678 1420 4732 Et
1442 4680 1613 4734 emisit
1632 4680 1733 4750 spi-

1763 4541 1815 4605 ι)

1844 3395 1947 3449 Ιίυε
1992 3405 2234 3449 mortuus
2262 3396 2314 3449 in
2362 3404 2702 3450 sacramento
2729 3403 2927 3450 nostrae
2957 3395 3146 3450 salutis
3178 3404 3426 3453 mortuus

1842 3496 1898 3541 et
1918 3486 2163 3555 sepultus
2192 3495 2294 3541 est.
2325 3485 2463 3552 Quid
2488 3500 2618 3556 ergo
2667 3484 2814 3539 aliud
2862 3492 2945 3538 est
2978 3483 3241 3539 inclinare
3266 3492 3431 3555 caput

1842 3584 1897 3629 et
1920 3576 2137 3629 tradere
2165 3574 2410 3644 spiritum
2442 3576 2550 3628 Deo
2574 3574 2720 3628 Patri
2757 3574 3219 3639 commendatum,
3262 3589 3424 3643 quam

1844 3668 1974 3723 illud
2022 3667 2263 3738 explere,
2323 3666 2641 3721 Potestatem
2703 3665 2867 3720 habeo
2927 3665 3154 3736 ponendi
3194 3665 3426 3720 animam

1843 3776 2046 3823 meam;
2076 3768 2131 3814 et
2148 3761 2293 3830 quod
2319 3760 2372 3813 in
2400 3758 2618 3813 Psalmo
2632 3758 2848 3819 dicitur,
2872 3756 2940 3811 In
2953 3774 3080 3827 pace
3102 3758 3156 3811 in
3171 3758 3419 3827 idipsum,

1842 3850 2100 3905 dormiam
2127 3861 2175 3904 et
2211 3851 2530 3921 requiescam
2547 3852 2572 3904 .9
2594 3848 2766 3922 (Psal.
2792 3865 2868 3915 tv,
2898 3848 2977 3920 9.)
3001 3848 3257 3904 Securior
3291 3863 3424 3918 ergo

1842 3942 2092 3997 Christus
2121 3943 2176 3996 in
2208 3942 2312 3997 hoc
2338 3957 2527 3997 somno
2557 3942 2767 4006 mortis,
2796 3955 2959 4011 quam
3002 3957 3103 3996 nos
3150 3941 3204 3994 in
3244 3938 3425 4010 quoti-

1842 4033 2024 4100 diano,
2058 4035 2111 4088 in
2139 4048 2273 4103 pace
2303 4034 2595 4099 dormiens,
2649 4033 2930 4103 requievit.
2979 4032 3047 4087 Et
3083 4041 3262 4087 tamen
3318 4031 3422 4087 hoc

1842 4126 1964 4181 ideo
1992 4127 2139 4191 fecit,
2170 4135 2229 4181 ut
2270 4142 2368 4182 nos
2422 4126 2675 4181 invitaret
2700 4126 2767 4179 ad
2813 4124 3056 4179 eamdem
3095 4136 3304 4193 pacem,
3350 4121 3421 4177 ad

1841 4218 2086 4273 eamdem
2122 4233 2272 4287 spem
2300 4217 2642 4273 dormitionis
2663 4224 2720 4271 et
2741 4215 2967 4286 requiei,
2995 4224 3052 4270 et
3076 4215 3145 4269 ad
3171 4214 3417 4270 eamdem

1841 4309 2068 4381 gloriam
2110 4310 2541 4366 resurrectionis.
2602 4307 2895 4380 Propterea
2943 4315 3000 4363 et
3044 4321 3162 4372 nos,
3220 4303 3419 4360 fratres

1841 4400 2169 4467 charissimi,
2214 4400 2261 4456 si
2303 4399 2668 4456 intelleximus
2725 4398 2855 4470 quid
2902 4398 2975 4454 sit
3016 4397 3276 4452 emittere
3332 4393 3419 4451 vel

1840 4494 2056 4550 tradere
2077 4492 2329 4564 spiritum
2372 4492 2431 4548 in
2458 4492 2711 4547 manibus
2761 4489 2958 4555 Patris,
2994 4487 3314 4544 festinemus
3362 4494 3419 4541 et

1839 4601 1940 4643 nos
1951 4586 2119 4641 vitam
2145 4593 2388 4641 nostram
2414 4598 2653 4649 servare,
2683 4590 2745 4638 ut
2768 4591 2825 4638 et
2851 4597 2953 4639 nos
2978 4582 3034 4637 in
3059 4581 3208 4638 exitu
3229 4587 3418 4635 nostro

1836 4678 2107 4751 possimus
2140 4677 2428 4732 admodum
2457 4689 2592 4731 voce
2616 4689 2808 4745 magna
2833 4673 3090 4738 clamare,
3128 4681 3185 4728 et
3233 4673 3313 4728 sic
3358 4672 3414 4726 in

128 4763 318 4819 ruam.
349 4763 553 4819 Emisit
574 4766 780 4835 utique,
808 4778 864 4820 et
889 4782 995 4822 non
1032 4768 1233 4823 amisit.
1285 4766 1549 4836 Quoniam
1582 4768 1729 4824 aliud
1833 4784 1969 4840 pace
2000 4769 2250 4838 spiritum
2280 4769 2550 4833 emittere,
2579 4776 2673 4823 aut
2700 4767 2960 4824 inclinare
2985 4774 3169 4836 caput,
3206 4774 3261 4820 et
3295 4774 3411 4819 tra-

124 4866 211 4912 est
242 4860 516 4914 emittere
542 4859 625 4914 vel
648 4860 860 4921 tradere
882 4862 1155 4931 spiritum,
1182 4864 1324 4918 sicut
1356 4862 1593 4919 Joannes
1632 4865 1728 4929 ait,

124 4954 274 5023 quod
304 4951 573 5007 inclinato
594 4953 762 5023 capite
785 4955 1005 5009 tradidit
1035 4956 1300 5025 spiritum,
1327 4963 1383 5011 et
1403 4955 1548 5011 aliud
1570 4957 1731 5012 amit-

119 5054 266 5101 tere.
294 5045 451 5114 Quia
474 5045 617 5114 quod
642 5045 944 5102 amittimus
970 5045 1261 5118 aliquando
1280 5046 1507 5116 perdere
1534 5047 1730 5117 proba-

124 5072 266 5101 scrc.
294 5072 451 5114 “una
474 5072 617 5114 quuu
642 5072 944 5102 διιιιιιιιιιυδ
970 5072 1261 5118 auquauuu
1282 5072 1507 5116 μΰΐυυω
1535 5072 1728 5117 pruna-

58 5072 269 5223 ’ἔπιθι
308 5135 433 5193 Sed
459 5134 711 5191 Christus
736 5151 832 5192 seu
876 5134 1140 5202 emiserit,
1161 5149 1258 5192 seu
1299 5135 1602 5200 tradiderit,
1640 5135 1728 5191 vel

76 5228 81 5231 ’
110 5226 277 5298 juxta
291 5226 513 5282 Lucam
536 5227 912 5298 exspiraverit,
928 5227 986 5283 in
1000 5242 1097 5283 sua
1110 5233 1381 5297 potestate
1399 5224 1533 5292 fuit;
1556 5241 1727 5297 quan-

114 5319 213 5386 do,
237 5318 337 5376 vel
365 5332 480 5389 quo
504 5318 684 5383 modo,
706 5317 794 5374 vel
813 5317 899 5374 cui
924 5333 1083 5374 suum
1109 5317 1359 5389 spiritum
1382 5317 1728 5374 commenda-

110 5413 284 5480 verit,
306 5425 420 5469 seu
441 5410 744 5467 tradiderit.
762 5409 1013 5482 Alioquin
1040 5425 1147 5466 non
1170 5419 1255 5467 est
1276 5411 1329 5466 in
1350 5420 1541 5466 natura
1557 5410 1729 5467 homi-

109 5506 166 5561 ni
199 5521 316 5577 per
357 5520 424 5559 se
452 5503 711 5559 exhalare
752 5503 1021 5573 spiritum.
1062 5503 1130 5559 Et
1180 5502 1302 5558 ideo
1332 5502 1562 5559 solerter
1583 5502 1729 5573 cogi-

103 5599 285 5652 tanda
323 5602 422 5651 est
450 5595 633 5650 unitas
663 5594 884 5650 Christi.
930 5593 1069 5650 Hinc
1121 5609 1305 5664 quaeso
1362 5594 1587 5649 audiant
1634 5593 1726 5663 qui

104 5690 318 5745 dicunt
349 5685 543 5741 Iesum
576 5687 810 5740 animam
846 5702 954 5741 non
979 5687 1281 5747 habuisse;
1308 5686 1565 5756 quoniam
1611 5684 1726 5753 ejus

101 5781 365 5852 spiritus
395 5777 577 5833 anima
607 5777 776 5847 ipsius
805 5787 909 5844 est,
935 5779 1000 5833 de
1028 5793 1135 5847 qua
1160 5777 1275 5847 ipse
1316 5778 1393 5832 ait
1424 5794 1436 5830 :
1484 5774 1725 5830 Potesta-

1834 4861 1965 4916 dere
1993 4860 2265 4929 spiritum,
2297 4860 2549 4929 deinceps
2597 4868 2657 4914 ut
2707 4859 2761 4914 in
2788 4860 2910 4915 sinu
2954 4858 3133 4913 Patris
3174 4854 3415 4926 requies-

1835 4965 2045 5005 camus.
2082 4949 2208 5004 Haec
2236 4949 2443 5004 idcirco
2470 4950 2719 5013 dixerim,
2753 4945 3114 5011 dilectissimi,
3146 4944 3285 5000 utin
3332 4951 3413 4998 ta-

1835 5040 1977 5097 libus
1999 5057 2118 5110 qme
2146 5041 2502 5098 humanitatis
2539 5050 2685 5105 sunt,
2730 5054 2888 5095 nemo
2927 5037 3233 5094 inﬁrmetur
3285 5034 3409 5099 ﬁde,

1834 5147 2012 5203 neque
2052 5132 2326 5189 Christum
2357 5132 2527 5188 Deum
2574 5131 2889 5203 tripertiens
2916 5128 3175 5185 dissolvat
3204 5127 3260 5182 in
3289 5139 3409 5181 ver-

1834 5224 1961 5280 bum
1991 5223 2252 5290 animam,
2280 5232 2335 5279 et
2360 5238 2588 5295 corpus;
2624 5222 2712 5279 vel
2744 5222 2892 5278 dicat
2924 5229 3097 5277 totum
3132 5218 3408 5275 Christum

1834 5314 2003 5370 Deum
2024 5314 2260 5371 Verbum
2290 5315 2345 5371 in
2378 5313 2554 5370 solum
2599 5313 2815 5385 generis
2859 5311 3083 5369 humani
3133 5309 3408 5368 hominem

1836 5414 2195 5473 contractum,
2215 5407 2309 5463 sed
2340 5415 2508 5463 totum
2530 5400 2831 5471 Christum,
2867 5403 2923 5459 in
2971 5419 3186 5476 gemma
3213 5417 3409 5474 opera-

1837 5496 1984 5552 tione
2004 5512 2126 5563 sua,
2147 5512 2269 5566 quas
2298 5497 2478 5552 divina
2506 5504 2655 5561 sunt,
2682 5504 2738 5550 et
2766 5510 2886 5565 qute
2924 5495 3160 5549 humana
3202 5493 3410 5563 pariter

1833 5597 2168 5656 operantem,
2201 5588 2343 5656 quod
2382 5594 2465 5641 est
2490 5599 2697 5655 magna:
2729 5584 2946 5653 pietatis
2987 5593 3405 5649 sacramentum,

1832 5680 2240 5737 manifestatum
2261 5682 2313 5733 in
2345 5694 2529 5743 carne,
2565 5677 2857 5731 revelatum
2887 5677 2940 5731 in
2969 5679 3179 5747 spiritu.
3207 5676 3307 5743 Qui
3350 5683 3408 5731 et

1832 5773 2080 5842 spiritum
2119 5770 2339 5827 tradidit
2362 5767 2522 5825 Jesus
2549 5767 2821 5834 Christus,
2850 5767 2982 5822 etin
3015 5768 3264 5824 manibus
3299 5765 3406 5822 Pa-
