4048 6352
1450 290 1510 347 s.
1548 281 1906 345 pascuasu
1943 275 2287 336 RADBERTI
2323 255 2615 330 ABBATIS
2653 270 3103 330 conssransrs
3721 285 3794 343 οδε

642 420 745 489 ωε
779 408 1207 474 commendavit;
1262 421 1353 476 qui
1391 413 1447 459 et
1494 403 1681 457 eadem
1735 398 1819 452 die
1858 396 1926 489 in
1974 392 2225 462 paradiso
2252 395 2301 455 Α
2330 388 2509 453 ritum,
2538 395 2593 440 et
2618 400 2723 441 non
2754 384 2953 448 amisit,
3000 382 3126 452 quia
3152 382 3410 451 amittere,
3443 396 3495 442 ut
3517 388 3625 457 dixi,
3660 410 3801 453 neces.

642 485 786 575 fuit;
817 516 872 564 et
904 506 1019 576 ipsc
1040 517 1133 573 qui
1158 496 1349 555 eadem
1375 496 1461 550 die
1488 495 1538 549 in
1568 491 1822 563 paradiso
1853 486 1969 551 fuit,
2008 485 2119 555 ipse
2148 490 2231 537 est

642 615 701 674 et
731 602 819 674 qui
850 575 1180 667 conquestus
1228 600 1310 647 est
1336 605 1393 644 se
1432 587 1768 643 derelictum.
1801 580 1961 649 Quia,
1992 586 2053 631 ut
2097 575 2228 643 dixi,

647 668 867 768 querela
896 685 1137 745 derelicti
1165 680 1445 738 morientis
1469 676 1756 733 inlirmitas
1779 682 1865 729 est
1890 689 1903 725 :
1942 668 2232 742 promissio

647 761 830 855 autem
844 779 1081 857 paradisi
1103 775 1333 832 viventis
1361 773 1454 827 Dei
1479 784 1700 843 regnum
1715 774 1818 822 est.
1837 761 2235 821 Commendan—

651 880 723 941 tis
749 874 999 946 spiritum
1021 884 1147 933 vox,
1177 864 1418 935 ejusdem
1444 856 1876 917 commendantis
1907 849 2235 909 conﬁdentia

651 978 773 1035 est;
805 963 1026 1021 traditio
1054 958 1139 1015 vel
1185 956 1406 1013 emissio
1458 952 1702 1025 spiritus,
1749 947 1941 1004 mortis
1991 943 2237 1000 excessio

653 1034 980 1126 esLQuaero
1031 1053 1215 1121 itaque
1248 1064 1281 1103 a
1318 1062 1478 1112 novo,
1522 1044 1744 1109 fratres,
1792 1039 1946 1110 quasi
1987 1036 2122 1091 nihil
2158 1034 2239 1090 di-

654 1154 851 1217 xerim,
878 1148 1000 1219 quis
1029 1151 1273 1201 mortuus
1302 1140 1429 1195 est?
1454 1136 1656 1207 Nempe
1689 1134 1781 1204 qui
1816 1129 2032 1203 ιι,εά
2072 1127 2240 1182 tradi-

655 1248 736 1303 dit
769 1242 1041 1315 spiritum.
1093 1235 1297 1291 Deinde
1323 1233 1415 1303 qui
1446 1228 1670 1285 tradidit
1715 1226 1987 1297 spiritum,
2022 1224 2135 1292 ipse
2160 1226 2245 1276 est

657 1347 713 1395 et
761 1311 857 1406 qui
908 1326 1307 1388 commendavit
1375 1322 1521 1377 Patri
1597 1320 1848 1391 spiritum
1932 1330 2109 1370 suum.
2177 1311 2244 1365 Et

659 1429 706 1487 si
760 1401 901 1483 idem
955 1421 1048 1493 qui
1097 1414 1519 1478 commendavit,
1570 1419 1625 1466 et
1676 1409 1819 1464 idem
1875 1405 1967 1476 qui
2025 1401 2247 1459 tradidit

660 1520 913 1594 spiritum
965 1520 1210 1569 mortuus
1268 1514 1389 1573 est,
1468 1505 1742 1570 interrogo
1808 1508 1993 1552 utrum
2048 1506 2245 1563 corpus

661 1613 901 1670 animam
954 1601 1318 1665 commendat,
1372 1613 1440 1651 an
1490 1595 1633 1649 Deus
1676 1588 1920 1660 corporis
1969 1581 2246 1640 animam?

662 1704 800 1763 Nam
847 1716 946 1772 per
999 1694 1251 1767 spiritum
1307 1687 1622 1757 frequenter
1671 1678 1965 1753 signiﬁcari
2004 1674 2246 1729 animam

2332 479 2509 536 sitatis
2552 490 2656 537 est.
2712 478 2805 534 llle
2852 487 3031 533 autem
3077 494 3174 533 sua
3206 478 3458 535 voluntate
3494 498 3596 539 cum
3641 492 3797 561 emisit;

2332 576 2423 647 qui
2466 574 2629 630 habet
2675 573 2882 628 clavem
2923 572 3115 638 David,
3164 580 3219 626 et
3270 576 3437 629 omnia
3482 580 3691 646 patefecit
3719 601 3805 654 qua:

2332 668 2564 724 obscura
2602 674 2759 721 erant
2796 680 2827 718 a
2862 662 3060 721 sicculo
3110 672 3164 718 et
3210 662 3387 735 ﬁguris
3426 666 3656 725 obvoluta.
3695 674 3805 733 Nunc

2335 770 2515 816 autem
2538 759 2813 818 conscisso
2843 757 3134 823 velamine,
3162 757 3403 815 universa
3434 759 3494 816 de
3508 761 3688 818 Christo
3706 784 3808 840 mys-

2339 852 2493 917 teria,
2538 865 2657 921 quae
2704 857 2861 905 erant
2883 846 3120 914 occulta,
3160 847 3431 904 manifesta
3466 852 3677 909 omnibus
3712 856 3810 913 facta

2339 952 2482 1001 sunt.
2511 943 2735 1007 idcirco,
2754 941 2968 1005 fratres,
3000 938 3379 995 consideranda
3403 948 3477 996 est
3491 942 3591 996 haec
3608 945 3761 1012 virtus,
3777 956 3816 1002 et

2341 1034 2654 1092 admiranda
2679 1032 2782 1088 veli
2809 1031 3136 1098 conscissio;
3169 1030 3293 1101 quia
3314 1030 3468 1089 multo
3481 1032 3584 1103 plus
3605 1044 3815 1106 est,quam

2344 1125 2603 1182 admirari
2634 1123 2804 1194 possit
2832 1121 2973 1177 ullus
2994 1121 3321 1185 mortalium,
3335 1130 3392 1175 ut
3411 1130 3527 1177 tunc
3537 1124 3818 1192 scinderetur,

2345 1233 2466 1273 cum
2492 1216 2742 1272 Christus
2770 1229 2867 1284 per
2908 1223 3138 1269 mortem
3174 1212 3409 1268 introivit
3434 1215 3484 1268 in
3510 1214 3634 1270 illam
3665 1217 3820 1273 beatam

2347 1310 2588 1379 requiem
2642 1316 2860 1363 mternm
2901 1306 3250 1362 hazreditatis.
3309 1304 3438 1372 Quia
3483 1307 3594 1362 inde
3628 1318 3824 1365 venerunt

2348 1416 2537 1459 omnes
2583 1400 2667 1455 ha:
2711 1398 2939 1465 formae,
2985 1408 3039 1454 et
3091 1398 3315 1470 mystica
3348 1413 3517 1453 rerum
3557 1374 3825 1470 ﬁguratum)

2350 1501 2712 1557 sacramenta,
2736 1506 2855 1560 quae
2888 1490 3205 1561 tegebantur
3237 1489 3292 1544 in
3320 1488 3454 1556 velo,
3497 1489 3557 1546 de
3589 1491 3744 1562 quibus
3779 1493 3827 1547 ad

2318 1600 2326 1617 '
2350 1584 2576 1656 Moysen
2600 1584 2811 1640 dixerat
2839 1584 3001 1650 Deus,
3036 1582 3229 1637 Facias
3257 1583 3433 1639 omnia
3456 1583 3829 1640 secundumm

2348 1682 2471 1754 plar
2501 1696 2689 1737 eorum
2737 1689 2792 1735 et
2827 1679 3080 1745 formam,
3123 1693 3245 1747 qua:
3287 1678 3380 1743 tibi
3434 1687 3629 1733 ostensa
3670 1678 3831 1735 suntin

663 1808 718 1854 et
767 1790 1039 1851 nominari
1069 1803 1176 1843 non
1194 1783 1507 1854 ambiguum
1531 1787 1635 1844 est,
1667 1774 1858 1831 saltem
1887 1785 1954 1825 ex
1975 1770 2101 1833 hoc,
2132 1766 2249 1837 ipse
2278 1756 2326 1816 Β
2355 1782 2542 1828 monte
2585 1772 2785 1843 (Exod.
2834 1787 2960 1837 xxv,
3004 1768 3117 1840 40).
3166 1768 3232 1823 E,
3270 1770 3393 1841 quia
3427 1768 3580 1841 Moysi
3620 1768 3667 1824 in
3687 1777 3829 1835 manu,

664 1888 812 1961 quod
871 1883 1029 1939 Iesus
1081 1879 1378 1933 moriturus
1430 1870 1679 1941 spiritum
1731 1861 1972 1920 tradidit.
2040 1857 2100 1913 Si
2146 1856 2245 1927 igi-

667 1992 753 2038 tur
781 1977 1067 2049 quisquam
1096 1964 1517 2024 existimandum
1540 1966 1695 2030 putat
1726 1949 2095 2011 commendari
2133 1948 2251 2002 ani-

667 2041 816 2130 mani
842 2084 873 2123 a
908 2041 1154 2136 oorpore,
1178 2060 1245 2116 ab
1279 2072 1344 2114 eo
1368 2055 1460 2127 qui
1490 2047 1865 2107 dissolvendus
1901 2051 2020 2099 erat
2048 2057 2077 2095 a
2116 2041 2248 2106 vita,

667 2163 939 2217 viventem
966 2154 1033 2209 ab
1057 2168 1123 2207 eo
1146 2150 1236 2221 qui
1258 2142 1686 2214 corrumpendus
1713 2146 1855 2202 erat,
1891 2142 2155 2189 aeternum
2183 2131 2252 2185 ab

668 2272 737 2315 eo
761 2254 855 2327 qui
883 2246 1314 2310 resuscitandus,
1342 2250 1395 2298 et
1416 2233 1783 2307 ambigitquin
1810 2231 1950 2286 idem
1976 2241 2254 2282 commen-

672 2317 881 2405 daverit
907 2342 1156 2415 spiritum
1186 2335 1355 2399 Patri,
1385 2331 1478 2401 qui
1507 2339 1562 2383 et
1591 2328 1676 2382 die
1702 2324 1891 2380 eadem
1916 2321 1969 2376 in
2001 2317 2255 2389 paradiso

669 2439 833 2497 fuerit
858 2450 981 2493 cum
1009 2432 1240 2487 latrone.
1269 2423 1464 2492 Qumro
1504 2436 1572 2474 an
1628 2415 1874 2486 sepulcro
1908 2418 2155 2482 receptus
2201 2409 2254 2462 in

669 2529 923 2605 paradiso
962 2517 1259 2580 manserit?
1288 2516 1370 2572 An
1422 2526 1550 2567 vero
1610 2510 1661 2563 in
1701 2505 1953 2577 paradiso
2009 2516 2254 2564 manens,

672 2591 991 2677 derelictum
1019 2630 1079 2670 se
1100 2627 1131 2666 a
1158 2611 1267 2664 Deo
1302 2611 1542 2675 qurestus
1572 2599 1675 2653 sit?
1698 2604 1906 2651 certum
1936 2591 2134 2662 quippe
2177 2596 2257 2642 est

671 2713 796 2789 quia
820 2723 957 2765 unus
977 2706 1228 2772 idemque
1248 2695 1507 2752 Dominus
1532 2690 1690 2745 Jcsus
1722 2686 1993 2747 Christus,
2033 2679 2257 2733 Verbum

674 2772 797 2861 garo
826 2799 970 2875 quod
1002 2797 1202 2866 factum
1227 2799 1300 2846 est
1334 2787 1518 2857 (Joan.
1542 2800 1586 2848 ι,
1610 2781 1722 2852 Μ),
1755 2779 1988 2847 seipsum
2019 2789 2118 2844 per
2146 2772 2259 2824 haec

673 2860 944 2964 significat
964 2886 1238 2941 universa.
1268 2877 1369 2944 Qui
1398 2875 1522 2929 dum
1572 2871 1638 2925 ad
1676 2877 1902 2923 mortem
1950 2879 2007 2919 se
2061 2860 2260 2917 dereli-

673 2955 823 3040 ctum
870 2980 1086 3039 clamat,
1146 2973 1309 3027 homo
1331 2975 1448 3032 est;
1481 2966 1535 3019 in
1567 2961 1817 3035 paradiso
1842 2957 2091 3013 ChriStus
2121 2955 2263 3009 Deus

675 3082 887 3146 regnat.
910 3070 1084 3126 Porro
1105 3077 1336 3135 regnans
1361 3060 1415 3114 in
1446 3053 1718 3127 paradiso,
1752 3050 1846 3106 Dei
1881 3048 2068 3111 Filius,
2112 3043 2259 3099 Patri

677 3168 813 3230 Deo,
861 3160 1111 3233 spiritum
1166 3167 1321 3233 suum
1383 3144 1756 3207 commendat;
1826 3135 2264 3194 commendatum

677 3275 808 3319 vero
837 3256 1086 3328 spiritum
1117 3228 1289 3305 Filius
1311 3243 1547 3301 hominis
1574 3239 1804 3295 traditur
1832 3236 1901 3290 ad
1928 3241 2158 3287 mortem
2208 3230 2265 3283 in

680 3323 1025 3415 sacramento
1048 3342 1288 3416 pietatis,
1316 3337 1444 3393 utin
1472 3333 1618 3390 nullo
1645 3328 1971 3386 dissolvatur
1993 3323 2261 3387 Christus,

678 3449 736 3506 in
759 3443 905 3502 nullo
935 3413 1296 3497 confundatur
1328 3439 1646 3487 naturarum
1670 3422 1997 3495 proprietas,
2031 3417 2085 3471 in
2120 3413 2266 3470 nullo

680 3535 953 3597 dividatur
1002 3542 1247 3601 persona:
1276 3522 1478 3578 unitas.
1515 3518 1649 3573 Cum
1682 3525 1863 3569 autem
1893 3509 2073 3565 emisit
2108 3504 2269 3576 spiri-

681 3641 817 3693 tum,
847 3597 1176 3697 signadacta
1197 3625 1324 3674 sunt
1345 3628 1507 3684 super
1527 3626 1648 3665 eum
1680 3604 1917 3668 deitatis,
1941 3610 1994 3655 et
2024 3597 2269 3670 prodigia

683 3692 1028 3779 testiiﬁca'ntia
1052 3714 1337 3769 veritatem
1355 3749 1369 3775 ,
1389 3722 1487 3761 nec
1503 3720 1607 3760 non
1621 3710 1678 3756 ct
1690 3701 1918 3755 virtutes
1931 3692 2265 3751 salvationis.

758 3823 823 3876 Et
847 3837 961 3876 ecce
986 3817 1156 3873 velum
1181 3809 1355 3877 templi
1385 3808 1605 3863 scissum
1640 3811 1713 3857 est
1757 3802 1814 3854 in
1851 3799 1985 3851 duas
2009 3805 2201 3865 partes,
2238 3807 2272 3846 a

686 3931 890 3974 summa
923 3925 1085 3981 usque
1114 3907 1380 3962 deorsum.
1423 3898 1493 3953 Et
1529 3908 1669 3951 terra
1705 3902 1845 3947 mota
1893 3899 1990 3955 est,
2015 3897 2063 3942 et
2112 3895 2272 3957 petra:

685 4013 863 4067 scissa
885 4014 1027 4072 sunt,
1057 4018 1123 4060 ac
1146 3999 1377 4069 reliqua.
1411 3992 1554 4048 Vare
1602 3990 1779 4045 velum
1812 3983 1997 4054 templi
2043 3982 2274 4036 scissum

688 4112 788 4165 est,
828 4111 884 4175 et
912 4098 1094 4155 omnia
1121 4095 1257 4164 legis
1284 4096 1649 4149 sacramenta,
1677 4097 1798 4152 quae
1825 4080 1976 4150 prius
2001 4075 2102 4132 sub
2134 4073 2275 4128 vela-

688 4168 1197 4260 minetegebantur,
1230 4188 1471 4238 reserata
1504 4183 1650 4232 sunt.
1701 4172 1839 4240 Quia
1881 4168 1994 4238 jam
2048 4171 2277 4220 venerat

690 4289 781 4345 ille
815 4256 983 4349 solus,
1010 4281 1248 4352 quicum
1270 4269 1624 4345 jurejurando
1649 4265 1824 4320 factus
1843 4269 1927 4317 est
1948 4258 2189 4332 pontifex
2221 4256 2276 4310 in

691 4348 975 4438 aeternum,
1003 4348 1290 4428 secundum
1312 4363 1549 4421 ordinem
1577 4348 2272 4423 Melchisedech(Psal.cu,

690 4470 769 4542 ι).
800 4469 903 4537 Qui
927 4465 1075 4522 solus
1092 4459 1270 4532 potuit
1293 4470 1391 4528 per
1424 4448 1880 4522 dispensationem
1912 4443 2101 4499 mortis
2142 4454 2274 4506 suae,
2306 4465 2359 4526 Β

694 4561 919 4620 introire
951 4571 1050 4628 per
1086 4550 1362 4625 proprium
1386 4542 1725 4615 sanguinem,
1756 4538 1809 4594 in
1836 4535 2023 4601 semel,
2058 4535 2112 4589 in
2153 4546 2279 4587 san-

695 4662 841 4709 ctam
862 4627 1125 4705 aeternam
1156 4638 1580 4708 redemptionem
1608 4652 1623 4700 ;
1650 4634 1869 4702 ipseque
1893 4627 2113 4684 introitu
2157 4639 2277 4690 suo,

697 4758 825 4799 mox
851 4756 948 4812 per
981 4745 1212 4793 mortem
1244 4732 1498 4800 dignatus
1520 4724 1871 4782 conscindere
1901 4719 2069 4775 velum
2103 4716 2282 4785 templi

700 4838 754 4891 in
787 4810 924 4889 (lu—as
945 4840 1139 4902 partes,
1169 4844 1201 4880 a
1227 4839 1429 4880 summa
1466 4835 1625 4890 usque
1667 4815 1932 4878 deorsum,
1965 4819 2026 4866 ut
2056 4810 2282 4864 videan-

702 4937 792 4983 tur
817 4900 1017 4979 arcana
1045 4935 1166 4991 qua:
1190 4917 1408 4971 fuerant
1438 4914 1585 4967 intus
1607 4909 1662 4963 in
1691 4908 1829 4978 lege,
1848 4906 1901 4960 in
1926 4901 2127 4973 templo
2145 4910 2201 4956 et
2228 4900 2282 4954 in

703 5016 955 5074 omnibus
983 5007 1322 5068 caremoniis
1343 5004 1557 5059 obtecta
1590 5008 1647 5055 et
1690 4997 1953 5054 obvelata.
1988 4992 2286 5064 Oportebat

704 5111 850 5167 enim
876 5123 940 5164 ea
967 5105 1158 5170 velari,
1186 5103 1363 5158 donec
1387 5099 1476 5154 ille
1496 5096 1589 5167 qui
1610 5094 1755 5151 solus
1778 5100 1994 5163 poterat
2034 5104 2099 5147 ea
2129 5101 2285 5143 reve-

707 5203 844 5267 lare,
870 5198 1156 5256 manifesta
1184 5197 1388 5252 faceret
1408 5208 1473 5248 ea
1498 5188 1778 5261 apostolis,
1804 5195 1859 5243 et
1901 5183 2153 5242 omnibus
2193 5196 2287 5234 ex-

708 5293 1078 5366 spectantibus
1089 5303 1148 5345 se
1159 5289 1214 5343 in
1227 5281 1681 5342 salutemﬂmnia
1698 5278 1962 5349 siquidem
1986 5275 2139 5347 prius
2151 5272 2288 5327 vela-

708 5362 766 5445 ta
779 5393 938 5443 erant
954 5392 1011 5439 et
1025 5381 1346 5438 obumbrata
1356 5419 1370 5443 ,
1389 5377 1552 5433 etiam
1581 5382 1638 5430 et
1664 5374 1779 5444 ipsa
1794 5369 1960 5425 facies
1972 5365 2163 5437 Moysi.
2181 5362 2289 5418 Sed

711 5496 831 5552 quae
855 5477 1074 5533 fuerunt
1103 5472 1287 5528 omnia
1340 5470 1454 5533 illa,
1501 5482 1607 5523 non
1633 5473 1718 5520 est
1741 5477 1884 5518 nunc
1908 5457 2167 5528 temporis
2192 5470 2289 5510 ex-

710 5584 941 5644 ponere;
979 5567 1237 5637 quoniam
1265 5560 1527 5618 altissima
1556 5557 1649 5612 Dei
1683 5556 1734 5609 in
1775 5554 1857 5608 his
1896 5549 2131 5606 revelata
2164 5555 2293 5603 sunt

716 5637 930 5733 1185
976 5663 1317 5715 sacramenta
1344 5692 1359 5718 ,
1427 5661 1482 5706 et
1529 5658 1655 5704 tunc
1700 5642 2028 5716 permaxime
2076 5637 2292 5710 quando

715 5752 951 5810 olentem
976 5747 1394 5820 benignissimus
1414 5742 1570 5798 Jews
1596 5754 1786 5808 magna
1826 5751 1944 5790 voce
1969 5732 2139 5788 entisit
2170 5729 2295 5800 Spi-

2349 1867 2401 1924 id
2432 1876 2518 1923 est
2559 1868 2614 1921 in
2640 1866 2881 1931 Christo,
2911 1870 3211 1918 monstrata
3250 1869 3376 1918 sunt
3421 1859 3587 1915 omnia
3632 1860 3778 1914 merito
3795 1859 3833 1912 in

2351 1960 2572 2016 Christo
2599 1968 2655 2015 et
2708 1973 2804 2028 per
2828 1956 3126 2019 Christum,
3179 1954 3339 2010 nobis
3384 1961 3609 2009 reserata
3633 1960 3731 2009 sunt
3755 1951 3835 2005 uni-

2350 2066 2530 2106 versa.
2575 2047 2850 2104 Scinditur
2891 2060 3021 2117 ergo
3067 2044 3281 2107 velum,
3330 2050 3384 2098 et
3426 2040 3701 2114 profanatur
3744 2037 3834 2109 Syn-

2354 2158 2557 2214 agoga;
2587 2150 2643 2196 et
2673 2138 2971 2195 destruitur
3002 2137 3135 2209 legis
3162 2136 3378 2202 littera;
3410 2131 3835 2205 aperiunturiaspi-

2355 2233 2462 2290 ritu
2507 2230 2656 2302 (quia
2710 2229 2796 2283 lex
2826 2226 3082 2296 spiritalis
3113 2226 3217 2295 est)
3250 2225 3488 2281 cmlestia
3532 2223 3583 2277 in
3620 2237 3673 2277 ea
3710 2233 3835 2275 sacra-

2357 2331 2558 2388 menta,
2592 2330 2647 2376 et
2671 2318 3053 2383 introducitur,
3085 2316 3336 2372 revelato
3365 2314 3552 2370 mentis
3576 2312 3745 2373 obtutu,
3760 2307 3837 2378 lic-

2356 2413 2543 2477 clesia,
2571 2419 2628 2465 ut
2656 2410 2827 2480 possit
2855 2408 3038 2463 videre
3066 2416 3296 2474 aeterna,
3319 2416 3373 2462 et
3407 2403 3616 2477 mystica
3642 2398 3734 2457 sibi
3754 2395 3839 2452 olim

2358 2502 2625 2575 promissa
2656 2498 2936 2571 mysteria.
2966 2498 3046 2551 Ad
3076 2498 3177 2553 hoc
3207 2497 3413 2567 quippe
3432 2504 3579 2566 petris
3605 2491 3744 2547 scissa
3764 2495 3842 2540 διατι

2359 2612 2454 2668 per
2494 2596 2803 2666 passionem
2836 2594 3055 2659 Christi,
3104 2603 3164 2649 ut
3209 2593 3579 2651 rescindantur
3615 2596 3782 2650 vetem
3806 2588 3843 2637 α

2361 2689 2607 2745 oriantur
2651 2703 2808 2743 nova.
2838 2687 2979 2758 Ergo
3020 2702 3117 2755 per
3169 2694 3445 2758 praerupta
3483 2696 3703 2739 saxorum
3722 2684 3847 2732 osten-

2366 2782 2566 2837 duntur
2618 2795 2759 2834 nova
2810 2778 3136 2834 futurorum.
3196 2778 3468 2847 Quoniam
3521 2773 3706 2829 duriora
3750 2765 3847 2823 suit

2366 2880 2607 2941 pectora,
2663 2870 2843 2925 verbis
2894 2869 3209 2924 coelestibus
3251 2866 3595 2924 rescindenda
3630 2869 3753 2919 erant
3784 2857 3850 2910 har

2366 2976 2551 3026 mana,
2580 2968 2637 3014 ut
2657 2974 2798 3029 aqua
2818 2973 2940 3029 quae
2957 2959 3023 3013 de
3051 2970 3205 3028 petra
3232 2958 3485 3021 fluxerat,
3521 2954 3623 3022 ipsa
3650 2950 3704 3005 ab
3728 2946 3851 3010 eiset

2370 3050 2425 3106 in
2452 3051 2532 3107 eis
2558 3050 2748 3105 ﬂueret
2776 3048 3036 3105 divinitus
3083 3050 3398 3120 superfusa.
3440 3046 3565 3102 Nam
3590 3051 3638 3101 et
3659 3042 3704 3097 in
3737 3037 3853 3093 Evan-

2371 3145 2532 3216 gelio,
2594 3143 2739 3215 quod
2790 3143 3008 3212 proprie
3056 3140 3413 3197 Hebraeorum
3442 3146 3538 3203 est,
3579 3134 3689 3192 dicit
3725 3131 3854 3184 beatus

2370 3239 2732 3310 Hieronymus
2752 3252 2810 3292 se
2832 3237 3045 3308 legisse,
3065 3251 3231 3305 super
3244 3236 3495 3302 liminare
3520 3227 3676 3299 templi
3702 3218 3856 3279 inlinit:

2371 3329 2761 3402 magnitudinis
2793 3338 2906 3385 tum
2958 3326 3161 3384 factum
3185 3327 3383 3394 fuisse,
3409 3335 3565 3396 atque
3603 3314 3857 3377 divisum“

2371 3427 2475 3485 hoc
2501 3433 2561 3479 ut
2590 3423 2809 3478 abolitio
2838 3421 2974 3494 legis
3015 3429 3071 3477 et
3115 3420 3423 3476 destructio
3463 3413 3631 3486 templi
3670 3413 3859 3465 monstra-

2372 3525 2542 3582 retur,
2574 3512 2778 3569 l'actum
2801 3492 3093 3568 credimus.
3127 3511 3241 3567 Sed
3277 3522 3333 3567 et
3368 3508 3617 3582 .losepbus
3656 3503 3796 3557 narrat
3823 3492 3857 3543 in

2373 3608 2484 3664 suis
2544 3606 2716 3672 libris,
2775 3604 3005 3660 virtutes
3054 3602 3358 3675 angelicas,
3394 3597 3637 3674 prtesides
3673 3584 3862 3661 quondm

2374 3698 2581 3770 templi,
2597 3708 2725 3753 tunc
2743 3697 2950 3767 pariter
2977 3670 3358 3752 conclamasse
3376 3670 3728 3749 [Transeamus
3748 3692 3794 3732 ex
3809 3670 3863 3728 hil

2374 3792 2613 3847 sedibus.
2648 3789 2802 3857 Quod
2847 3797 3027 3844 autem
3058 3798 3195 3842 terra
3224 3797 3378 3842 mota
3405 3796 3501 3851 est,
3543 3772 3784 3854 prophetia:
3814 3771 3868 3820 οὔ
3940 3840 3945 3847 ι

2377 3882 2724 3953 adimpletio;
2753 3880 3002 3952 quamvis
3028 3879 3143 3950 ipsa
3185 3877 3486 3934 commotio
3514 3883 3655 3929 terra:
3684 3857 3867 3930 amilum

2375 3976 2433 4032 iu
2461 3990 2521 4032 se
2550 3974 2825 4031 contineat
2848 3978 3215 4037 sacramenta,
3244 3978 3434 4026 tamen
3454 3968 3508 4023 in
3527 3979 3589 4019 eo
3616 3969 3744 4016 terrae
3770 3951 3890 4018 1110‘“.

2379 4068 2632 4123 dicuntur
2680 4066 2927 4137 plurimae
2956 4035 3227 4129 civitates,
3265 4063 3361 4118 ubi
3412 4058 3498 4115 vel
3540 4055 3717 4117 ubi,‘et
3756 4035 3869 4098 ιιιιιιι³

2378 4160 2605 4217 aedilicia
2620 4158 2910 4215 corruisse.
2939 4155 3051 4211 Nec
3076 4156 3242 4226 igitur
3272 4154 3499 4217 mirum,
3521 4147 3587 4215 si,
3604 4138 3785 4200 Domino
3796 4142 3873 4184 ων

2380 4254 2576 4319 riente,
2609 4261 2753 4325 terra
2784 4248 3023 4313 tremuit,
3049 4224 3272 4318 quando
3308 4247 3368 4301 in
3417 4245 3532 4316 ejus
3574 4224 3876 4319 τοδυπθΰιίφθ

2380 4345 2555 4403 omnis
2589 4358 2717 4398 caro
2746 4342 2982 4396 humana
3012 4347 3288 4395 commota
3314 4345 3405 4392 est
3431 4308 3488 4391 et
3514 4317 3801 4388 contremit.
3829 4308 3879 4403 ῖυξ

2384 4448 2444 4493 ut
2479 4436 2657 4492 verbis
2689 4443 2745 4490 et
2772 4435 2934 4491 rebus
2961 4433 3358 4497 excitarentur,
3413 4427 3527 4483 acsi
3572 4423 3632 4479 de
3670 4395 3880 4497 momfd

2384 4530 2572 4594 vitam,
2603 4528 2670 4582 de
2692 4541 2856 4582 carne
2876 4524 2942 4579 ad
2972 4522 3247 4595 spiritum,
3264 4489 3584 4591 dell“
3606 4489 3881 4566 vetusutelil'

2388 4632 2518 4680 tera:
2531 4621 2600 4676 ad
2625 4618 2831 4674 Novum
2851 4616 3286 4680 Testamentum;
3304 4622 3364 4669 et
3380 4613 3435 4667 in
3464 4620 3598 4664 novo
3615 4595 3783 4658 cantico
3797 4594 3883 4640 ω·

2389 4723 2571 4770 tarem
2597 4710 2773 4766 omnia
2800 4708 2962 4763 etiam
3006 4706 3151 4776 ligna
3176 4703 3461 4768 silvarum,
3510 4704 3564 4752 et
3586 4690 3747 4748 ﬁerem
3775 4681 3881 4776 Ψξξ

2389 4809 2515 4865 Haec
2539 4806 2753 4877 quando
2780 4802 2921 4858 facta
2954 4766 3118 4856 sun—t?
3165 4800 3363 4869 utique
3388 4766 3534 4852 sicut
3556 4784 3783 4855 PI‘OPheu

2391 4856 2607 4975 quando
2636 4856 2892 4954 Dominus
2925 4898 3155 4968 regnavit
3182 4913 3217 4949 a
3242 4856 3397 4965 ligno
3429 4856 3884 4975 (Psalmxxxf'sjﬂk

2394 4954 2597 4975 1T——_f7
2980 4954 3006 4968 ν
3286 4954 3312 4965 ν
3438 4954 3450 4962 ‘

2392 4993 2546 5049 Tunc
2574 4991 2760 5060 utique
2800 4990 2935 5043 vidit
2985 4995 3040 5042 et
3095 4993 3379 5043 commota
3438 4988 3527 5036 est
3558 4987 3704 5032 terra.

2394 5084 2691 5143 conturbati
2728 5091 2849 5138 sunt
2897 5096 3073 5135 omnes
3103 5078 3194 5151 qui
3243 5076 3497 5132 videbant
3542 5084 3644 5133 eos,
3688 5073 3739 5113 αι
3776 5043 3889 5104 ³ί⁸⁸⁸²¹

2395 5180 2563 5235 omnis
2593 5178 2746 5232 homo
2776 5173 2949 5247 (Psal.
2972 5147 3129 5239 ιιιιιξ
3155 5174 3211 5238 9,
3238 5169 3365 5242 10).
3393 5169 3466 5224 Et
3482 5168 3597 5222 haec
3617 5164 3690 5213 est
3708 5149 3776 5247 illa

2395 5271 2564 5328 motio
2590 5227 2806 5338 magna:
2835 5281 2957 5336 qua:
2984 5227 3128 5323 forte
3152 5227 3369 5319 tantum
3412 5260 3472 5314 in
3511 5252 3684 5312 Iudaea
3707 5239 3815 5338 facil

2396 5369 2545 5427 tunc,
2572 5361 2625 5414 in
2647 5326 2963 5420 lcrusal'em,
3001 5355 3093 5410 sed
3135 5350 3471 5426 signiﬁcatio
3515 5344 3644 5414 elus,
3687 5331 3769 5427 δῷ

2396 5454 2726 5525 quadratura
2747 5448 2891 5514 coeli,
2922 5462 3092 5518 usque
3118 5408 3351 5501 adulines
3382 5408 3790 5507 terraavpervenil-
3812 5408 3898 5525 0“:

2397 5500 2726 5525 ἰ’-ν·νη-η-η-
2753 5500 2891 5514 -νμη
2929 5500 3043 5518 τκ-ιν
3074 5500 3079 5501 ν
3162 5500 3167 5501 ν
3565 5500 3581 5507 _

2396 5543 2654 5600 nimirum
2697 5541 2869 5611 signa,
2902 5536 3192 5594 incredulis
3232 5534 3371 5589 licet
3412 5542 3579 5603 parva
3614 5500 3902 5611 videantur:l

2397 5638 2612 5709 exigua.
2652 5636 2916 5689 immensa
2947 5641 3125 5688 tamen
3161 5634 3286 5686 sunt
3319 5619 3681 5681 credentibus,
3700 5615 3761 5667 et,
3788 5594 3901 5709 util!

2399 5688 2595 5795 dicam,
2626 5724 2933 5781 ineffabilia.
2953 5722 3082 5790 Qua:
3103 5721 3245 5785 licet,
3275 5724 3337 5771 ut
3371 5713 3477 5785 ipsi
3507 5708 3696 5767 volunt,
3719 5707 3799 5750 ηοη
3819 5688 3904 5738 ³ω⁷
