4048 6352
952 341 1313 400 EXPOSI'I‘IO
1350 343 1417 399 IN
1454 344 1890 406 MATTHEUM.
1929 381 2000 393 --
2034 348 2163 405 LIB.
2206 350 2317 418 XII,
2355 352 2507 410 CAP.
2543 352 2754 412 XXVII.

3362 358 3466 421 966

200 454 380 546 geriut
406 453 549 546 ultra
584 452 722 546 ﬁnes
753 451 949 509 Iudaeae
990 456 1076 509 vel
1104 456 1423 525 Jerusalem,
1473 461 1784 531 adimpletic
1810 464 1863 525 Α
1888 463 2016 520 dere.
2042 480 2106 519 ac
2128 465 2285 522 fateri
2317 469 2459 537 quod
2488 472 2890 540 perpetuaiiter,
2910 489 3185 546 nunquam
3217 479 3469 536 morituri

198 545 467 616 siquidem
511 545 924 615 signiﬁcationis
968 562 1157 602 eorum
1190 558 1360 605 totum
1387 554 1785 623 praeoccupavit

197 639 406 692 orbem.
436 634 573 690 Nam
602 644 655 691 et
678 637 1008 692 resurrectio
1043 649 1376 694 mortuorum
1410 642 1625 711 quando
1667 659 1778 697 mc-

196 735 448 781 numenta
484 734 663 795 aperta
696 735 838 791 sunt,
898 736 1106 781 tantum
1156 728 1211 783 in
1261 727 1465 796 Iudaea,
1514 712 1597 786 vel
1636 734 1780 789 circa

194 815 519 881 Jerusalem,
570 816 942 872 rationabilius
1001 817 1142 872 facta
1189 819 1469 887 creditur;
1524 823 1781 892 quoniam

196 923 416 976 corpora
438 917 737 961 sanctorum
764 906 1099 963 solummodo
1127 919 1485 975 surrexerunt,
1513 927 1618 966 non
1646 927 1779 967 con-

197 999 346 1054 dnuo
387 1007 448 1054 ut
490 1008 836 1055 monumenta
893 1008 1081 1071 aperta
1133 1010 1278 1067 sunt,
1331 1004 1425 1058 sed
1478 1019 1603 1059 mox
1658 1015 1783 1076 post

195 1092 411 1149 Domini
438 1093 910 1149 resurrectionem.
942 1093 1081 1161 Quia
1111 1094 1360 1151 Christus
1388 1097 1777 1168 primogenitus

193 1194 275 1241 est
329 1183 744 1239 resurrectionis
800 1198 868 1237 ex
904 1184 1152 1239 mortuis.
1195 1184 1334 1239 Nulli
1384 1187 1604 1241 dubium
1634 1189 1777 1259 quod

192 1275 307 1329 haec
323 1275 507 1330 omnia
535 1288 633 1343 per
659 1289 717 1330 se
746 1289 940 1345 magna
974 1284 1127 1340 sunt,
1152 1276 1319 1345 quod,
1358 1278 1621 1334 cruciﬁxo
1666 1279 1774 1335 Do-

193 1367 363 1431 mino,
419 1367 564 1422 nulla
612 1368 977 1422 sustinuerant
1026 1368 1318 1435 elementa,
1375 1386 1444 1425 ne
1495 1387 1621 1427 eum
1674 1375 1773 1429 de-

190 1466 560 1513 monstrarent
588 1467 883 1523 mortuum,
911 1459 1126 1528 quando
1166 1458 1248 1514 soi
1300 1456 1618 1517 obscuratus
1665 1473 1772 1530 est,

190 1560 243 1607 et
273 1550 458 1606 omnia
485 1558 673 1605 sancta
702 1557 1016 1605 sanctorum
1062 1558 1335 1615 reserata;
1381 1553 1596 1621 quando
1631 1562 1774 1607 terra

189 1642 400 1696 tremuit
435 1650 494 1695 et
533 1649 693 1710 petra:
740 1640 915 1694 scissa:
960 1649 1114 1705 sunt,
1167 1640 1383 1711 quando
1437 1652 1772 1697 monumenta

188 1743 367 1802 aperta
416 1742 555 1796 sunt,
596 1740 654 1786 et
678 1729 837 1785 inferi
868 1738 1111 1787 mortuos
1137 1746 1273 1801 quos
1308 1734 1565 1788 tenebant
1595 1735 1772 1789 reddi-

1887 557 2304 611 resurrexerint.
2348 556 2603 627 Alioquin
2657 562 2926 629 quomodo
2971 568 3085 621 veri
3128 575 3293 625 testes
3328 572 3475 627 vera:

1886 649 2303 704 resurrectionis
2332 665 2396 705 ac
2423 662 2699 722 perpetuae
2723 670 2846 712 esse
2873 666 3145 726 poterant,
3179 662 3224 717 si
3256 676 3381 718 mox
3410 664 3465 719 in

1888 746 2045 793 terrae
2064 738 2337 806 pulverem
2360 743 2648 798 redissent.
2683 745 2789 801 Sed
2808 749 2950 817 'quia
2981 750 3047 806 de
3091 752 3382 826 Evangeiio
3413 757 3466 812 id

1883 827 2063 880 minus
2089 831 2587 888 contradicentibus
2633 838 2958 905 persuadere
2986 854 3296 911 possumus,
3329 846 3462 902 satis
3540 871 3549 881 -

1882 916 1955 971 sit
1978 919 2134 973 nobis
2156 920 2200 974 si
2224 920 2497 977 noluerint
2526 926 2772 992 credere,
2797 931 2941 997 quod
2973 934 3071 985 nec
3112 932 3213 1003 ipsi
3247 944 3463 991 contra-

1881 1009 2066 1065 dicere
2094 1022 2331 1081 queunt;
2365 1030 2485 1085 quae
2508 1018 2641 1073 satis
2660 1020 2851 1076 devote
2872 1036 2977 1076 una
2993 1038 3114 1078 cum
3144 1026 3464 1096 quibusdam

1881 1102 2083 1156 sanctis
2110 1102 2425 1160 doctoribus
2445 1108 2802 1177 suspicamur.
2824 1110 2965 1178 Quia
2990 1114 3095 1169 etsi
3130 1130 3194 1170 ea
3222 1132 3341 1187 quae
3375 1134 3463 1175 as-

1882 1192 2112 1247 truimus
2161 1208 2356 1265 magna
2399 1196 2673 1264 videntur,
2730 1198 2937 1269 majora
2978 1212 3164 1260 tamen
3208 1216 3364 1272 sunt,
3402 1217 3467 1264 ut

1879 1296 2039 1350 supra
2058 1280 2170 1350 jam
2199 1285 2332 1350 dixi,
2354 1300 2476 1355 qua:
2501 1302 2598 1356 per
2636 1289 2738 1344 ista
2770 1291 3141 1362 signiﬁcantur
3180 1298 3235 1352 in
3264 1299 3463 1355 animis

1877 1372 2180 1437 hominum,
2220 1383 2276 1429 et
2322 1377 2565 1447 quotidie
2606 1378 2741 1433 ﬁunt
2784 1395 3069 1452 quousque
3118 1385 3233 1440 haec
3279 1389 3463 1443 omnia

1876 1462 2271 1532 compleantur,
2295 1480 2419 1535 quae
2442 1481 2539 1536 per
2555 1466 2828 1524 Christum
2852 1473 3178 1540 generaliter
3203 1485 3329 1532 sunt
3373 1494 3462 1534 re-

1873 1550 2159 1619 promissa.
2197 1551 2269 1606 At
2299 1568 2427 1610 vero
2458 1554 2545 1609 isti
2574 1556 2779 1611 interea
2823 1572 3070 1616 venerunt
3119 1565 3173 1618 in
3222 1575 3459 1620 sanctam

1874 1642 2152 1708 civitatem,
2185 1644 2390 1701 scilicet
2431 1645 2764 1705 Hierusalem
2814 1651 2980 1719 illam,
3013 1664 3063 1709 et
3105 1667 3460 1727 apparuerunt

1872 1734 2073 1790 multis.
2103 1735 2304 1792 Sancta
2335 1748 2513 1796 autem
2543 1741 2665 1797 ideo
2682 1752 2923 1811 vocatur,
2955 1747 3039 1802 vel
3068 1759 3289 1820 propter
3320 1760 3458 1807 tem-

187 1826 383 1880 derunt
415 1825 580 1879 vivos.
615 1822 721 1878 Sed
747 1831 949 1888 tamen,
980 1831 1043 1877 ut
1074 1823 1208 1889 dixi,
1233 1821 1436 1890 majora
1463 1833 1610 1890 sunt,
1649 1840 1772 1895 quae
1801 1832 1847 1893 Β
1875 1824 2018 1895 plum
2047 1828 2190 1897 quod
2210 1839 2329 1884 erat
2356 1831 2412 1885 in
2431 1845 2517 1899 ea,
2543 1836 3093 1906 senpropter'Sancta
3109 1851 3453 1909 sanctorum;

185 1934 281 1990 per
299 1933 365 1974 ea
394 1916 767 1989 signiﬁcantur
787 1931 947 1986 quam
986 1915 1106 1985 ipsa
1136 1915 1309 1985 signa,
1358 1915 1605 1985 quamvis
1655 1916 1770 1986 ipsa

184 2010 292 2064 sint
319 2008 677 2079 obstupeuda,
693 2008 831 2063 sicut
854 2015 908 2061 et
933 2008 1045 2061 haec
1066 2007 1393 2062 resurrectio
1408 2014 1765 2073 mortuorum,

183 2100 402 2170 quando
424 2098 575 2154 multi
606 2099 696 2169 qui
726 2097 1078 2163 dormierant,
1119 2106 1495 2162 surrexerunt,
1524 2107 1769 2152 exeuntes

181 2192 244 2245 de
266 2190 618 2244 monumentis
639 2197 755 2258 post
798 2188 1229 2242 resurrectionem
1262 2187 1488 2253 Christi,
1522 2196 1769 2241 venerunt

181 2284 238 2335 in
274 2290 510 2335 sanetam
549 2278 871 2343 Jerusalem,
916 2288 966 2333 et
1006 2286 1362 2347 apparuerunt
1405 2276 1604 2332 multis.
1636 2277 1769 2345 Quae

176 2373 428 2445 profecto
457 2372 805 2437 resurrectio,
826 2371 1072 2441 quamvis
1092 2371 1427 2440 obstupenda
1450 2369 1524 2424 sit
1546 2369 1768 2424 valdeet

179 2464 540 2531 admirabilis,
562 2462 737 2533 major
759 2472 843 2519 est
873 2474 1051 2519 tamen
1090 2462 1182 2517 illa
1211 2460 1390 2515 futura
1441 2462 1766 2517 resurrectio

177 2558 471 2632 generalis,
490 2572 616 2628 quae
637 2571 734 2628 per
760 2558 919 2612 istam
944 2555 1231 2611 testiﬁcata
1251 2562 1354 2620 est,
1373 2555 1588 2624 quando
1612 2555 1765 2611 multi

177 2660 603 2709 resurrexerunt
642 2652 711 2706 ad
751 2650 1121 2706 testimonium
1165 2663 1308 2703 verae
1353 2647 1767 2705 resurrectionis

176 2743 400 2801 Christi.
427 2742 504 2796 Ac
538 2750 781 2797 uenerunt
804 2742 858 2795 in
872 2749 1108 2796 sanctam
1120 2740 1404 2803 civitatem,
1428 2748 1479 2793 et
1508 2755 1766 2810 apparue-

177 2846 301 2890 runt
348 2832 568 2897 multis;
596 2841 656 2888 ut
681 2840 738 2887 et
776 2831 875 2903 ipsi
912 2831 1006 2901 qui
1032 2829 1277 2885 viderant
1301 2844 1426 2884 vere
1449 2843 1544 2886 eos
1579 2845 1763 2886 resur-

174 2930 405 2991 rexisse,
438 2934 607 2983 testes
634 2932 817 2981 essent
839 2922 905 2977 ad
928 2923 1137 2994 plebem
1164 2937 1308 2977 verae
1331 2923 1761 2979 resurrectionis.

175 3023 328 3078 Multi
357 3020 627 3090 siquidem
656 3019 749 3088 qui
793 3024 1101 3087 resurgunt,
1141 3023 1289 3070 recte
1335 3014 1532 3070 multos
1558 3014 1765 3071 faciunt

174 3122 367 3169 testes.
402 3108 666 3178 Quoniam
714 3116 772 3161 et
816 3104 1076 3170 difﬁcilis,
1118 3105 1244 3160 licet
1285 3104 1538 3174 optabilis
1576 3105 1648 3159 sit
1696 3104 1764 3160 ad

1875 1918 1960 1973 vel
1989 1919 2110 1976 ideo
2143 1923 2269 1990 quia
2293 1923 2446 1993 prius
2468 1937 2656 1982 sancta
2680 1926 2878 1994 fuerat,
2905 1939 2961 1985 et
3002 1932 3178 1987 adhuc
3216 1948 3285 1989 ex
3312 1936 3455 1990 anti-

1874 2028 1983 2082 quo
2011 2013 2085 2068 ita
2109 2013 2235 2082 jure
2261 2016 2562 2073 vocabatur
2596 2020 2892 2087 vocabulo;
2926 2023 3067 2078 sicut
3099 2033 3153 2079 et
3175 2025 3459 2082 Matthaeus

1872 2120 1931 2161 se
1958 2107 2305 2176 publicanum
2336 2124 2530 2165 vocare
2558 2127 2665 2166 non
2716 2114 2953 2181 erubuit,
3005 2131 3111 2171 non
3158 2117 3300 2187 quod
3342 2118 3456 2188 jam

1871 2197 1975 2253 hoc
2015 2206 2183 2264 esset,
2219 2200 2362 2256 sicut
2408 2215 2507 2257 nec
2549 2201 2749 2258 Paulus
2773 2214 3092 2274 persecutor
3123 2247 3138 2272 ,
3188 2207 3288 2262 sed
3330 2207 3459 2277 quia

1871 2290 1975 2344 hoc
1996 2289 2190 2346 fuerat.
2221 2291 2406 2348 Potest
2429 2293 2546 2349 ﬁeri
2566 2302 2622 2349 et
2648 2296 2714 2350 de
2756 2295 2846 2349 ilia
2886 2296 3091 2352 caelesti
3116 2296 3455 2353 Hierusalem

1870 2382 2016 2437 dicat
2035 2384 2383 2454 evangelista,
2417 2387 2559 2455 quod
2587 2387 2652 2441 ad
2681 2400 2802 2441 eam
2840 2390 3191 2457 pervenerint
3216 2399 3272 2445 et
3293 2406 3455 2461 appa-

1871 2472 2077 2527 ruerint
2098 2474 2300 2539 multis,
2319 2476 2536 2546 1188
2548 2492 2615 2531 ne
2637 2476 2786 2531 solus
2807 2472 2965 2533 Iesus
2988 2479 3188 2534 rediret
3206 2481 3275 2535 ad
3298 2495 3459 2550 supe-

1868 2581 1988 2632 ros,
2021 2567 2161 2622 sicut
2189 2582 2255 2621 ne
2297 2567 2443 2623 solus
2480 2569 2776 2623 resurrexit
2819 2582 2848 2623 a
2880 2570 3127 2625 mortuis.
3166 2571 3247 2626 Ad
3290 2586 3455 2642 quam

1868 2658 2054 2728 utique
2072 2674 2196 2713 cum
2224 2672 2290 2713 eo
2312 2659 2695 2724 ascenderunt,
2719 2659 2844 2715 licet
2872 2660 2924 2714 in
2944 2660 3049 2716 hac
3066 2668 3285 2717 terrena
3305 2662 3456 2731 prius

1868 2753 1976 2807 sint
1991 2752 2114 2817 visi,
2130 2753 2223 2822 qui
2252 2752 2325 2807 ita
2355 2762 2773 2808 resurrexerunt
2797 2753 3198 2822 immortaliter,
3220 2769 3293 2810 ne
3315 2754 3455 2810 ulte-

1868 2842 1982 2897 rius
2014 2849 2329 2897 tenerentur
2350 2842 2508 2897 morti
2538 2843 2779 2898 obnoxii.
2990 2864 2995 2867 ι
3290 2847 3299 2858 ’

1938 2931 2186 2987 Centurio
2217 2941 2391 2987 autem
2432 2942 2481 2987 et
2527 2934 2616 3004 qui
2659 2948 2777 2987 cum
2802 2949 2864 2987 eo
2900 2942 3059 2988 erant
3106 2932 3457 2989 custodientes

1866 3022 2206 3087 Jesum,viso
2242 3031 2566 3089 lermmotu,
2615 3032 2663 3077 et
2705 3023 2786 3077 his
2834 3038 2951 3094 qua
2982 3023 3204 3091 ﬁebant,
3262 3024 3451 3080 timue-

1868 3124 1989 3169 runt
2015 3114 2181 3178 valde,
2207 3115 2453 3179 dicentes,
2480 3114 2610 3170 Vere
2631 3114 2805 3170 Filius
2830 3115 2928 3170 Dei
2951 3126 3062 3170 erat
3083 3118 3197 3172 iste.
3230 3116 3275 3172 0
3293 3130 3457 3187 quam

174 3204 533 3259 credendum.
584 3199 738 3256 Unde
785 3207 841 3254 et
887 3196 1154 3262 Christus,
1202 3197 1449 3266 quamvis
1501 3212 1641 3252 unus
1694 3198 1765 3253 sit
1792 3194 1837 3258 C
1869 3206 2184 3262 duriccrdes
2231 3206 2449 3261 fuerunt
2498 3205 2701 3261 Judaei!
2753 3206 2892 3261 Ecce
2921 3206 3186 3262 elementa
3246 3206 3455 3262 interea

174 3302 454 3359 mortuus,
477 3301 533 3347 et
556 3290 702 3346 scius
730 3305 829 3361 pro
857 3289 1130 3353 omnibus,
1176 3286 1347 3343 noluit
1393 3287 1537 3343 solus
1580 3302 1767 3344 resur-

173 3401 325 3458 gere,
356 3384 451 3442 sed
489 3399 612 3439 ctum
659 3384 926 3455 plurimis,
975 3391 1035 3436 ut
1082 3383 1316 3452 primum
1349 3390 1513 3438 testes
1546 3382 1771 3438 haberet

162 3478 632 3543 resurrectionis;
670 3477 863 3533 deinde
893 3476 1006 3545 ipse
1037 3490 1144 3529 una
1172 3489 1295 3529 cum
1315 3474 1519 3541 multis,
1539 3482 1599 3528 ut
1620 3489 1769 3544 spem

173 3572 495 3629 refunderet
514 3572 832 3643 desperatis,
858 3572 1011 3627 testis
1023 3570 1232 3626 exstitit
1260 3578 1531 3641 perpetuas
1556 3570 1598 3638 ι
1611 3569 1770 3639 187

173 3662 617 3719 resurrectionis.
636 3662 864 3733 Dignum
888 3661 1085 3731 quippe
1108 3660 1307 3726 fuerat,
1324 3660 1449 3730 quia
1477 3659 1771 3713 illustraveo

174 3765 260 3809 rat
284 3754 559 3811 doctrinis
588 3761 897 3808 nostrarum
942 3752 1199 3807 mentium
1222 3752 1497 3817 tenebras,
1525 3767 1585 3806 ut
1605 3751 1771 3805 etiam

171 3847 486 3903 inferorum
522 3846 752 3901 obscura
808 3845 1126 3911 illustraret,
1163 3852 1490 3916 sanctosque
1534 3858 1661 3899 suos
1702 3843 1773 3898 ad

169 3940 560 3996 informandus
595 3948 805 3994 mentes
839 3938 1073 3993 ﬁdelium
1118 3937 1511 4007 conspicabiies
1548 3950 1647 4007 per
1681 3951 1771 3992 re—

167 4032 576 4088 surrectionem
606 4030 786 4086 carnis
821 4029 1055 4096 faceret;
1114 4038 1170 4085 et
1220 4030 1412 4086 mortis
1451 4029 1645 4099 spolia,
1698 4028 1766 4085 ab

166 4126 377 4181 inferis
399 4126 512 4196 jam
536 4124 692 4179 vivus
712 4124 1009 4180 ascendens
1056 4137 1119 4179 ac
1140 4124 1196 4179 si
1244 4124 1438 4189 victor,
1470 4123 1763 4194 conspicua

165 4216 535 4272 cernentibus
564 4223 888 4286 reportaret,
940 4230 1008 4271 ne
1054 4216 1299 4272 dicerent
1343 4214 1590 4272 inﬁdeles
1631 4216 1776 4287 quod

164 4325 280 4367 non
312 4310 502 4382 possit
531 4324 816 4379 resurgere
854 4310 950 4365 Dei
988 4309 1194 4366 virtute
1220 4324 1389 4380 purus
1412 4310 1596 4378 homo,
1631 4311 1777 4381 quod

159 4403 357 4471 potuit
382 4400 650 4466 Christus,
677 4415 775 4472 pro
792 4414 893 4456 sua
932 4400 1191 4471 potentia,
1225 4401 1369 4457 Deus
1407 4403 1589 4457 homo.
1636 4401 1779 4470 Quid
1818 4425 1823 4430 ε

161 4493 323 4548 enim
352 4492 503 4547 aliud
531 4501 1003 4547 monumentorum
1030 4491 1282 4563 aperitio,
1313 4492 1416 4547 nisi
1452 4494 1580 4564 quia
1621 4493 1772 4549 clau-

160 4584 304 4640 stris
352 4582 551 4666 mortis
580 4581 840 4649 eﬂ'ractis,
892 4584 1348 4639 resurrectionem
1402 4586 1645 4641 omnium
1682 4586 1777 4641 de-

1872 3299 2203 3355 insensibilia
2232 3307 2517 3353 senserunt
2557 3308 2787 3355 mortem
2836 3298 3071 3364 Domini,
3123 3299 3322 3352 mortui
3362 3313 3456 3351 au-

1872 3391 2089 3446 dierunt
2117 3405 2299 3446 vocem
2325 3390 2579 3445 clamoris
2623 3390 2764 3460 ejus,
2796 3390 2952 3444 inferi
2981 3402 3074 3444 eos
3108 3388 3459 3442 reddiderunt

1870 3482 2041 3537 vivos.
2065 3480 2321 3536 Centurio
2342 3480 2428 3536 his
2450 3481 2524 3535 ita
2552 3480 2684 3536 visis
2712 3479 2963 3544 credidit,
2998 3488 3046 3533 et
3093 3479 3181 3550 qui
3231 3493 3351 3532 cum
3398 3493 3459 3532 eo

1870 3582 2041 3637 erant,
2063 3587 2128 3626 ac
2151 3572 2483 3627 conﬁtentur
2512 3572 2607 3627 Dei
2633 3571 2827 3627 Filium
2860 3569 2996 3625 :soli
3042 3569 3228 3625 miseri
3261 3568 3456 3635 Judaei,

1872 3679 1973 3720 nec
2002 3665 2242 3719 sentiunt
2271 3679 2389 3734 qum
2412 3665 2639 3731 ﬁebant,
2694 3678 2794 3719 nec
2835 3664 3089 3729 credunt,
3147 3678 3247 3718 nec
3294 3678 3460 3718 vene-

1872 3765 2081 3822 rantur,
2105 3771 2205 3812 nec
2235 3757 2539 3828 recogitaut
2561 3771 2680 3826 quae
2706 3762 3010 3827 gesserunt.
3040 3754 3316 3820 Centurio,
3333 3754 3461 3810 licet

1874 3846 2208 3918 imperfecte,
2237 3856 2415 3903 tamen
2440 3847 2689 3904 credidit.
2720 3847 3038 3917 Imperfecte
3072 3846 3313 3916 quidem,
3332 3846 3461 3915 quia

1873 3952 1995 3992 cum
2023 3937 2154 3993 dicit
2183 3937 2373 4003 Erant,
2404 3939 2632 4008 putabat
2658 3936 2828 3993 fuisse
2860 3950 3015 3992 more
3061 3937 3322 4001 humano,
3369 3950 3464 3991 ue-

1876 4031 2055 4087 sciens
2078 4031 2395 4102 mysterium
2437 4030 2655 4085 usitatis
2691 4043 2755 4085 ac
2795 4028 3058 4085 defecisse
3074 4043 3180 4099 per
3207 4035 3462 4093 mortem,

1877 4137 2040 4195 quam
2088 4131 2145 4178 et
2196 4123 2370 4194 ipsam
2418 4121 2724 4177 mirabilem
2766 4121 3005 4177 videbat.
3044 4118 3215 4175 Unde
3252 4119 3466 4174 Marcus

1876 4216 1954 4270 ait
1980 4213 2200 4270 :Videns
2224 4212 2480 4269 Centurio
2500 4215 2591 4285 qui
2607 4229 2672 4268 ea:
2692 4213 2912 4267 aduerso
2935 4211 3106 4265 stabat
3120 4211 3218 4276 ibi,
3240 4210 3365 4281 quia
3392 4208 3466 4264 sic

1879 4305 2115 4360 clamans
2147 4306 2457 4376 expirasset,
2501 4306 2622 4359 ait:
2669 4302 2801 4359 Vere
2828 4304 2982 4358 homo
3013 4303 3098 4356 hic
3145 4300 3317 4356 Filius
3363 4300 3465 4355 Dei

1877 4408 1990 4453 erat
2023 4397 2216 4471 (Marc.
2252 4413 2343 4463 xv,
2378 4397 2491 4467 ὅθ).
2532 4395 2648 4451 Non
2686 4397 2837 4450 enim
2878 4397 2954 4452 ait
2982 4396 3132 4466 quod
3182 4394 3468 4450 Matthaeus

1879 4489 2029 4554 dicit,
2062 4490 2205 4560 quod
2230 4487 2429 4543 viderit
2449 4494 2819 4542 terraemotum
2860 4495 2917 4540 et
2947 4498 3069 4555 qua:
3116 4484 3338 4547 ﬁebant,
3371 4482 3469 4538 sed

1880 4581 2238 4638 solummodo.
2266 4579 2406 4645 Quia
2431 4579 2507 4633 sic
2546 4577 2784 4635 clamans
2810 4576 3122 4647 expirasset.
3157 4574 3309 4630 Unde
3350 4587 3470 4627 mae-

159 4676 442 4749 signabat
465 4664 839 4731 mortuorum?
866 4674 1109 4743 Quorum
1133 4677 1188 4731 iu
1218 4684 1444 4747 aspectu
1470 4677 1605 4732 ﬁdes
1656 4687 1777 4732 erat
1879 4688 2045 4744 gnum
2072 4671 2273 4740 aliquid
2302 4670 2354 4725 in
2398 4684 2464 4724 eo
2503 4667 2761 4724 Centurio
2802 4666 3071 4723 intellexit
3094 4664 3356 4729 clamore,
3388 4670 3472 4719 at-

156 4767 555 4832 ccrnentium,
600 4767 653 4820 iu
692 4782 948 4837 processu
974 4776 1133 4839 typus
1175 4766 1501 4823 futurorum.
1536 4768 1690 4836 Quod
1719 4770 1775 4823 in
1881 4782 1988 4839 que
2014 4767 2066 4821 in
2094 4764 2322 4834 ecquod
2353 4764 2431 4819 sic
2470 4763 2641 4819 emisit
2672 4759 2947 4833 Spiritum.
2999 4758 3155 4829 Quod
3210 4757 3315 4813 nisi
3373 4755 3469 4811 ali»

154 4869 438 4916 sanctam
483 4856 757 4912 civitatem
795 4858 1111 4929 prodeuudo
1148 4860 1397 4925 veniunt,
1428 4861 1775 4930 praesentium
1880 4857 2012 4928 quid
2041 4856 2094 4909 in
2135 4869 2195 4910 se
2242 4852 2621 4907 admirationis
2665 4850 2787 4922 plus
2827 4851 3074 4917 haberet,
3126 4850 3473 4920 nequaquam

152 4949 541 5006 declarabant
564 4948 831 5018 speciem;
882 4950 1032 5005 etin
1064 4951 1255 5006 eadem
1302 4951 1485 5021 specie
1544 4950 1775 5005 formam
1878 4948 2095 5003 Marcus
2154 4946 2374 5002 icaeteris
2442 4945 2821 5014 praetermissis
2892 4942 3191 5008 miraculis,
3256 4940 3462 5009 wihus

148 5040 574 5098 monstrabant
619 5041 948 5096 futurorum.
1003 5040 1142 5096 Hinc
1204 5049 1261 5097 et
1320 5040 1477 5096 multi
1531 5049 1781 5111 quaerunt
1880 5041 1943 5096 in
1973 5038 2387 5095 admirationem
2409 5048 2715 5095 commotus
2739 5046 2826 5094 est
2851 5036 3118 5103 centurio,
3144 5043 3204 5090 et
3232 5034 3474 5105 quicum

152 5146 448 5192 utrumne
482 5145 739 5207 perpetua
786 5133 951 5190 fuerit
996 5135 1083 5190 illa
1113 5136 1463 5201 resurrectio,
1522 5151 1588 5189 an
1639 5136 1778 5191 sicut
1887 5147 1952 5189 eo
1978 5139 2144 5207 erant.
2175 5132 2277 5187 hoc
2303 5144 2472 5185 unum
2519 5130 2700 5186 solum
2740 5135 3036 5185 narrasset.
3096 5126 3175 5181 Ac
3222 5141 3325 5197 per
3370 5126 3476 5181 hoc

150 5227 433 5283 Lazarus
455 5227 696 5282 surrexit
717 5226 914 5281 iterum
942 5227 1259 5288 moriturus,
1288 5226 1367 5280 ita
1395 5226 1557 5281 etisti
1589 5240 1779 5282 rursus
1886 5239 2017 5280 vere
2046 5224 2098 5278 in
2126 5222 2220 5278 tali
2250 5222 2513 5278 miraequ
2540 5221 2711 5277 deitas
2742 5219 2947 5276 Christi
2991 5216 3317 5273 declaratur.
3368 5215 3478 5271 Sed

150 5316 901 5374 morituriresurrexerint?
951 5320 1096 5388 quod
1149 5319 1370 5375 omnino
1425 5319 1780 5390 Evangeiium
1886 5316 2239 5387 quaerendum
2279 5314 2347 5370 de
2366 5315 2479 5370 hoc
2504 5328 2615 5369 uno
2657 5313 2726 5369 ad
2770 5309 3052 5383 liquidum,
3084 5310 3210 5380 quia
3259 5309 3326 5364 de
3373 5320 3478 5363 ca:-

148 5427 278 5467 non
346 5408 617 5465 declarat.
666 5408 1054 5466 Verumtamen
1106 5412 1289 5481 plures
1341 5420 1467 5473 sunt
1536 5412 1628 5481 qui
1679 5412 1783 5469 hoc
1876 5412 2021 5468 teris
2058 5409 2172 5480 jam
2208 5424 2373 5479 supra
2421 5407 2792 5471 tractavimus,
2829 5404 2960 5475 quid
3006 5403 3207 5458 mirum
3256 5401 3476 5466 habeat,

150 5503 471 5560 amanare
516 5502 590 5557 ita
622 5511 893 5558 conantur
925 5505 1069 5573 quod
1110 5512 1372 5575 perpetua
1416 5520 1541 5559 cum
1570 5504 1787 5563 Christo
1893 5504 2017 5574 quia
2046 5503 2215 5557 emisit
2239 5502 2504 5572 spiritum.
2552 5497 2687 5552 Nam
2717 5497 2820 5552 nisi
2876 5496 2931 5551 in
2968 5510 3035 5551 eo
3061 5508 3318 5550 sensuum
3364 5507 3481 5547 ma-

148 5611 387 5656 eorum
412 5594 485 5649 sit
502 5593 1014 5661 resnrrectinfacta,
1056 5596 1304 5665 quamvis
1345 5596 1436 5650 alii
1481 5597 1639 5651 aliter
1663 5612 1788 5652 sen-
1890 5594 2225 5667 gnitudinem
2257 5590 2552 5646 secundum
2583 5588 2936 5657 capacitatem
2984 5600 3135 5641 suam
3166 5584 3306 5639 idem
3352 5597 3479 5637 cen-

151 5690 347 5744 tiant.
396 5684 534 5751 Quia
568 5685 613 5740 si
641 5685 755 5738 veri
784 5693 949 5740 testes
973 5699 1114 5740 verae
1136 5686 1553 5741 resurrectionis
1583 5686 1784 5741 Christi
1894 5689 2034 5743 tnrio
2073 5685 2418 5757 intelligeret,
2468 5690 2597 5752 puto
2649 5681 2789 5751 quod
2842 5678 3136 5750 plurimum
3183 5677 3481 5733 admiratus

126 5778 438 5841 «erant,
464 5775 620 5848 pium
643 5786 752 5845 est,
778 5791 885 5833 non
906 5776 1080 5833 solum
1102 5777 1335 5847 opinari,
1362 5793 1548 5834 verum
1573 5785 1626 5833 et
1665 5794 1786 5833 cre-
1891 5796 1990 5852 pro
2020 5780 2122 5836 hoc
2144 5793 2273 5845 uno,
2305 5791 2415 5832 nou
2443 5776 2682 5832 diceret:
2728 5771 2855 5829 Vere
2881 5773 2966 5828 hic
2988 5773 3144 5828 homo
3170 5767 3342 5829 Filius
3368 5774 3481 5825 erat
