4048 6352
166 293 253 351 969

880 284 1241 346 EXPOSITIO
1277 286 1348 344 IN
1380 285 1820 348 ΜΑΤΤΙΙᾸΞΠΜ.
1862 319 1929 330 -
1966 288 2094 345 LIB.
2136 288 2251 360 XII,
2291 290 2444 349 CAP.
2485 291 2695 351 XXVII.

3308 298 3415 352 970

154 403 588 470 rectecredimus
630 418 696 459 ac
740 404 1067 460 conﬁtemur
1114 421 1238 461 eum
1277 419 1406 461 vere
1454 404 1625 459 Deum
1675 414 1733 461 et
1759 410 1805 471 Α
1835 415 1955 462 erat
1984 407 2099 462 haec
2126 407 2292 463 Maria
2323 409 2390 463 de
2422 410 2863 479 magniﬁcatione
2912 411 3007 466 Dsi
3049 412 3415 483 magnificata,

155 502 411 561 hominem
442 498 653 569 Deique
684 497 880 553 Filium
915 507 974 554 et
1016 499 1070 553 in
1099 513 1194 553 sua
1220 497 1434 567 justitia
1476 513 1605 552 vere
1626 496 1718 564 ju-

153 593 454 651 stissimum.
494 590 576 646 Ad
607 589 856 644 ultimum
884 588 1031 644 inter
1053 598 1255 645 caetera
1287 588 1548 643 miracula
1587 589 1721 643 nihil

154 687 310 741 minus
358 681 560 737 claruit
606 680 737 735 illud
776 690 1061 751 postquam
1108 679 1366 735 Dominus
1398 681 1718 747 resurrexit,

152 776 259 847 quia
281 772 455 836 multi,
487 787 576 842 qut
630 770 971 833 dormierunt,
1018 779 1359 825 surrexerunt
1386 780 1432 825 et
1458 787 1720 841 apparue-

154 875 254 921 runt
300 863 501 918 multis.
532 862 644 919 Nec
672 872 853 919 tamen
894 862 1172 929 omnibus,
1228 864 1323 919 sed
1370 864 1457 919 his
1509 872 1721 919 tantum

150 960 229 1031 qui
263 958 415 1029 digni
443 965 603 1013 erant
651 956 778 1012 talia
815 956 1023 1023 videre,
1054 964 1114 1011 ut
1133 965 1317 1012 essent
1344 965 1508 1012 testes
1546 973 1576 1011 a
1609 957 1723 1013 Deo

151 1050 503 1124 praeordinati.
534 1048 689 1105 Unde
723 1058 937 1121 oportet
966 1048 1291 1121 intelligere,
1329 1050 1456 1120 quia
1492 1049 1633 1104 sicut
1656 1050 1723 1105 de

150 1146 220 1200 his
263 1158 371 1198 non
404 1151 530 1199 sunt
576 1143 779 1212 scripta
813 1142 1018 1208 omnia,
1070 1142 1268 1212 quibus
1318 1142 1417 1197 visi
1466 1150 1612 1208 sunt,
1636 1141 1722 1198 vel

150 1235 389 1306 quandiu,
448 1234 553 1289 nisi
591 1233 721 1304 quia
764 1222 1017 1289 venerunt
1057 1234 1113 1288 in
1160 1243 1345 1289 sancta
1385 1234 1624 1300 civitate,
1672 1242 1723 1288 et

151 1336 488 1398 apparuerunt
515 1324 695 1380 multis
722 1340 741 1378 :
773 1326 849 1381 ita
871 1339 973 1381 nec
1001 1324 1069 1382 de
1090 1326 1491 1382 resurrectione
1517 1325 1722 1382 Christi

149 1418 309 1473 omnia
334 1417 537 1473 litteris
552 1426 679 1473 sunt
711 1418 1070 1474 contradicta.
1104 1417 1257 1485 Quod
1285 1420 1479 1487 probat
1506 1428 1723 1488 aposto-

149 1510 220 1565 lus
241 1509 444 1565 Paulus
482 1525 606 1564 cum
633 1510 729 1576 ait,
763 1510 890 1581 quia
926 1510 1066 1565 risus
1101 1522 1175 1564 est
1218 1509 1396 1573 simul,
1435 1519 1720 1580 postquam

146 1603 469 1667 resurrexit,
521 1602 798 1674 plusquam
851 1603 1143 1673 quingentis
1194 1602 1449 1672 fratribus
1501 1601 1551 1674 (1
1596 1600 1719 1657 Cor.

148 1708 227 1758 xv,
250 1693 327 1764 6).
370 1693 582 1749 Idcirco
611 1693 726 1749 haec
772 1693 1025 1759 dixerim,
1075 1702 1135 1748 ut
1167 1692 1431 1764 intelligat
1483 1692 1722 1762 prudens

1824 498 1948 567 quia
1986 506 2169 552 secuta
2216 498 2394 553 fuerat
2439 500 2886 573 benignissimum
2935 500 3142 567 Jesum,
3194 506 3280 560 cui
3331 522 3418 562 re-

1825 589 1988 645 missa
2016 589 2229 645 fuerant
2259 600 2481 661 peccata
2534 594 2723 658 multa,
2776 594 2901 664 quia
2943 595 3135 651 dilexit
3163 599 3416 663 multum,

1825 691 1880 736 et
1909 683 2251 738 ministrabat
2277 685 2326 738 ei
2352 685 2620 754 praecipue
2646 686 2789 741 inter
2806 700 3025 753 omnes;
3059 695 3114 742 ct
3133 698 3420 760 exspecta-

1824 773 1919 828 bat
1945 774 2086 828 sicut
2111 774 2465 846 Evangelium
2493 776 2758 841 declarat,
2793 777 3115 847 mysterium
3148 780 3420 849 passionis

1825 864 2027 921 Christi
2075 881 2139 920 ac
2185 867 2626 934 resurrectionis,
2677 867 2911 939 amplius
2966 884 3077 937 pra:
3138 872 3439 928 omnibus.‘

1826 957 2033 1012 Eratet
2053 958 2196 1013 inter
2224 959 2322 1013 has
2350 960 2654 1030 praecipuas
2678 959 2845 1014 Maria
2881 959 3070 1016 Jacobi
3117 963 3346 1020 minoris
3365 973 3423 1018 et

1825 1046 2025 1118 Joseph
2057 1058 2253 1114 mater,
2283 1036 2404 1118 quae
2431 1049 2533 1105 fuit
2554 1065 2711 1106 soror
2741 1051 2926 1106 Maria:
2956 1053 3149 1108 matris
3180 1053 3417 1121 Domini,

1826 1149 1882 1195 et
1907 1148 2203 1197 matertera
2225 1140 2447 1210 Christi,
2483 1160 2604 1214 qua!
2637 1155 2693 1200 et
2735 1146 2849 1215 ipsa
2893 1161 3089 1217 magna
3139 1148 3191 1202 in
3245 1148 3417 1219 prole,

1826 1233 1921 1287 sed
1956 1232 2131 1304 major
2188 1234 2241 1288 in
2297 1235 2605 1291 sanctitate.
2664 1236 2794 1304 Quae
2846 1250 3080 1306 sequens
3131 1237 3418 1294 Dominum

1826 1325 2001 1393 magis
2054 1322 2248 1380 affectu
2281 1326 2481 1381 mentis
2520 1342 2587 1380 ex
2637 1327 2909 1382 desiderio
2935 1329 3218 1394 virtutum,
3254 1344 3418 1399 quam

1827 1431 2013 1471 amore
2070 1420 2282 1484 carnis;
2342 1428 2398 1474 et
2462 1419 2806 1475 ministrabat
2857 1419 3083 1476 Domino
3132 1435 3303 1491 usque
3351 1422 3420 1476 ad

1827 1506 2022 1561 mortis
2044 1508 2354 1563 articulum.
2382 1507 2487 1564 Sed
2535 1509 2896 1582 Hieronymus
2935 1512 3181 1567 scribens
3208 1514 3275 1566 ad
3320 1511 3423 1567 He~

1828 1596 2029 1651 dibiam
2087 1598 2153 1653 de
2203 1599 2286 1654 his
2342 1599 2548 1666 Mariis,
2594 1602 2725 1656 dicit
2774 1611 3155 1658 marterteram
3205 1605 3419 1664 Domini

1830 1687 2055 1745 Mariam
2081 1689 2334 1762 Cleopha:
2372 1693 2557 1748 fuisse.
2592 1693 2744 1762 Quod
2779 1695 2824 1750 si
2864 1696 2937 1750 ita
2963 1704 3069 1761 est,
3095 1697 3276 1753 videat
3303 1698 3419 1769 ipse

146 1785 343 1839 animus
375 1785 523 1856 quod
551 1799 657 1840 non
693 1785 872 1840 omnia
901 1784 1201 1841 Salvatoris
1228 1784 1490 1839 miracula
1517 1783 1720 1853 scripta
1748 1774 1798 1836 B
1824 1781 2095 1851 quomodo
2122 1779 2292 1838 Jacob
2316 1791 2373 1837 et
2411 1782 2610 1854 Joseph
2658 1786 2854 1841 fratres
2889 1787 3102 1842 Domini
3128 1788 3416 1855 dicantur;

146 1884 274 1943 sunt,
306 1891 490 1947 neque
524 1886 779 1933 enarrata
808 1892 929 1947 quae
969 1877 1157 1949 gessit,
1185 1878 1280 1932 sed
1310 1890 1481 1945 pauca
1508 1874 1574 1930 de
1601 1873 1723 1945 plu-

144 1971 302 2036 rimis,
331 1970 676 2027 solummodo
709 1978 772 2024 ut
794 1970 1103 2025 credamus.

204 2063 370 2118 Erant
417 2072 595 2118 autem
616 2062 687 2116 ibi
730 2062 975 2118 mulieres
1016 2061 1222 2127 multis,
1249 2078 1281 2114 a
1303 2060 1476 2131 longe,
1499 2075 1617 2130 qua:
1647 2076 1728 2114 se—

139 2165 264 2210 cutae
285 2153 497 2224 {nerant
523 2153 711 2209 Iesum
742 2172 775 2208 a
815 2150 1037 2208 Calilwa
1076 2153 1434 2207 ministrantes
1479 2152 1546 2206 ei.
1578 2149 1729 2205 Inter

139 2261 267 2313 quas
293 2254 411 2298 erat
439 2243 616 2298 Maria
652 2241 989 2315 Magdalene,
1020 2252 1068 2297 et
1113 2242 1291 2296 Maria
1332 2241 1519 2296 Jacobi
1548 2251 1596 2295 et
1627 2241 1725 2295 Jo-

137 2338 256 2407 sepli
286 2347 477 2403 mater,
509 2346 557 2391 et
589 2345 758 2390 mater
794 2336 1029 2406 ﬁliorum
1074 2333 1333 2389 Zebedwi.
1376 2333 1453 2390 De
1483 2334 1568 2388 his
1597 2348 1728 2404 ergo

141 2429 456 2487 mulieribus
478 2444 671 2502 magna
701 2445 863 2500 quam
906 2444 1051 2500 smpe
1093 2429 1423 2500 ambiguitas
1462 2428 1725 2494 nascitur,

139 2524 268 2579 sicut
316 2532 375 2578 et
414 2523 470 2577 in
498 2522 637 2579 loco.
684 2522 826 2578 Ecce
852 2521 945 2577 ubi
991 2520 1277 2575 Matthaens
1319 2520 1451 2575 dicit
1500 2528 1729 2574 matrem

142 2614 369 2671 ﬁliorum
396 2613 651 2670 Zebedaei
706 2611 875 2669 fuisse
904 2628 1028 2668 cum
1071 2611 1293 2680 reliquis
1321 2610 1553 2676 duabus,
1594 2609 1731 2664 Mar-

141 2720 230 2763 cus
266 2706 495 2763 Salome
552 2704 698 2760 illam
745 2703 914 2760 fuisse
951 2710 1364 2760 commemorat.
1403 2700 1515 2757 Nec
1565 2701 1732 2774 igitur

140 2799 349 2866 mirum,
379 2814 513 2855 cum
536 2798 753 2868 utrique
771 2812 985 2863 eorum,
1008 2798 1136 2853 licet
1164 2805 1277 2852 tres
1304 2795 1727 2859 nominaverint,

138 2888 311 2961 plures
338 2890 521 2946 fuisse
549 2889 845 2954 insinuant,
892 2904 1015 2961 quae
1060 2887 1275 2944 fuerant
1316 2902 1438 2943 eum
1479 2894 1731 2951 secutura

139 2979 368 3048 Galilaea,
426 2989 489 3036 et
510 2989 672 3036 erant
705 2980 1032 3051 aspicientes
1079 2981 1147 3035 de
1197 2979 1377 3050 longe,
1431 2978 1573 3033 inter
1597 2993 1734 3047 quas

138 3083 286 3131 erant
325 3076 453 3131 ista:
496 3084 642 3144 tres,
671 3074 737 3130 de
783 3074 983 3144 quibus
1011 3073 1298 3129 Mattbaeus
1326 3072 1486 3133 dicit;
1513 3087 1647 3142 quas
1676 3079 1733 3126 et

140 3166 346 3226 Marcus
374 3143 641 3225 similiter
661 3143 925 3233 nominat,
951 3166 1055 3223 nisi
1092 3165 1220 3237 quia
1256 3180 1357 3236 pro
1386 3174 1561 3219 matre
1588 3162 1730 3218 lilio-
1759 3143 1805 3207 Ο

140 3280 252 3320 rum
279 3264 540 3322 Zebedrei
586 3263 803 3321 Salome
832 3279 897 3320 ac
941 3264 989 3320 si
1040 3263 1266 3318 alteram
1306 3262 1479 3333 ponit.
1515 3261 1736 3317 Poterat

140 3354 276 3409 enim
303 3356 431 3411 ﬁeri
468 3363 530 3410 ut
552 3363 609 3410 et
637 3354 726 3409 illa
753 3362 898 3410 esset
919 3368 1041 3424 qua:
1062 3353 1129 3409 de
1149 3353 1236 3409 his
1258 3353 1465 3418 multis,
1498 3367 1529 3407 a
1553 3352 1735 3409 Marco

140 3446 288 3503 tertia
323 3453 653 3518 poneretur.
686 3445 900 3517 1192
925 3444 1011 3501 Nil
1036 3445 1181 3500 enim
1222 3444 1451 3501 interest
1491 3444 1559 3498 ad
1594 3444 1738 3499 veri-

137 3544 298 3594 tatem
325 3552 477 3609 quas
518 3536 774 3593 mulieres
805 3537 945 3593 idem
988 3536 1214 3608 pariter,
1245 3551 1380 3607 quas
1425 3535 1622 3607 singuli
1668 3551 1736 3592 ex

133 3626 218 3684 his
250 3629 521 3685 omnibus
557 3627 979 3684 nominaverint.
1030 3627 1355 3700 Suspicatur
1405 3635 1588 3683 tamen
1620 3626 1739 3684 Ori-

135 3736 294 3791 genes
318 3722 585 3778 eamdem
619 3720 838 3777 Salome
883 3720 1054 3777 fuisse
1082 3729 1313 3776 matrem
1351 3718 1587 3775 filiorum
1641 3719 1737 3775 Ze-

130 3812 322 3880 bedai,
362 3830 499 3886 quae
538 3813 662 3884 jure
714 3814 788 3869 ita
822 3821 1069 3869 vocatur.
1101 3812 1302 3881 Multae,
1354 3813 1552 3884 inquit,
1581 3820 1741 3868 erant

133 3914 529 3978 expectantes
558 3906 627 3961 ad
652 3920 870 3962 crucem
894 3903 1101 3970 Jesum,
1135 3905 1230 3961 sed
1252 3905 1319 3961 de
1348 3905 1435 3960 his
1455 3904 1739 3977 praecipua

130 4001 435 4057 nominata;
480 4006 631 4064 sunt,
659 3999 814 4070 quasi
864 3998 1127 4055 attentius
1159 4013 1284 4053 eum
1330 4005 1641 4069 spectantes
1684 4005 1741 4053 et

128 4091 363 4162 amplius
391 4091 451 4149 ei
480 4090 876 4156 ministrantes,
899 4089 1092 4145 melius
1116 4096 1173 4145 et
1195 4086 1490 4158 perfectius
1512 4102 1740 4159 sequen-

130 4189 225 4238 tes.
260 4184 409 4252 Quia
450 4181 871 4238 consuetudinis
916 4179 1115 4236 Judaea:
1144 4178 1265 4246 fuit,
1295 4194 1398 4235 nec
1439 4180 1742 4235 ducebatur

125 4274 178 4327 In
198 4273 427 4346 culpam
454 4287 613 4329 inore
639 4272 863 4342 antiquo
884 4272 1032 4327 illius
1059 4271 1256 4343 gentis,
1288 4277 1347 4325 ut
1371 4271 1633 4327 mulieres
1674 4272 1741 4328 de

124 4366 464 4425 substantiis
519 4366 635 4421 suis
680 4365 882 4421 victum
932 4373 1098 4435 atque
1146 4366 1405 4420 vestitum
1439 4364 1552 4419 suis
1580 4363 1741 4419 mini-

120 4466 365 4515 strarent
390 4456 855 4531 praeceptoribus.
881 4455 1034 4523 Quod
1057 4455 1186 4525 quia
1211 4453 1530 4510 scandalum
1556 4453 1741 4510 facere

119 4562 341 4623 poterat
383 4554 450 4610 in
512 4552 787 4625 gentibus,
841 4548 1106 4619 abjecisse
1151 4563 1210 4604 se
1244 4558 1514 4605 memorat
1544 4547 1743 4604 Paulus

118 4647 410 4716 apostolus
441 4665 459 4701 :
497 4644 759 4715 Nunquid
781 4660 887 4698 non
908 4642 1162 4698 habemus
1199 4653 1506 4714 potestatem
1538 4658 1742 4697 sorores

118 4738 374 4794 mulieres
416 4735 879 4802 circumducendi,
924 4736 1058 4789 sicut
1104 4743 1153 4788 et
1204 4735 1380 4788 caeteri
1407 4732 1629 4804 apostoli
1657 4733 1744 4786 fa-

115 4831 302 4888 ciunt?
341 4831 404 4905 (I
438 4829 574 4887 Cor.
606 4846 684 4897 ut,
714 4828 795 4901 5.)
821 4829 950 4896 Qua:
991 4827 1239 4899 profecto
1287 4828 1542 4885 mulieres
1585 4828 1747 4883 mini-

117 4925 379 4980 strabant
411 4921 662 4979 Domino
691 4921 760 4978 de
793 4922 1095 4977 substantia
1133 4936 1249 4985 sua,
1281 4929 1336 4975 et
1377 4922 1746 4992 sequebantur

113 5030 237 5072 eum
266 5025 531 5089 propter
554 5014 855 5070 doctrinam
886 5023 1153 5069 sanctam.
1187 5011 1304 5068 Non
1334 5013 1476 5083 quod
1497 5013 1586 5068 his
1613 5027 1745 5083 ege-

113 5118 198 5163 ret
240 5107 566 5171 Dominus,
617 5105 714 5161 sed
756 5114 817 5158 ut
842 5112 1029 5176 typum
1058 5105 1369 5161 ostenderet
1401 5118 1467 5158 ac
1512 5101 1744 5159 formam

112 5205 545 5276 magistrorum
579 5197 941 5269 sequentium,
984 5211 1051 5254 eo
1080 5198 1226 5269 quod
1274 5196 1424 5253 victu
1471 5208 1636 5270 atque
1659 5211 1747 5253 ve-

110 5295 247 5350 stitu
275 5307 355 5348 ex
394 5287 809 5360 discipulorum
836 5286 1102 5357 obsequio
1122 5286 1319 5343 debent
1339 5304 1462 5346 esse
1483 5289 1744 5344 contenti.

109 5388 223 5447 Sed
268 5389 597 5445 videamus
646 5382 840 5454 quales
886 5381 1140 5438 habuerit
1181 5381 1411 5438 comites
1471 5381 1745 5439 Salvator.

108 5482 356 5541 Mariam
411 5493 669 5549 namque
710 5476 1083 5549 Magdalenam
1124 5478 1192 5533 de
1236 5493 1342 5548 qua
1370 5487 1578 5549 septem
1604 5478 1752 5534 exie-

107 5587 237 5634 rant
276 5571 610 5637 daamonia,
659 5586 781 5641 quae
818 5586 851 5625 a
900 5569 1149 5640 Magdan
1196 5571 1340 5638 vico,
1390 5572 1476 5627 vel
1525 5573 1665 5639 loco,
1696 5573 1751 5628 in

108 5687 220 5744 quo
252 5679 396 5728 orta
434 5666 646 5731 fuerat,
683 5665 1019 5721 conveniens
1056 5665 1190 5721 satis
1230 5665 1333 5723 sibi
1378 5666 1545 5722 traxit
1592 5682 1756 5737 agno-

106 5781 264 5822 men.
305 5763 527 5819 Porro
561 5754 805 5827 Magdalu
844 5757 1237 5827 interpretatur
1270 5758 1645 5829 magniﬁcatio.
1691 5759 1756 5813 Et

537 5846 803 5910 οιτιιοι..
851 5848 1052 5911 CXX.

1827 1873 1931 1928 nisi
1966 1874 2093 1944 quia
2125 1876 2413 1946 propinqui
2457 1877 2573 1945 ejus
2623 1885 2782 1933 erant
2821 1893 2888 1934 ex
2935 1894 3121 1945 carne,
3167 1896 3233 1936 eo
3274 1883 3420 1951 quod

1827 1975 2031 2032 essent,
2059 1974 2120 2021 ut
2160 1968 2456 2034 credimus,
2503 1967 2685 2024 Marim
2724 1971 2930 2025 sororis
2968 1972 3160 2026 matris
3204 1974 3420 2027 Domini

1828 2058 1946 2114 filii.
1978 2059 2044 2113 Et
2073 2059 2225 2113 multi
2259 2060 2331 2113 ita
2356 2062 2731 2127 consentiunt,
2766 2062 3014 2131 quamvis
3046 2063 3303 2133 praelatus
3329 2065 3422 2118 do-

1828 2159 1948 2206 ctor
1973 2167 2039 2207 eo
2086 2153 2139 2206 in
2179 2152 2300 2208 loco
2328 2152 2431 2208 hoc
2472 2154 2850 2209 contradicere
2891 2153 3157 2209 videatur.
3188 2154 3319 2209 Erat
3369 2164 3425 2209 et

1831 2246 1990 2301 tertia
2044 2247 2189 2301 inter
2231 2246 2366 2301 alias
2403 2247 2678 2317 prmcipua
2714 2258 2889 2302 mater
2923 2248 3137 2320 1193
3187 2249 3421 2305 ﬁliorum

1830 2337 2097 2402 Zebedzei,
2133 2338 2223 2406 qui
2247 2337 2438 2393 relicto
2463 2337 2600 2403 viro,
2626 2337 2713 2393 vel
2746 2347 2982 2402 mortuo,
3012 2347 3196 2394 secuta
3230 2350 3314 2394 est
3332 2340 3420 2395 .leo

1829 2442 1968 2489 sum,
1999 2426 2350 2482 nihilominus
2378 2428 2429 2481 in
2454 2428 2732 2498 mysterio,
2765 2428 2919 2498 cujus
2946 2427 3039 2481 lilii
3074 2430 3247 2483 vocati
3292 2439 3420 2489 sunt

1830 2519 1927 2575 filii
1954 2520 2200 2574 tonitrui.
2247 2520 2402 2576 Unde
2447 2528 2503 2575 et
2542 2520 2657 2591 ipsa
2712 2520 2851 2575 forte
2886 2530 3109 2592 prepler
3152 2520 3312 2575 fidem
3369 2532 3426 2575 et

1832 2622 2074 2666 sanctam
2103 2613 2268 2666 vitam
2316 2612 2574 2668 Tonitrus
2617 2613 2943 2677 vocabatur;
2994 2628 3101 2669 non
3151 2613 3278 2684 quia
3327 2613 3423 2667 lilii

1832 2715 1958 2763 sunt
2007 2707 2082 2761 ita
2130 2706 2330 2771 vocati,
2382 2707 2475 2762 sed
2505 2707 2631 2777 quia
2682 2708 2797 2777 ipsa
2840 2708 2910 2762 ab
2935 2708 3124 2762 eodem
3184 2705 3426 2762 tonitrua

1834 2800 2038 2855 Christi
2091 2798 2269 2855 fuerat
2312 2800 2550 2856 excitata
2579 2812 2637 2856 ut
2686 2810 3008 2871 sequeretur
3031 2815 3155 2855 eum
3182 2807 3238 2855 et
3262 2799 3425 2855 mini—

1836 2899 2056 2957 straret,
2109 2900 2436 2961 exspectans
2469 2906 2589 2960 quae
2624 2900 2775 2963 gesta
2803 2892 3018 2947 fuerant
3062 2891 3204 2946 circa
3236 2890 3426 2945 Domi-

1835 2998 1988 3049 num,
2017 2981 2170 3052 cujus
2202 2982 2296 3038 lilii
2326 2991 2452 3038 sunt
2480 2982 2715 3039 Jacobus
2744 2991 2799 3037 et
2838 2981 3091 3038 Joannes.
3129 2981 3231 3049 Qui
3262 2981 3447 3036 nimi»

1838 3092 1957 3131 rum
1986 3075 2224 3132 Joannes
2268 3075 2411 3131 ﬁlius
2456 3077 2679 3132 tonitrui
2719 3076 2925 3131 audivit
2960 3085 3015 3131 et
3054 3075 3171 3145 ipse
3218 3083 3426 3145 septem

1837 3168 2062 3224 tonitrui
2084 3168 2269 3234 verba,
2302 3183 2422 3240 qua:
2449 3169 2603 3239 quasi
2632 3168 3013 3234 eminentiora,
3043 3168 3168 3237 quia
3194 3168 3431 3223 mundus

1839 3262 2102 3332 nequibat
2128 3275 2343 3331 capere,
2371 3261 2585 3331 jussum
2626 3269 2710 3317 est
2740 3261 2793 3316 ei
2842 3276 2910 3315 ne
2954 3259 3238 3315 scriberet.
3274 3257 3429 3314 Unde

1839 3351 2001 3407 liceat
2044 3351 2276 3424 opinari,
2312 3359 2372 3405 ut
2405 3351 2660 3415 diximus,
2694 3365 2760 3405 ac
2789 3350 2970 3405 dicere
3000 3364 3201 3404 nomen
3237 3349 3430 3403 matris

1839 3443 2075 3500 filiorum
2118 3444 2385 3509 Zebedaei,
2434 3443 2577 3514 quod
2607 3444 2723 3515 ipsa
2766 3444 2858 3511 sit,
2890 3459 3011 3514 quae
3060 3459 3091 3498 a
3122 3443 3303 3499 Marco
3332 3442 3435 3498 Sa-

1840 3537 1984 3593 lome
2021 3546 2267 3604 vocatur,
2300 3536 2557 3606 quoniam
2589 3544 2849 3607 utrasque
2877 3535 3179 3606 praecipuas
3224 3535 3432 3605 absque

1841 3630 2004 3685 dubio
2030 3628 2173 3684 inter
2202 3637 2430 3684 caeteras
2475 3636 2702 3698 uterque
2743 3626 3074 3700 evangelista
3117 3642 3183 3683 ex
3215 3628 3434 3682 nomine

1841 3721 2159 3793 designavit.
2197 3721 2266 3776 Et
2293 3721 2413 3775 ideo
2446 3719 2588 3776 forte
2618 3720 2837 3777 Salome
2879 3730 3127 3788 vocatur,
3174 3721 3300 3794 quia
3335 3719 3437 3777 Sa-

1839 3812 1984 3870 lome
2011 3814 2235 3885 paciﬁca
2265 3814 2671 3884 interpretatur.
2707 3815 2860 3871 Unde
2899 3815 3026 3886 quia
3071 3815 3291 3885 reliqua:
3316 3816 3435 3871 duae

1840 3906 2024 3977 magni
2056 3905 2237 3961 meriti
2268 3914 2444 3973 erant,
2472 3921 2579 3961 non
2620 3906 2893 3962 immerito
2922 3908 3187 3978 suspicor,
3212 3916 3266 3965 et
3292 3909 3436 3964 hanc

1841 3998 2079 4062 tertiam,
2130 3996 2305 4065 ipsam
2328 4010 2449 4051 esse
2494 4006 2724 4053 matrem
2757 3997 2988 4053 filiorum
3017 3997 3285 4064 Zebedaei,
3314 4015 3437 4070 quin

1844 4088 1983 4158 apud
2015 4086 2254 4143 Marcum
2299 4095 2353 4143 et
2381 4086 2495 4158 ipsa
2530 4087 2690 4142 tertia
2740 4086 2957 4143 Salome
3002 4097 3263 4153 vocatur;
3316 4105 3438 4159 quae

1843 4188 2047 4237 secutae
2105 4180 2324 4236 fuerant
2376 4196 2408 4234 a
2460 4180 2680 4237 Galila‘a
2736 4180 3181 4253 benignissimum
3229 4181 3435 4249 Jesum,

1844 4273 2202 4329 ascendentes
2230 4288 2354 4328 cum
2393 4273 2543 4327 eoin
2589 4272 2955 4339 Hierusalem,
2993 4282 3054 4328 ut
3103 4272 3266 4329 simul
3314 4289 3439 4330 cum

1844 4366 1937 4422 illo
1970 4366 2179 4423 Pascha
2227 4374 2472 4437 agerent.
2503 4366 2609 4421 Iste
2647 4367 2794 4421 enim
2825 4366 2947 4421 linis
2977 4381 3165 4422 eorum
3194 4367 3438 4423 omnium

1844 4467 1949 4525 est,
1981 4474 2073 4529 qui
2101 4458 2377 4514 Galiheam
2422 4469 2667 4527 gentium
2700 4459 3013 4529 relinquunt
3041 4468 3097 4515 et
3135 4469 3440 4531 sequuntur

1849 4554 2158 4618 Dominum,
2192 4561 2250 4606 ut
2276 4568 2383 4607 non
2416 4552 2592 4606 solum
2624 4552 2919 4607 ascendant
2973 4553 3025 4607 in
3074 4542 3439 4617 Hierusalem,

1848 4660 2041 4700 verum
2070 4646 2236 4699 etiam
2271 4660 2393 4699 cum
2431 4643 2651 4700 Christo
2678 4645 3039 4701 ascendentes
3070 4645 3123 4700 in
3150 4660 3270 4701 eam
3296 4681 3319 4711 ,ν
3347 4660 3443 4700 ve-

1848 4752 1969 4792 rum
2003 4736 2205 4808 pascha
2249 4735 2548 4800 celebrent,
2605 4744 2870 4806 quatenus
2919 4737 3207 4793 Dominum
3257 4752 3443 4792 resur-

1850 4838 2089 4900 gentem,
2116 4844 2304 4885 rursus
2332 4829 2386 4883 in
2429 4830 2963 4900 transmigrationem
2992 4830 3097 4885 lteti
3128 4829 3366 4885 videant.

1922 4922 2055 4978 Cum
2086 4939 2200 4977 sero
2227 4932 2402 4977 autem
2444 4922 2642 4992 factum
2671 4932 2835 4989 esset,
2876 4924 3012 4977 venit
3037 4923 3191 4976 homo
3223 4922 3442 4985 quidam

1851 5016 1991 5071 dives
2018 5014 2083 5068 ab
2119 5013 2439 5080 Arimathia,
2481 5014 2690 5068 nomine
2711 5012 2929 5084 Ioseph,
2958 5014 3049 5083 qui
3072 5021 3119 5067 et
3150 5029 3259 5083 ipse
3288 5012 3446 5065 disci-

1850 5107 2007 5180 pulus
2030 5115 2141 5161 erat
2162 5103 2313 5160 Iesu.
2338 5103 2437 5159 Hic
2454 5106 2671 5159 accessit
2692 5104 2761 5158 ad
2775 5101 3012 5158 Pilatum
3028 5144 3041 5166 ,
3070 5112 3120 5158 et
3154 5103 3300 5173 petiit
3329 5118 3444 5155 cor-

1850 5217 1948 5271 pus
1976 5197 2128 5254 Jesu.
2160 5195 2306 5251 Tunc
2330 5193 2539 5250 Pilatus
2558 5196 2722 5267 jussit
2745 5195 2894 5250 reddi
2913 5210 3123 5264 corpus.
3166 5194 3327 5250 Dives
3349 5207 3446 5247 au-

1853 5292 2200 5357 temdicitur,
2225 5304 2328 5344 non
2343 5303 2441 5358 per
2456 5288 2779 5359 jactantiam
2805 5287 3108 5357 scriptoris,
3136 5294 3197 5340 ut
3220 5285 3445 5341 divitem

1854 5399 1947 5440 seu
1977 5383 2213 5439 nobilem
2239 5380 2440 5436 referat
2467 5379 2785 5449 discipulum
2818 5376 3152 5444 Salvatoris,
3177 5392 3301 5433 cum
3328 5377 3445 5447 ipse

1856 5476 2047 5531 dicat:
2086 5474 2207 5528 Nisi
2234 5474 2349 5544 quis
2381 5471 2757 5527 renuntiaverit
2804 5470 3044 5525 omnibus
3101 5486 3220 5540 qua:
3277 5468 3447 5539 possi-

1856 5571 1961 5633 det,
2002 5586 2106 5624 non
2141 5576 2307 5637 potest
2332 5582 2475 5620 meus
2513 5581 2623 5619 esse
2661 5562 2949 5630 discipulus
2989 5562 3141 5636 (Luc.
3174 5577 3287 5628 xw,
3317 5559 3442 5631 '55).

1859 5661 1965 5717 Sed
1980 5669 2038 5715 ut
2050 5659 2592 5715 ostenderetcausam
2609 5670 2777 5724 quare
2792 5671 2818 5709 a
2836 5654 3010 5711 Pilato
3029 5655 3263 5726 potuerit
3282 5654 3447 5722 impe-

1858 5764 2004 5809 trare
2029 5766 2221 5826 corpus
2238 5748 2363 5805 Jesu
2386 5748 2469 5803 vel
2501 5747 2644 5803 unde
2668 5762 2948 5803 accessum
2982 5747 3048 5801 ad
3086 5762 3208 5803 eum
3241 5745 3444 5803 habue-

2969 5840 3041 5901 31
