4048 6352
615 330 713 389 971

1419 318 1479 373 S.
1517 310 1876 373 PASCHASII
1918 301 2265 363 RADBERTI
2303 297 2597 355 ABBATIS
2636 290 3091 353 COBBEJENSIS

3780 288 3872 348 ιιι

616 444 719 508 rit;
750 439 984 510 primum
1011 434 1168 505 juxta
1195 430 1456 495 Marcum,
1475 427 1599 498 quia
1622 425 1844 482 decurio
1871 429 2008 483 erat,
2039 418 2091 474 id
2114 425 2197 474 est
2223 419 2270 480 Α
2299 413 2510 467 mirrlue
2549 419 2597 465 et
2627 409 2768 463 aloes
2801 406 2955 479 quasi
2983 405 3146 459 libras
3176 410 3386 457 centum
3412 399 3598 491 (lacn.
3632 415 3747 465 xrx,
3770 399 3871 470 '59).

616 537 685 591 de
720 533 910 589 ordine
936 528 1101 585 curiae
1122 523 1276 593 cujus
1310 521 1543 579 oilicium
1575 514 2022 578 administrabat,
2055 510 2198 566 unde

618 640 673 686 et
701 626 922 684 curialis
943 623 1243 681 dicebatur,
1278 619 1331 673 id
1358 625 1441 673 est
1462 622 1681 672 senator
1703 611 1890 676 curiae,
1920 606 2063 679 quod
2091 618 2199 660 rne-

619 720 722 777 lius
750 720 804 774 in
841 715 1030 773 GI‘tBCO
1074 712 1301 768 habetur
1345 712 1586 780 εὐχήμων
1617 706 1893 778 βουλευτής
1917 741 1932 766 ,
1984 700 2089 755 hoc
2114 704 2199 751 est

619 807 966 866 consiliarius
990 846 1006 872 ,
1033 805 1159 875 quia
1192 800 1515 872 procurabat
1543 796 1768 853 consilia
1806 791 1984 849 civilia
2013 798 2069 845 et
2095 804 2196 860 pu-

619 902 791 967 blica;
818 899 1010 957 deinde
1045 897 1170 970 quia
1216 902 1334 949 erat
1370 892 1522 947 dives
1562 899 1617 945 et
1646 886 1876 950 nobilis,
1904 881 2199 940 secundum

620 992 833 1052 natales
861 1005 1006 1047 suos.
1039 986 1289 1056 Alioquin
1318 982 1570 1055 pauperis
1598 989 1655 1035 et
1688 976 1895 1049 ignoti,
1943 988 2048 1029 non
2081 978 2202 1028 erat

628 1084 895 1143 facultatis
928 1082 997 1138 ad
1036 1079 1266 1135 Pilatum
1306 1074 1588 1146 praesidem
1622 1071 1881 1126 Romana:
1914 1061 2202 1135 potestatis

630 1176 885 1234 accedere
907 1214 923 1240 ,
961 1168 1175 1244 1194
1197 1178 1251 1223 ct
1279 1165 1524 1222 cruciﬁxi
1553 1177 1749 1233 corpus
1773 1200 1788 1225 ,
1824 1160 1891 1213 de
1918 1170 2024 1226 quo
2052 1160 2199 1209 tanta

624 1283 808 1324 coram
831 1243 1043 1322 cunctis
1077 1259 1398 1330 adjudicata,
1434 1255 1518 1312 vel
1540 1270 1701 1324 super
1731 1265 1889 1321 quem
1917 1255 2064 1301 tanta
2088 1243 2204 1299 fue—

624 1367 748 1416 rant
776 1356 1071 1417 declarata,
1096 1354 1418 1420 impetrare;
1445 1347 1535 1417 qui
1560 1344 1656 1399 fuit
1683 1351 1741 1397 ut
1765 1340 1962 1396 dicitur
1982 1337 2045 1391 ab
2085 1334 2205 1388 Ari-

623 1452 841 1506 mathia.
870 1449 986 1520 Ipsa
1014 1454 1099 1503 est
1142 1440 1483 1499 ltamathaim
1514 1438 1705 1493 civitas
1738 1433 1968 1488 llelcane
2011 1438 2066 1483 et
2106 1426 2206 1482 Sa-

621 1543 816 1599 muelis
841 1542 894 1597 in
922 1539 1138 1610 regione
1160 1533 1479 1591 Thaumtica
1501 1529 1654 1600 juxta
1688 1524 2000 1596 Diospolim.
2032 1521 2203 1589 Quem

623 1634 840 1691 noveris
870 1631 1031 1688 talem
1072 1637 1387 1697 tantumque
1417 1625 1487 1679 ob
1516 1624 1618 1679 hoc
1659 1636 1690 1675 ιι
1722 1617 1948 1673 Domino
1977 1611 2203 1684 prmele-

620 1736 768 1784 ctum
789 1767 804 1792 ,
838 1734 895 1782 et
922 1722 1346 1795 pratordinatum
1374 1718 1428 1773 in
1454 1725 1684 1783 utraque
1714 1718 1867 1781 parte
1885 1749 1897 1771 ,
1921 1714 1981 1762 ut
2013 1705 2204 1775 dignus

2303 505 2504 563 Deinde
2539 502 2782 573 adjuugit
2821 509 2877 555 et
2905 501 3048 554 hunc
3073 495 3297 568 Joseph,
3325 508 3391 548 ac
3414 484 3569 549 dicit
3612 491 3755 563 quod
3796 506 3873 546 ac-

2303 597 2545 669 ceperint
2575 609 2771 664 corpus
2804 591 2931 647 Jesu
2980 601 3035 645 et
3074 587 3361 659 ligaverint
3409 600 3534 640 eum
3561 584 3733 639 linteis
3773 602 3874 641 cum

2303 687 2647 752 aromatibus,
2680 686 2812 740 sicut
2853 698 2966 737 mos
3000 691 3075 737 est
3110 678 3317 734 Judazis
3344 676 3582 747 sepelire.
3626 674 3778 743 Erat,
3805 682 3874 733 in-

2302 783 2438 854 quit,
2477 782 2533 835 in
2561 780 2674 834 loco
2722 778 2810 832 ubi
2860 775 3147 845 cruciﬁxus
3190 782 3266 828 est
3298 770 3583 836 Dominus,
3609 770 3807 835 hortus,
3833 778 3873 823 et

2302 883 2358 938 in
2400 884 2551 937 horto
2584 887 2977 935 monumentum
3005 891 3218 940 nouum,
3245 875 3300 929 in
3327 890 3432 944 quo
3476 871 3714 926 nondum
3750 872 3873 942 quis-

2302 993 2459 1049 quam
2497 974 2697 1045 positus
2723 971 2917 1042 fuerat.
2968 968 3095 1025 Haec
3120 967 3324 1023 idcirco
3348 966 3605 1032 dixerim,
3651 972 3711 1021 ut
3732 981 3872 1020 unus-

2305 1068 2533 1140 quisque
2562 1062 2772 1133 plenius
2799 1060 3146 1117 considerare
3173 1058 3411 1124 studeat,
3438 1056 3631 1127 quales
3660 1056 3746 1111 isti
3781 1055 3873 1113 duo

2305 1159 2406 1215 sub
2435 1156 2699 1213 abscouso
2733 1151 2920 1207 habitu
2946 1157 3105 1205 erant
3127 1147 3399 1219 discipuli,
3422 1146 3508 1202 vel
3540 1162 3668 1202 eum
3694 1156 3874 1217 quanto

2303 1252 2511 1308 honore
2545 1257 2601 1304 et
2652 1246 2955 1303 reverentia
3000 1252 3369 1315 procurarunt
3409 1240 3644 1298 oﬁicium
3692 1240 3877 1299 funeris

2305 1342 2528 1406 Christi;
2548 1355 2616 1395 ne
2628 1337 2767 1395 forte
2781 1336 2925 1407 quod
2937 1334 3172 1391 Joannes
3186 1333 3388 1405 aliquid
3403 1333 3525 1404 plus
3536 1341 3877 1404 narratquam

2307 1434 2522 1499 caeteri,
2573 1434 2876 1502 repugnare
2911 1427 3163 1483 videatur
3201 1441 3310 1481 non
3350 1433 3501 1483 recte
3549 1424 3879 1494 intelligenti-

2306 1526 2428 1582 bus.
2461 1523 2598 1590 Quia
2640 1521 2743 1577 etsi
2772 1519 2848 1574 illi
2880 1519 2948 1574 de
2981 1517 3280 1574 Nicodemo
3320 1526 3640 1583 tacuerunt,
3683 1530 3785 1570 non
3811 1524 3880 1569 ta-

2307 1630 2431 1672 men
2455 1630 2486 1667 a
2514 1611 2629 1668 solo
2650 1608 2849 1678 Joseph
2873 1620 2996 1661 eum
3027 1605 3297 1676 sepultum
3323 1603 3880 1674 afﬁrmarunt,quam-

2306 1707 2392 1764 vis
2426 1714 2633 1761 tantum
2663 1701 2830 1759 solius
2881 1698 3462 1755 commemorationem
3512 1695 3762 1752 fecerint.
3790 1694 3879 1751 Ne-

633 1828 777 1875 esset
790 1783 952 1873 tanto
997 1827 1222 1871 munere
1246 1810 1385 1883 apud
1414 1808 1713 1881 principem
1746 1810 2063 1870 tantumque
2086 1795 2201 1853 υίῐὶ-
2237 1800 2286 1861 Β
2311 1814 2419 1870 que
2447 1797 2502 1853 in
2530 1811 2595 1851 eo
2626 1793 2940 1862 discrepare
2967 1789 3221 1844 videntur
3243 1826 3259 1853 ,
3293 1786 3439 1858 quod
3464 1783 3666 1856 Joseph
3696 1799 3814 1840 eum
3833 1783 3879 1839 in

627 1911 767 1968 cium
799 1906 1089 1977 sepultura:
1140 1902 1367 1958 Domino
1408 1898 1681 1954 exhibere.
1715 1893 1868 1951 Unde
1895 1900 1950 1946 et
1990 1885 2205 1944 Marcus

623 2002 700 2056 ait
727 2017 740 2070 ς
778 1976 929 2052 Venit
969 1993 1164 2064 Joseph
1192 1991 1257 2046 ab
1287 1988 1586 2043 Arimathia
1620 1984 1807 2039 nobilis
1839 1978 2052 2036 decurio
2075 2018 2089 2043 ,
2116 1976 2204 2047 qui

621 2099 669 2148 et
707 2094 815 2162 ipse
842 2098 1143 2158 exspectans
1177 2093 1287 2140 erat
1331 2096 1547 2152 regnum
1582 2078 1703 2144 Dei,
1744 2086 1790 2131 et
1831 2073 2082 2129 audacter
2118 2071 2204 2124 in-

620 2160 796 2237 troivit
816 2179 883 2233 ad
903 2176 1133 2231 Pilatum
1158 2185 1207 2229 et
1226 2173 1372 2246 petiit
1398 2187 1586 2241 corpus
1610 2169 1737 2223 Jesu
1759 2165 1953 2238 (Marc.
1977 2178 2064 2227 xv,
2089 2160 2202 2230 45).

620 2274 770 2329 Alias
798 2280 977 2326 autem
1020 2269 1125 2324 nisi
1154 2274 1299 2323 esset
1329 2278 1539 2335 magnae
1566 2257 1844 2331 dignitatis
1884 2256 2061 2317 homo,
2099 2268 2205 2307 non

621 2368 697 2423 ita
725 2366 790 2420 de
809 2381 874 2420 eo
893 2363 1182 2418 diceretur.
1206 2358 1274 2414 Et
1294 2357 1398 2412 nisi
1423 2353 1645 2424 majoris
1670 2358 1815 2406 esset
1839 2345 1981 2416 apud
2001 2345 2168 2399 Deum
2187 2383 2201 2407 ,

619 2471 959 2529 nequaquam
1014 2452 1148 2508 tanti
1215 2447 1395 2504 meriti
1460 2444 1627 2499 fuisse
1681 2441 2015 2496 laudaretur.
2073 2435 2204 2488 Erat

618 2526 787 2615 enim,
817 2547 1011 2619 inquit,
1040 2546 1120 2601 vir
1147 2544 1311 2598 bonus
1340 2550 1387 2595 et
1405 2540 1586 2609 justus
1612 2578 1627 2603 ,
1655 2535 1781 2606 quia
1807 2540 1862 2588 et
1891 2532 2007 2603 ipse
2050 2526 2206 2585 disci-

617 2642 777 2716 pulus
807 2648 926 2697 erat
952 2634 1269 2700 Salvatoris,
1313 2633 1441 2689 licet
1469 2626 1841 2692 absconditus,
1862 2631 2073 2695 propter
2095 2636 2204 2674 me-

617 2745 730 2790 tum
741 2729 1233 2789 Judworum.Uude
1249 2743 1353 2783 non
1370 2724 1641 2781 immerito
1654 2729 1834 2778 movet
1846 2719 2079 2789 aliquem
2112 2731 2208 2772 cur

618 2826 712 2882 ille
757 2825 850 2895 qui
889 2832 1107 2893 propter
1160 2819 1414 2874 timorem
1458 2814 1767 2871 Judacorum
1812 2809 2045 2865 occultus
2090 2814 2208 2862 erat

619 2915 948 2986 discipulus,
994 2912 1080 2966 vel
1129 2908 1401 2980 quomodo
1458 2922 1623 2961 ausus
1667 2906 1739 2959 sit
1787 2911 1970 2973 petere
2011 2914 2209 2973 cprpus

620 3010 748 3065 Jesu
767 3048 783 3073 ,
814 3006 956 3076 quod
988 3002 1166 3059 nullus
1195 3012 1385 3057 eorum
1414 2999 1507 3069 qui
1538 3012 1663 3052 eum
1692 2995 1869 3066 palam
1901 2992 2207 3064 sequeban-

621 3110 713 3154 tur
741 3113 903 3153 ausus
957 3094 1264 3151 estfaccre.
1318 3090 1473 3146 Unde
1519 3087 1961 3158 intelligendum,
2013 3083 2208 3138 ﬁducia

2307 1906 2416 1947 una
2462 1896 2669 1945 tantum
2715 1882 2941 1940 sindone
2984 1878 3276 1936 involvisse
3305 1876 3536 1943 dicitur,
3580 1884 3638 1931 et
3668 1874 3881 1930 Joannes

2304 1977 2707 2036 linteaminibus
2763 1972 3064 2029 involutum
3134 1982 3361 2026 narrare
3415 1968 3701 2040 probatur.
3756 1965 3874 2034 Quia

2303 2078 2520 2145 poterat
2573 2077 2630 2126 et
2684 2064 3010 2121 Nicodamus
3053 2060 3159 2116 alia
3206 2059 3573 2132 superaddere
3621 2056 3874 2112 linteami-

2305 2132 2375 2221 na
2405 2164 2477 2221 ob
2528 2157 2889 2217 reverentiam
2948 2163 3005 2210 et
3048 2152 3287 2210 studium
3339 2150 3667 2208 honestatis.
3695 2149 3878 2217 Quam-
3976 2132 3981 2137 ’

2305 2253 2387 2308 vis
2406 2260 2463 2308 et
2496 2258 2717 2323 propter
2742 2246 3020 2303 sudarium
3050 2252 3106 2300 et
3134 2243 3383 2309 institas,
3418 2241 3619 2312 quibus
3657 2249 3805 2310 caput
3826 2247 3880 2294 et

2307 2355 2481 2403 totum
2511 2356 2712 2414 corpus
2734 2340 3010 2411 alligatum
3034 2346 3140 2405 est,
3173 2346 3322 2393 recte
3343 2335 3470 2406 quia
3504 2335 3572 2391 de
3603 2335 3711 2390 lino
3738 2341 3883 2389 erant

2306 2439 2381 2495 ita
2404 2444 2571 2507 queat
2594 2432 2724 2499 dici,
2752 2430 2966 2487 etiamsi
2990 2445 3097 2484 una
3126 2428 3353 2485 sindone
3378 2425 3557 2481 fuerat
3580 2424 3833 2481 involutus
3864 2464 3884 2490 ,

2306 2525 2450 2599 quod
2470 2524 2651 2580 linteis
2678 2522 2749 2577 sit
2775 2521 3043 2592 alligatus.
3077 2516 3469 2573 Verumtamen
3497 2516 3681 2572 nullus
3706 2530 3886 2572 eorum

2306 2617 2452 2672 aliud
2471 2612 2811 2670 commendat
2838 2625 3000 2681 quam
3030 2608 3234 2673 linteis,
3259 2607 3347 2665 vel
3376 2622 3482 2664 una
3519 2608 3742 2665 sindone
3763 2620 3883 2662 coro

2305 2725 2409 2782 pus
2460 2706 2733 2764 Domiuini
2782 2704 3116 2771 obvolutum,
3176 2703 3425 2774 quamvis
3482 2702 3676 2763 divites
3715 2709 3890 2759 essent

2308 2801 2466 2858 valde
2492 2801 2585 2872 qui
2615 2798 2903 2870 sepeliuut.
2931 2796 3159 2867 Ipsaque
3190 2805 3446 2851 narratur
3470 2794 3673 2850 munda
3703 2792 3886 2857 fuisse.

2308 2895 2436 2966 quia
2468 2893 2689 2965 dignum
2729 2900 2848 2947 erat
2887 2898 2949 2945 ut
2987 2888 3402 2944 mundissimum
3441 2904 3643 2959 corpus
3686 2888 3888 2943 Domini

2310 2986 2514 3042 mundo
2552 2983 2921 3039 involveretur
2941 2979 3129 3037 linteo.
3159 2979 3226 3034 Et
3254 2994 3321 3035 ex
3347 2978 3581 3049 simplici
3629 2977 3887 3050 sepultura

2312 3077 2527 3133 Domini
2567 3075 2792 3131 ambitio
2839 3073 3235 3129 condemnatur
3267 3072 3528 3138 divitum,
3562 3072 3655 3142 qui
3700 3086 3802 3127 nec
3842 3071 3887 3126 is

622 3187 900 3259 dignitatis
934 3201 1044 3243 sua:
1085 3185 1187 3239 hoc
1217 3182 1434 3246 fecisse,
1463 3196 1567 3251 qua
1589 3178 1870 3250 prmditus,
1892 3182 2107 3247 poterat
2126 3173 2205 3229 fa-
2236 3160 2282 3227 C
2316 3170 2534 3226 tumulis
2555 3169 2772 3238 quidem
2805 3166 2995 3223 volunt
3022 3179 3211 3221 carere
3240 3165 3447 3223 divitiis
3467 3205 3484 3231 ,
3518 3165 3612 3222 ubi
3640 3164 3887 3221 munditia

623 3280 911 3337 miliariter
938 3278 1142 3332 intrare
1179 3275 1247 3331 ad
1286 3273 1550 3339 Pilatum,
1583 3286 1649 3327 eo
1685 3268 1831 3339 quod
1873 3266 2206 3324 honorabilis

622 3380 765 3428 esset
814 3369 1104 3433 omnibus,
1156 3382 1221 3422 ac
1276 3364 1552 3421 liberalius
1599 3363 1909 3433 impetrare.
1976 3358 2057 3415 Ad
2105 3359 2209 3415 hoc

622 3462 820 3534 quippe
842 3477 910 3518 ex
937 3459 1275 3532 providentia
1301 3457 1396 3512 Dei
1424 3455 1552 3513 olim
1582 3454 1790 3510 electus
1825 3460 1944 3508 erat
1976 3451 2210 3522 discipu-

622 3556 725 3621 lus,
750 3555 804 3610 in
836 3562 1065 3623 tantum,
1104 3560 1164 3606 ut
1212 3549 1456 3607 nonnulli
1502 3549 1703 3614 dicant,
1755 3548 1820 3603 de
1864 3562 1930 3602 eo
1974 3546 2210 3616 primum

621 3645 888 3717 psalmum
929 3658 1050 3699 esse
1082 3648 1361 3699 cantatum
1390 3657 1402 3693 :
1429 3638 1625 3695 Beatus
1654 3639 1732 3692 vir
1752 3640 1841 3708 qui
1875 3653 1980 3691 non
2004 3635 2130 3689 abiit
2154 3634 2211 3711 in

622 3735 841 3795 consilio
874 3734 1186 3805 impiorum,
1215 3747 1280 3787 ac
1318 3730 1525 3800 reliqua
1560 3728 1727 3802 (Psal.
1766 3745 1805 3794 ι,
1848 3728 1920 3799 1).
1955 3727 2058 3795 Qui
2087 3742 2209 3782 cum

624 3835 802 3890 esset,
831 3831 893 3879 ut
920 3824 997 3879 ita
1018 3823 1192 3887 dicam
1214 3862 1229 3887 ,
1272 3829 1493 3877 senator
1525 3816 1831 3874 Judzeorum
1854 3858 1868 3882 ,
1899 3832 1961 3871 ac
1990 3815 2211 3871 decurio

626 3917 966 3990 reipublicae,
998 3914 1210 3970 facilius
1256 3913 1550 3983 impetrare
1593 3909 1767 3981 potuit
1796 3907 1939 3978 quod
1968 3908 2207 3979 petebat.

625 4010 724 4067 Cui
752 4008 992 4073 Pilatus,
1021 4021 1221 4062 vocans
1259 4005 1328 4060 ad
1360 4019 1418 4060 se
1462 4003 1612 4059 illum
1646 4002 2037 4065 centurionem,
2073 4000 2214 4056 sicut

628 4100 841 4156 Marcus
865 4108 1072 4165 narrat,
1103 4098 1193 4168 qui
1223 4095 1558 4152 custodierat
1590 4092 1774 4150 Jesum
1820 4092 1874 4147 in
1914 4106 2072 4147 cruce
2096 4131 2110 4157 ,
2157 4099 2212 4145 et

628 4193 906 4248 admirans
947 4190 1239 4261 plurimum
1286 4186 1660 4256 interrogabat
1701 4184 1769 4239 de
1809 4199 1904 4249 eo,
1957 4198 2019 4236 ac
2050 4182 2211 4252 jussit

629 4283 778 4338 reddi
808 4299 1016 4353 corpus.
1048 4282 1153 4337 lste
1180 4293 1309 4335 vero
1348 4278 1600 4349 quamvis
1621 4278 1773 4347 prius
1796 4285 1942 4331 esset
1969 4275 2211 4331 occultus

627 4374 833 4431 Christi
863 4372 1192 4443 discipulus,
1237 4387 1303 4427 ac
1343 4371 1541 4427 soleret
1592 4370 1646 4426 in
1682 4369 1948 4425 audiendo
1986 4370 2211 4425 verbum

630 4467 746 4531 Dei,
770 4481 958 4521 eorum
995 4464 1307 4520 inimicitias
1331 4463 1537 4530 vitare,
1570 4477 1693 4518 mox
1730 4462 1781 4517 in
1819 4469 2061 4516 extremo
2078 4472 2211 4516 tem-

627 4525 778 4631 poris
814 4557 942 4613 fecit
972 4557 1148 4627 palam
1178 4571 1301 4612 cum
1342 4556 1491 4612 omni
1523 4525 1798 4627 diligentia
1823 4595 1837 4620 ,
1886 4554 2030 4625 quod
2063 4555 2215 4626 prius
2241 4525 2294 4586 D

629 4648 899 4706 occultum
926 4648 1204 4713 servabat,
1232 4646 1546 4702 etexhibuit
1582 4644 1961 4700 liberalissime
1982 4643 2213 4700 oﬁicium

631 4738 860 4804 funeris,
888 4735 1028 4792 nihil
1065 4751 1262 4792 curans
1284 4736 1350 4792 de
1371 4734 1680 4790 Judaeorum
1719 4732 2048 4799 offensione,
2079 4748 2215 4803 quo-

631 4830 778 4887 niam
790 4829 971 4900 justus
985 4835 1135 4893 erat,
1164 4836 1219 4883 et
1241 4827 1367 4897 quia
1384 4825 1565 4896 justus
1593 4825 1715 4881 ideo
1737 4827 1821 4881 vir
1846 4827 2041 4883 bonus.
2063 4825 2218 4883 Unde

632 4924 849 4996 eoquia
889 4923 1052 4977 bonus
1090 4931 1138 4978 et
1180 4922 1391 4993 justus,
1436 4920 1701 4977 intellexit
1746 4936 1804 4977 se
1846 4921 1916 4977 ad
1966 4921 2069 4977 hoc
2099 4934 2219 4975 esse

635 5017 894 5084 electum,
929 5024 988 5072 ut
1026 5016 1120 5072 tali
1146 5016 1201 5072 in
1240 5024 1507 5087 tempore,
1550 5014 1685 5071 tanti
1725 5014 1969 5071 muneris
1997 5015 2221 5071 devotus

632 5105 877 5178 expleret
912 5100 1164 5162 ofﬁcium.

709 5196 815 5265 Qui
840 5206 1049 5268 accepto
1078 5214 1293 5271 corpore
1320 5207 1529 5254 invowu
1557 5196 1690 5252 illud
1730 5197 1785 5251 in
1808 5196 2027 5252 sindone
2067 5213 2220 5253 mun-

636 5289 729 5356 da,
756 5297 806 5343 et
826 5288 996 5360 posuit
1022 5286 1156 5343 illud
1185 5290 1242 5344 in
1262 5298 1597 5345 monumento
1618 5304 1713 5343 suo
1736 5303 1888 5353 nouo,
1917 5287 2056 5359 quod
2083 5288 2223 5342 exci-

634 5378 786 5434 derat
807 5380 863 5433 in
907 5388 1091 5448 petra;
1116 5390 1165 5436 et
1191 5380 1414 5436 advolvit
1442 5397 1631 5435 saxum
1659 5397 1908 5451 magnum
1937 5379 2006 5434 ad
2031 5382 2222 5437 ostium

634 5470 981 5538 monumenti,
1008 5482 1056 5526 et
1083 5471 1231 5526 abiit.
1266 5471 1478 5542 1195
1505 5470 1676 5540 Quam
1716 5485 1847 5527 sane
1893 5471 2221 5542 sepulturam

636 5560 895 5633 Joannes,
941 5580 1050 5621 non
1091 5580 1122 5620 a
1165 5566 1282 5621 solo
1319 5564 1518 5636 Joseph
1557 5565 1689 5623 dicit
1726 5574 2091 5638 procuratam,
2128 5568 2224 5624 sed

639 5655 803 5710 etiam
825 5670 858 5710 a
883 5653 1208 5724 Nicodemo;
1239 5656 1506 5726 incipiens
1526 5664 1715 5712 narrat
1735 5656 1879 5726 quod
1901 5655 2225 5712 Nicodamus

642 5743 736 5817 qui
760 5754 985 5802 venerat
1011 5746 1080 5800 ad
1099 5745 1281 5801 Jesum
1312 5757 1460 5803 nocte
1486 5748 1732 5817 primum,
1755 5748 1926 5818 ferens
1950 5748 2225 5803 misturam

2311 3263 2526 3335 peccati
2552 3260 2726 3332 magis
2760 3257 3085 3331 requirenda
3113 3272 3279 3328 quam
3314 3257 3533 3312 divitiae.
3564 3255 3677 3312 Sed
3710 3269 3887 3326 corpus

2313 3357 2438 3415 Jesu
2470 3356 2641 3427 magis
2660 3352 2959 3425 przestabat
2979 3351 3323 3417 munditiam,
3352 3365 3519 3421 quam
3550 3350 3684 3407 illud
3710 3366 3776 3407 ex
3798 3363 3889 3419 quo

2314 3447 2612 3505 involutum
2637 3454 2789 3513 erat;
2814 3444 2940 3515 quia
2970 3457 3308 3515 quaecunque
3328 3442 3590 3513 tangebat
3615 3450 3803 3499 auctor
3824 3439 3887 3494 vi-

2314 3547 2404 3606 tae,
2452 3538 2638 3596 omnia
2679 3551 2821 3592 nova
2858 3536 3062 3592 ﬁebant
3096 3542 3154 3589 et
3193 3535 3414 3590 munda.
3456 3533 3525 3589 Et
3553 3534 3682 3590 ideo
3725 3546 3888 3604 quan-

2313 3634 2453 3690 bene
2501 3638 2914 3688 monumentum
2958 3627 3089 3683 illud
3130 3642 3329 3682 novum
3370 3626 3541 3682 fuisse
3589 3626 3808 3689 dicitur,
3843 3622 3889 3677 in

2315 3741 2443 3796 quo,
2462 3724 2615 3794 juxta
2630 3722 2919 3787 Joannem,
2940 3719 3188 3774 Nondum
3207 3719 3484 3790 quisquam
3498 3718 3705 3788 positus
3718 3717 3890 3787 fauet,

2313 3816 2453 3889 quod
2498 3814 2764 3870 exciderat
2817 3812 2873 3867 in
2913 3820 3084 3882 petra.
3132 3808 3285 3878 Quod
3338 3808 3463 3864 ideo
3488 3816 3602 3863 tam
3629 3807 3892 3879 diligenter

2316 3904 2694 3962 commendare
2724 3901 2940 3957 videtur
2978 3898 3356 3970 Evangelista,
3390 3912 3460 3952 ne
3491 3897 3638 3954 ullus
3663 3896 3895 3951 adversa-

2316 4001 2523 4057 riorum
2553 3997 2859 4068 conﬁngere
2875 4002 3061 4066 queat,
3086 3994 3229 4064 quod
3255 3993 3436 4048 nullus
3451 3992 3594 4048 alter
3613 4008 3684 4048 ex
3711 4006 3776 4048 eo
3791 4002 3895 4044 sur-

2316 4092 2457 4148 rexit
2470 4096 2840 4153 monumento,
2861 4087 2914 4142 in
2936 4102 3043 4158 quo
3057 4085 3232 4142 nullus
3248 4084 3440 4142 melius
3454 4099 3696 4155 unquam
3711 4082 3896 4155 positus

2316 4186 2595 4255 probatur.
2628 4180 2738 4237 Nec
2784 4181 2889 4237 hoc
2933 4180 3117 4251 itaque
3168 4180 3396 4235 fortuitu
3450 4177 3665 4235 factum
3702 4176 3897 4234 videtur

2316 4289 2494 4345 neque
2512 4289 2579 4329 ex
2617 4280 2837 4339 eventu,
2867 4271 3013 4343 quod
3038 4270 3255 4342 1196
3291 4286 3415 4328 eum
3457 4269 3677 4326 inuoluit
3724 4272 3776 4324 in
3802 4268 3899 4322 sin-

2316 4366 2451 4420 done
2504 4364 2740 4430 munda,
2791 4373 2839 4417 et
2881 4364 3053 4434 posuit
3085 4363 3140 4418 in
3188 4372 3528 4417 monumento
3576 4378 3744 4427 nouo;
3785 4357 3899 4429 quia

2316 4457 2473 4514 Jesus
2516 4472 2624 4511 non
2654 4454 3019 4525 consepelitur
3041 4494 3055 4520 ,
3089 4453 3192 4508 nisi
3235 4453 3293 4509 in
3311 4453 3477 4509 corde
3520 4468 3697 4519 novo,
3728 4460 3783 4508 et
3809 4448 3901 4506 ﬁde

2319 4547 2699 4613 mundissima,
2723 4560 2829 4617 qua
2856 4552 3159 4617 purgantur
3174 4545 3341 4600 corda
3370 4544 3742 4600 credentium.
3762 4537 3900 4609 Quod

2319 4644 2730 4694 monumentum
2759 4652 3031 4706 nunquam
3054 4635 3326 4691 exciditur
3344 4674 3361 4704 ,
3388 4635 3497 4691 nisi
3525 4635 3584 4691 in
3612 4644 3770 4708 petra
3794 4644 3899 4688 auat

2319 4729 2569 4786 Christus
2611 4737 2726 4792 est,
2757 4726 3105 4793 ﬁrmissima,
3148 4726 3252 4782 etsi
3294 4726 3351 4781 in
3403 4726 3613 4785 nostris
3665 4722 3901 4783 cordibus

2321 4826 2437 4881 htec
2464 4823 2738 4895 sepultura
2767 4822 2970 4879 Christi
2993 4838 3059 4878 ac
3087 4822 3132 4878 si
3156 4822 3210 4877 in
3228 4837 3362 4893 rupe
3395 4822 3697 4879 durissima
3728 4817 3902 4893 prad-

2322 4917 2501 4983 datur,
2538 4916 2593 4970 in
2623 4931 2732 4986 quo
2760 4930 2958 4986 corpus
2981 4914 3191 4971 Christi
3215 4922 3471 4985 ponatur.
3513 4915 3584 4971 Et
3609 4915 3745 4972 hinc
3761 4926 3903 4983 opor-

2320 5017 2399 5064 tet
2419 5006 2664 5072 crcdere,
2696 5006 2841 5078 quod
2865 5022 2974 5062 non
2997 5006 3086 5061 ille
3113 5021 3144 5062 a
3170 5007 3347 5073 nobis,
3366 5007 3465 5062 sed
3493 5022 3597 5063 nos
3630 5023 3667 5063 a
3695 5016 3904 5077 corpore

2322 5098 2743 5164 sanetiﬁeamur,
2767 5106 2827 5154 ut
2859 5099 3172 5154 mundiores
3204 5098 3378 5154 simus
3402 5137 3421 5167 ,
3461 5098 3508 5154 si
3547 5108 3769 5159 tantum
3814 5093 3903 5149 fide

2322 5204 2470 5254 recta
2505 5205 2560 5251 et
2589 5195 2921 5251 conscientia
2951 5196 3092 5251 bona
3121 5195 3254 5251 illud
3286 5194 3647 5265 suscipimus.
3671 5190 3906 5262 Alioquin

2323 5289 2441 5345 sine
2464 5302 2695 5358 corpore
2731 5286 2935 5343 Christi
2966 5288 3123 5343 vacui
3163 5295 3222 5343 et
3252 5288 3523 5345 immundi
3562 5304 3780 5345 sumus.
3812 5281 3904 5341 Sed

2323 5380 2454 5452 quia
2486 5378 2888 5451 consepelimur
2923 5378 3142 5436 Christo
3167 5419 3183 5447 ,
3222 5379 3368 5437 forte
3415 5381 3545 5439 ideo
3581 5380 3823 5443 Joannm
3844 5374 3907 5433 si.

2326 5481 2557 5543 gnanter
2586 5471 2665 5526 ait
2691 5488 2705 5525 :
2743 5469 2812 5526 In
2841 5487 2943 5544 quo
2974 5471 3208 5526 nondum
3244 5472 3529 5543 quisquam
3553 5473 3765 5543 positus
3786 5476 3905 5526 ml.

2328 5563 2420 5618 Sic
2440 5563 2585 5618 enim
2609 5562 2770 5629 dicit,
2810 5562 2865 5617 in
2898 5578 3006 5634 quo
3031 5563 3298 5628 nondum,
3337 5563 3497 5635 quasi
3533 5563 3590 5619 in
3627 5577 3700 5620 eo
3733 5558 3911 5633 aliqnis

2327 5664 2515 5727 postea
2539 5655 2756 5726 positus
2792 5655 2894 5721 sit,
2946 5655 3088 5726 quod
3124 5655 3348 5712 omnino
3393 5671 3504 5712 non
3537 5656 3753 5721 credo,
3799 5651 3909 5722 quia

2330 5746 2512 5804 adhuc
2555 5747 2716 5805 hodie
2765 5748 2898 5804 satis
2926 5747 3159 5820 gloriose
3191 5747 3496 5806 custoditur
3542 5762 3611 5804 ac
3657 5752 3911 5804 servatur.
