3966 6352
534 271 644 371 9'75

1345 280 1402 367 ὲ.
1442 309 1799 367 usuusu
1837 307 2185 367 nauseam
2219 308 2514 366 ABBATIS
2550 308 3006 369 CORBEIENSIS

3706 317 3806 375 επ

526 426 707 485 locum
748 425 992 482 haberet.
1025 419 1163 489 Quia
1191 422 1236 478 si
1266 438 1332 477 ex
1364 422 1550 478 multis
1582 421 1850 493 lapidibus
1881 420 2112 476 mdilica-
2144 423 2196 483 Α
2221 434 2348 476 care
2376 434 2437 477 se
2463 421 2532 477 ab
2560 421 2840 492 impietate
2884 436 3004 488 sua,
3033 421 3128 477 sed
3163 430 3290 493 post
3328 421 3447 479 hac
3490 423 3683 480 omnia
3723 442 3807 483 se.

528 527 644 576 tum
670 527 833 584 esset,
862 517 1104 573 sull'ossis
1128 515 1299 571 tunuli
1340 515 1702 572 fundamentis
1724 516 1937 571 ablatus
1966 514 2112 570 furto
2214 512 2450 568 cundum
2477 512 2735 568 duritiam
2777 513 2959 568 cordis
3003 513 3089 568 sui
3137 514 3515 570 thesaurizare
3555 515 3666 571 sibi
3702 519 3807 589 iam

524 613 713 683 utique
746 610 1037 665 diceretur.
1086 607 1239 664 Nunc
1269 616 1448 664 autem
1485 609 1539 663 in
1581 623 1647 664 eo
1685 610 1849 663 etiam
1879 607 2112 679 propbe-
2211 612 2268 660 et
2296 605 2721 678 indignationem
2750 606 2806 661 in
2851 606 2940 662 die
2975 607 3093 674 ire,
3119 615 3176 663 et
3200 608 3543 666 revelatione
3570 608 3810 686 justiju-

520 704 614 759 tite
642 702 966 774 adimpletur
1005 702 1374 757 testimonium
1408 703 1640 758 dicentis
1675 721 1688 757 :
1718 703 1818 757 Hic
1845 701 2112 758 habitavit
2211 696 2339 754 dicii
2365 697 2486 754 Dei.

519 797 575 853 in
602 796 815 852 excelsa
858 795 1115 866 spelunca
1157 804 1326 867 petrae
1368 795 1698 852 fortissimae.
1732 794 1886 852 Unde
1916 803 1972 852 et
1998 803 2108 852 sta-

515 889 616 945 tim
662 897 787 960 post
828 890 963 945 duos
999 888 1295 944 versiculos
1319 889 1372 943 in
1399 890 1587 945 eodem
1616 888 1861 959 sequitur
1892 886 2109 958 1199

514 981 659 1049 loco,
690 997 869 1054 regem
901 996 1025 1037 cum
1070 979 1240 1053 gloria
1268 980 1544 1040 videbitis.
1573 995 1693 1051 quas
1719 987 1804 1035 est
1838 992 1969 1034 vere
1995 976 2108 1050 glo-

515 1074 598 1129 ria
648 1074 1000 1144 resurgentis.
1049 1071 1157 1129 Sed
1203 1073 1329 1143 quia
1376 1072 1648 1128 calliditas
1694 1070 2006 1127 Iudaeorum
2048 1070 2104 1125 in

515 1162 769 1220 omnibus
798 1178 1014 1234 semper
1043 1171 1219 1219 astute
1256 1178 1419 1234 agere
1444 1170 1687 1227 conatur,
1722 1171 1938 1234 oportet
1973 1177 2103 1217 con-

452 1326 457 1337 I
515 1256 757 1313 siderare
797 1259 1067 1330 quomodo
1098 1259 1367 1327 impietas,
1413 1268 1467 1312 et
1504 1257 1653 1314 fraus
1699 1258 1813 1313 suis
1845 1273 1903 1313 se
1932 1258 2106 1328 impu-

513 1359 643 1420 gnat
670 1351 868 1407 verbis.
904 1351 1095 1405 Dicunt
1130 1351 1272 1405 enim
1317 1350 1520 1405 dixisse
1552 1351 1877 1405 Dominum:
1909 1349 2105 1406 Solvite

513 1442 763 1512 templum
789 1444 908 1509 hoc,
932 1453 981 1499 et
1007 1453 1121 1515 post
1143 1443 1379 1498 triduum
1404 1443 1737 1513 remdiﬁcabo
1759 1442 1892 1497 illud
1916 1433 2099 1514 (latin.

510 1551 575 1600 ιι,
602 1535 708 1608 l9).
742 1536 895 1595 Unde
921 1546 973 1592 et
999 1547 1258 1593 accusant
1279 1552 1400 1592 etim
1428 1552 1493 1592 ac
1516 1537 1560 1591 si
1584 1536 1703 1591 falsi
1733 1544 1897 1593 testes
1922 1556 1933 1591 :
1957 1552 2103 1593 nunc

509 1636 689 1684 autem
719 1646 909 1686 rursus
932 1645 964 1686 e
988 1630 1264 1685 contrario
1292 1630 1718 1698 interpretantur
1742 1628 1874 1683 illud
1900 1628 2102 1683 dictum

508 1719 576 1774 de
604 1719 869 1775 solutione
911 1736 974 1777 ac
1018 1721 1419 1777 resurrectione
1462 1720 1709 1791 corporis
1733 1719 1838 1775 sui.
1871 1718 1988 1788 Qua
2032 1718 2101 1775 de

2282 789 2432 863 (Cu.
2472 790 2731 865 XXVIII.)
2768 790 2991 862 Vespere
3036 800 3213 848 autem
3259 791 3523 860 Sabbati,
3556 809 3687 865 qua
3734 792 3811 849 ls-

2209 885 2364 940 cescit
2403 886 2459 940 in
2502 886 2676 956 prima
2720 885 2972 953 Sabbati,
3018 887 3157 941 venit
3190 884 3369 943 Πανία
3416 886 3815 959 lagdeleaea

2209 979 2377 1035 altera
2408 980 2612 1047 Maria,
2637 980 2812 1036 videre
2835 978 3152 1051 sepulcrum.
3180 979 3459 1048 Quantum
3486 980 3708 1047 sentio,
3732 984 3817 1039 Ili-

2206 1085 2330 1126 rum
2365 1081 2422 1126 et
2463 1071 2766 1128 inauditum
2796 1071 3051 1142 loquendi
3079 1072 3257 1126 oritur
3280 1087 3476 1144 genus.
3501 1070 3639 1129 Non
3680 1074 3813 1130 enim

2207 1158 2347 1216 hanc
2390 1161 2570 1217 muli
2600 1162 2717 1219 dies
2756 1163 2907 1219 novit
2932 1177 3240 1234 vesperam,
3267 1178 3369 1218 nec
3403 1162 3587 1219 habet
3640 1167 3814 1222 tum

2205 1267 2358 1319 usus,
2389 1254 2513 1324 quia
2550 1270 2777 1328 vespera
2814 1255 2932 1311 linit
2957 1266 3014 1312 et
3055 1271 3165 1315 non
3195 1256 3418 1312 inchoat
3447 1256 3651 1323 diem;
3680 1267 3817 1313 tene-

2204 1346 2407 1403 brescit
2442 1363 2657 1419 quoque
2699 1358 2755 1404 et
2799 1365 2907 1405 non
2953 1349 3236 1406 illucescit.
3283 1349 3439 1406 Unde
3478 1358 3541 1404 et
3595 1348 3817 1409 Genesis

2202 1449 2383 1495 servat
2407 1440 2654 1496 ordinem
2691 1447 2919 1504 naturas,
2954 1450 3004 1495 et
3038 1440 3236 1510 factum
3262 1450 3359 1507 est,
3402 1441 3630 1513 inquit,
3678 1459 3816 1497 usus

2204 1548 2267 1587 ac
2305 1548 2510 1603 vespere
2547 1532 2657 1587 dies
2684 1549 2792 1587 una
2836 1531 2992 1604 (Gen.
3017 1547 3063 1596 ι,
3101 1531 3191 1601 5),
3232 1532 3314 1587 sic
3341 1541 3400 1588 et
3445 1532 3519 1587 de
3564 1531 3845 1603 reliquie.

2202 1623 2308 1680 nisi
2344 1624 2489 1694 quod
2532 1621 2851 1689 Sabbatum,
2896 1623 2952 1678 id
2992 1630 3076 1680 est
3116 1623 3345 1694 septima
3375 1623 3524 1689 dies,
3570 1639 3712 1694 qua
3744 1639 3817 1679 re-

2201 1717 2358 1786 quies
2395 1729 2518 1773 esse
2559 1716 2782 1783 dicitur,
2822 1716 2990 1772 habet
3036 1729 3197 1771 mane
3235 1715 3353 1771 sine
3395 1714 3517 1771 ullo
3562 1729 3813 1786 vespere.

507 1823 671 1867 causa
691 1811 830 1866 ratio
855 1820 960 1873 cst,
986 1827 1230 1882 quaerere
1254 1828 1355 1882 per
1372 1812 1490 1867 haec
1510 1811 1675 1867 verba
1698 1828 1860 1881 quam
1881 1818 2101 1866 versute
2128 1795 2177 1857 Β
2204 1808 2342 1877 Quia
2384 1807 2628 1879 profecto
2656 1824 2881 1879 vespera
2907 1806 3131 1864 Sabbati
3172 1808 3286 1880 ipsa
3311 1816 3398 1864 est
3436 1809 3497 1864 in
3549 1810 3817 1882 mysterio

508 1916 689 1977 agant.
719 1907 776 1963 Si
808 1908 952 1963 enim
980 1907 1047 1962 de
1078 1908 1475 1963 resurrectione
1505 1922 1600 1962 sua
1645 1914 1771 1961 tunc
1795 1905 1875 1960 sic
1904 1903 2101 1959 intelli-

506 1998 705 2066 gebant
751 1997 983 2063 dictum,
1012 1998 1282 2068 quomodo
1330 1996 1700 2052 testimonium
1732 1995 1991 2051 adversus
2019 1994 2101 2065 ip-

505 2102 626 2142 sum
671 2088 894 2152 dabant,
938 2088 1081 2158 quod
1127 2088 1231 2143 hoc
1258 2087 1325 2143 de
1351 2086 1550 2157 templo
1591 2086 1686 2141 illo
1714 2084 1913 2140 dixerit
1954 2083 2098 2154 quod

503 2185 627 2233 erat
665 2177 1027 2233 aediﬁcatum?
1065 2186 1160 2233 aut
1209 2179 1258 2233 si
1302 2178 1419 2234 lucc
1446 2192 1573 2233 vere
1608 2176 1683 2232 ita
1731 2175 2100 2246 intelligebant

503 2273 729 2339 dixisse,
756 2273 1025 2344 quomodo
1053 2272 1236 2328 testati
1265 2282 1393 2328 sunt
1439 2272 1698 2327 adversus
1749 2269 1911 2326 eum?
1957 2268 2100 2325 unde

503 2368 681 2423 sciunt
724 2368 905 2433 modo,
934 2368 1079 2438 quod
1110 2367 1327 2432 dixerit,
1354 2368 1483 2424 Post
1528 2376 1639 2423 tres
1667 2367 1784 2423 dies
1810 2381 1842 2421 a
1872 2364 2101 2422 mortuis

502 2461 824 2530 resurgam?
846 2461 903 2516 In
927 2470 1157 2532 utroque
1178 2462 1324 2516 enim
1349 2461 1472 2516 dolo
1494 2462 1537 2515 si
1562 2460 1933 2525 inveniuntur,
1957 2467 2015 2514 et
2044 2458 2099 2513 in

503 2560 733 2622 utroque
773 2553 1021 2607 veritatis
1065 2552 1293 2608 inimici.
1335 2551 1439 2607 Per
1468 2552 1587 2607 haec
1616 2551 1762 2607 enim
1791 2552 1957 2606 verba
1996 2548 2100 2619 ipsi

502 2642 873 2699 testimonium
900 2658 1055 2700 suum
1088 2643 1488 2707 condemnant;
1512 2641 1770 2711 quoniam
1795 2655 1924 2696 vere
1949 2639 2102 2694 intel-

497 2734 728 2807 ligentes
774 2734 842 2792 de
888 2737 1290 2792 resurrectione
1340 2735 1585 2806 corporis
1633 2735 1715 2790 sui
1762 2733 1851 2789 illa
1898 2732 2098 2798 dicere,

498 2826 733 2883 scientes
753 2836 1143 2883 converterunt
1164 2827 1291 2883 illud
1321 2827 1374 2882 in
1402 2827 1750 2892 calumniam,
1772 2834 1827 2882 et
1846 2826 2102 2881 dixerunt

498 2932 566 2971 cx
592 2917 960 2973 destructione
986 2926 1043 2973 et
1072 2918 1419 2988 reparatione
1459 2918 1602 2974 illius
1651 2916 1836 2988 templi
1866 2932 1989 2972 eum
2034 2931 2098 2972 ea

497 3007 721 3064 dixisse.
754 3009 947 3065 Adhuc
982 3009 1143 3063 aliam
1189 3009 1537 3064 considerare
1581 3017 1797 3079 oportet
1828 3008 2094 3066 fraudem.

2202 1917 2319 1972 quae
2349 1899 2561 1956 lucescit
2599 1899 2653 1954 in
2689 1900 2860 1971 prima
2892 1896 3140 1965 Sabbati,
3183 1913 3291 1954 non
3334 1907 3399 1954 ut
3446 1907 3697 1955 noctem
3736 1915 3815 1970 pa-

2203 1992 2330 2058 riat,
2359 1994 2644 2064 noctisque
2671 1992 2743 2047 sit
2770 2001 2964 2059 mater,
2993 1993 3087 2048 sed
3111 1999 3172 2047 ut
3197 1992 3448 2048 ordinem
3474 2000 3683 2047 mutet
3704 1993 3813 2049 du

2204 2086 2451 2160 agnoscit
2495 2094 2809 2151 auctorem,
2843 2094 2895 2141 et
2940 2094 3051 2141 tota
3093 2084 3357 2142 clarescat
3404 2085 3465 2141 in
3518 2085 3719 2142 diem.
3760 2086 3813 2141 Β

2201 2195 2311 2236 non
2339 2180 2393 2235 in
2427 2178 2724 2250 quamlibet
2762 2178 2926 2244 diem,
2961 2178 3055 2235 sed
3096 2179 3152 2234 in
3180 2194 3301 2235 eam
3327 2194 3498 2249 quam
3532 2177 3693 2236 fecit
3719 2179 3815 2235 Do-

2201 2275 2383 2331 minus
2415 2282 2571 2331 extra
2600 2288 2820 2330 omnem
2847 2274 3024 2340 diem;
3063 2281 3125 2328 ut
3162 2274 3363 2329 serviat
3402 2287 3517 2328 non
3552 2275 3810 2345 tempori,

2202 2369 2299 2425 sed
2338 2366 2531 2423 facturi
2576 2382 2676 2424 suo
2713 2375 2770 2422 et
2806 2367 3041 2423 creatori
3075 2366 3317 2422 omnium
3348 2365 3733 2423 mulorum.
3760 2366 3813 2421 Et

2202 2457 2325 2514 ideo
2352 2466 2463 2513 tota
2500 2458 2617 2514 haec
2663 2456 2865 2513 locutio
2894 2455 3074 2512 radiat
3100 2456 3157 2511 in
3186 2457 3473 2529 mysterio,
3508 2457 3813 2527 respondet

2201 2550 2257 2606 in
2293 2549 2567 2615 novitate,
2608 2547 2828 2604 anhelat
2874 2546 3116 2620 gaudens
3157 2561 3411 2603 auroram
3461 2545 3620 2602 lucis
3670 2549 3815 2603 exﬁ-

2200 2642 2348 2709 bere,
2391 2650 2452 2697 ut
2487 2648 2597 2697 tota
2627 2641 2894 2697 clarescat
2927 2656 3175 2711 vespera,
3213 2655 3335 2711 qua:
3367 2640 3585 2695 accidit
3628 2642 3689 2696 in
3728 2657 3810 2697 oc—

2203 2747 2389 2787 casum
2419 2732 2550 2787 solis
2595 2732 2649 2787 in
2678 2731 2854 2802 prima
2897 2729 3142 2796 Sabbati,
3179 2746 3301 2802 qua)
3347 2740 3437 2787 est
3479 2731 3613 2788 dies
3646 2733 3809 2799 locis;

2203 2822 2338 2887 dies,
2371 2823 2614 2892 inquam,
2638 2821 2800 2885 lucis,
2822 2835 2944 2892 quas
2962 2820 3169 2876 nullum
3194 2820 3345 2877 novit
3372 2836 3675 2877 occasum.
3710 2823 3813 2879 Pri-

2201 2930 2289 2971 ma
2328 2914 2495 2985 igitur
2524 2913 2749 2970 Sabbati
2781 2913 2898 2969 dies
2926 2913 3206 2970 Dominica
3240 2929 3388 2969 nunc
3418 2914 3667 2975 dicitur.
3698 2930 3809 2986 qu:

2200 3005 2376 3078 prima
2410 3004 2624 3059 condita
2652 3011 2737 3059 est
2762 3004 2817 3058 in
2851 3003 3139 3076 principio,
3165 3013 3223 3060 et
3248 3004 3429 3075 prima
3468 3006 3693 3061 meruit
3731 3005 3807 3060 vi.

499 3098 557 3155 Si
585 3099 729 3154 enim
755 3099 809 3155 in
828 3098 1116 3155 manifesto
1137 3099 1448 3154 hominibus
1469 3100 1825 3171 dicebatpnst
1848 3108 1959 3157 tres
1983 3101 2100 3157 dies
2144 3168 2170 3171 ﬂ
2203 3099 2332 3153 dere
2390 3096 2676 3152 Dominum
2742 3105 3136 3165 resurgentem.
3187 3096 3307 3167 Ipsa
3370 3096 3605 3162 quidem
3662 3097 3806 3168 prior

498 3209 529 3248 a
563 3194 791 3249 mortuis
820 3201 1254 3249 resurrecturum
1286 3209 1366 3259 se,
1390 3195 1662 3265 quomodo
1688 3168 1769 3249 vel
1803 3190 2101 3247 verisimile
2126 3168 2172 3232 (ἶ
2202 3187 2404 3244 mundo
2432 3186 2758 3258 principium
2780 3186 2948 3252 dedit,
2972 3187 3197 3259 ipsaque
3221 3200 3324 3257 per
3342 3185 3641 3241 Christum
3664 3189 3807 3258 prior

495 3286 668 3342 videri
690 3293 867 3358 potest
888 3287 1031 3357 quod
1057 3295 1269 3342 secreto
1290 3287 1631 3344 mandaverit
1650 3285 1931 3356 discipulis
1953 3283 2088 3348 suis,

493 3390 556 3436 ιιι
584 3381 834 3437 furentur
858 3396 981 3437 eum
1014 3390 1199 3445 noctu,
1233 3390 1286 3437 et
1312 3381 1494 3436 dicant
1522 3389 1647 3452 post
1686 3388 1796 3435 tres
1819 3379 1935 3434 dies
1963 3376 2089 3448 quia

495 3471 734 3529 surrexit
757 3485 787 3525 a
821 3471 1083 3527 mortuis?
1112 3470 1222 3526 Sed
1257 3471 1362 3526 hoc
1386 3486 1453 3526 ex
1486 3472 1587 3526 hoc
1617 3470 1735 3541 ipso
1771 3465 2091 3523 incredibile

492 3563 779 3635 probatur,
802 3569 862 3617 ut
899 3562 979 3617 eis
1012 3570 1136 3632 post
1164 3569 1367 3617 tantam
1403 3560 1706 3616 doctrinam
1738 3559 1842 3615 ista
1867 3556 2089 3624 dixerit,

492 3668 656 3724 quam
698 3652 753 3707 in
796 3651 993 3724 populo
1031 3652 1217 3707 docuit
1244 3652 1530 3718 universo;
1563 3657 1686 3720 post
1717 3656 1897 3704 tantas
1932 3646 2113 3705 tales-.

492 3762 599 3819 que
627 3747 855 3802 virtutes
883 3760 1020 3816 quas
1049 3745 1102 3800 in
1140 3745 1290 3800 omni
1331 3742 1515 3800 Iudaea
1549 3758 1732 3799 coram
1781 3739 2091 3797 hominibus

492 3823 762 3901 ostendit,
810 3847 872 3894 ut
926 3837 1140 3893 falleret
1200 3836 1494 3907 discipulos
1548 3850 1675 3892 suos
1718 3833 1920 3889 verbis.
1972 3831 2090 3900 Qua

490 3932 673 3988 fronte
712 3932 878 4001 igitur
923 3930 1064 3987 ullus
1106 3930 1419 3985 mortalium
1456 3929 1559 3985 ista
1607 3927 1791 3983 dicet?
1835 3925 1921 3981 vel
1970 3939 2090 3995 quae

490 4022 698 4079 utilitas
740 4023 794 4079 in
833 4032 1009 4080 morte
1039 4030 1438 4079 monstraretur
1467 4020 1670 4090 ipsius?
1705 4018 1819 4074 Nec
1864 4017 2088 4073 dubium

491 4113 624 4186 quin
665 4114 768 4185 ipsi
806 4114 1053 4185 discipuli
1097 4114 1177 4170 sic
1223 4112 1471 4181 emrriti
1531 4112 1636 4167 ista
1682 4126 1790 4166 non
1844 4108 2091 4165 facerent

491 4208 636 4279 quod
664 4206 976 4263 mandabat.
1007 4205 1239 4262 Maxime
1261 4213 1484 4275 propter
1505 4201 1811 4273 periculum
1838 4199 1981 4271 quod
2009 4198 2090 4253 eis

491 4298 811 4355 imminebat
843 4297 912 4353 ab
937 4298 1020 4353 eis
1045 4295 1402 4368 deprehensis
1433 4294 1479 4349 si
1521 4294 1626 4348 hoc
1652 4290 1913 4348 facerent.
1958 4288 2092 4344 Pro-

420 4400 427 4409 '
488 4402 675 4464 pterea
719 4406 911 4446 verum
953 4397 1040 4445 est
1083 4402 1152 4443 ex
1206 4386 1391 4442 divina
1439 4382 1807 4455 providentia,
1846 4379 1990 4451 quod
2037 4378 2090 4433 in

486 4481 861 4555 przcjudicium
887 4496 1044 4537 suum
1071 4480 1171 4535 ista
1200 4478 1474 4551 principes
1496 4474 1838 4532 sacerdotum
1870 4474 2092 4544 loquun—

2196 3279 2441 3351 reparari
2476 3278 2801 3350 promeruit.
2841 3275 2951 3334 Sed
3006 3277 3151 3348 quod
3195 3276 3551 3350 evangelista
3588 3276 3799 3333 dim

2194 3370 2482 3427 mulierum
2510 3368 2824 3426 describunt
2864 3377 3132 3442 tempora,
3157 3384 3265 3426 non
3293 3370 3577 3426 mendacii
3611 3382 3722 3438 est,
3745 3381 3799 3427 It

2193 3460 2345 3533 impii
2388 3460 2809 3526 calumniantur,
2851 3459 2945 3517 sed
2988 3458 3191 3517 sedula
3225 3459 3566 3516 visitationis
3612 3475 3795 3517 eam

2191 3551 2446 3610 olllcium.
2479 3551 2591 3608 Nec
2613 3551 2796 3623 itaque
2820 3551 3094 3608 diversum
3118 3560 3203 3609 est
3226 3552 3375 3623 quod
3402 3553 3689 3619 sentiunt,
3710 3552 3797 3609 sed

2191 3660 2359 3700 unum
2385 3651 2549 3715 atque
2574 3643 2740 3710 idem,
2772 3651 2835 3699 ut
2858 3643 3020 3715 paulo
3047 3643 3170 3715 plus
3194 3658 3361 3715 quam
3386 3644 3595 3701 medic
3628 3644 3797 3700 m

2192 3735 2522 3807 intelligatur
2563 3742 2796 3806 tempus,
2839 3736 2984 3806 quod
3028 3745 3116 3791 est
3152 3733 3421 3805 gallorum
3468 3743 3706 3799 cantu,
3742 3744 3795 3790 es

2191 3841 2315 3882 eum
2336 3826 2568 3883 diversis
2596 3824 2935 3897 appellavere
2965 3824 3297 3881 nominibus.
3328 3822 3635 3880 Mattheus
3652 3824 3790 3879 ef-

2191 3918 2416 3983 scribit,
2467 3916 2692 3988 Vespere
2726 3915 2984 3982 Sablmti,
3023 3929 3126 3987 pro
3156 3929 3227 3971 eo
3258 3914 3406 3985 quod
3436 3921 3530 3971 est
3564 3929 3715 3978 seru,
3738 3912 3791 3969 id

2190 4015 2276 4063 est
2333 4022 2441 4064 non
2501 4006 2793 4077 incipiente
2856 4015 3052 4072 nocte,
3101 4004 3196 4062 sed
3252 4002 3372 4073 jam
3426 4003 3703 4076 profunda
3736 4010 3787 4056 et

2190 4111 2388 4166 magna
2426 4111 2494 4152 ex
2531 4106 2689 4167 parte
2738 4104 3048 4163 transacta,
3090 4094 3415 4166 apparuisse
3452 4093 3648 4150 lari:
3680 4092 3782 4149 Is-

2191 4189 2464 4263 gdalenm,
2515 4188 2599 4244 vel
2652 4189 2868 4245 venisse
2912 4202 3007 4245 eas
3056 4187 3228 4243 videre
3285 4186 3621 4259 sepulcrm.
3658 4185 3781 4253 Qui

2190 4277 2321 4335 licet
2374 4278 2583 4350 1201
2632 4293 2778 4345 sero,
2831 4289 3012 4335 tamen
3060 4280 3112 4334 in
3152 4277 3271 4348 ipsa
3312 4293 3556 4349 vespera
3598 4275 3783 4348 priori!

2193 4369 2436 4435 Sabbati,
2464 4387 2584 4441 qua:
2607 4368 2821 4424 lucescit
2850 4369 2908 4424 in
2931 4368 3101 4438 prima
3122 4365 3369 4431 Sabbati,
3399 4373 3690 4427 venerunt.
3712 4366 3777 4419 ill

2191 4469 2256 4517 ut
2274 4460 2530 4530 deinceps
2565 4458 2620 4514 in
2649 4458 2799 4515 Novo
2824 4458 3196 4524 Testamento,
3234 4472 3347 4513 non
3388 4468 3659 4529 squam
3682 4467 3773 4509 ια

488 4548 781 4639 ίιιτξθιέᾶ
810 4548 1270 4628 corroborandam
1306 4548 1467 4624 fidem
1496 4574 1760 4630 nostram,
1790 4572 1852 4619 ut
1887 4572 1944 4619 et
1979 4564 2081 4634 ipsi
2108 4551 2162 4611 D
2186 4552 2355 4618 diem.
2385 4552 2480 4608 sed
2509 4552 2801 4623 priecedat.
2833 4549 2969 4619 Quia
2988 4548 3144 4618 iuxta
3173 4549 3507 4620 Apostolus
3536 4560 3773 4639 necpri-

489 4666 547 4723 in
573 4662 826 4722 omnibus
859 4660 1256 4719 inexcusabiles
1283 4658 1436 4725 fiant,
1465 4666 1522 4715 et
1549 4657 1709 4713 nobis
1745 4656 1799 4711 in
1830 4655 1979 4711 nullo
2005 4669 2089 4710 re-

488 4763 739 4813 maneret
780 4754 892 4811 ulla
918 4754 1188 4809 dubietas.
1219 4751 1495 4807 Adhibent
1539 4748 1814 4814 custodes,
1842 4748 2089 4819 signatur

490 4849 631 4921 lapis
674 4847 853 4920 sigillo
900 4844 1195 4916 sculptura;
1224 4859 1355 4908 suae,
1389 4850 1444 4897 et
1470 4842 1696 4897 veniunt
1741 4841 1857 4896 haec
1905 4837 2085 4894 omnia

488 4939 649 4995 nobis
689 4938 759 4993 ad
804 4936 1178 4993 testimonium
1225 4934 1349 4989 ﬂdci
1379 4943 1602 4999 nostras,
1631 4941 1687 4988 et
1711 4931 1818 4987 illis
1863 4931 1917 4985 in
1959 4945 2090 4985 con-

490 5033 889 5090 demnationem
943 5028 1185 5101 perfidiae
1231 5041 1363 5082 suae.
1406 5024 1813 5087 Verumtamen,
1838 5022 2088 5093 quamvis

489 5125 566 5182 ita
599 5123 910 5195 conﬁngant
937 5120 1119 5176 omnia
1144 5126 1199 5175 et
1221 5124 1577 5190 componant,
1609 5115 1710 5185 ipsi
1740 5128 1955 5185 semper
1984 5112 2085 5168 sibi

490 5218 696 5275 conscii
723 5226 850 5274 sunt
881 5223 939 5271 et
968 5223 1135 5272 testes
1160 5212 1369 5269 fraudis
1396 5226 1539 5267 suae.
1575 5208 1789 5280 1200
1818 5207 1974 5264 Unde
1997 5219 2090 5260 ve-

488 5308 705 5366 nientes
762 5307 982 5379 quidam
1025 5322 1094 5364 ex
1153 5305 1286 5378 ipsis
1332 5302 1648 5359 custodibus
1700 5301 1755 5355 in
1809 5299 2087 5355 civitatem

489 5400 903 5464 nuntiaverunt,
925 5412 1036 5454 non
1063 5396 1211 5464 aliis,
1237 5395 1333 5452 sed
1367 5393 1500 5466 ipsis
1530 5391 1870 5465 principibus
1908 5406 2089 5447 sacer-

487 5491 700 5557 dotum,
737 5489 922 5546 omnia
949 5502 1286 5559 quaecunque
1311 5485 1533 5541 fuerunt
1561 5482 1732 5550 facta,
1764 5490 1825 5538 ut
1846 5496 1916 5538 ex
1939 5481 2089 5539 omni

488 5593 647 5656 parte
686 5582 1073 5641 inexcusabilis
1115 5595 1300 5639 eorum
1345 5578 1657 5635 inveniatur
1701 5576 1969 5648 impietas.
2007 5574 2087 5631 llli

491 5683 702 5740 tamen,
743 5673 993 5744 quamvis
1026 5672 1081 5727 in
1127 5672 1383 5727 omnibus
1431 5669 1507 5724 ita
1554 5667 1830 5733 conclusi,
1874 5681 1976 5721 nec
2008 5666 2088 5720 sic

492 5762 770 5834 suscipere
790 5762 1080 5824 voluerunt
1103 5761 1381 5825 Christum
1422 5758 1516 5819 Dei
1559 5758 1777 5824 Filium,
1805 5772 1905 5813 nec
1936 5771 2091 5813 revo-

2194 4645 2371 4711 cessit,
2412 4643 2522 4698 dies
2550 4652 2727 4698 autem
2756 4641 3189 4714 appropinquavit
3231 4641 3421 4713 (Rom.
3453 4637 3769 4708 minutal

2196 4742 2327 4790 tunc
2362 4734 2555 4805 utique
2583 4732 3038 4805 appropinquavit
3070 4732 3291 4803 quando
3318 4730 3593 4787 Dominus
3616 4739 3767 4784 res!-

2196 4825 2359 4880 rexit.
2393 4823 2674 4894 Siquidem
2700 4837 2949 4895 vespere,
2976 4837 3083 4879 non
3119 4822 3409 4879 immerito
3437 4822 3670 4893 tropice,
3688 4830 3765 4889 pa

2200 4928 2311 4976 tota
2362 4918 2632 4989 accipitur
2681 4926 2860 4975 nocte.
2912 4915 2972 4972 In
3019 4914 3174 4985 cujus
3219 4916 3407 4972 noctis
3454 4915 3588 4981 line,
3627 4912 3675 4968 id
3700 4916 3764 4962 et!

2195 5026 2423 5082 vespere
2453 5010 2697 5074 Sabbati,
2726 5018 2995 5068 venerunt
3024 5007 3267 5081 praefatae
3290 5009 3563 5065 mulieres
3586 5005 3651 5062 ad
3668 5016 3759 5059 nc-

2196 5112 2513 5162 numentum
2559 5105 2907 5162 illucescente
2943 5103 3058 5175 jam
3098 5102 3292 5159 eadem
3333 5111 3502 5157 nocte
3541 5097 3761 5170 inpii

2198 5196 2444 5262 Sabbati,
2473 5210 2590 5264 seu,
2620 5203 2681 5251 ut
2708 5196 2765 5251 in
2791 5193 2984 5252 Graeco
3012 5193 3265 5257 habetur,
3316 5191 3375 5247 in
3406 5204 3523 5247 una
3550 5183 3759 5246 Sabbati-

2194 5288 2374 5360 lpsnm
2414 5289 2582 5361 igitur
2621 5285 2973 5357 evangelista,
3002 5296 3229 5354 vespere
3280 5282 3671 5353 interpretata
3694 5279 3759 5330 el

2198 5360 2453 5444 Sabbati,
2482 5394 2606 5436 cum
2645 5378 2877 5447 aitqaue
2909 5374 3124 5431 lucescit
3158 5373 3215 5428 επ
3247 5373 3429 5444 νήπιε
3452 5366 3685 5434 saeui,
3716 5360 3757 5418 it

2198 5481 2285 5531 est
2320 5472 2790 5544 appropinquante
2808 5468 2924 5540 jam
2951 5468 3072 5525 luce
3093 5466 3379 5538 sequentis
3404 5464 3538 5521 diei.
3568 5462 3755 5519 Vau-

2198 5572 2382 5622 tamen
2414 5572 2676 5635 quantum
2721 5563 2790 5620 de
2810 5562 2932 5618 hac
2964 5575 3027 5616 re
3060 5556 3409 5628 evangelista
3447 5550 3751 5610 ἁίωαιωι

2199 5656 2652 5714 considerandum
2677 5662 2784 5712 est.
2821 5654 2960 5724 Quia
3001 5651 3252 5723 quamvis
3280 5649 3573 5706 llatthrus
3606 5647 3671 5700 ita
3690 5642 3753 5697 i-

2200 5759 2308 5819 cat,
2337 5749 2496 5820 longe
2524 5750 2684 5808 aliter
2707 5749 2926 5809 Marcus
2952 5748 3021 5808 de
3044 5746 3147 5803 hac
3173 5745 3291 5818 ipsa
3333 5745 3629 5813 eadem
3650 5752 3753 5795 ssr-
