4048 6352
214 300 328 359 977

974 296 1338 362 EXPOSITIO
1370 303 1438 361 IN
1476 298 1915 360 ΜΑΤΤΗᾸΞΠΜ.
1951 301 2167 359 —LIB.
2208 302 2320 372 XII,
2362 298 2512 359 CAP.
2555 300 2790 359 XXVIII.

3406 307 3511 365 978

214 435 345 476 rare
364 418 599 475 videtur.
633 416 698 472 Et
729 416 875 474 valde
899 435 1073 485 mane,
1104 422 1299 491 inquit,
1332 438 1437 476 una
1461 421 1815 477 Sabbatorum
1843 421 1893 482 Α
1919 416 2138 483 dixerit,
2171 433 2333 488 quam
2385 431 2547 482 sero;
2593 426 2649 471 et
2689 431 2813 470 eum
2850 411 2941 486 qui
2979 410 3369 488 interpretatus
3402 429 3510 486 est,

213 511 434 565 veniunt
469 509 539 563 ad
569 518 983 572 monumentum,
1018 510 1229 567 oriente
1267 511 1353 566 vel
1394 514 1508 565 orto
1538 513 1656 582 jam
1705 511 1813 566 sole

210 600 420 675 (Nare.
447 617 559 667 xvi,
581 601 658 673 2).
699 600 745 655 Α
768 616 878 671 quo
908 601 1126 671 quidem
1177 617 1280 659 nec
1306 602 1501 669 Lucas,
1534 618 1637 659 nec
1654 602 1815 659 Joan-

209 710 317 754 nes
339 695 573 750 multum
605 695 920 765 discrepare
965 696 1299 765 probantur;
1358 712 1482 752 cum
1511 697 1590 753 ait
1613 698 1808 764 Lucas,

208 786 370 843 valde
399 786 636 841 diluculo
664 784 817 859 (Luc.
852 802 1001 853 xxiv,
1027 788 1105 859 l),
1134 796 1190 843 et
1215 787 1473 855 Joannes,
1505 788 1664 844 Hane
1693 806 1811 844 cum

207 879 392 934 adhuc
429 878 653 934 tenebrae
685 887 855 934 essent
880 877 1062 949 (Joan.
1094 895 1188 947 xx,
1216 881 1290 951 I).
1317 879 1452 936 Nam
1482 880 1584 937 hoc
1611 882 1810 938 intelli-

209 970 366 1043 gitur
418 979 474 1025 et
499 969 714 1026 Marcus
758 971 962 1038 dicere,
1008 986 1132 1027 cum
1182 972 1279 1038 ait,
1331 983 1380 1027 et
1430 974 1579 1028 valde
1632 991 1810 1041 mane,

208 1063 429 1119 oriente
450 1060 564 1130 jam
606 1062 741 1130 sole,
775 1063 831 1118 id
854 1071 940 1119 est
967 1063 1037 1118 ab
1060 1063 1291 1130 oriente,
1320 1080 1443 1121 cum
1473 1065 1672 1121 ctelum
1693 1064 1809 1134 jam

208 1152 514 1225 incipiebat
538 1155 835 1220 albescere,
878 1155 1008 1212 licet
1041 1156 1218 1212 adhuc
1244 1158 1480 1212 tenebrae
1503 1166 1687 1213 essent
1712 1174 1808 1215 su-

206 1259 310 1315 per
339 1255 577 1313 terram;
609 1249 753 1317 quod
782 1262 890 1303 non
922 1248 981 1302 lit
1006 1248 1110 1303 nisi
1140 1264 1208 1304 ex
1234 1249 1515 1306 vicinitate
1536 1250 1650 1321 jam
1678 1250 1810 1307 solis

205 1337 469 1403 orientis,
511 1339 729 1409 quando
760 1354 957 1394 aurora
995 1340 1149 1408 quasi
1189 1342 1391 1410 prtevia
1441 1342 1573 1396 solis
1620 1341 1809 1412 incnpit

206 1442 500 1498 apparere,
526 1439 581 1485 et
614 1440 794 1486 tamen
830 1431 1007 1485 adhuc
1034 1432 1376 1486 tenebrarum
1406 1432 1581 1503 caligo
1609 1433 1807 1487 densa-

206 1525 336 1585 tur;
377 1536 500 1591 quae
537 1529 689 1576 tanto
712 1521 887 1593 magis
921 1531 1247 1588 attenuatur,
1282 1533 1486 1593 quanto
1515 1523 1686 1593 magis
1715 1522 1807 1577 lux

201 1610 341 1666 solis
367 1612 572 1681 praevia
598 1612 875 1668 inaltatur.
904 1611 1059 1668 Unde
1088 1614 1233 1684 quod
1258 1615 1365 1680 ait,
1388 1624 1436 1669 et
1458 1614 1609 1669 ualde
1630 1631 1802 1681 mane,

203 1716 319 1757 non
368 1703 449 1758 sic
489 1703 865 1774 accipiendum
914 1713 1037 1771 est,
1088 1714 1344 1775 tauquam
1390 1706 1470 1761 sol
1518 1706 1632 1775 ipse
1687 1704 1803 1774 jam

200 1800 355 1847 esset
391 1792 598 1849 eﬂ‘usus
641 1810 805 1865 super
835 1803 1032 1862 terras,
1069 1798 1164 1852 sed
1200 1797 1404 1867 potius,
1436 1798 1578 1853 sicut
1623 1799 1805 1854 dicere

200 1885 473 1951 solemus,
521 1902 701 1951 mane,
744 1901 841 1943 seu
884 1887 1041 1943 valde
1080 1904 1262 1954 mane,
1293 1890 1509 1960 quando
1538 1890 1803 1961 gallorum

197 1986 424 2043 cantus,
445 1992 509 2032 ac
526 1978 568 2033 si
600 1994 798 2049 praeco,
829 1978 1155 2046 insonuerit,
1183 1980 1319 2036 lueis
1342 1981 1457 2052 jam
1485 1982 1612 2052 quia
1644 1999 1803 2040 mane

196 2078 287 2125 est
328 2085 635 2139 surgamus.
674 2071 792 2128 Non
824 2075 970 2144 quod
994 2073 1074 2129 sol
1112 2074 1182 2130 sit
1205 2074 1320 2145 jam
1349 2085 1522 2139 ortus,
1552 2077 1646 2133 sed
1675 2079 1802 2148 quia

196 2174 233 2216 e
268 2161 454 2217 vicino
480 2163 673 2220 adesse
699 2165 892 2231 scitur,
919 2165 1004 2221 vel
1029 2168 1271 2222 creditur
1294 2183 1421 2223 mox
1450 2169 1566 2224 dies
1609 2169 1803 2225 allatu-

206 2260 338 2308 rus.
361 2254 458 2310 Ast
480 2257 567 2312 ubi
597 2257 895 2314 viderimus
916 2259 1155 2330 aliquam
1201 2260 1431 2315 orientis
1467 2271 1676 2331 partem
1705 2279 1801 2317 ru-

195 2345 461 2414 bescere,
497 2350 579 2404 vel
620 2351 896 2422 quippiam
946 2351 1301 2419 inalbescere,
1350 2368 1474 2409 mox
1508 2353 1803 2409 diluculum

196 2437 404 2493 adesse
426 2440 848 2509 proclamamus,
878 2442 1023 2513 quod
1047 2452 1104 2498 et
1134 2444 1288 2500 valde
1315 2460 1475 2500 mane
1505 2461 1632 2501 vere
1669 2446 1803 2501 dici-

193 2543 352 2584 mus.
384 2528 538 2587 Unde
559 2548 723 2587 unutu
749 2540 835 2588 est
859 2533 1205 2605 evangelista:
1224 2535 1367 2605 quod
1395 2536 1604 2600 dicunt,
1634 2553 1801 2591 unum

197 2621 356 2693 quod
394 2623 655 2679 sentiunt.
710 2623 847 2691 Quia
897 2625 1036 2680 idem
1083 2636 1166 2682 est
1197 2627 1375 2694 valde,
1407 2629 1550 2697 quod
1589 2628 1803 2686 Marcus

198 2713 306 2780 ait,
350 2715 500 2784 quod
541 2724 627 2771 est
668 2716 823 2772 valde
867 2717 1122 2783 diluculo,
1169 2720 1315 2790 quod
1353 2718 1567 2786 Lucas;
1615 2721 1710 2777 sed
1750 2732 1805 2777 et

196 2805 354 2876 quod
382 2803 622 2862 Joannes
666 2808 1010 2876 immutavit,
1050 2826 1204 2865 mane
1232 2827 1351 2865 cum
1379 2812 1553 2865 adhuc
1580 2812 1802 2867 tenebrm

195 2910 380 2955 essent
401 2916 422 2966 ;
441 2911 564 2957 orto
584 2901 697 2972 jam
726 2903 859 2968 sole,
894 2904 948 2960 id
972 2912 1057 2960 est
1079 2903 1296 2973 quando
1317 2913 1438 2959 ortu
1460 2920 1558 2960 suo
1587 2921 1801 2960 sursum

193 2994 513 3048 ascendens
560 2993 750 3065 incipit
790 3002 966 3052 terras
1012 2994 1340 3051 illuminare.
1393 2995 1500 3052 Sed
1528 2997 1802 3067 quomodo

194 3098 333 3143 cum
378 3084 470 3140 his
506 3085 679 3141 tribus
719 3095 986 3159 congruat
1013 3087 1323 3155 Mattbteus,
1354 3089 1422 3143 de
1453 3089 1665 3163 1202
1694 3106 1802 3161 quo

194 3189 357 3232 nunc
380 3174 635 3242 dicimus,
665 3177 756 3248 qui
782 3192 882 3235 nec
909 3193 1067 3234 mane
1093 3179 1266 3244 valde,
1296 3194 1398 3235 nec
1422 3180 1674 3245 diluculo,
1703 3195 1803 3237 nec

198 3283 366 3322 mane
392 3284 514 3322 cum
550 3269 724 3323 adimo
759 3270 984 3326 tenebrae
1008 3282 1199 3337 essent,
1237 3272 1331 3328 sed
1356 3288 1561 3343 vespere
1582 3273 1803 3329 Sabbati

194 3374 324 3431 quc
351 3358 568 3415 lucescit
592 3361 646 3416 in
666 3362 837 3432 prima
865 3360 1106 3429 Sabbati,
1134 3363 1260 3420 licet
1275 3364 1389 3436 jam
1419 3380 1487 3420 ex
1515 3365 1619 3421 hoc
1649 3364 1802 3435 plura

196 3445 445 3505 dixerim
474 3452 891 3521 perquirendum
920 3463 1023 3511 est.
1056 3454 1215 3523 Quia,
1244 3464 1304 3510 ut
1325 3456 1459 3522 dixi,
1489 3456 1664 3526 prima
1699 3472 1800 3512 no-

196 3541 312 3598 ctis
343 3555 477 3613 pars
502 3555 695 3614 vesper
724 3556 830 3612 est,
861 3555 918 3602 et
940 3564 1039 3619 per
1067 3548 1208 3604 hanc
1237 3558 1464 3619 partem,
1501 3558 1670 3605 totam
1706 3564 1803 3605 no-

194 3641 353 3689 ctem
376 3633 552 3690 voluit
580 3636 920 3706 signiﬁcare;
965 3639 1021 3695 in
1050 3640 1204 3711 cujus
1234 3641 1412 3696 noctis
1441 3638 1571 3707 line,
1598 3641 1690 3711 qui
1718 3650 1804 3698 est

196 3722 531 3791 diluculum,
581 3726 664 3782 vel
708 3742 867 3784 mane
916 3744 1040 3785 cum
1089 3731 1269 3785 adhuc
1318 3730 1553 3786 tenebrae
1596 3740 1801 3799 essent,

196 3823 478 3871 venerunt
524 3826 726 3874 sanctae
759 3819 1019 3876 mulieres
1066 3836 1190 3877 cum
1230 3822 1566 3878 aromatibus
1608 3824 1676 3877 ad
1710 3838 1799 3878 se-

192 3906 481 3979 pulcrum.
519 3907 626 3965 Sed
658 3908 945 3968 Matthtcus
987 3912 1132 3969 inter
1161 3922 1358 3969 czetera
1386 3927 1570 3967 rerum
1612 3928 1799 3969 sacra-

193 4008 418 4066 menta,
451 3990 574 4057 ideo
597 4016 824 4072 vespere
849 4003 982 4060 dicit
1006 4019 1100 4060 eas
1121 4004 1358 4071 venisse,
1383 4004 1512 4074 quia
1540 4020 1608 4060 ex
1642 4020 1709 4060 eo
1739 4004 1802 4060 li-

189 4093 370 4148 cebat
402 4092 520 4162 jam
556 4105 824 4163 aromata,
862 4112 983 4167 quae
1008 4098 1188 4153 minus
1214 4106 1543 4168 paraverant
1583 4098 1637 4152 in
1666 4096 1803 4153 Sab-

186 4185 355 4251 bato,
383 4193 657 4243 transacto
683 4187 790 4252 die,
820 4187 1053 4244 deferre.
1081 4188 1245 4244 Forte
1274 4198 1327 4245 et
1352 4189 1474 4245 ideo
1500 4190 1804 4245 nominavit

184 4291 510 4348 vesperam,
547 4286 607 4332 ut
634 4278 775 4334 banc
816 4278 1089 4335 licentiam
1120 4281 1468 4351 exprimeret.
1520 4279 1628 4336 Sed
1672 4295 1801 4336 cum

183 4370 265 4425 ait
284 4410 305 4436 ,
350 4385 472 4440 quin
509 4369 721 4425 lucescit
750 4372 806 4426 in
833 4375 1005 4442 prima
1029 4370 1268 4438 Sabbati,
1301 4372 1406 4427 tale
1434 4380 1519 4427 est
1547 4388 1612 4427 ac
1644 4373 1688 4427 si
1720 4373 1801 4428 di-

184 4471 310 4528 cat,
347 4476 511 4518 mane
542 4463 625 4518 vel
668 4462 908 4520 diluculo
946 4463 1164 4536 quando
1192 4463 1419 4521 lucescit
1459 4479 1565 4531 nox
1601 4463 1799 4535 prioris

183 4554 305 4612 diei
363 4553 421 4609 in
465 4554 641 4625 prima
673 4553 918 4624 Sabbati,
968 4572 1087 4611 cum
1129 4556 1303 4611 adhuc
1341 4556 1565 4612 tenebrae
1603 4566 1795 4625 essent,

181 4648 428 4722 quando
465 4648 759 4720 incipiebat
790 4648 907 4720 jam
952 4650 1074 4707 luce
1114 4650 1416 4717 terminari,
1449 4660 1507 4706 ut
1542 4653 1811 4733 transiret.

180 4759 305 4802 nox
342 4742 545 4814 prioris
570 4744 794 4801 Sabbati
837 4753 949 4801 tota
993 4744 1048 4799 in
1086 4746 1318 4816 primam
1357 4745 1603 4802 Sabbati.
1647 4744 1796 4813 Qua-

181 4846 429 4910 propter
454 4838 581 4909 quia
611 4853 641 4893 a
666 4852 891 4910 vespere
918 4848 1135 4895 noctem
1161 4839 1509 4912 signiﬁcavit,
1532 4849 1591 4895 et
1617 4841 1670 4895 in
1695 4841 1800 4896 hoc

177 4931 424 5003 eloquio
453 4930 620 4987 divini
651 4931 802 4988 verbi
838 4949 1040 4990 arcana
1060 4933 1156 4990 Dei
1184 4934 1540 4991 Sacramenta
1580 4949 1796 4990 resera-

178 5025 295 5091 vit,
347 5022 666 5080 admiranda
707 5033 791 5080 est
827 5024 996 5081 divini
1037 5024 1187 5081 verbi
1227 5025 1511 5097 sapientia,
1542 5034 1599 5080 et
1625 5025 1800 5081 virtus

178 5115 610 5189 intelligentia;
648 5119 898 5188 quamvis
932 5119 1022 5175 alii
1065 5120 1207 5175 hanc
1244 5120 1436 5175 horam
1478 5120 1795 5191 simplicius,

178 5225 296 5267 nec
335 5210 441 5265 sub
468 5212 703 5268 obscuro
732 5227 854 5267 eam
880 5212 1224 5283 protulerint.
1262 5211 1399 5280 Quia
1428 5216 1799 5284 unusquisque

173 5315 421 5367 eorum,
454 5317 563 5357 non
592 5302 698 5358 nisi
730 5303 889 5359 unius
920 5302 1178 5373 temporis
1206 5303 1395 5357 horam
1423 5301 1595 5357 voluit
1619 5304 1799 5372 expri-

172 5406 376 5459 mere,
402 5393 457 5448 id
481 5404 566 5449 est
595 5393 717 5465 plus
745 5393 885 5451 forte
910 5410 1074 5465 quam
1110 5395 1301 5451 media:
1326 5394 1521 5459 noctis,
1556 5393 1635 5448 vel
1677 5394 1793 5465 gal-

170 5486 381 5545 lorum
409 5494 626 5552 cantus,
656 5487 910 5558 spatium.
956 5486 1215 5555 Quamvis
1261 5486 1404 5542 enim
1453 5495 1566 5542 tres
1604 5500 1793 5541 eorum

172 5578 395 5643 ﬁnem,
442 5576 726 5634 Matthaaus
765 5594 895 5635 vero
938 5578 1110 5634 voluit
1157 5578 1399 5634 indicare
1445 5577 1790 5649 principium.

167 5671 362 5731 Unde
404 5670 738 5745 Hieronymo
785 5672 1001 5729 videtur
1056 5673 1201 5742 quod
1245 5670 1530 5727 Matthaaus
1568 5670 1794 5727 Hebrzeo

168 5779 460 5823 sermone
487 5764 838 5841 Evangelium
882 5765 1235 5824 conscribens
1277 5780 1383 5823 non
1434 5773 1542 5820 tam
1573 5780 1793 5836 vespere

1827 4506 1879 4568 D

1917 510 2068 564 verbi
2113 509 2464 581 ambiguitate
2512 509 2795 579 deceptum
2835 507 3021 573 fuisse,
3075 510 3201 579 quia
3232 524 3342 566 non
3386 526 3511 567 sero

1916 604 2308 673 interpretatus
2356 611 2470 667 est,
2521 601 2616 655 scd
2662 614 2910 669 vespere.
2970 598 3121 656 Solet
3167 617 3403 673 namque
3440 617 3512 660 ex

1915 693 2307 749 consuetudine
2356 692 2628 763 loquendi,
2661 701 2718 747 et
2750 708 2931 749 serum
2962 709 3068 749 non
3101 708 3386 765 vesperam
3434 695 3512 752 si-

1914 784 2197 856 gniﬁcare,
2226 785 2319 840 sed
2353 785 2523 840 tarde.
2563 783 2811 840 Solemus
2840 787 2985 840 enim
3013 786 3219 853 dicere,
3252 786 3392 843 Sero
3414 802 3508 844 ve-

1913 878 2067 945 nisti,
2092 893 2193 948 pro
2224 891 2289 933 eo
2318 877 2464 947 quod
2491 888 2579 933 est
2601 879 2784 943 tarde;
2817 886 3018 948 etquae
3046 878 3226 934 facere
3267 888 3393 935 ante
3420 879 3535 935 de-.

1912 969 2112 1026 bueras
2135 969 2220 1025 lac
2243 970 2435 1027 saltem
2460 986 2608 1036 sero,
2636 970 2688 1025 id
2714 979 2798 1027 est
2825 972 2997 1026 tarde.
3031 971 3089 1026 ln
3112 971 3311 1042 quibus
3337 962 3535 1029 θωπί-⁸

1912 1059 2035 1125 bus,
2067 1062 2316 1133 quamvis
2345 1063 2656 1118 uberrimus
2696 1063 2768 1118 sit
2796 1063 3156 1132 expositionis
3197 1063 3399 1128 exitus,
3430 1071 3511 1118 ta-

1911 1169 2037 1209 men
2065 1163 2253 1210 notum
2282 1163 2386 1220 est,
2413 1163 2471 1211 ut
2495 1154 2630 1221 dixi,
2658 1162 2713 1210 et
2753 1154 3071 1210 admirabile
3119 1155 3375 1226 loquendi
3409 1169 3508 1226 ge-

1911 1259 2036 1310 nus,
2062 1245 2115 1299 in
2142 1261 2248 1316 quo
2274 1254 2329 1300 et
2356 1247 2597 1302 historia:
2619 1255 2869 1302 servatur
2890 1247 3114 1312 veritas,
3140 1257 3194 1303 et
3210 1247 3507 1314 ineffabile,

1910 1345 1973 1391 ut
2011 1336 2085 1391 ita
2120 1338 2318 1401 dicam,
2355 1339 2689 1393 construitur
2733 1344 3155 1394 sacramentum.
3190 1338 3246 1392 In
3296 1348 3509 1393 tantum

1911 1437 1973 1483 ut
2015 1429 2128 1498 ipsa
2158 1429 2423 1486 Latinitas
2458 1432 2712 1487 videatur
2753 1448 2875 1488 esse
2924 1441 3212 1503 corrupta,
3251 1446 3374 1486 cum
3405 1432 3505 1497 ait,

1909 1533 2136 1587 vespere
2167 1536 2287 1590 quae
2314 1522 2570 1588 lucescit;
2602 1522 2747 1592 quod
2780 1534 2836 1576 et
2880 1522 2933 1577 in
2960 1521 3151 1578 Graeco
3186 1522 3288 1577 sub
3312 1523 3506 1577 eodem

1908 1607 2170 1665 feminino
2214 1627 2412 1681 genere
2457 1614 2738 1678 scribitur,
2780 1613 2909 1669 licet
2957 1613 3245 1685 cujuslibet
3288 1614 3506 1684 generis

1910 1703 2051 1772 apud
2075 1702 2299 1759 Latinos
2330 1719 2524 1774 vesper
2551 1721 2674 1760 esse
2703 1706 2938 1761 dicatur.
2971 1706 3237 1773 Quoniam
3272 1707 3326 1760 in
3356 1706 3504 1762 nullo

1834 1781 1880 1842 Β
1908 1800 2057 1846 recte
2099 1791 2352 1863 loquendi
2398 1810 2570 1865 genus
2604 1797 2994 1866 corrumpitur,
3030 1796 3336 1865 ubicunque
3366 1796 3506 1852 divi-

1907 1882 1993 1938 nis
2021 1884 2223 1955 regulis
2251 1886 2437 1940 divina
2474 1888 2735 1957 mysteria
2773 1886 3095 1943 inellzibilius
3122 1889 3506 1944 commendan-

1909 1979 2015 2027 tur.
2051 1974 2317 2040 Quouiam
2340 1976 2443 2030 etsi
2475 1977 2656 2031 nullus
2677 1978 2814 2033 alius
2845 1978 3097 2049 loquendi
3116 1989 3261 2035 esset
3290 1982 3501 2047 modus,

1906 2078 2014 2133 quo
2050 2065 2440 2137 intelligeretur
2479 2069 2690 2140 1203
2720 2068 2833 2124 hare
2879 2070 3099 2137 locutio,
3134 2071 3501 2141 potuissemus

1905 2159 2087 2214 dicere
2140 2162 2285 2231 quod
2333 2178 2560 2233 vespere
2597 2162 2819 2217 Sabbati
2863 2172 3045 2229 esset,
3088 2179 3197 2219 non
3248 2179 3505 2235 vespera-

1908 2263 2095 2306 scente
2138 2253 2249 2319 die,
2297 2254 2391 2309 sed
2438 2264 2595 2309 nocte
2632 2254 2768 2323 jam,
2803 2264 2859 2310 ut
2907 2256 2980 2310 ita
3028 2257 3202 2311 dicam
3248 2271 3501 2329 vespera-

1905 2351 2110 2408 scente,
2147 2344 2199 2399 id
2231 2355 2315 2400 est
2351 2342 2465 2413 jam
2496 2345 2719 2401 ﬁniente
2746 2357 2923 2402 nocte.
2985 2347 3136 2402 Venit
3171 2346 3345 2401 Maria
3383 2346 3502 2402 Ma-

1904 2434 2129 2505 gdalena
2156 2446 2204 2489 et
2235 2435 2403 2489 altera
2430 2435 2627 2490 Maria.
2661 2437 2800 2504 Alia,
2833 2448 2891 2492 ut
2920 2439 3143 2509 quidam
3169 2440 3378 2505 dicunt,
3404 2438 3502 2496 sed

1906 2523 2065 2595 ipsa;
2110 2524 2214 2579 alia
2263 2525 2319 2581 in
2344 2540 2575 2596 persona
2616 2535 2671 2581 et
2699 2528 3115 2598 signiﬁcatione,
3145 2530 3239 2585 sed
3290 2531 3405 2600 ipsa
3442 2530 3500 2584 in

1905 2617 2124 2672 nomine
2147 2626 2201 2671 et
2254 2619 2493 2674 novitate
2523 2618 2835 2675 voluntatis.
2866 2620 3039 2689 Quam
3084 2622 3249 2677 aliam
3276 2622 3498 2693 quidam

1905 2720 2136 2766 matrem
2164 2710 2379 2766 Domini
2408 2713 2748 2769 existimant.
2800 2715 2906 2769 Sed
2941 2731 3045 2772 non
3080 2725 3209 2787 puto
3238 2731 3358 2787 quae
3385 2725 3502 2771 tan-

1905 2800 1975 2856 tis
2006 2800 2201 2857 all‘ecta
2228 2812 2348 2858 erat
2379 2804 2546 2859 animi
2594 2806 2960 2876 passionibus,
2997 2809 3162 2863 tantis
3188 2809 3501 2864 excruciata

1905 2890 2211 2959 doloribus,
2245 2896 2413 2952 utsic
2442 2898 2644 2966 passim
2692 2899 3059 2965 discurreret,
3099 2916 3263 2971 quam
3304 2902 3371 2957 ab
3411 2901 3499 2957 illa

1904 2984 2037 3041 liora
2076 2988 2224 3043 vocis
2251 2988 2544 3046 Dominica:
2590 2992 2890 3063 discipulus
2936 2995 3177 3065 suscepit
3218 2995 3272 3050 in
3319 3011 3497 3051 suam.

1906 3075 1976 3133 Et
2018 3081 2338 3147 notandum,
2382 3082 2509 3151 quia
2555 3097 2661 3137 non
2708 3084 2784 3139 ait
2824 3084 3164 3157 Evangelista
3215 3095 3499 3153 venerunt,

1830 3143 1876 3208 C
1906 3169 2003 3225 sed
2024 3172 2180 3225 venit.
2210 3172 2347 3240 Quia
2375 3173 2478 3228 sub
2504 3189 2613 3229 uno
2641 3176 2860 3231 nomine
2888 3176 3113 3231 veniunt
3134 3177 3273 3242 dum,
3302 3187 3503 3250 myste-

1906 3267 2012 3333 rio,
2042 3282 2150 3323 non
2176 3283 2328 3336 casn,
2360 3269 2488 3339 quia
2523 3269 2643 3325 duze
2664 3269 2731 3324 ad
2762 3269 3038 3326 Christum
3068 3280 3310 3327 ventura:
3344 3282 3504 3341 erant

1905 3358 2189 3426 ecclesia);
2235 3360 2357 3416 dua:
2403 3362 2658 3432 quidem,
2713 3362 2841 3432 quia
2890 3377 2958 3417 ex
3006 3362 3217 3418 duobus
3266 3364 3497 3433 pupulis,

1904 3454 2030 3523 quia
2059 3469 2164 3508 una
2206 3463 2290 3509 est
2314 3453 2579 3521 Ecclesia,
2625 3470 2844 3524 unaque
2889 3454 3140 3509 columba
3179 3455 3274 3509 Dei
3323 3456 3499 3510 electa

1903 3546 2181 3616 genitricis
2206 3562 2336 3602 suae.
2363 3547 2572 3604 Idcirco
2601 3556 2752 3604 recte
2778 3547 3009 3603 dicimus
3031 3548 3158 3617 quia
3187 3547 3300 3617 ipsa
3329 3558 3413 3603 est
3443 3548 3499 3601 in

1904 3638 2142 3706 nomine,
2169 3640 2262 3696 sed
2295 3639 2463 3696 altera
2501 3640 2555 3695 in
2591 3639 2771 3710 prole;
2823 3638 2995 3694 altera
3034 3638 3253 3708 quidem
3282 3653 3347 3694 ex
3376 3654 3501 3709 pro-

1903 3732 2077 3802 sapia,
2123 3732 2218 3788 sed
2250 3732 2365 3803 ipsa
2416 3732 2471 3786 in
2502 3740 2847 3788 sacramento
2891 3731 3264 3802 sponsalitatis
3306 3740 3361 3785 et
3403 3746 3505 3785 no«

1904 3825 2069 3881 mine.
2120 3825 2291 3881 Porro
2316 3825 2384 3881 de
2411 3824 2577 3880 Maria
2608 3824 2925 3895 Magdalene
2958 3823 3105 3879 nulla
3135 3832 3220 3879 est
3248 3823 3499 3883 obscuri-

1904 3924 2010 3982 tas,
2042 3915 2239 3986 quibus
2279 3915 2429 3971 boris
2478 3915 2691 3971 dicatur
2714 3914 2928 3970 venisse
2956 3913 3022 3967 ad
3060 3921 3497 3977 monumentum,

1902 4023 2025 4079 quae
2074 4008 2225 4078 prius
2268 4007 2405 4062 vidit
2450 4014 2820 4077 resurgentem
2852 4005 3163 4069 Dominum,
3211 4013 3268 4059 et
3312 4014 3502 4076 postea

1902 4101 1970 4156 ad
2015 4109 2424 4156 monumentum
2469 4098 2600 4154 ﬂere
2640 4098 2894 4155 refertur.
2926 4097 3063 4165 Quia
3091 4106 3147 4153 et
3174 4098 3326 4168 prius
3359 4098 3498 4163 sola,

1904 4193 2098 4249 deinde
2123 4208 2247 4247 cum
2278 4191 2465 4254 altera,
2501 4191 2614 4247 sive
2650 4200 2705 4246 et
2733 4205 2856 4245 cum
2888 4188 3030 4253 aliis,
3081 4203 3292 4244 memor
3330 4189 3496 4244 benc-

1903 4283 2149 4339 ﬂciorum
2186 4282 2302 4348 Dei,
2329 4297 2450 4353 qua:
2479 4281 2532 4336 in
2563 4295 2623 4336 se
2655 4280 2916 4336 Dominus
2951 4279 3278 4346 contulerat,
3311 4279 3380 4332 ad
3411 4292 3498 4333 se-

1902 4374 2152 4445 pulcrum
2191 4370 2308 4441 ejus
2356 4371 2672 4443 frequenter
2714 4370 2992 4436 currebat,
3020 4379 3077 4425 et
3106 4380 3164 4424 ut
3190 4369 3266 4424 ita
3294 4369 3495 4437 dicam,

1903 4467 2165 4523 irremota
2195 4465 2387 4522 ciliciis
2422 4473 2565 4530 erat,
2593 4479 2754 4534 quem
2785 4478 2933 4518 nunc
2965 4463 3158 4519 adorat
3186 4462 3498 4519 discurrens

1904 4572 1960 4619 et
2003 4564 2192 4629 videt,
2238 4562 2432 4619 deinde
2473 4577 2585 4632 prae
2636 4562 2805 4616 nimio
2852 4576 3040 4619 amore
3086 4561 3284 4627 deﬂet,
3333 4576 3496 4632 quem

1905 4654 2102 4722 quaerit
2140 4654 2419 4709 absentem
2448 4661 2503 4707 et
2529 4651 2723 4723 plorat.
2769 4651 2924 4720 Quod
2964 4661 3145 4708 autem
3171 4652 3327 4713 dicit,
3367 4652 3495 4721 quia

1904 4754 2174 4801 venerunt
2220 4744 2394 4799 videre
2436 4742 2768 4813 sepulcrum,
2824 4743 3140 4813 magnitudo
3187 4742 3496 4799 dilectionis

1905 4834 2226 4891 ostenditur.
2260 4834 2432 4901 Quem
2469 4834 2596 4904 quia
2649 4833 2834 4888 videre
2882 4849 2988 4888 non
3035 4841 3309 4904 poterant,
3342 4833 3498 4888 arde-

1906 4926 2039 4982 bant
2088 4939 2275 4980 amore
2322 4923 2631 4989 cliaritatis,
2674 4923 2721 4978 si
2751 4923 2835 4979 vel
2863 4924 3169 4994 sepulcrum
3216 4923 3353 4994 ejus,
3386 4938 3494 4994 quo

1908 5019 2118 5091 positus
2150 5017 2346 5083 lueret,
2377 5016 2562 5073 videre
2592 5024 2829 5088 possent.
2870 5014 3278 5080 Verumtamen,
3304 5030 3493 5070 earum

1906 5112 2202 5174 adventus,
2250 5124 2358 5165 non
2407 5109 2523 5165 sine
2570 5124 2759 5175 causa,
2806 5109 2874 5162 ad
2917 5116 3324 5164 monumentum
3369 5107 3490 5168 luit,

1905 5203 1997 5274 qui
2040 5206 2109 5259 ab
2147 5202 2254 5258 alio
2281 5201 2615 5273 evangelista
2665 5202 2875 5273 plenius
2921 5199 3179 5266 refertur,
3220 5214 3344 5255 cum
3392 5200 3490 5260 ait,

1904 5298 2049 5370 quod
2098 5314 2218 5351 cum
2252 5297 2576 5351 aromatibus
2626 5301 2908 5351 venerunt.
2956 5292 3073 5349 Non
3115 5292 3260 5348 enim
3307 5307 3491 5347 vacua:

1902 5391 2149 5455 veniunt,
2195 5390 2289 5446 sed
2356 5390 2527 5459 plcnze
2570 5389 2747 5444 ollicio
2796 5387 3081 5443 charitatis
3129 5396 3185 5443 et
3226 5385 3489 5441 virtutum

1902 5481 2291 5537 odoramentis.

1975 5572 2044 5627 Et
2072 5589 2188 5628 ecce
2227 5581 2553 5626 terrwmotus
2592 5572 2765 5641 factus
2801 5589 3039 5643 magnus.
3075 5569 3305 5642 Angelus
3346 5570 3487 5625 enim

1904 5663 2117 5720 Domini
2151 5663 2417 5718 descendit
2452 5663 2518 5717 de
2543 5661 2688 5727 cwlo,
2717 5675 2763 5717 el
2792 5665 3042 5718 accedens
3083 5660 3295 5716 revolvit
3341 5659 3484 5729 lapi-

1902 5760 2020 5816 dem
2062 5759 2127 5814 ab
2176 5759 2308 5814 ostio
2363 5758 2732 5825 monumenti,
2792 5768 2838 5812 et
2886 5756 3090 5812 sedebat
3131 5770 3289 5825 super
3340 5768 3481 5807 eum.
