4048 6352
603 304 705 366 979

1404 305 1460 363 S.
1502 305 1856 362 PASCHASII
1898 308 2244 363 BADBEBTI
2284 307 2572 362 ABBATIS
2614 306 3065 364 CORBEIENSIS

3764 313 3859 372 θα,

601 416 847 471 Tremuit
874 431 1002 486 ergo
1049 424 1212 484 terra,
1263 433 1369 474 non
1400 421 1527 489 quia
1559 421 1783 493 angelus
1812 422 2091 479 descendit
2122 424 2188 479 de
2215 427 2263 486 Α
2292 423 2585 479 derivatur.
2616 424 2692 478 Tu
2714 442 2789 491 es,
2814 426 3005 495 inquit,
3040 424 3250 493 Petrus,
3272 436 3321 481 et
3342 443 3501 498 super
3523 428 3661 483 harae
3674 440 3857 499 petram

597 506 758 572 ccelo,
782 507 874 563 sed
900 509 1025 577 quia
1050 507 1118 563 ab
1138 508 1327 567 inferis
1353 512 1660 569 dominator
1685 517 1989 572 reascendit
2005 517 2186 573 Domi-

598 612 723 654 nus.
748 596 815 652 Et
840 597 961 654 ideo
982 606 1309 657 terrwmotus
1321 602 1491 673 factus
1511 615 1586 661 est
1610 622 1862 678 magnus;
1885 623 1984 664 nec
2006 608 2185 665 minor

598 694 728 755 puto
756 701 920 757 quam
958 686 1080 755 fuit,
1111 692 1327 761 quando
1362 692 1544 749 emisit
1577 696 1845 765 Spiritum,
1875 698 2001 767 quia
2031 707 2181 754 uter-

597 792 704 847 que
724 788 903 834 motus
925 788 1085 837 terra:
1096 797 1226 839 vere
1247 784 1489 841 insuetus
1517 786 1637 854 fuit,
1655 794 1870 859 quando
1886 806 2093 861 magna
2118 806 2184 847 ac

597 869 780 941 plures
802 871 947 929 Asiae
967 874 1218 932 civitates
1250 879 1524 934 corruisse
1555 880 1822 951 leguntur.
1856 882 1964 938 Nec
1991 885 2182 941 imme-

597 962 738 1029 rito,
773 965 901 1034 quia
932 965 1207 1023 dissiliunt
1238 970 1346 1024 ima
1374 980 1664 1039 terrarum,
1701 974 1914 1048 1205.
1942 990 2183 1032 commo-

598 1064 756 1111 vetur
781 1058 966 1122 chaos,
1000 1069 1054 1114 et
1078 1063 1397 1130 quatiuntur
1435 1064 1782 1122 fundamenta
1819 1069 1968 1123 orbis
2004 1078 2178 1125 terra—

596 1162 739 1201 rum.
781 1147 920 1216 Quid
973 1150 1138 1221 igitur
1183 1153 1382 1208 miruni
1412 1155 1458 1209 si
1496 1155 1638 1210 ultra
1672 1156 1809 1211 fines
1840 1156 2059 1226 Judazm,
2097 1160 2182 1215 in-

596 1249 853 1296 consueto
896 1250 1037 1297 terra
1086 1246 1329 1310 tremuit,
1370 1255 1426 1301 et
1461 1249 1699 1317 pondera
1742 1259 2030 1305 moventur
2058 1266 2180 1323 gra—

596 1331 774 1397 viora,
813 1348 938 1389 eum
987 1335 1249 1392 Dominus
1285 1338 1450 1394 totius
1496 1340 1645 1394 orbis
1680 1341 1961 1397 descendit
1997 1350 2053 1398 et
2087 1358 2178 1400 re-

558 1474 561 1477 .
597 1426 843 1481 ascendit
871 1428 939 1482 ab
958 1428 1163 1485 inferis.
1193 1430 1420 1500 Quando
1440 1435 1621 1489 omnia
1652 1436 1981 1506 mortisjura
2007 1437 2181 1494 fracta

597 1519 911 1586 creduntur,
942 1530 997 1577 et
1026 1532 1192 1593 porta:
1221 1524 1519 1580 inferorum
1549 1525 1825 1583 dissolutis
1852 1529 2058 1586 viribus
2089 1546 2177 1586 re-

596 1617 877 1675 serantur;
913 1627 1034 1681 qua:
1060 1615 1239 1669 omnia
1267 1615 1372 1671 nisi
1402 1616 1455 1671 in
1497 1618 1619 1672 imis
1647 1627 1853 1684 essent,
1882 1636 1989 1675 non
2016 1622 2180 1676 credo

597 1700 742 1768 quod
775 1710 942 1768 terra,
972 1721 1093 1776 qua:
1132 1707 1385 1763 deorsum
1411 1718 1467 1764 et
1496 1726 1661 1780 super
1682 1711 1937 1784 abyssum
1964 1722 2064 1777 cst,
2098 1715 2178 1769 sic

2288 514 2559 582 a'diﬁcabo
2582 512 2875 570 Ecclesium
2902 533 3089 570 meam.
3118 515 3250 570 Erat
3281 526 3459 573 autem
3485 531 3722 587 aspectus
3754 521 3855 585 eius

2286 606 2420 658 sicut
2452 605 2652 676 fulgur,
2684 616 2733 660 et
2766 607 3067 662 vestimenta
3090 608 3207 678 ejus
3232 610 3366 663 sicut
3395 611 3489 664 nix
3510 608 3726 682 (Matth.
3754 627 3852 680 xvi,

2286 697 2397 765 i8).
2428 696 2485 752 In
2527 697 2737 769 fulgore
2765 700 2969 753 etenim
3002 708 3181 755 terror
3211 699 3402 769 judieii
3441 702 3768 775 designatur,
3806 700 3852 759 in

2283 791 2410 848 nive
2454 801 2631 847 autem
2675 791 3106 848 blandimentum
3164 794 3417 849 candoris
3466 801 3527 848 ut
3574 794 3855 851 demulceat

2284 884 2401 953 pios
2431 891 2484 937 et
2510 882 2771 953 percellat
2812 883 3027 953 impios.
3060 883 3205 941 Alias
3232 893 3414 941 autem
3455 885 3522 940 ad
3554 885 3727 956 angeli
3748 885 3847 956 glo-

2285 975 2424 1030 riam
2456 991 2561 1029 non
2592 973 2787 1029 sufﬁcit
2828 973 3031 1043 fulgur,
3073 990 3249 1045 neque
3287 975 3355 1029 ad
3400 974 3678 1031 cmleStem
3717 983 3851 1029 nata.

2285 1083 2401 1122 ram
2437 1067 2766 1122 conveniunt
2806 1068 3151 1122 vestimenta.
3198 1066 3307 1124 Sed
3337 1069 3440 1124 sub
3486 1068 3580 1123 tali
3614 1078 3850 1140 tantoque

2284 1158 2576 1229 splendore
2620 1157 2945 1229 praeferebat
2990 1174 3177 1214 coram
3232 1160 3407 1215 oculis
3452 1159 3703 1215 humanis
3747 1174 3850 1232 spe-

2289 1253 2427 1309 ciem
2453 1261 2655 1308 nostra:
2695 1254 3144 1319 resurrectionis,
3193 1262 3249 1309 et
3288 1253 3519 1308 formam
3569 1263 3725 1323 atque
3764 1254 3847 1309 ha-

2285 1345 2479 1409 bitum,
2509 1345 2563 1400 in
2603 1359 2712 1414 quo
2751 1345 2841 1415 qui
2884 1344 3250 1400 resurrecturi
3281 1352 3408 1399 sunt
3456 1360 3556 1415 per
3598 1344 3846 1399 Christum

2288 1434 2708 1490 transformandi
2746 1443 2872 1489 sunt
2923 1435 2977 1489 in
3031 1434 3279 1504 gloriam.
3347 1433 3502 1489 Unde
3568 1432 3843 1489 Dominus:

2290 1524 2454 1589 Tunc,
2483 1526 2677 1595 inquit,
2702 1526 2836 1596 justi
2862 1524 3152 1597 fulgebunt,
3190 1526 3326 1579 sicut
3369 1525 3449 1579 sol
3477 1526 3532 1580 in
3565 1525 3746 1580 virtute
3764 1541 3845 1578 sua

2288 1616 2505 1687 (Matth.
2545 1633 2664 1681 xm,
2701 1618 2814 1687 45).
2864 1616 2972 1673 Sed
3030 1617 3382 1686 quierendum
3424 1616 3557 1687 quid
3606 1624 3687 1671 est
3724 1616 3844 1687 quod

2287 1709 2501 1766 Marcus
2524 1712 2600 1765 ait
2627 1729 2639 1764 :
2672 1710 2741 1765 Et
2760 1712 3078 1766 introeuntes
3106 1710 3161 1763 in
3192 1721 3609 1775 monumentum,
3636 1709 3841 1765 viderunt

598 1794 926 1851 tremuisset.
960 1796 1077 1853 Non
1106 1798 1278 1855 solum
1305 1802 1494 1869 semel,
1523 1804 1617 1859 sed
1649 1815 1704 1860 et
1732 1808 1986 1860 secundo.
2018 1806 2074 1861 ld
2101 1816 2185 1863 est
2214 1806 2262 1866 B
2280 1801 2524 1872 juvenem
2546 1803 2809 1857 sedentem
2830 1803 2884 1857 in
2906 1803 3124 1867 dextris.
3147 1813 3445 1873 coopertum
3464 1800 3602 1855 εεοΙα
3624 1800 3841 1863 candida.

597 1888 855 1956 primum,
881 1892 1100 1959 quando
1127 1894 1472 1965 omnipotens
1499 1895 1655 1952 Jesus
1699 1899 1883 1953 emisit
1909 1900 2185 1969 spiritum,

595 1988 651 2033 et
679 1981 747 2035 ad
772 1982 986 2039 inferna
1018 1986 1315 2053 descendit,
1348 1989 1542 2045 deinde
1578 2007 1699 2046 cum
1725 1992 1961 2063 resurgit
1987 1992 2055 2047 ab
2080 1992 2186 2049 cis-

598 2072 719 2126 dem
748 2072 956 2143 inferis,
987 2086 1041 2132 et
1068 2082 1309 2149 captivos
1336 2097 1473 2151 quos
1503 2084 1761 2138 tenebant
1786 2082 2021 2139 claustra
2052 2084 2188 2141 infe-

597 2176 783 2218 rorum
826 2166 1000 2222 victor
1033 2184 1215 2225 secum
1255 2172 1378 2228 inde
1418 2176 1651 2230 reduxit.
1685 2175 1891 2231 Idcirco
1917 2193 2023 2233 non
2058 2187 2184 2234 sunt

597 2255 855 2313 audiendi
894 2260 987 2329 qui
1018 2261 1225 2330 dicunt,
1271 2263 1467 2319 alicubi
1520 2265 1728 2321 inferna
1758 2284 1918 2337 quam
1962 2269 2015 2323 in
2062 2269 2185 2325 imis

595 2354 866 2404 terrarum
895 2367 1035 2408 esse.
1068 2353 1205 2421 Quia
1232 2356 1277 2411 si
1304 2355 1500 2415 alioubi
1527 2367 1710 2413 essent
1738 2359 1853 2415 loca
1872 2360 1984 2426 illa,
2011 2361 2187 2416 Domi-

594 2452 724 2495 num
754 2443 821 2497 ad
853 2458 911 2499 se
938 2446 1242 2501 venientem
1271 2450 1456 2518 utique
1499 2450 1815 2517 sensissent,
1849 2452 1992 2506 sicut
2038 2461 2183 2507 terra

592 2535 880 2600 praesensit
907 2550 970 2592 ac
998 2540 1236 2605 tremuit,
1278 2539 1497 2609 quando
1525 2539 1777 2597 Christus
1825 2544 2079 2599 occubuit
2125 2544 2183 2599 in

595 2634 852 2694 mortem,
883 2636 938 2682 et
964 2631 1181 2700 quando
1207 2633 1275 2687 ab
1305 2648 1369 2689 ea
1396 2634 1572 2689 victor
1600 2636 1867 2690 ascendit.
1926 2635 2034 2691 Nec
2081 2636 2183 2692 mi-

595 2729 714 2769 rum
744 2717 792 2772 si
817 2721 1112 2791 corripitur
1142 2731 1401 2790 tartarus,
1446 2724 1746 2781 disciscunt
1790 2726 2020 2797 inferna,
2054 2742 2181 2782 cum

594 2809 662 2861 ad
698 2823 762 2863 ea
792 2808 1041 2868 Christus
1069 2831 1241 2886 usque
1267 2817 1528 2873 excurrit.
1575 2818 1860 2873 Addicitur
1886 2834 2033 2891 mors
2060 2834 2180 2890 qua:

594 2914 718 2954 reos
748 2903 966 2958 tenebat
998 2921 1122 2961 cum
1160 2907 1391 2963 incurrit
1429 2908 1484 2963 in
1522 2907 1802 2976 Iudicem;
1839 2918 1894 2964 et
1924 2910 2049 2979 quia
2082 2923 2181 2964 sa:—

576 2990 745 3047 .viens
783 2993 836 3047 in
861 2994 1105 3052 homines
1132 3000 1361 3066 exarsit,
1390 3009 1446 3054 et
1472 3000 1720 3071 prosiluit
1748 3002 1802 3055 in
1829 3001 2021 3066 Deum,
2059 3017 2179 3057 me,

594 3081 701 3136 rito
728 3092 935 3139 remota
962 3096 1083 3141 sunt
1103 3086 1226 3155 jura
1262 3099 1613 3147 tartarorum.
1662 3085 1907 3147 Potestas
1932 3092 2179 3147 aufertur

2288 1905 2337 1949 et
2374 1895 2748 1965 obstupuerunt
2777 1894 2971 1965 (Marc.
3002 1911 3115 1960 xvr,
3148 1893 3227 1963 5).
3262 1894 3319 1949 Si
3345 1894 3491 1950 enim
3520 1892 3736 1965 angelus
3760 1893 3846 1948 iste

2289 2002 2455 2057 super
2486 1984 2715 2055 lapidem
2746 1983 2880 2040 foris
2909 1984 3154 2049 sedebat,
3180 1983 3309 2054 quid
3336 1993 3421 2039 est
3452 1983 3598 2054 quod
3625 1983 3716 2047 ait,
3741 1981 3847 2053 quia

2288 2079 2432 2133 intus
2485 2077 2822 2131 introeuntes
2865 2074 3119 2145 juvenem
3169 2074 3451 2129 sedentem
3505 2072 3722 2128 vident?
3751 2068 3851 2126 Nisi

2287 2169 2413 2239 quia
2448 2167 2585 2223 forte
2628 2168 2736 2223 duo
2777 2175 2905 2222 tunc
2943 2167 3046 2221 visi
3073 2175 3201 2221 sunt
3235 2165 3433 2235 angeli,
3484 2181 3626 2221 unus
3670 2164 3732 2220 de
3758 2176 3852 2234 quo

2288 2262 2573 2317 Matthaeus
2603 2261 2757 2327 dicit,
2794 2268 2848 2315 et
2871 2259 3085 2314 Marcus
3114 2257 3305 2324 tacuit,
3342 2257 3482 2313 alter
3514 2271 3647 2312 vero
3675 2257 3735 2312 de
3757 2269 3851 2325 quo

2286 2361 2475 2409 narrat
2503 2353 2731 2416 Marcus,
2768 2360 2823 2405 et
2851 2350 3134 2405 Mattliieus
3169 2357 3331 2415 tacet,
3364 2358 3423 2404 ut
3450 2349 3593 2404 duos
3616 2347 3850 2413 viderint,

2286 2457 2341 2503 et
2370 2463 2401 2501 a
2421 2447 2632 2502 duobus
2661 2445 2941 2515 sigillatim
2965 2443 3241 2500 audierint
3269 2457 3387 2512 qua‘
3406 2441 3686 2497 dixerunt.
3713 2440 3851 2496 Prius

2286 2540 2553 2611 siquidem
2583 2540 2871 2595 audierunt
2913 2538 2980 2593 ab
3022 2538 3115 2593 illo
3157 2536 3249 2607 qui
3284 2536 3417 2593 foris
3447 2537 3675 2592 sedebat
3712 2547 3855 2606 super

2284 2632 2539 2702 lapidem,
2590 2647 2752 2702 quem
2807 2630 3137 2693 cernebant,
3179 2629 3333 2700 cujus
3383 2626 3632 2699 profecto
3670 2626 3848 2692 verbis,

2284 2728 2437 2797 prius
2462 2727 2761 2781 exhortatae
2788 2734 2937 2790 sunt,
2962 2725 3091 2795 quia
3120 2724 3333 2779 dixerat
3358 2724 3439 2780 eis
3470 2742 3483 2778 :
3518 2721 3703 2778 Venite
3727 2730 3771 2777 et
3791 2720 3852 2775 vi-

2285 2819 2399 2872 dete
2423 2817 2593 2872 locum
2626 2817 2714 2872 ubi
2754 2819 2950 2889 positus
2987 2827 3100 2872 erat
3129 2815 3409 2872 Dominus.
3434 2816 3554 2884 Quo
3595 2816 3851 2872 venientes

2284 2916 2339 2962 et
2387 2909 2676 2976 intrantes,
2724 2911 2980 2965 viderunt
3026 2909 3279 2981 juvenem
3326 2911 3379 2963 in
3412 2909 3623 2965 dextris
3653 2909 3721 2963 de
3762 2920 3851 2979 quo

2284 3001 2498 3058 Marcus
2528 3013 2737 3067 narrat,
2790 3011 2846 3058 et
2887 3002 3172 3057 Mattlueus
3203 3009 3364 3056 tacet.
3393 2999 3437 3054 A
3467 3016 3577 3071 quo
3623 3015 3758 3071 pene
3792 2997 3849 3081 si!

2284 3095 2433 3149 milia
2457 3095 2746 3150 audierunt
2773 3113 2783 3148 :
2809 3093 2987 3149 Nolite
3026 3108 3385 3164 expavescere,
3416 3091 3603 3147 Iesum
3636 3088 3848 3161 qua’ritis

593 3189 717 3229 cum
761 3176 831 3231 ab
873 3176 1061 3235 inferis
1108 3182 1307 3236 mortui
1354 3183 1705 3238 suscitantur.
1765 3183 1994 3252 Angelus
2041 3177 2252 3243 enimC
2288 3185 2662 3253 Nazarenam,
2725 3202 2818 3242 seu
2875 3194 3090 3241 caztera.
3147 3183 3318 3252 Quem
3382 3184 3568 3253 itaque
3623 3179 3848 3252 angelum

592 3262 807 3322 Domini
848 3269 1112 3325 descendit
1155 3274 1219 3328 de
1247 3274 1393 3340 creto,
1431 3275 1539 3331 imo
1566 3277 1762 3347 angeli.
1795 3276 1912 3332 Non
1942 3287 1999 3333 ut
2029 3293 2180 3333 resu-

596 3358 791 3421 scitent
816 3360 1128 3445 Dominum,
1172 3367 1266 3421 sed
1291 3375 1352 3422 ut
1398 3370 1723 3425 annuntient
1762 3385 1885 3425 eum
1939 3384 2181 3426 resurre-

493 3532 501 3539 .
594 3449 741 3505 xisse
782 3468 813 3506 a
840 3456 1091 3521 mortuis,
1139 3466 1194 3513 et
1232 3459 1520 3516 ostendant
1566 3461 1753 3525 nobis,
1791 3460 1918 3531 quia
1952 3460 2181 3516 terrenis

596 3545 864 3602 redditum
904 3558 987 3604 est
1015 3550 1127 3620 jam
1157 3552 1379 3609 caeleste
1401 3555 1808 3609 commercium.
1840 3554 1910 3609 Et
1932 3556 2181 3610 accedens

596 3638 809 3694 revolvit
842 3639 1091 3711 lapidem.
1122 3643 1190 3699 Et
1212 3660 1317 3701 non
1345 3646 1483 3701 dixit
1516 3647 1703 3712 volvit,
1737 3648 1832 3702 sed
1864 3646 2069 3702 revolvit
2103 3646 2182 3700 la-

591 3728 789 3797 pidem,
816 3732 907 3800 qui
932 3733 1218 3790 advolutus
1243 3736 1491 3809 probavit
1517 3746 1746 3794 mortem
1772 3737 2000 3804 Christi,
2028 3753 2182 3794 revo-

595 3818 739 3874 lutus
792 3836 923 3878 vero
985 3826 1194 3881 exstitit
1256 3837 1496 3885 assertor
1538 3845 1681 3885 verae
1741 3830 2179 3897 resurrectionis,

597 3927 719 3966 eum
747 3914 996 3971 exhibuit
1020 3933 1250 3975 vacuum
1295 3935 1723 3980 monumentum.
1766 3924 1882 3979 Non
1912 3924 2056 3979 enim
2085 3938 2182 3979 au-

595 4004 726 4057 ferri
755 4014 969 4075 poterat
998 4024 1156 4078 quem
1192 4020 1374 4070 tantus
1402 4015 1687 4073 claudebat
1717 4016 1875 4086 lapis,
1909 4031 2069 4087 quem
2106 4015 2181 4070 si-

585 4094 780 4165 .gillum
808 4100 1148 4171 obsignabat,
1180 4120 1339 4175 quem
1386 4107 1584 4162 milites
1628 4108 2030 4163 custodiebant.
2076 4105 2179 4173 Qui

594 4186 717 4243 ideo
745 4198 870 4246 ante
905 4193 1091 4251 oculos
1130 4198 1415 4253 mulierum
1466 4200 1785 4266 revolvitur,
1815 4209 1873 4254 ut
1908 4202 1987 4256 sic
2013 4202 2178 4257 corda

592 4297 692 4351 per
726 4282 884 4339 fidem
915 4289 1123 4359 aperiat
1168 4290 1485 4357 infidelium,
1526 4293 1796 4362 quomodo
1837 4293 2050 4362 aperuit
2093 4308 2180 4348 se-

590 4375 860 4445 pulcrum,
889 4388 945 4435 et
985 4385 1223 4439 ostendit
1260 4383 1371 4454 jam
1409 4401 1475 4441 ex
1506 4400 1589 4451 eo,
1623 4387 1740 4442 sine
1777 4386 1938 4442 ullius
1986 4385 2178 4441 fraude

592 4472 957 4528 resurrexisse
995 4475 1303 4532 Dominum.
1353 4476 1677 4534 Custodiunt
1723 4476 1899 4549 angeli
1948 4478 2174 4533 exuvias

589 4563 856 4631 corporis,
886 4573 943 4619 et
972 4577 1165 4637 rogant
1199 4570 1518 4625 mulieribus
1562 4586 1631 4624 ne
1679 4547 1923 4640 quierant
1953 4569 2065 4639 jam
2095 4569 2172 4623 vi-
2201 4547 2253 4607 Ῐ)

592 4661 826 4720 \entem,
859 4670 981 4711 cum
1012 4667 1245 4716 mortuo.
1277 4661 1345 4716 Et
1371 4663 1599 4727 sedebat,
1635 4663 1831 4734 inquit,
1855 4680 2011 4732 super
2035 4679 2170 4717 eum.

591 4745 724 4813 Quae
774 4763 935 4806 causa
980 4753 1171 4823 angelo
1215 4756 1435 4810 sedendi
1484 4755 1648 4811 erat?
1695 4754 1946 4826 Nunquid
1996 4755 2177 4826 aliqua

593 4852 769 4897 .nerat
793 4843 843 4898 ei
875 4844 1176 4901 lassitudo?
1201 4847 1363 4904 Forte
1401 4864 1469 4905 ex
1499 4850 1715 4915 itinere,
1743 4858 1837 4903 aut
1866 4848 2049 4902 labore
2080 4847 2177 4901 ali-

591 4948 717 5001 quo,
748 4932 1004 5006 fatigatus
1035 4947 1173 5005 erat,
1204 4948 1259 4995 et
1288 4940 1411 4996 ideo
1439 4942 1664 4997 sedebat
1692 4950 1751 4995 ut
1781 4940 2171 5011 requiesceret.

592 5024 709 5081 Non
756 5028 973 5097 utique,
1018 5032 1144 5100 quia
1176 5032 1319 5087 nulla
1355 5033 1405 5087 ei
1441 5034 1619 5088 inesse
1658 5041 1837 5103 potest
1885 5031 2170 5096 lassitudo,

591 5122 717 5191 quia
767 5122 1197 5197 incorruptibilis
1234 5139 1428 5183 natura
1466 5138 1567 5183 est.
1625 5129 1731 5182 Sed
1762 5127 1983 5183 sedebat
2018 5126 2175 5197 quasi

592 5214 714 5269 fidei
757 5226 1015 5285 assertor,
1045 5233 1100 5275 et
1128 5221 1318 5276 doctor
1352 5221 1767 5277 resurrectionis
1798 5221 2028 5276 Christi.
2075 5219 2175 5275 Se-

591 5303 754 5359 dcbat
778 5310 932 5377 quasi
961 5311 1224 5382 magister
1252 5310 1490 5367 caelestis
1520 5310 1719 5365 schola:
1750 5326 1912 5381 super
1939 5319 2172 5381 petram,

590 5406 648 5449 ut
679 5396 925 5454 soliditas
952 5402 1189 5457 sedentis
1215 5402 1427 5475 1205
1455 5403 1606 5458 daret
1654 5403 2014 5459 credendihus
2046 5403 2171 5458 fidei

592 5491 926 5548 firmitatem.
944 5493 1276 5551 Praedicabat
1284 5498 1394 5568 jam
1418 5498 1691 5552 Christum
1712 5512 1776 5552 ex
1800 5498 2039 5552 sessione
2051 5512 2167 5564 sua,

590 5597 697 5650 quo
718 5583 832 5653 ipse.
854 5585 1026 5642 victor
1047 5589 1370 5654 ascendens,
1393 5603 1643 5644 sessurus
1668 5589 1737 5643 sit
1758 5603 1916 5658 super
1934 5597 2168 5657 petram,

594 5673 646 5727 id
668 5683 752 5728 est
781 5691 946 5747 supra
975 5678 1302 5734 soliditatem
1342 5679 1487 5743 fidei,
1535 5695 1597 5734 ac
1626 5678 2051 5747 fundamentum
2070 5677 2172 5733 Ec-

593 5764 771 5823 clesize
801 5781 931 5841 suae,
962 5772 1107 5845 quod
1144 5787 1337 5829 nomen
1369 5788 1397 5826 a
1427 5781 1599 5846 petra,
1646 5787 1765 5846 quae
1787 5769 2036 5830 Christus
2063 5777 2168 5843 est,

2287 3280 2439 3349 prius
2488 3280 2674 3334 videre
2733 3294 2839 3333 non
2889 3285 3161 3348 poterant,
3206 3276 3333 3346 quia
3381 3275 3437 3329 in
3482 3273 3693 3329 dextris
3729 3273 3849 3327 intra

2284 3380 2437 3440 septa
2475 3368 2712 3439 sepulcri
2756 3369 3000 3435 sedebat,
3042 3369 3213 3424 donec
3244 3367 3312 3421 ab
3353 3365 3446 3422 illo
3477 3365 3649 3437 priori
3680 3360 3849 3434 angelo

2283 3464 2669 3535 benignissime
2709 3463 3009 3518 exhortata:
3032 3462 3390 3525 introierunt,
3432 3460 3500 3515 ab
3530 3457 3755 3514 Oriente
3778 3469 3848 3511 re-

2282 3555 2465 3610 voluto
2499 3554 2614 3625 jam
2658 3554 2833 3624 lapide
2883 3554 2936 3608 in
2978 3553 3197 3607 domum
3250 3551 3398 3606 illam
3432 3549 3743 3616 rotundam,
3770 3559 3850 3619 per

2284 3649 2483 3703 ostium
2520 3647 2879 3702 monumenti.
2914 3644 3013 3701 Ubi
3043 3645 3291 3714 protinus
3313 3643 3569 3700 viderunt
3595 3641 3847 3712 angelum,

2278 3737 2491 3794 scilicet
2533 3736 2790 3807 juvenem
2845 3735 3014 3802 illum,
3062 3736 3342 3791 sedentem
3394 3735 3461 3790 ad
3513 3734 3850 3789 meridianam

2281 3830 2495 3903 plagam
2524 3829 2667 3885 illius
2696 3829 2822 3893 loci,
2864 3829 2955 3883 ubi
2978 3827 3213 3899 positum
3267 3827 3445 3883 fuerat
3480 3841 3679 3897 corpus
3709 3823 3846 3887 Jesu;

2282 3924 2372 3979 hic
2399 3924 2542 3978 enim
2570 3922 2721 3979 locus
2750 3923 2802 3977 in
2830 3921 3035 3977 dextris
3056 3932 3192 3986 erat,
3232 3921 3360 3991 quia
3383 3920 3636 3975 nimirum
3669 3928 3849 3987 corpus

2281 4016 2408 4072 Jcsu
2434 4018 2576 4086 quod
2619 4017 2870 4087 supinum
2896 4015 3163 4085 jacuerat,
3197 4022 3362 4084 caput
3388 4012 3577 4069 habuit
3611 4013 3690 4067 ad
3718 4022 3847 4065 occa-

2284 4124 2424 4173 sum,
2448 4108 2590 4162 unde
2620 4108 2901 4162 dexteram
2931 4118 3150 4161 necesse
3173 4112 3257 4161 est
3280 4103 3586 4159 haberetad
3600 4108 3847 4161 austrum,

2282 4203 2339 4258 in
2373 4216 2479 4271 qua
2512 4199 2733 4256 dextera
2769 4199 2924 4269 juxta
2980 4197 3194 4268 1206
3238 4194 3564 4266 positionem
3595 4190 3704 4248 loci
3731 4195 3851 4245 recte

2282 4294 2474 4349 sedere
2496 4291 2718 4362 angelus
2749 4290 3089 4361 intelligitur.
3123 4289 3189 4343 Et
3230 4287 3351 4343 ideo
3377 4287 3596 4342 schema
3634 4277 3850 4355 sepulcri

2280 4385 2494 4441 Domini
2547 4400 2894 4456 cognoscere,
2946 4382 3099 4438 valde
3139 4380 3613 4452 pernecessarium
3663 4386 3759 4442 est,
3802 4378 3851 4427 nl

2282 4476 2917 4546 possimuscognoscere
2942 4482 2997 4528 ct
3041 4472 3279 4529 visiones
3316 4469 3594 4543 angelieas
3643 4463 3845 4541 plenius.

2282 4577 2337 4622 et
2382 4568 2838 4640 evangelistarum
2890 4566 3222 4622 dissonantia
3281 4564 3348 4620 ad
3401 4579 3569 4618 unam
3629 4560 3849 4629 redigere

2282 4662 2652 4725 concordiam,
2707 4669 2761 4714 et
2812 4657 3221 4731 intelligentiam
3268 4654 3566 4711 visionum.
3611 4651 3719 4708 Nec
3761 4658 3848 4702 non

2283 4756 2554 4828 quomodo
2589 4764 2644 4809 et
2674 4753 2970 4809 secundum
2999 4752 3224 4817 Lucam,
3264 4751 3532 4805 intrantes
3578 4749 3636 4805 in
3680 4756 3847 4803 monu-

2282 4854 2548 4913 mentum,
2592 4845 2726 4901 duos
2776 4844 2996 4916 angelos
3025 4851 3229 4899 stantes
3269 4842 3341 4897 ibi
3372 4849 3466 4896 aut
3508 4840 3759 4896 sedentes
3784 4835 3851 4888 iu-

2278 4938 2547 4995 veneriuts
2579 4936 2715 5004 Quia
2760 4936 2862 4990 nisi
2919 4935 3115 5007 positio
3155 4932 3389 5004 sepulcri
3438 4932 3492 4986 id
3521 4928 3850 4988 disterminat

2279 5040 2333 5087 et
2360 5030 2683 5101 distinguat,
2716 5029 2931 5085 videtur
2968 5043 3088 5083 esse
3143 5025 3478 5082 contrarium
3527 5023 3679 5094 quod
3704 5033 3847 5075 evan-

2278 5125 2480 5197 gelista:
2540 5124 2754 5178 variant
2808 5137 2909 5193 pro
2954 5122 3233 5193 mysterio.
3286 5117 3410 5173 Prw
3454 5119 3648 5173 timore
3697 5122 3849 5169 autem

2277 5218 2388 5284 eius
2410 5216 2642 5271 exterriti
2665 5224 2783 5270 sunt
2807 5215 3065 5277 custodes,
3096 5223 3143 5267 et
3172 5211 3296 5282 {acti
3320 5221 3442 5265 sunt
3467 5209 3633 5265 veluti
3654 5202 3846 5264 mortui.

2282 5309 2511 5365 Ministri
2554 5307 2824 5378 perfidim,
2876 5315 2931 5361 et
2975 5314 3326 5360 exsecutores
3387 5300 3586 5357 mortis
3637 5300 3849 5360 alietzte,

2279 5412 2557 5471 nequeunt
2610 5398 2835 5455 sullerrc
2886 5397 3127 5453 cmlcstia
3178 5396 3314 5459 visu,
3374 5409 3551 5463 neque
3620 5389 3849 5446 fiduciam

2280 5507 2493 5549 sumere
2522 5493 2587 5548 de
2624 5491 2894 5561 supernis.
2924 5489 2968 5546 Ο
2996 5505 3157 5560 quam
3186 5488 3370 5543 miseri
3403 5497 3551 5551 sunt,
3578 5501 3714 5557 quos
3742 5484 3851 5538 tunc

2279 5584 2510 5655 perculit
2538 5585 2701 5639 timor
2731 5583 2943 5646 mortis,
2970 5581 3184 5651 quando
3208 5580 3474 5635 securitas
3518 5572 3847 5634 credentibus

2280 5677 2490 5732 reddita
2527 5685 2611 5731 est
2659 5675 2803 5729 vitae.
2843 5673 3034 5728 Merito
3082 5673 3247 5743 igitur
3288 5671 3415 5741 quia
3471 5678 3702 5724 mortem
3750 5674 3849 5718 scra

2280 5769 2479 5829 vabant
2518 5767 3009 5843 ministri‘mortis,
3062 5780 3129 5824 ne
3171 5765 3379 5824 viveret
3418 5762 3549 5836 vita,
3596 5753 3846 5841 percussit
