4048 6352
245 305 338 363 98!

958 297 1319 356 EXPOSITIO
1358 300 1423 355 IN
1464 295 1905 354 MAT'I‘HASUM.
1945 327 2015 339 -—
2050 298 2177 356 LIB.
2209 302 2326 369 XII,
2369 305 2521 360 CAP.
2566 304 2804 363 XXVIII.

3416 309 3523 366 983

241 422 296 476 et
323 417 622 491 prostravit
666 414 837 487 angeli
892 414 1175 480 adventus,
1226 430 1289 469 ac
1330 414 1456 468 lacti
1515 422 1640 469 sunt
1681 413 1827 467 velut
1858 393 2229 472 AChristum.
2280 420 2385 473 Sed
2437 420 2565 488 quid
2614 422 2732 475 ait?
2777 420 2971 483 l'enitc,
3024 420 3213 490 inquit,
3266 433 3312 475 et
3357 423 3522 479 videte

242 511 465 566 mortui.
496 508 649 577 Quod
682 508 785 564 nisi
839 516 1045 573 essent,
1083 515 1145 562 ut
1172 507 1246 561 ita
1292 508 1490 573 dicam,
1537 506 1826 576 plusquam

239 607 463 671 mortui,
495 605 772 661 debuisset
799 617 893 659 eos
932 602 1173 657 excitare
1203 602 1270 656 ad
1298 601 1464 655 vitam
1500 599 1829 655 resurrectio

237 701 465 766 Christi,
490 707 545 754 et
568 698 710 753 visio
732 694 975 767 angelica
1031 694 1220 752 oculos
1282 709 1472 750 eorum
1512 692 1828 748 illuminare

238 792 607 847 utcredercnt
636 798 1030 860 resurgentem.
1086 787 1330 842 Vacuum
1373 798 1585 855 quoque
1634 800 1828 840 monu-

236 892 482 937 mentum
513 890 568 937 et
608 880 744 950 lapis
780 879 1057 935 revolutus
1102 876 1286 932 debuit
1324 877 1630 942 ostendere,
1680 875 1825 947 quod

228 976 344 1046 jam
377 975 632 1031 rediisset
672 972 738 1029 ad
782 974 951 1027 vitam
977 972 1088 1042 qui,
1116 971 1328 1041 signato
1365 969 1572 1040 lapide,
1607 984 1713 1025 non
1744 975 1830 1024 est

235 1062 570 1123 invcntusin
615 1074 985 1121 monumento.
1034 1063 1307 1118 Debuerat
1331 1062 1475 1117 enim
1507 1060 1828 1117 miraculum

231 1175 354 1215 esse
385 1159 454 1214 de
493 1157 658 1223 facto,
686 1159 751 1213 de
779 1156 1025 1227 exemplo
1053 1171 1177 1226 spes
1225 1155 1579 1223 rcsurgendi;
1625 1155 1691 1210 de
1745 1167 1829 1208 re-

228 1252 486 1307 versione
515 1249 714 1307 Christi
742 1249 809 1306 ad
838 1251 1005 1305 vitam
1046 1248 1279 1304 ﬁrmitas
1304 1248 1594 1314 credendi;
1640 1247 1707 1302 de
1749 1246 1828 1301 vi-

230 1342 385 1401 sione
421 1345 625 1415 angeli,
676 1345 849 1400 honor
899 1351 955 1397 ct
992 1342 1295 1412 triumphus
1342 1340 1600 1397 :estimari
1650 1355 1829 1396 resur-

230 1438 437 1509 gentis.
468 1435 623 1494 Unde
656 1436 783 1507 quia
813 1451 907 1495 eos
955 1442 1103 1490 tanta
1147 1433 1419 1489 dementia
1465 1441 1722 1503 ceperat,
1768 1438 1828 1485 ut

231 1529 283 1583 in
306 1528 460 1583 nullo
491 1527 652 1584 ﬁdem
684 1528 750 1583 de
771 1525 990 1583 Christo
1011 1535 1232 1597 possent
1262 1524 1522 1595 recipere,
1554 1524 1677 1593 jure
1695 1522 1825 1579 facti

227 1631 357 1678 sunt
382 1637 448 1678 ac
474 1621 696 1678 mortui.

298 1714 659 1785 Respondens
674 1724 851 1769 autem
869 1713 1085 1785 angelus
1112 1713 1245 1768 dixit
1266 1711 1573 1767 mulieribus
1599 1728 1617 1767 :
1647 1711 1825 1767 Nolite

1938 506 2109 562 locum
2134 511 2221 562 ubi
2254 511 2456 579 positus
2477 520 2588 566 erat
2615 511 2891 565 Dominus.
2931 510 3044 566 Non
3080 527 3280 584 corpus
3308 520 3520 569 tantum

1935 602 2077 671 quod
2102 611 2374 659 mortuum
2403 614 2506 671 est,
2535 606 2628 660 sed
2653 606 2742 659 ubi
2767 607 2975 676 positus
3002 616 3084 662 cst
3114 607 3393 675 Dominus,
3426 609 3519 680 qui

1932 695 2105 750 nescit
2141 697 2303 761 mori,
2361 696 2487 766 quia
2533 697 2794 752 Dominus
2848 696 3242 753 dominantium
3295 708 3410 764 eat,
3464 707 3522 754 et

1932 784 2315 841 immortaliter
2344 786 2496 841 vivit.
2530 785 2684 841 Unde
2710 787 2875 842 etiam
2920 797 2976 844 et
3014 789 3067 843 iu
3112 786 3370 860 Symbolo
3401 804 3520 844 cre-

1931 878 2060 933 dere
2089 877 2434 945 conﬁtemur,
2468 889 2516 933 et
2560 880 2616 933 in
2661 879 2943 934 Dominum
2990 879 3176 936 Iesum
3226 880 3515 937 Christum.

1933 971 2037 1038 Qui
2066 974 2207 1027 inter
2229 981 2421 1028 caetera
2452 989 2573 1044 qua:
2609 975 2720 1045 egit
2749 974 2914 1029 etiam
2943 986 3183 1030 mortuus
3206 986 3253 1031 et
3283 976 3518 1047 sepultus

1930 1075 2034 1121 est.
2067 1063 2132 1119 Et
2162 1065 2284 1121 ideo
2329 1080 2491 1135 quam
2521 1067 2660 1121 bene
2685 1068 2913 1139 angelus
2940 1069 3033 1137 qui
3077 1068 3354 1124 residebat
3385 1084 3447 1125 ac
3471 1069 3515 1124 si

1931 1157 2121 1211 doctor
2142 1158 2394 1229 egregius
2436 1160 2488 1213 in
2531 1160 2660 1215 sede
2683 1167 2900 1217 aeterna:
2927 1161 3238 1229 soliditatis,
3267 1178 3375 1218 non
3404 1162 3513 1218 ait:

1931 1249 2122 1306 Venite
2142 1259 2198 1305 et
2225 1251 2403 1307 videte
2433 1253 2523 1307 ubi
2558 1254 2794 1323 positum
2815 1264 2933 1310 erat
2972 1270 3204 1327 corpus;
3230 1257 3324 1313 sed
3370 1257 3515 1312 inte-

1930 1356 2044 1411 gre,
2071 1344 2200 1411 quia
2255 1345 2642 1401 indissolubilis
2670 1363 2811 1403 unus
2860 1356 2944 1404 est
2969 1348 3239 1416 Christus,
3281 1352 3446 1406 venite
3468 1360 3516 1406 et

1928 1432 2118 1500 uidete,
2149 1436 2235 1489 ubi
2297 1437 2497 1507 positus
2551 1448 2661 1492 erat
2700 1438 2978 1496 Dominus.
3030 1442 3370 1515 Quapropter
3422 1457 3517 1497 au-

1928 1524 2098 1591 diant,
2124 1527 2215 1596 qui
2243 1542 2367 1583 eum
2402 1530 2714 1585 rescindere
2760 1532 2967 1600 volunt,
3005 1541 3061 1588 et
3099 1534 3234 1589 duas
3268 1534 3323 1589 in
3350 1532 3513 1590 Chri-

1928 1626 2013 1672 sto
2034 1618 2380 1677 introducere
2420 1637 2707 1693 personas,
2753 1640 2917 1680 unam
2960 1626 3259 1681 secundum
3292 1640 3516 1681 carnem

1930 1709 2255 1780 adoptionis,
2306 1712 2534 1768 alteram
2560 1715 2858 1771 secundum
2883 1725 3135 1771 naturam
3162 1716 3516 1788 proprietatis

224 1800 409 1860 timere
436 1821 545 1873 vos,
572 1806 681 1860 scio
704 1807 841 1861 enim
888 1807 1029 1878 quod
1066 1804 1252 1860 Iesum
1295 1805 1383 1872 qui
1419 1804 1702 1873 cruciﬁxus
1750 1813 1825 1859 est
1854 1814 1902 1876 Β
1931 1802 2048 1868 Dei,
2079 1804 2224 1859 itaut
2246 1821 2385 1859 unus
2409 1807 2462 1861 in
2487 1822 2552 1863 eo
2573 1809 2784 1865 dicatur
2814 1811 3210 1881 nuncupativus
3240 1812 3330 1866 Dei
3349 1810 3517 1866 Filius

220 1899 487 1970 quwritis.
519 1899 871 1970 Respondere
922 1899 1077 1970 quasi
1117 1900 1184 1953 ad
1238 1898 1571 1967 interrogata
1623 1896 1824 1952 dicitur

221 1989 476 2063 angelus,
508 2005 633 2046 cum
659 1989 919 2046 mulieres
958 2002 1091 2045 voce
1137 1988 1273 2044 nihil
1317 1989 1673 2058 interrogant,
1726 1985 1823 2042 sed

221 2082 351 2152 quia
380 2080 451 2135 ad
469 2094 534 2136 ea
555 2096 678 2152 qua:
708 2081 854 2137 intus
909 2079 1238 2153 gerebantur
1258 2080 1314 2134 in
1373 2079 1558 2134 animo
1600 2076 1823 2149 angelus

218 2171 488 2243 loquitur,
515 2181 664 2228 recte
689 2187 753 2228 ac
782 2172 827 2229 si
849 2173 918 2229 ad
949 2171 1278 2243 interrogata
1308 2170 1638 2241 respondere
1685 2170 1823 2226 diei-

224 2275 342 2322 tur.
381 2265 701 2323 Cousolatur
749 2267 895 2323 enim
940 2280 1037 2323 cas
1078 2276 1135 2322 et
1178 2266 1359 2332 docet,
1385 2273 1439 2320 et
1483 2281 1553 2321 ne
1594 2265 1825 2320 timeant

216 2366 430 2415 monet.
462 2356 578 2414 Non
608 2372 702 2414 eos
731 2357 824 2429 qui
863 2357 1025 2413 corde
1064 2357 1284 2413 credulo
1316 2355 1628 2427 pratmortui
1668 2354 1822 2426 jace-

215 2453 377 2520 bant,
404 2453 514 2508 imo
545 2460 753 2508 terrore
779 2449 1033 2525 perculsi,
1064 2451 1159 2507 sed
1188 2465 1281 2506 eas
1309 2464 1445 2520 quas
1466 2447 1683 2504 devotio
1709 2455 1823 2502 tra-

215 2545 389 2601 hebat
422 2552 478 2600 et
509 2559 663 2600 amor
691 2544 794 2616 piae
828 2542 1151 2600 dilectionis.
1195 2541 1351 2599 Unde
1388 2541 1667 2610 signanter
1700 2540 1775 2594 ait
1804 2556 1818 2593 :

221 2636 416 2693 Nolite
461 2639 642 2693 timere
680 2654 785 2692 vos.
817 2638 895 2694 Ac
916 2638 962 2693 si
989 2637 1134 2693 dicat
1160 2655 1174 2691 :
1203 2635 1284 2691 Illi
1321 2635 1550 2691 timeant
1570 2635 1663 2705 qui
1710 2649 1819 2690 non

215 2740 433 2800 amant,
463 2749 568 2788 nec
597 2731 846 2799 credunt;
891 2748 986 2787 vos
1015 2747 1114 2788 cur
1157 2730 1561 2802 pertimescitis,
1590 2744 1710 2798 quae
1731 2742 1822 2783 ve-

215 2833 366 2882 stros
409 2823 606 2881 videtis
636 2824 930 2881 concives?
959 2824 1015 2878 ln
1059 2824 1164 2877 illis
1191 2823 1457 2893 siquidem
1508 2826 1821 2892 perseveret

212 2931 394 2987 pavor
420 2931 485 2971 ac
517 2924 695 2972 terror
713 2914 935 2986 judicii;
974 2915 1028 2969 in
1062 2916 1261 2985 quibus
1292 2912 1503 2984 1207
1535 2918 1822 2983 permanet

212 3009 453 3081 perﬁdia
481 3018 539 3065 et
580 3009 933 3065 incredulitas
981 3008 1199 3064 mentis.
1234 3007 1503 3063 Caeterum
1529 3020 1650 3072 vos,
1691 3004 1819 3075 quia

211 3098 413 3158 Iesum
440 3101 684 3172 quaeritis
729 3100 1074 3166 cruciﬁxum,
1120 3098 1289 3155 nolite
1316 3100 1530 3164 timere,
1558 3099 1652 3153 sed
1681 3111 1816 3152 con-

1929 1896 2145 1968 1208
2174 1940 2188 1962 ,
2236 1897 2372 1954 alter
2417 1915 2549 1956 vero
2581 1902 2848 1973 proprius.
2876 1901 3258 1959 Verumtamen
3290 1902 3517 1975 angelus

1923 1990 2085 2046 docet
2112 2001 2166 2047 et
2200 1992 2440 2049 ostendit
2463 1995 2607 2064 quod
2646 1995 2789 2051 idem
2815 1994 2867 2050 in
2907 2004 3159 2067 utroque,
3189 2007 3245 2052 et
3274 2012 3414 2053 unus
3442 1998 3516 2053 sit

1924 2082 2208 2149 Dominus,
2232 2101 2375 2142 unus
2396 2086 2452 2141 in
2480 2085 2760 2157 sepultura
2774 2088 3041 2158 corporis,
3065 2103 3205 2143 unus
3229 2089 3282 2143 in
3314 2087 3514 2157 Verbo,

1924 2190 2064 2230 unus
2092 2187 2147 2232 et
2170 2176 2225 2233 in
2249 2178 2451 2245 anima,
2475 2194 2616 2235 unus
2650 2179 2835 2250 itaque
2861 2181 2915 2234 in
2945 2188 3173 2250 utraque
3198 2188 3408 2244 natura,
3437 2179 3518 2234 in-

1924 2268 2248 2326 dissolubilis
2271 2280 2327 2327 et
2347 2271 2785 2339 indissociabilis,
2818 2289 3043 2329 manens
3065 2274 3118 2329 in
3150 2290 3253 2329 una
3286 2289 3517 2345 persona

1923 2358 2067 2415 Deus
2098 2368 2153 2415 et
2201 2361 2481 2419 Dominus.
2506 2361 2616 2418 Nec
2656 2361 2836 2419 Verbo
2876 2364 3082 2421 divisus
3109 2380 3138 2419 a
3174 2381 3360 2432 carne,
3415 2381 3518 2422 nec

1922 2468 2089 2509 carne
2112 2469 2143 2508 a
2159 2452 2358 2523 Verbo,
2375 2471 2553 2526 neque
2581 2456 2762 2511 anima
2785 2475 2812 2512 a
2838 2458 3016 2513 Verbo
3037 2467 3091 2514 et
3112 2474 3297 2513 carne.
3329 2458 3436 2514 Sed
3459 2459 3517 2514 in

1924 2546 2009 2601 his
2023 2546 2275 2603 omnibus
2299 2564 2439 2603 unus
2456 2548 2597 2603 Deus
2619 2556 2675 2604 et
2704 2549 2885 2614 homo,
2914 2564 3053 2605 unus
3080 2551 3338 2603 mediator
3350 2548 3448 2603 Dei
3467 2560 3517 2604 et

1923 2638 2190 2692 hominum
2224 2637 2275 2709 (Ι
2303 2637 2439 2693 Tim.
2463 2655 2524 2705 ιι,
2549 2639 2626 2709 5),
2651 2638 2913 2694 Dominus
2932 2639 3089 2694 Iesus
3109 2639 3377 2695 Christus.
3403 2639 3518 2695 Sic-

1923 2744 2029 2801 que
2059 2741 2203 2787 recte
2228 2747 2390 2802 supra
2423 2730 2534 2801 iam
2558 2731 2692 2798 dixi,
2732 2733 2855 2803 jure
2895 2731 3224 2801 prazdicatur
3263 2731 3529 2796 Christus.

1922 2824 2174 2894 proprius
2208 2824 2301 2881 Dei
2348 2825 2536 2890 Filius,
2569 2826 2623 2880 in
2670 2825 2879 2880 unitate
2920 2840 3167 2895 personae
3225 2825 3519 2880 cruciﬁxus

1926 2928 1989 2970 ac
2011 2931 2229 2984 passus,
2260 2925 2512 2972 mortuus
2539 2926 2593 2972 et
2614 2917 2877 2988 sepultus,
2921 2933 3041 2972 cum
3100 2915 3213 2971 sola
3273 2931 3402 2972 caro
3445 2917 3519 2971 sit

1922 3022 2102 3077 passa.
2138 3006 2201 3062 Et
2226 3008 2345 3064 ideo
2369 3010 2585 3080 egregie
2612 3010 2687 3064 ait
2711 3010 2933 3081 angelus
2961 3029 2974 3064 :
3021 3007 3225 3076 Venite,
3257 3020 3304 3064 et
3353 3009 3520 3078 videte

1923 3096 2012 3151 ubi
2029 3098 2228 3169 positus
2275 3110 2389 3153 erat
2436 3100 2710 3155 Dominus.
2753 3101 2893 3157 Ecce
2950 3101 3175 3173 angelus
3228 3101 3515 3157 Dominum

211 3192 457 3264 gaudete
485 3200 540 3247 et
573 3190 1047 3263 congratulamini,
1072 3191 1199 3261 quia
1244 3190 1488 3245 surrexit
1515 3188 1676 3245 tertia
1702 3188 1813 3256 die,
1844 3179 1892 3244 C
1923 3188 2209 3259 praedicat,
2260 3192 2413 3263 cujus
2462 3191 2701 3263 loquitur
2750 3192 3333 3263 passionem,_l‘atetur
3377 3208 3520 3249 mor—

211 3302 432 3357 suaque
459 3285 615 3342 vobis
642 3284 911 3358 promissa
955 3284 1269 3354 complevit.
1308 3282 1432 3339 Non
1463 3293 1537 3337 est
1565 3283 1682 3348 hic,
1713 3281 1821 3337 sci-

209 3376 350 3434 licet
376 3378 433 3433 in
459 3386 831 3445 monumento,
864 3377 955 3434 ubi
988 3392 1111 3433 eum
1139 3377 1411 3447 quaeritis;
1440 3375 1532 3430 sed
1555 3376 1743 3442 venite,
1771 3384 1823 3430 et

210 3469 391 3524 videte
432 3467 605 3524 locum
640 3469 730 3525 ubi
769 3471 971 3541 positus
1019 3478 1131 3525 erat
1173 3468 1452 3524 Dominus.
1486 3467 1558 3523 Ut
1605 3468 1650 3523 si
1683 3466 1820 3525 meis

210 3561 409 3618 verbis
445 3578 554 3619 non
598 3562 842 3629 creditis,
868 3564 1058 3619 saltem
1107 3572 1281 3619 vacuo
1301 3562 1416 3634 jam
1462 3562 1699 3618 credatis
1728 3575 1818 3616 se-

213 3653 438 3725 pulcro.
490 3654 631 3711 Ecce
668 3670 831 3726 quam
872 3656 995 3727 pius
1043 3657 1254 3722 doctor,
1300 3670 1462 3725 quam
1512 3654 1814 3719 modestus,

213 3760 389 3816 quam
432 3744 698 3818 benignus
742 3746 1020 3803 invitator.
1060 3746 1161 3816 Qui
1209 3747 1338 3803 licet
1385 3746 1729 3819 resplendeat
1761 3753 1821 3801 ut

212 3836 429 3909 fulgur,
460 3837 540 3893 sic
570 3845 836 3911 temperat
879 3853 1190 3897 sermonem
1217 3848 1276 3896 ut
1299 3838 1636 3910 permulceat
1664 3854 1820 3895 men-

214 3940 309 3987 tes
334 3930 618 3997 l'emineas,
653 3940 710 3988 et
756 3949 866 3989 non
914 3943 975 3990 ut
1016 3943 1318 4004 perterreat
1367 3948 1502 4005 quas
1549 3933 1726 3990 docet.
1760 3932 1820 3989 lu

211 4018 363 4077 facie
410 4020 675 4093 siquidem
733 4024 909 4097 angeli
938 4026 1178 4081 caelestis
1233 4033 1441 4080 naturae
1486 4032 1822 4080 monstratur

212 4113 469 4181 claritas,
496 4124 554 4170 et
586 4115 643 4171 iu
678 4125 827 4173 veste
850 4116 1115 4189 ﬁguratur
1155 4117 1461 4173 communis
1497 4118 1685 4190 gratim
1707 4117 1821 4172 vir-

210 4215 330 4262 tus.
376 4204 719 4279 Quapropter
760 4206 985 4265 audiant
1029 4209 1219 4264 tumidi
1268 4210 1516 4266 doctores
1565 4218 1620 4265 et
1668 4208 1817 4275 elati,

210 4297 314 4370 qui
348 4298 524 4372 magis
571 4314 787 4372 semper
824 4301 1047 4371 cupiunt
1089 4299 1263 4356 videri
1310 4304 1365 4356 in
1413 4299 1629 4372 eloquio
1678 4307 1735 4355 et
1762 4291 1831 4355 iu‘

207 4392 493 4460 vestibus,
545 4402 708 4465 atque
761 4394 814 4450 in
868 4394 1015 4450 omni
1071 4402 1333 4466 apparatu
1392 4393 1596 4466 gloriae,
1651 4404 1817 4464 quam

207 4484 489 4556 prodesse
539 4493 596 4541 et
644 4486 840 4542 docere
896 4484 1237 4557 simpliciter.
1288 4485 1431 4542 Ecce
1474 4484 1702 4559 angelus
1754 4483 1813 4540 in

1934 3286 2059 3345 tem,
2092 3281 2186 3335 sed
2216 3282 2465 3352 protinus
2523 3282 2979 3339 resurrectionem
3018 3283 3327 3339 conﬁtetur.
3379 3283 3446 3338 Et
3473 3282 3520 3343 ἀ

1926 3373 2153 3444 angelus
2182 3414 2197 3439 ,
2231 3382 2355 3445 post
2406 3382 2487 3430 tot
2532 3375 2909 3444 contumelias,
2965 3384 3089 3448 post
3137 3386 3248 3431 tam
3302 3375 3417 3431 dira
3462 3375 3521 3430 in

1926 3481 2092 3522 carne
2121 3467 2409 3538 supplicia,
2445 3476 2570 3539 post
2606 3468 2936 3538 sepulcrum,
2960 3467 3147 3524 Jesum
3180 3465 3522 3538 recognoscit

1926 3561 2215 3617 Dominum
2242 3576 2420 3626 suum,
2448 3571 2504 3618 et
2525 3562 2839 3629 conﬁtetur,
2864 3561 2995 3632 quid
3042 3571 3127 3617 est
3148 3562 3292 3631 ιιιωὰ
3346 3560 3521 3618 haere-

1927 3652 2019 3708 tici
2048 3651 2313 3723 garriunt,
2350 3668 2475 3708 eum
2513 3653 2851 3711 solummodo
2899 3670 2998 3727 per
3027 3654 3370 3727 adoptionem
3397 3666 3521 3710 esse

1924 3746 2022 3805 Dei
2049 3748 2445 3806 Filium?Ecce
2472 3748 2696 3819 angelus
2724 3764 2879 3805 suam
2904 3748 3145 3820 loquitur
3173 3748 3514 3813 servitutem,

1926 3841 2015 3897 cui
2042 3844 2268 3898 devotus
2297 3841 2519 3898 exhibet
2557 3840 2900 3907 famulatum,
2960 3841 3236 3912 sentitque
3275 3838 3387 3909 jam
3435 3847 3519 3896 to-

1926 3941 2037 3988 tam
2065 3932 2320 4003 injuriam
2346 3933 2640 4003 passionis,
2680 3934 2944 3989 transisse
2995 3933 3051 3989 in
3098 3931 3520 3991 resurrectionis

1924 4025 2173 4098 gloriam.
2202 4024 2314 4081 Nec
2338 4026 2665 4081 minoratum
2703 4024 2990 4081 Dominum
3014 4025 3071 4080 in
3101 4041 3268 4082 carne
3284 4023 3516 4094 judicat,

1924 4132 2027 4173 nec
2047 4116 2102 4172 in
2141 4115 2396 4186 passione
2447 4116 2728 4172 existimat
2769 4125 3147 4189 consumptam
3193 4116 3519 4173 dominatio-

1924 4225 2071 4275 nem,
2106 4223 2282 4280 neque
2330 4207 2593 4266 defecisse
2637 4208 2895 4264 virtutem
2943 4208 3298 4275 dominantis,
3355 4221 3520 4279 quem

1924 4302 2213 4359 Dominum
2251 4301 2487 4375 appellat
2532 4302 2691 4374 eique
2733 4302 3052 4358 servitutem
3110 4300 3348 4359 exhibet.
3407 4297 3519 4356 Nec

1924 4396 2198 4453 erubescit
2225 4394 2517 4451 Dominum
2531 4409 2746 4461 vocare,
2775 4409 2936 4464 quem
2954 4392 3273 4450 cruciﬁxum
3297 4392 3444 4456 dicit,
3462 4398 3520 4449 et

1926 4486 2167 4545 ostendit
2196 4486 2425 4544 devotus
2440 4485 2613 4540 locum
2640 4485 2731 4540 ubi
2760 4485 2962 4557 positus
2982 4494 3095 4540 erat
3121 4484 3403 4549 Dominus,
3422 4481 3518 4555 qui

207 4586 423 4632 natura
470 4577 766 4649 praeclarus
832 4578 911 4635 sic
970 4588 1239 4650 temperat
1290 4580 1529 4652 speciem
1549 4550 1640 4635 vin
1703 4579 1817 4636 col—
1842 4550 1900 4615 Ῑ)
1924 4580 2043 4638 loco
2071 4568 2178 4638 non
2206 4579 2879 4653 eapitur,neccontinetur
2905 4579 2959 4634 in
2986 4578 3126 4642 loco.
3153 4576 3516 4649 Ostenditigi-

207 4671 516 4743 loquendo,
566 4673 748 4744 potius
792 4673 1152 4745 ut‘mulceat,
1203 4690 1367 4745 quam
1414 4675 1689 4732 deterreat
1719 4690 1816 4730 au-

206 4764 456 4820 dientes.
496 4759 855 4837 Temperatur
885 4765 1122 4822 vestium
1169 4765 1411 4834 claritas,
1448 4776 1507 4822 ut
1550 4766 1815 4838 placidius

205 4855 492 4923 videatur,
539 4857 787 4928 quamvis
832 4857 887 4914 in
931 4857 1083 4914 vultu
1113 4857 1410 4929 praetulerit
1441 4856 1707 4929 fulgorem
1754 4873 1817 4915 ac

208 4956 495 5005 terrorem
523 4947 642 5020 ejus
688 4965 852 5021 quem
879 4948 1168 5005 nuntiabat
1212 4951 1417 5015 vivere,
1470 4956 1527 5004 et
1575 4949 1814 5020 speciem

206 5039 305 5097 sui
325 5039 593 5096 auctoris.
619 5039 689 5096 Et
713 5042 1009 5097 notandum
1039 5041 1183 5112 quod
1209 5041 1287 5095 ait
1311 5059 1322 5095 :
1357 5040 1482 5097 Scio
1509 5040 1647 5094 enim
1677 5039 1815 5112 quod

206 5132 409 5190 Iesum
446 5135 703 5206 quaeritis.
747 5133 863 5191 Non
916 5135 1062 5192 enim
1114 5136 1190 5192 ait
1242 5136 1387 5207 quod
1446 5151 1645 5207 corpus
1702 5134 1820 5205 ejus

210 5236 538 5301 quaererent
590 5229 737 5300 quod
784 5230 1023 5299 positum
1074 5237 1157 5285 est
1199 5229 1253 5285 in
1303 5238 1675 5297 monumento,
1724 5229 1819 5285 sed

208 5321 406 5378 Iesum
439 5321 696 5394 quwritis.
730 5319 864 5389 Quia
901 5321 1077 5378 nescit
1121 5320 1344 5393 angelus
1394 5321 1605 5377 solvere
1635 5318 1821 5377 Jesum

211 5428 404 5485 neque
432 5413 700 5485 tripartiri
740 5429 864 5469 eum
893 5413 945 5468 in
974 5414 1149 5469 tribus
1174 5455 1188 5480 ,
1215 5421 1272 5468 ut
1299 5413 1378 5469 sic
1404 5428 1601 5483 corpus
1635 5413 1690 5469 in
1734 5428 1821 5471 se-

208 5507 417 5579 pulcro
463 5523 571 5579 quo
622 5508 859 5581 positum
907 5515 1013 5576 est,
1045 5516 1101 5563 et
1130 5507 1309 5562 anima
1340 5508 1394 5563 in
1445 5506 1657 5563 inferno
1710 5523 1821 5579 quo

212 5601 530 5668 descendit,
548 5598 785 5658 Verbum
816 5616 1034 5674 quoque
1058 5601 1112 5657 in
1159 5601 1299 5657 coelo
1336 5618 1461 5657 cum
1489 5601 1675 5670 Patre,
1712 5617 1821 5674 quo

211 5709 443 5766 semper
471 5702 674 5751 manet.
705 5693 822 5751 Non
871 5694 1055 5765 itaque
1086 5693 1166 5750 sic
1210 5694 1460 5766 intelligit
1488 5694 1712 5767 angelus
1760 5704 1821 5752 ut

218 5791 425 5853 miseri
465 5791 791 5871 haeretich
785 5786 880 5867 qui
923 5802 1233 5869 quamszepe
1278 5788 1518 5849 dividere
1568 5786 1822 5850 laborant
1859 5873 1880 5895 ς

1924 4682 2012 4728 tur
2033 4672 2211 4729 locum
2225 4671 2280 4727 in
2295 4685 2402 4744 quo
2409 4668 2680 4739 iacuerat,
2702 4684 2773 4725 ne
2786 4670 2926 4726 alter
2937 4678 2993 4726 et
3018 4685 3125 4725 non
3151 4669 3267 4741 ipse
3282 4668 3422 4724 idem
3437 4682 3520 4724 re-

1922 4765 2225 4822 surrexisse
2240 4764 2558 4821 crederetur
2576 4778 2644 4820 ex
2660 4763 2910 4832 mortuis,
2931 4778 2995 4819 ac
3008 4758 3164 4831 jubet
3177 4759 3514 4817 mulieribus.

1910 4922 1913 4925 _
1995 4856 2112 4915 Cito
2136 4867 2337 4924 euntes,
2374 4856 2565 4927 inquit,
2593 4856 2750 4911 dicite
2790 4853 3062 4925 discipulis
3092 4853 3226 4925 ejus,
3252 4852 3376 4924 quia
3397 4867 3518 4908 sur-

1924 4951 2082 5016 rexit,
2106 4959 2153 5004 et
2176 4965 2291 5004 ecce
2318 4948 2567 5020 pracedit
2589 4964 2677 5004 vos
2696 4949 2751 5003 in
2786 4945 3087 5012 Calilwam,
3136 4944 3209 4999 ibi
3229 4960 3347 4999 eum
3380 4943 3516 4999 vida-

1929 5044 2071 5109 bitis,
2092 5058 2207 5096 ecce
2228 5039 2453 5111 prtedixi
2474 5039 2637 5095 vobis.
2680 5037 2794 5094 Nec
2816 5037 3000 5108 itaque
3028 5045 3184 5092 vacat
3223 5050 3254 5089 a
3308 5041 3515 5107 myste-

1927 5136 2011 5192 rio
2035 5134 2180 5205 quod
2223 5132 2479 5190 mulieres
2504 5131 2643 5188 ﬁunt
2662 5130 3028 5203 evangelista,
3060 5136 3123 5184 ut
3172 5142 3273 5198 per
3318 5126 3517 5183 mulio.

1928 5243 2045 5285 rem
2098 5228 2335 5298 primum
2387 5225 2525 5281 ﬁdes
2585 5223 2936 5280 annuntietur
2994 5220 3411 5278 resurrectionis
3459 5219 3518 5275 in

1930 5324 2151 5389 mundo,
2179 5337 2278 5394 per
2302 5336 2465 5393 quam
2484 5319 2717 5391 primum
2742 5315 2970 5389 perﬁdia
2992 5314 3221 5375 intravit
3247 5312 3302 5369 in
3362 5325 3520 5367 mun-

1931 5415 2082 5472 dum.
2114 5414 2260 5471 Ordo
2290 5426 2523 5483 namque
2562 5419 2682 5467 erat
2702 5408 2952 5479 jnstitiae,
2975 5416 3036 5464 ut
3056 5405 3369 5463 hominibus
3418 5415 3519 5474 per

1928 5508 2211 5566 mulierem
2239 5503 2657 5562 resurrectionis
2679 5502 2745 5558 ad
2768 5503 2936 5559 vitam
2974 5501 3198 5559 daretur
3231 5498 3517 5572 judicium,

1928 5616 2027 5675 per
2048 5615 2213 5673 quam
2247 5599 2482 5670 primum
2515 5596 2834 5653 tentationis
2876 5611 2940 5653 ac
2964 5595 3138 5652 ruina:
3181 5590 3388 5649 homini
3430 5590 3522 5645 de-

1931 5699 2100 5755 latum
2126 5705 2209 5752 est
2239 5694 2545 5751 consilium.
2577 5690 2692 5749 Nec
2726 5692 2894 5765 igitur
2916 5693 2983 5749 ad
3008 5692 3124 5748 haec
3157 5691 3275 5747 duae
3311 5699 3519 5760 prator-

1933 5794 2189 5852 diuantur
2202 5790 2320 5851 siue
2334 5788 2561 5848 rationis
2576 5804 2738 5847 causa
2756 5789 2986 5857 femintc,
3022 5804 3129 5845 uno
3145 5785 3247 5842 sub
3278 5779 3521 5853 nomine,
