4048 6352
579 272 679 327 985
1411 268 1468 323 S.
1505 268 1863 325 PASCHASII
1899 268 2251 325 RADBERTI
2287 269 2579 327 ABBATIS
2617 268 3067 328 CORBEIENSIS
3706 276 3788 334 θα

573 397 634 441 ut
677 386 1113 457 evangelizarent
1140 385 1594 440 resurrectionem
1617 384 1823 442 Christi
1861 386 2160 457 discipulis.
2192 388 2242 449 Α
2268 395 2559 459 exsuperat
2581 389 2665 443 vis
2690 388 2913 454 amoris,
2944 386 3073 442 dum
3098 399 3220 441 eam
3243 400 3398 443 suum
3418 400 3531 444 esse
3555 386 3666 446 fecit
3697 406 3792 448 cor-

574 479 681 535 Sed
717 479 931 550 1.209
961 479 1080 535 ideo
1093 479 1149 534 in
1162 485 1505 533 sacramento
1520 478 1598 533 sic
1612 479 2067 549 praeparanturad
2083 493 2168 535 se-

574 572 845 641 pulcrum,
871 580 929 626 ut
944 571 1174 626 formam
1189 573 1415 625 duarum
1434 569 1784 626 ecclesiarum
1799 580 2038 637 teneant,
2071 587 2169 642 per

506 710 519 717 -
574 680 712 734 quas
727 664 883 734 longe
896 663 1111 734 lateque
1128 664 1455 733 praedicatur
1471 664 1840 736 Evangelium.
1856 666 1985 721 Dum
1999 665 2169 736 siqui—

574 758 699 811 dem
730 756 1019 811 mittuntur
1043 754 1260 811 feminae
1292 771 1400 810 uno
1432 756 1534 811 sub
1560 744 1800 822 nomine,
1834 765 1894 812 ut
1921 774 2029 813 una
2070 758 2167 813 de-

574 846 816 903 claretur
851 846 1093 903 Ecclesia
1124 862 1244 916 qua:
1276 847 1343 902 de
1373 846 1577 903 Judzeis
1605 863 1671 904 ac
1692 848 1945 920 gentibus
1991 848 2170 919 quoti-

577 940 665 996 die
696 949 1042 1011 aggregatur.
1080 940 1145 994 Et
1177 940 1297 995 ideo
1326 940 1436 995 cito
1483 942 1560 995 ire
1608 939 1890 1010 iubentur,
1946 943 2071 1014 quia
2114 942 2170 997 in

576 1030 751 1087 otilcio
774 1031 1178 1101 praedicationis
1215 1032 1348 1087 nihil
1386 1034 1538 1088 tarde
1579 1034 1821 1104 nihilque
1850 1035 2027 1105 tepide
2052 1033 2171 1091 ﬁeri

580 1132 819 1194 oportet,
849 1126 943 1179 sed
978 1125 1229 1179 omniain
1254 1125 1537 1180 velocitate
1572 1125 1826 1195 perfectae
1854 1126 2173 1183 intentionis

580 1219 906 1289 quantocius
930 1218 1317 1283 consummari,
1354 1234 1453 1274 nec
1477 1220 1681 1289 absque
1706 1208 1902 1291 magno
1924 1221 2049 1276 fidei
2085 1237 2173 1276 sa-

579 1310 1113 1381 cramentodiscipuli
1129 1312 1181 1365 in
1197 1310 1472 1368 Galilzeam
1492 1313 1568 1368 ire
1578 1313 1856 1382 jubeutur,
1885 1329 2006 1369 cum
2024 1315 2174 1384 prius

579 1415 704 1455 cum
736 1401 970 1457 diversis
999 1402 1053 1456 in
1094 1402 1229 1457 locis
1251 1402 1423 1457 visuri
1467 1414 1643 1459 erant.
1698 1404 1805 1459 Sed
1851 1406 1977 1474 quia
2025 1404 2173 1461 Gali-

582 1490 679 1546 laaa
707 1495 1102 1565 transmigratio
1133 1496 1542 1567 interpretatur,
1582 1507 1799 1568 oportet
1837 1498 1931 1568 qui
1984 1498 2172 1554 Domi-

579 1600 709 1638 num
737 1585 918 1641 videre
943 1585 1237 1653 desiderat,
1286 1588 1634 1659 transmigret
1672 1590 1906 1659 primum
1937 1590 2002 1644 de
2032 1588 2175 1642 vitiis

581 1676 649 1730 ad
680 1676 931 1742 virtutes,
963 1677 1029 1731 de
1059 1679 1408 1749 corruptione
1457 1680 1523 1733 ad
1580 1680 2067 1750 incorruptionem,
2107 1679 2175 1733 de

2266 496 2386 552 pus,
2417 496 2580 552 quam
2606 479 2805 537 salutat
2832 479 2888 534 in
2928 494 3012 545 se,
3062 476 3218 548 cujus
3259 478 3375 548 ipse
3426 480 3661 551 probatur
3698 499 3792 543 esse

2267 582 2450 644 caput.
2472 573 2544 629 At
2572 573 2702 644 ipsa:
2731 578 3078 629 accesserunt
3104 579 3160 625 et
3186 579 3474 627 tenuerunt
3520 574 3667 643 pedes
3685 573 3793 645 eius,

2262 663 2419 735 juxta
2446 664 2593 735 quod
2621 678 2819 735 sponsa
2850 662 3001 718 canit
3034 662 3088 717 in
3129 660 3369 717 Canticis
3404 679 3419 715 :
3452 660 3795 735 Quaesitum

2269 757 2441 829 diligit
2474 758 2655 813 anima
2694 774 2832 823 mea,
2854 755 3070 828 quasivi
3094 766 3140 810 et
3167 771 3273 810 non
3310 754 3478 810 inveni
3524 771 3633 811 eunt
3652 755 3795 828 (Cant.

2271 867 2355 917 ιιι,
2383 851 2460 924 1),
2490 865 2594 907 nec
2619 849 2891 905 dimittam
2943 847 3117 903 illum.
3174 845 3377 902 Nolunt
3416 861 3538 918 ergo
3580 847 3801 906 dimittam

2271 958 2433 1013 quem
2462 950 2649 999 tenent
2684 940 2957 1005 manibus,
3017 953 3178 1008 quem
3234 937 3464 993 adorant
3501 945 3555 994 et
3600 940 3798 995 credunt.

2272 1037 2443 1103 Quem
2475 1035 2579 1090 nisi
2610 1032 2990 1097 credidissent,
3022 1045 3128 1085 non
3160 1036 3430 1085 tenerent.
3460 1026 3559 1084 Sed
3601 1044 3800 1099 quaeren-

2274 1129 2401 1185 dum
2427 1127 2700 1199 quomodo
2726 1126 2817 1181 hic
2834 1122 2993 1194 juxta
3018 1121 3332 1177 Mattbaaum
3353 1118 3517 1175 Maria
3546 1119 3802 1192 Magdalene

2272 1238 2501 1294 vespere
2536 1220 2779 1283 Sabbati,
2812 1233 2939 1275 cum
2971 1216 3071 1272 sibi
3102 1214 3250 1271 socia
3278 1213 3503 1284 pedibus
3522 1211 3638 1269 Jesu
3678 1214 3802 1268 advo-

2275 1314 2389 1370 luta
2413 1315 2582 1385 jacet,
2605 1321 2774 1375 tenet,
2798 1320 2856 1366 et
2883 1310 3095 1374 adorat,
3125 1307 3346 1378 quando
3373 1305 3655 1362 secundum
3679 1304 3803 1362 Joan-

2276 1420 2400 1460 nem
2441 1420 2603 1460 mane
2647 1401 2871 1458 Sabbati
2921 1400 3123 1455 audita
3148 1398 3399 1462 Domino,
3446 1396 3622 1453 volens
3658 1413 3803 1453 rursus

2275 1499 2440 1570 pedes
2465 1498 2582 1568 ejus
2625 1506 2811 1553 tenere
2841 1513 2854 1550 :
2889 1492 3019 1549 Noli
3065 1509 3146 1548 me
3185 1502 3423 1563 tangere,
3473 1490 3671 1545 necdum
3702 1493 3803 1545 enim

2277 1591 2491 1646 ascendi
2520 1589 2589 1644 ad
2618 1587 2833 1643 Patrem
2872 1602 3045 1641 meum
3099 1583 3288 1655 (Joan.
3342 1599 3435 1647 xx,
3462 1582 3566 1651 l7).
3621 1581 3671 1637 Si
3709 1598 3804 1654 ergo

2276 1682 2427 1753 prius
2455 1697 2600 1746 eum,
2630 1688 2690 1734 ut
2717 1678 3001 1733 Matthaaus
3022 1683 3274 1739 testatur,
3314 1672 3451 1729 vidit
3477 1682 3803 1743 resurgentem,

581 1777 758 1823 morte
793 1769 861 1822 ad
893 1768 1357 1824 immortalitatem
1385 1810 1400 1833 ,
1432 1779 1700 1840 quatenus
1732 1771 1783 1824 in
1822 1770 2174 1840 transmigra-
2205 1754 2251 1813 B
2279 1789 2402 1830 cum
2433 1772 2604 1827 altera
2635 1770 2826 1835 Maria,
2852 1778 2908 1823 et
2933 1765 3160 1838 pedibus
3186 1773 3276 1819 est
3295 1763 3568 1829 advoluta,
3607 1778 3721 1833 quos
3752 1762 3804 1818 si-

581 1861 729 1914 tione
764 1859 879 1929 jam
919 1860 1085 1927 facta,
1121 1860 1173 1915 id
1210 1871 1294 1917 est
1324 1862 1376 1915 in
1405 1861 1707 1927 Galilaeam,
1753 1862 2039 1917 Dominum
2092 1861 2175 1915 vi-

584 1953 715 2009 dere
739 1963 924 2024 queat.
978 1955 1045 2008 Et
1076 1956 1313 2010 exierunt
1343 1955 1446 2009 cito
1470 1955 1534 2009 de
1560 1963 1892 2010 monumento
1943 1971 2062 2009 cum
2112 1954 2179 2008 ti-

583 2062 750 2111 more,
780 2056 826 2100 et
855 2046 1050 2115 gaudio
1077 2062 1286 2116 magno,
1322 2056 1586 2101 currentes
1630 2048 1873 2100 nuntiare
1904 2044 2177 2116 discipulis

586 2136 723 2206 ejus.
758 2137 911 2204 Quod
959 2144 1142 2191 autem
1199 2137 1351 2202 dicit,
1398 2146 1661 2193 exeuntes
1687 2139 1754 2194 de
1805 2147 2175 2203 monumento,

586 2227 831 2282 insinuat
849 2228 975 2298 quia
991 2228 1173 2282 omnia
1196 2227 1554 2299 explorarunt
1580 2230 1875 2299 sepultura:
1897 2230 2176 2302 mysteria,

589 2321 656 2373 dc
679 2320 877 2388 quibus
904 2322 1085 2373 caueri
1123 2321 1468 2388 evangelista:
1510 2320 1663 2391 plura
1694 2336 1918 2376 narrare
1947 2320 2181 2391 proban-

588 2418 695 2463 tur.
729 2409 926 2480 Sicque
960 2411 1151 2481 duplex
1172 2411 1413 2477 allectus
1443 2412 1642 2467 mentis
1667 2428 1763 2469 eas
1795 2414 2069 2478 movebat,
2121 2422 2183 2469 ut

586 2501 695 2554 cito
718 2501 858 2555 irent
880 2517 943 2555 ac
963 2510 1270 2568 currerent,
1302 2504 1463 2557 timor
1484 2503 1691 2559 scilicet
1714 2512 1878 2574 atque
1900 2504 2178 2575 gaudium.

591 2592 778 2648 Timor
806 2593 1070 2664 siquidem
1092 2584 1187 2650 eas
1212 2595 1488 2649 invaserat
1535 2610 1598 2649 ex
1657 2596 2029 2667 magnitudine
2081 2596 2176 2650 mi-

586 2687 915 2752 raculorum,
947 2689 1201 2758 gaudium
1230 2704 1360 2743 vero
1418 2704 1485 2742 ex
1532 2688 1807 2743 desiderio
1848 2689 2182 2759 resurgentis

586 2779 700 2833 Dei.
733 2778 945 2846 Quibus
972 2780 1119 2833 intus
1144 2794 1407 2849 posscssae
1428 2794 1539 2848 prae
1571 2777 1740 2834 nimio
1760 2793 1947 2834 amore
1966 2778 2182 2834 concito

588 2874 758 2943 gradu
788 2882 1017 2927 currunt
1042 2873 1108 2926 ad
1141 2873 1434 2941 apostolos,
1473 2880 1533 2927 ut
1561 2888 1658 2941 per
1706 2888 1799 2928 eos
1847 2870 1972 2927 ﬁdei
2022 2872 2183 2927 semi-

591 2966 747 3021 naria
776 2973 1162 3034 spargerentur
1186 2963 1238 3017 in
1268 2962 1481 3033 populo.
1522 2962 1589 3016 Et
1611 2980 1726 3016 ecce
1750 2962 1905 3017 Jesus
1953 2962 2181 3016 occurrit

587 3055 695 3109 illis
723 3055 900 3107 dicens
928 3067 945 3105 :
971 3053 1147 3107 Avete.
1187 3052 1308 3106 Illa:
1338 3062 1513 3107 autent
1541 3063 1871 3107 accesserunt
1914 3064 1962 3107 et
2006 3062 2184 3107 tenue-

592 3152 714 3197 runt
740 3143 894 3213 pedes
948 3144 1085 3213 ejus,
1138 3151 1187 3196 et
1229 3141 1581 3196 adoraverunt
1612 3158 1749 3195 eum.
1802 3141 1914 3197 Nec
1966 3142 2183 3198 mireris
2211 3119 2257 3183 Ο

594 3248 716 3303 qua:
744 3233 823 3288 sic
849 3232 1184 3302 quaerebant,
1206 3247 1328 3302 quae
1353 3246 1450 3303 per
1482 3239 1652 3287 totam
1678 3241 1896 3286 noctem
1930 3232 2183 3287 eumdem

591 3327 772 3383 locum
801 3325 1299 3397 frequentaverant,
1351 3340 1470 3395 quae
1499 3325 1572 3379 ita
1607 3324 1720 3396 jam
1765 3323 1962 3380 festine
2000 3339 2187 3380 curre-

592 3420 748 3485 bant,
777 3418 822 3474 si
851 3428 1130 3474 merentur
1163 3416 1378 3473 obviam
1414 3416 1615 3472 habere
1666 3416 1951 3471 Dominum
1997 3432 2182 3472 resur-

591 3521 830 3582 gentem,
857 3519 918 3566 ut
941 3511 1144 3566 certius
1185 3525 1307 3565 eum
1336 3509 1449 3580 jam
1491 3509 1673 3564 vivere
1724 3508 2181 3579 evangelizarent,

588 3619 752 3675 quem
777 3603 927 3673 prius
952 3611 1221 3658 mortuum
1256 3601 1588 3672 quaerebant.
1634 3600 1768 3655 Erat
1791 3601 1934 3655 enim
1974 3600 2027 3655 in
2078 3598 2185 3656 illis

596 3694 805 3749 duabus
832 3692 1169 3757 mulieribus,
1190 3690 1303 3760 jam
1337 3691 1528 3763 figura,
1556 3700 1613 3746 ut
1641 3691 1773 3758 dixi,
1807 3691 1972 3746 totius
1998 3691 2185 3747 Eccle-

592 3782 707 3847 siae,
733 3783 858 3853 quia
896 3792 1015 3837 erat
1042 3797 1211 3853 genus
1236 3781 1290 3836 in
1322 3783 1521 3851 specie.
1564 3782 1641 3837 Ac
1683 3796 1783 3851 per
1831 3782 1934 3837 hoc
1983 3789 2039 3836 et
2069 3781 2186 3852 ipse

592 3871 825 3928 festinus
853 3872 1009 3928 Jesus
1034 3872 1273 3928 occurrit
1297 3889 1507 3943 sponsae
1546 3890 1675 3938 suae,
1722 3874 1878 3943 quasi
1927 3888 2181 3943 sponsus,

593 3979 650 4025 et
681 3970 882 4023 salutat
903 3969 1051 4038 prior
1075 3983 1144 4023 ex
1174 3968 1479 4023 dilectionis
1514 3966 1732 4033 aﬂ‘ectu,
1766 3968 1981 4023 dicens:
2008 3968 2183 4023 Avete.

594 4058 712 4115 Non
751 4067 1018 4130 potestate
1041 4067 1208 4113 terret
1234 4074 1348 4125 eas,
1373 4058 1465 4113 sed
1502 4058 1764 4128 praevenit
1808 4058 1863 4112 in
1891 4058 2183 4125 charitate,

595 4168 697 4210 nec
720 4152 1050 4207 auctoritate
1103 4149 1410 4219 majestatis
1461 4165 1573 4205 suae
1628 4148 1929 4220 perturbat,
1975 4148 2071 4205 sed
2116 4164 2187 4204 ex

596 4246 712 4317 lege
739 4245 937 4299 salutat
965 4243 1167 4314 sponsi.
1199 4251 1451 4312 totusque
1479 4242 1627 4296 vadit
1676 4242 1730 4296 in
1781 4241 2181 4298 salutationem.

596 4337 690 4393 Sic
718 4338 862 4392 enim
890 4336 1218 4391 salutaverat
1244 4334 1466 4406 angelus
1487 4334 1737 4401 Mariam,
1778 4342 1839 4389 ut
1884 4334 2187 4390 solveretur

2279 1869 2390 1925 mul
2419 1868 2656 1923 tenuisse
2684 1865 2959 1931 dicuntur,
2980 1860 3110 1932 quid
3139 1868 3225 1916 est
3250 1858 3395 1929 quod
3424 1866 3616 1929 postea
3642 1872 3804 1913 reversa

2280 1963 2428 2033 (quia
2459 1960 2604 2016 domi
2632 1974 2733 2014 nec
2764 1967 2984 2012 manere
3012 1954 3079 2009 ad
3100 1952 3405 2016 modicum,
3441 1965 3540 2005 nec
3578 1950 3805 2005 subsistere

2279 2056 2514 2126 poterat)
2537 2050 2692 2123 quasi
2725 2048 3013 2119 indignans
3060 2044 3140 2099 sic
3189 2058 3317 2098 eam
3366 2039 3580 2111 abjicit?
3621 2036 3729 2093 Nam
3756 2037 3804 2093 ad

2282 2155 2696 2203 monumentum
2727 2142 2973 2205 veniens,
2999 2138 3125 2208 quia
3164 2136 3298 2191 vidit
3346 2134 3567 2204 lapidem
3602 2131 3804 2187 sublatum

2281 2240 2345 2295 ab
2370 2243 2502 2294 ostio
2526 2233 2848 2291 monumenti
2880 2229 3066 2301 (Joan.
3095 2244 3191 2293 xx,
3222 2226 3277 2291 1,
3301 2224 3395 2297 2);
3448 2241 3545 2296 quo
3566 2220 3804 2294 sepulcrum

2282 2328 2659 2393 claudebatur,
2683 2324 2859 2381 currit
2885 2322 2954 2376 ad
2977 2320 3287 2385 Simonem,
3316 2325 3374 2373 et
3401 2318 3467 2372 ad
3516 2314 3648 2369 illum
3684 2312 3803 2368 alium

2282 2424 2607 2496 discipulum
2640 2437 2795 2493 quem
2815 2416 3027 2473 amabat
3060 2413 3225 2470 Iesus
3276 2410 3583 2484 plurimum,
3629 2415 3676 2462 et
3712 2403 3803 2460 dicit

2283 2519 2403 2573 eis:
2452 2513 2707 2569 Tulerunt
2753 2509 3039 2564 Dominum
3087 2521 3266 2560 meum
3313 2503 3379 2558 de
3426 2506 3736 2562 monumento,
3768 2504 3803 2549 et

2284 2606 2457 2662 nescio
2481 2605 2570 2659 ubi
2590 2610 2873 2673 posuerunt
2897 2616 3036 2663 eum,
3063 2613 3160 2653 seu
3181 2603 3390 2651 caetera
3416 2608 3532 2664 quae
3552 2597 3799 2662 sequuntur.

2284 2697 2387 2754 Ubi
2409 2712 2532 2753 cum
2557 2693 2937 2764 pervenissent
2966 2689 3040 2744 illi
3066 2688 3174 2743 duo
3223 2696 3284 2745 et
3322 2685 3624 2742 introissent
3644 2700 3655 2736 :
3675 2679 3803 2735 llaria

2283 2790 2456 2845 stabat
2491 2787 2560 2841 ad
2590 2793 2986 2840 monumentum
3015 2781 3145 2852 foris
3168 2779 3411 2851 plorem.
3439 2777 3502 2831 Et
3526 2791 3631 2831 cum
3668 2788 3712 2828 se
3746 2772 3803 2825 itt-

2285 2884 2552 2947 clinasset,
2584 2880 2709 2937 vidit
2732 2880 2867 2933 duos
2889 2876 3102 2948 angelos
3122 2876 3178 2929 in
3202 2874 3343 2930 albis
3387 2877 3605 2928 sedentes
3648 2868 3693 2923 in
3717 2865 3802 2919 loco

2284 2976 2643 3041 monumenti,
2674 2990 2840 3028 unum
2869 2971 2939 3025 ad
2962 2979 3139 3042 caput,
3184 2978 3239 3023 et
3267 2982 3433 3022 unum
3470 2963 3535 3019 ad
3556 2960 3717 3034 pedes;
3756 2968 3801 3008 ac

2288 3080 2505 3128 caetera.
2534 3068 2665 3136 Quae
2692 3081 2941 3121 conversa
2978 3073 3290 3127 retrorsum,
3320 3060 3449 3115 vidit
3488 3057 3652 3113 Iesum
3688 3060 3798 3105 stau-

2288 3173 2412 3228 tem,
2434 3170 2490 3218 et
2516 3160 2647 3215 dicit
2681 3158 2731 3214 ei
2762 3158 2906 3213 inter
2931 3162 3129 3211 caetera
3160 3170 3174 3208 :
3207 3150 3471 3215 Rabboni,
3501 3145 3625 3219 quod
3660 3139 3802 3196 dicitur

2289 3253 2576 3323 Magister;
2598 3250 2687 3305 cui
2716 3247 2874 3305 Jesus
2901 3247 3017 3303 ait:
3049 3244 3179 3299 Noli
3239 3260 3327 3299 me
3368 3253 3588 3312 tangere,
3631 3231 3799 3289 ποηάιυι

2287 3345 2424 3400 enim
2449 3341 2659 3397 ascendi
2683 3340 2753 3394 ad
2776 3336 2991 3392 Patrem
3013 3350 3206 3390 meum.
3246 3332 3402 3402 Quod
3423 3332 3466 3386 si
3486 3329 3686 3401 primum
3715 3330 3798 3375 eum

2287 3432 2536 3496 credidit,
2590 3446 2655 3486 ac
2680 3429 2848 3501 pedes
2871 3426 2991 3499 ejus
3022 3425 3196 3481 tenuit
3227 3434 3288 3480 et
3323 3420 3578 3485 adoravit,
3624 3411 3723 3485 quid
3742 3414 3800 3462 est

2288 3527 2430 3598 quod
2455 3536 2566 3581 tam
2592 3520 3105 3594 indignajudicatur
3132 3534 3162 3572 a
3189 3516 3449 3582 Domino,
3484 3528 3547 3568 ne
3571 3523 3675 3566 eum
3713 3515 3799 3557 mf-

2288 3638 2380 3678 sus
2408 3619 2627 3691 tangat?
2651 3616 2805 3687 Quod
2831 3615 2877 3671 si
2906 3623 3096 3685 stupor
3121 3629 3251 3668 eam
3301 3612 3617 3683 arripuerat,
3662 3609 3800 3691 et

2287 3730 2380 3772 ror
2403 3688 2647 3777 visionis,
2677 3715 2846 3766 miror
2867 3707 3136 3780 quomodo
3165 3713 3284 3761 tam
3324 3704 3433 3761 cito
3484 3696 3664 3772 1211
3707 3688 3801 3793 idet

2288 3804 2569 3869 defecerit,
2605 3811 2661 3858 et
2686 3801 2925 3872 cognitio
2946 3798 3147 3870 prioris
3168 3795 3428 3861 visionis,
3478 3792 3549 3847 ita
3592 3796 3645 3883 ut
3683 3792 3799 3883 mlta-

2287 3896 2424 3952 culis
2446 3894 2656 3958 territa,
2686 3891 2839 3962 quasi
2869 3889 3105 3961 caligine
3130 3887 3435 3952 obcaecata,
3480 3879 3661 3938 nesciat
3694 3879 3800 3944 prius

2286 3987 2416 4058 quid
2442 3984 2691 4057 gesserit.
2739 3980 2889 4038 Unde
2921 3982 3082 4036 datur
3108 3977 3339 4051 intelligi
3370 3978 3425 4033 in
3449 3975 3545 4030 hac
3565 3963 3801 4061 difficultate

2285 4092 2491 4143 rerum,
2522 4076 2648 4146 quia
2679 4075 2784 4130 nisi
2809 4073 3037 4145 diligens
3064 4070 3307 4138 animus,
3352 4078 3407 4125 et
3462 4059 3668 4136 sepulcri
3704 4059 3801 4127 post-

2288 4174 2491 4229 tionem
2518 4178 2832 4242 cognoscat,
2861 4176 2921 4223 ut
2944 4167 3203 4232 diximus,
3239 4174 3301 4221 et
3322 4161 3573 4234 temporis
3590 4148 3803 4224 anng

2287 4272 2621 4337 compenset,
2653 4279 2755 4319 nec
2775 4277 2882 4319 non
2908 4269 2967 4317 et
2998 4260 3320 4317 continuam
3351 4251 3678 4326 frequentiam
3712 4253 3802 4341 tult-

2288 4332 2482 4413 lierum
2511 4363 2567 4411 et
2587 4353 2905 4427 angelorum
2929 4348 3291 4422 apparitionis
3331 4348 3485 4419 juxta
3538 4343 3677 4399 sitam

598 4431 654 4541 in
688 4429 785 4541 illa.
809 4430 1112 4541 maledictio
1136 4428 1305 4541 Uvae):
1344 4428 1547 4484 salutat
1565 4438 1745 4483 autem
1774 4436 1831 4484 et
1853 4426 2107 4541 Ehristus
2126 4434 2187 4484 ut
2212 4479 2267 4541 Β
2291 4446 2434 4518 quod
2463 4418 2694 4518 magn“;
2725 4418 3167 4499 mummium
3190 4418 3347 4510 parci
3374 4437 3538 4500 locus,
3586 4438 3640 4541 et.
3672 4418 3804 4541 ωΐιὲῗ

594 4519 902 4576 benedictio
952 4518 1203 4575 Ecclesia:
1257 4520 1507 4587 donetur,
1552 4530 1607 4575 et
1654 4520 2022 4590 sponsalitatis
2062 4518 2189 4589 jura

600 4616 903 4670 lirmentur.
938 4609 1050 4667 Hoc
1096 4612 1261 4683 igitur
1308 4612 1544 4682 primum
1601 4628 1797 4668 munus
1847 4612 2188 4669 salutationis

594 4726 883 4788 postquam
916 4713 1236 4779 resurrexit,
1272 4714 1532 4771 Excelsus
1579 4715 1795 4786 1210
1824 4715 2026 4781 attulit,
2078 4730 2185 4786 quo

594 4810 843 4867 solvatur
899 4808 985 4864 illa
1040 4808 1348 4863 maledictio
1398 4809 1585 4878 prima;
1640 4808 1902 4864 mulieris.
1963 4810 2184 4867 Dixerat

598 4917 837 4972 namque
865 4900 1143 4971 discipulis
1164 4900 1316 4970 ipse:
1341 4898 1625 4955 Neminem
1656 4900 1981 4956 salutaveris
2001 4902 2179 4956 invia.

594 4992 664 5047 Et
689 4992 818 5062 quid
846 5002 951 5056 est,
989 4989 1132 5060 quod
1165 5003 1452 5060 resurgens
1502 5001 1611 5045 tam
1664 4989 1894 5047 festinus
1937 4991 2043 5047 illis
2093 5007 2187 5048 oc-

595 5085 769 5140 currit
792 5086 845 5140 in
868 5086 952 5139 via
975 5094 1031 5140 et
1059 5083 1294 5139 salutat?
1325 5084 1438 5139 .\'on
1461 5086 1606 5140 enim
1636 5096 1921 5156 exspectat
1949 5088 2185 5158 primum

597 5179 842 5249 agnosci,
875 5194 974 5233 nec
1026 5177 1254 5247 requirit
1305 5176 1506 5247 aliquid
1537 5178 1606 5230 ab
1643 5178 1741 5241 eis,
1785 5194 1885 5234 nec
1919 5181 2186 5248 permittit

595 5284 656 5323 se
685 5269 1032 5341 interrogari,
1062 5268 1158 5323 sed
1186 5276 1331 5323 totus
1359 5282 1427 5322 ex
1453 5266 1666 5323 fervore
1694 5268 1768 5337 pii
1800 5272 2026 5336 amoris,
2050 5286 2113 5325 ac
2138 5271 2182 5325 si

596 5360 857 5429 gaudens,
890 5360 1056 5426 vadit,
1100 5368 1159 5415 ut
1199 5359 1331 5425 dixi,
1379 5361 1432 5414 in
1479 5360 1879 5425 salutationem,
1928 5377 2192 5434 suumque

597 5451 763 5506 solvit
796 5453 909 5523 ipse
933 5453 1267 5509 mandatum.
1307 5454 1574 5521 Quoniam
1625 5455 1726 5510 etsi
1786 5463 1909 5510 sunt
1962 5455 2054 5525 qui
2100 5456 2193 5511 de-

596 5545 903 5613 spondeant
954 5546 1253 5602 Ecclesiam
1296 5564 1461 5602 unam
1510 5548 1774 5619 virginem
1821 5558 2024 5605 castam
2081 5551 2192 5606 Deo

598 5652 873 5706 sponsam,
909 5639 1023 5707 ipse
1052 5640 1197 5694 solus
1225 5650 1309 5694 est
1332 5656 1579 5711 Sponsus,
1607 5641 1697 5709 qui
1723 5657 1815 5696 sua
1862 5640 2193 5698 salutatione

601 5745 758 5788 suum
789 5730 949 5787 solvit
984 5732 1132 5789 licite
1156 5733 1488 5789 utandatum.
1522 5734 1658 5803 Quia
1708 5743 1878 5794 totum
1929 5735 2095 5794 vincit
2137 5744 2194 5791 et

2295 4512 2624 4593 i-nvolvimur
2646 4531 3107 4591 inextricabilium
3136 4529 3501 4599 quasstionum
3533 4518 3683 4578 nodis.
3702 4512 3803 4578 Qut-

2294 4636 2515 4699 propter
2535 4626 2711 4682 dicam
2739 4623 2881 4695 quod
2917 4620 3249 4694 probabilius
3278 4618 3414 4675 mihi
3462 4614 3665 4669 videtur.
3704 4601 3803 4657 Ecce

2291 4718 2468 4789 prima
2498 4715 2721 4773 Sabbati
2744 4730 2903 4770 mane
2932 4712 3189 4779 diluculo,
3219 4712 3367 4768 sicut
3416 4720 3595 4766 omnes
3636 4706 3805 4789 conﬁci?

2293 4788 2457 4875 tiunt,
2485 4818 2706 4865 ventum
2745 4817 2830 4864 est
2885 4807 2956 4861 ad
2999 4812 3432 4869 monumentum,
3469 4810 3523 4857 et
3560 4797 3707 4852 factus
3745 4788 3805 4838 est

2292 4900 2404 4966 ille,
2439 4916 2600 4971 quem
2631 4898 2919 4955 Matthatus
2946 4905 3165 4962 narrat,
3213 4904 3566 4955 terraemotns,
3611 4893 3657 4940 et
3694 4887 3804 4971 ητοέ

2295 4993 2439 5049 lutus
2457 4969 2549 5049 est
2566 4993 2725 5063 lapis,
2754 5000 2918 5062 atque
2944 4989 3191 5047 exterriti
3218 4997 3347 5045 sunt
3371 4983 3629 5044 custodes,
3669 4976 3728 5029 ita
3761 4969 3798 5018 Ill

2295 5084 2348 5139 in
2377 5093 2530 5155 parte
2560 5084 2740 5154 aliqua
2760 5082 3010 5151 iacerent
3033 5081 3188 5151 quasi
3216 5079 3437 5136 mortui.
3467 5073 3612 5129 Venit
3636 5070 3801 5138 profsus

2293 5178 2530 5248 primum
2578 5175 2771 5243 Maria,
2806 5175 2950 5231 sicut
2995 5173 3231 5230 Joannes
3278 5173 3427 5231 dicit.
3484 5165 3633 5222 Maria
3668 5155 3801 5248 utique

2295 5243 2610 5341 Magdalene
2640 5270 2757 5325 sine
2795 5268 2983 5334 dubio,
3016 5267 3230 5323 caeteris
3257 5262 3581 5322 mulieribus,
3609 5263 3705 5322 quis
3726 5243 3802 5297 Do.

2297 5362 2500 5416 minum
2528 5361 2917 5431 sequebantur,
2973 5359 3028 5413 in
3083 5357 3368 5413 dilectione
3417 5347 3600 5408 Christi
3642 5343 3800 5396 ferte"-

2294 5455 2421 5510 tior.
2448 5455 2601 5511 Unde
2632 5469 2732 5510 nec
2758 5453 3029 5509 immerito
3050 5450 3286 5507 Joannes
3314 5447 3481 5506 solam
3519 5445 3642 5498 hanc
3688 5438 3798 5483 ωηι-

2294 5556 2580 5612 memorat,
2622 5547 2804 5602 tacitis
2826 5546 2912 5602 his
2936 5560 3056 5616 qua:
3080 5559 3203 5600 cum
3222 5557 3282 5598 ea
3308 5540 3535 5595 fuerant.
3554 5524 3797 5616 Veniterstll

2293 5599 2490 5707 tua}:
3023 5599 3295 5694 sublatum
3317 5648 3347 5687 a
3378 5599 3793 5717 ntouutnetll‘i::‘jl

2295 5749 2418 5791 eum
2450 5734 2589 5791 forte
2615 5692 3165 5808 angelorrevolvente,
3225 5737 3279 5787 et
3327 5729 3596 5795 antequam
3637 5692 3790 5773 alitimd

3954 288 3959 375 ‘

3954 548 3961 579 l
