4048 6352
209 337 321 395 985

895 336 1262 398 EXPOSITIO
1299 339 1366 396 IN
1403 338 1843 402 MATTHEUM.
1887 371 1960 388 --
1997 342 2127 401 LIB.
2172 344 2286 413 XII,
2328 344 2479 403 CAP.
2524 343 2760 404 XXVIII.

3395 348 3498 406 986

208 452 533 523 diligentius
563 451 874 522 inspiceret,
926 468 1032 508 non
1082 454 1351 512 dubitavit
1398 457 1637 513 ablatum
1678 473 1800 514 esse
1830 462 1874 522 Α
1906 462 2142 515 nuntiate
2164 462 2417 532 fratribus
2444 463 2594 525 meis,
2618 471 2674 515 ut
2697 471 2816 516 eant
2857 463 2912 516 in
2957 460 3372 530 Galilteam;ibi
3414 481 3497 521 nte

208 543 344 599 inde
373 558 574 613 corpus
602 544 752 611 Jesu,
786 545 1030 600 cucurrit
1058 554 1112 601 et
1135 548 1408 603 nuntiavit
1435 548 1600 604 Petro
1645 559 1808 620 atque

202 633 437 691 Joanni.
457 637 529 690 At
549 636 624 691 illi
645 646 945 702 currentes,
972 639 1324 710 expleverunt
1344 657 1464 712 quae
1486 642 1626 697 idem
1650 640 1809 700 Joan-

204 742 317 784 nes
343 738 554 787 narrat.
598 727 775 785 Maria
802 740 984 786 autem
1014 731 1251 797 interim,
1283 734 1456 790 donec
1487 736 1667 791 omnia
1715 751 1808 791 ex-

203 820 430 891 plerent
457 820 530 874 illi
563 820 670 875 duo
699 837 976 888 cursores,
1008 824 1181 878 stabat
1202 825 1271 879 ad
1296 837 1689 881 monumentum
1720 828 1804 898 [o-

201 915 284 969 ris
306 915 548 986 plorans,
574 925 670 971 aut
693 914 832 972 forte
869 933 899 971 a
930 917 1093 973 domo
1125 919 1238 989 jam
1289 934 1555 992 regressa.
1615 920 1807 976 Stabat

197 1015 397 1060 autem
438 1015 563 1061 ante
611 1006 763 1062 illum
785 1009 936 1064 saxei
965 1009 1198 1080 sepulcri
1229 1010 1429 1077 locum,
1484 1012 1579 1068 sed
1625 1022 1804 1068 tamen

196 1097 355 1152 intra
387 1097 521 1153 illud
552 1099 753 1155 atrium
774 1117 884 1172 quo
905 1100 1019 1171 jam
1054 1104 1310 1176 ingressae.
1336 1104 1552 1160 fuerant
1602 1106 1718 1177 ipsa
1751 1117 1807 1163 et

195 1188 297 1244 illa
326 1189 434 1244 alia
460 1189 649 1258 Maria,
707 1207 801 1248 seu
830 1202 884 1249 et
913 1194 1133 1265 reliquae
1175 1211 1311 1266 quas
1366 1206 1546 1253 tacent
1607 1207 1806 1269 praeter

193 1279 309 1335 has
343 1279 506 1346 duas,
537 1281 605 1337 de
632 1284 830 1353 quibus
858 1285 1171 1355 loquuntur,
1199 1289 1269 1343 ob
1320 1290 1501 1359 magni
1560 1292 1801 1361 mysterii

194 1382 643 1428 sacramentum.
677 1375 808 1442 Qua:
837 1385 965 1433 tunc
1011 1378 1266 1434 viderunt
1310 1380 1556 1451 angelum
1614 1382 1805 1437 seden-

195 1473 317 1520 tem
346 1481 380 1520 a
409 1466 621 1523 dextris
657 1483 820 1538 super
844 1468 1073 1540 lapidem
1108 1470 1433 1535 revolutum,
1463 1473 1528 1527 de
1553 1489 1659 1543 quo
1681 1489 1804 1528 nar-

191 1565 288 1612 rat
310 1557 605 1614 Matthaeus
633 1568 687 1613 et
710 1557 946 1625 Marcus,
973 1562 1065 1630 qui
1093 1561 1230 1617 dixit
1252 1563 1332 1618 eis
1352 1578 1472 1633 quae
1496 1562 1631 1618 lecta
1652 1571 1799 1619 sunt.

191 1646 352 1702 Inter
377 1648 497 1704 haec
522 1649 710 1713 verba,
739 1661 999 1720 quantum
1030 1652 1260 1717 videtur,
1297 1653 1463 1709 Maria
1485 1695 1498 1717 ,
1528 1654 1654 1709 dum
1712 1653 1803 1709 fle-

190 1751 309 1807 ret,
349 1741 628 1797 inclinavit
651 1760 706 1797 se
727 1753 776 1798 et
795 1746 1059 1814 prospexit
1088 1746 1143 1800 in
1163 1758 1580 1813 monumentum,
1602 1757 1651 1802 et
1674 1747 1800 1802 vidit

187 1834 324 1889 illus
350 1834 490 1889 duos
513 1836 745 1906 mtgelos,
778 1838 844 1892 de
871 1837 1067 1906 quibus
1095 1839 1226 1893 dicit
1251 1838 1508 1906 Joannes,
1543 1842 1797 1897 sedentes

184 1927 465 1994 primum.
497 1925 701 1982 Deinde
746 1938 806 1981 ut
834 1928 1177 1998 alloquuntur
1201 1931 1250 1985 ci
1282 1931 1423 1987 Luca
1469 1942 1626 1998 teste,
1671 1935 1795 2004 quia

182 2017 404 2072 viderit
438 2032 534 2073 eos
558 2026 790 2084 stantes,
817 2022 1118 2076 surrexisse
1147 2024 1465 2088 creduntur,
1495 2034 1550 2080 et
1594 2026 1797 2082 dixisse

183 2108 505 2162 secundum
555 2123 618 2163 ea
651 2124 772 2179 quae
815 2110 989 2166 Lucas
1018 2123 1225 2168 narrat.
1283 2114 1429 2169 Inter
1475 2132 1609 2185 quas
1661 2116 1796 2173 forte

180 2198 522 2268 angelorum
552 2200 787 2256 visiones
812 2210 867 2257 et
891 2204 1273 2260 miraculorum
1297 2206 1449 2278 signa
1475 2207 1560 2262 illa
1588 2218 1797 2279 perter-

181 2291 337 2356 rita,
364 2293 527 2348 etiam
550 2294 771 2364 angelos
790 2311 929 2366 quos
970 2297 1209 2364 videbat,
1251 2306 1470 2370 stupore
1521 2302 1793 2371 perculsa,

176 2382 512 2453 ignorabat,
545 2385 651 2440 huc
683 2386 918 2458 illucque
966 2388 1160 2445 faciem
1192 2391 1603 2458 circumferens,
1661 2394 1796 2448 nihil

175 2475 347 2531 aliud
380 2478 482 2533 nisi
518 2479 802 2535 Dominum
850 2482 1034 2538 videre
1084 2484 1444 2539 desiderabat.
1496 2486 1795 2542 Conversa-

173 2583 299 2638 que
334 2576 488 2624 retro
514 2571 639 2625 vidit
670 2572 850 2627 Iesum
877 2582 1123 2639 stantem,
1146 2585 1193 2629 et
1218 2577 1474 2630 nesciebat
1495 2577 1618 2647 quia
1639 2577 1794 2631 Iesus

172 2669 328 2714 esset
354 2657 543 2727 (Joan.
574 2662 688 2732 xx).
721 2662 839 2717 Non
866 2665 1012 2735 quod
1061 2666 1276 2737 1212
1333 2667 1594 2723 Dominus
1638 2669 1791 2737 juxta

174 2750 559 2807 lanichamm
588 2764 645 2809 et
671 2753 808 2811 alios
857 2756 1147 2812 haereticos
1197 2756 1427 2813 formam
1478 2762 1790 2828 mutaverit,

171 2855 240 2899 ut
271 2859 385 2915 pro
410 2845 691 2902 voluntate
742 2861 837 2902 sua
891 2847 1137 2905 diversus
1166 2865 1228 2905 ac
1262 2850 1444 2905 varius
1494 2851 1788 2917 videretur,

171 2935 280 2990 sed
343 2934 474 3004 quia
520 2934 686 2990 Maria
735 2936 1108 3007 obstupefacta
1161 2940 1453 3005 miraculis,
1508 2942 1659 2998 locus
1703 2944 1793 2999 ille

170 3025 317 3094 quia
359 3024 553 3080 hortus
573 3033 711 3092 erat,
741 3026 1087 3084 hortulanum
1109 3044 1233 3085 eum
1264 3032 1496 3101 putavit.
1529 3032 1627 3088 Cui
1684 3034 1791 3089 Do-

169 3117 377 3171 minus
407 3129 547 3185 pene
569 3116 774 3173 eisdem
802 3119 982 3175 verbis
1011 3120 1208 3191 quibus
1237 3131 1294 3177 et
1336 3125 1560 3193 angelus
1613 3124 1785 3195 loqui-

1913 552 2175 606 ridebunt.
2208 553 2346 608 Ecce
2370 562 2630 623 quantum
2667 552 2959 622 proficiunt
3007 569 3074 610 ex
3129 554 3336 610 visione
3377 554 3494 623 Dei,

1911 659 2030 715 qua:
2057 660 2181 699 mox
2220 645 2506 699 mittuntur
2532 646 2599 700 ad
2629 645 2919 714 apostolos,
2951 653 3009 701 et
3036 645 3171 700 fiunt
3222 646 3495 718 evangeli-

1910 745 2025 792 stte.
2062 736 2214 792 Unde
2255 737 2544 807 sequitur:
2606 735 2757 791 Venit
2799 752 2920 807 ergo
2970 736 3145 791 Maria
3187 738 3499 809 Magdalene

1908 829 2231 882 annuntians
2276 826 2547 898 discipulis
2584 829 2709 899 quia
2758 829 2863 883 vidi
2917 828 3238 895 Dominum,
3289 840 3338 883 et
3386 831 3498 886 lttec

1907 919 2041 972 dixit
2065 918 2214 971 mihi.
2244 916 2360 972 Non
2383 918 2527 987 quod
2560 918 2674 973 sola
2723 917 2811 972 illa
2863 918 2977 974 haec
3014 920 3365 985 nuntiaverit,
3404 920 3498 975 sed

1908 1008 1969 1063 fit
1997 1008 2273 1063 distinctio
2302 1008 2369 1062 ab
2399 1023 2463 1063 ea
2484 1009 2692 1064 visione
2716 1024 2879 1079 quam
2905 1008 3021 1065 sola
3070 1009 3204 1064 vidit
3261 1018 3317 1064 et
3360 1027 3497 1066 nun-

1909 1100 2084 1164 tiavit,
2110 1108 2270 1169 atque
2296 1099 2365 1153 ab
2405 1115 2467 1154 ea
2498 1115 2659 1169 quam
2710 1116 2836 1156 cum
2892 1100 3116 1170 reliquis
3162 1099 3317 1167 vidit,
3363 1116 3498 1172 quas

1904 1192 2081 1247 Lucas
2111 1202 2522 1259 commemorat,
2559 1194 2701 1263 quod
2733 1193 3101 1250 nuntiaverint
3151 1194 3268 1250 haec
3311 1195 3494 1251 omnia

1905 1283 2010 1338 illis
2033 1284 2280 1339 undecim
2308 1294 2363 1339 et
2388 1284 2602 1339 caeteris
2627 1286 2899 1341 omnibus.

1976 1374 2045 1429 Et
2061 1392 2175 1429 ecce
2188 1376 2403 1446 quidam
2417 1376 2481 1431 de
2493 1376 2794 1431 custodibus
2811 1384 3055 1431 venerunt
3071 1378 3125 1431 in
3140 1377 3420 1444 civitatem,
3447 1388 3495 1433 et

1905 1467 2273 1521 nuntiaverunt
2302 1468 2620 1537 principibus
2645 1468 2975 1522 sacerdotum
3003 1470 3177 1523 omnia
3205 1487 3322 1541 qua:
3353 1472 3495 1536 facta

1904 1559 2138 1628 fuerant,
2165 1567 2294 1622 etc.,
2322 1574 2441 1628 qua:
2460 1560 2672 1630 1213
2698 1569 2998 1630 sequuntur
3016 1562 3295 1631 usquead:
3313 1562 3498 1617 Divul-

1901 1660 2080 1720 gntum
2094 1660 2165 1703 est
2182 1650 2389 1703 verbum
2404 1651 2545 1704 istud
2558 1651 2698 1720 apud
2710 1650 2928 1705 Iuda-os
2945 1669 3104 1723 usque
3117 1654 3171 1706 in
3183 1654 3495 1711 hodiernum

1903 1740 2063 1794 diem.
2101 1740 2224 1795 llaec
2254 1741 2456 1796 idcirco
2470 1742 2611 1797 dicta
2627 1742 3496 1817 suntaMatthteoevangelistamt
3566 1788 3571 1798 .

1831 1816 1875 1876 Β
1904 1830 2044 1887 facta
2059 1849 2087 1886 a
2103 1834 2436 1900 custodibus,
2454 1844 2512 1889 ut
2528 1835 2653 1890 inde
2666 1838 2835 1908 magis
2848 1838 3129 1909 magisque
3142 1816 3394 1896 omnibus
3406 1856 3497 1913 ap—

1896 1934 2126 1997 pareant
2142 1927 2553 1982 inexcusabiles.
2582 1927 2715 1981 Nam
2731 1930 2984 1984 custodes
3004 1929 3131 1985 licet
3152 1929 3279 1985 facti
3300 1931 3410 1986 sint
3432 1945 3497 1986 ac

1896 2019 2097 2074 mortui
2119 2034 2230 2089 pra:
2257 2034 2474 2089 pavore,
2509 2027 2689 2074 tamen
2727 2029 2782 2075 et
2820 2022 3075 2075 viderunt
3106 2030 3161 2076 et
3205 2022 3498 2079 audierunt

1895 2112 2071 2182 plura,
2123 2112 2337 2181 quando
2371 2112 2516 2181 ipsos
2560 2111 2780 2182 angelos
2817 2127 3045 2168 cernere
3093 2121 3408 2184 potuerunt,
3440 2124 3497 2168 et

1894 2211 2105 2274 petram
2143 2202 2212 2257 ab
2239 2204 2378 2257 ostio
2424 2196 2785 2260 monumenti
2814 2205 3138 2270 revolutam,
3170 2221 3265 2261 seu
3297 2215 3498 2263 caetera.

1895 2310 2016 2365 qum
2036 2310 2177 2350 nunc
2212 2304 2362 2365 gesta
2393 2304 2518 2350 sunt
2554 2296 2824 2352 viderunt.
2852 2297 2917 2351 Et
2944 2298 3073 2353 hinc
3103 2307 3188 2353 est
3222 2298 3369 2368 quod
3394 2298 3494 2365 ait,

1894 2386 2018 2456 quia
2053 2386 2419 2440 nuntiaverunt
2445 2387 2622 2440 omnia
2650 2403 2769 2457 qute
2784 2386 2926 2455 facta
2949 2398 3069 2442 sunt
3102 2388 3309 2460 (utique
3332 2391 3493 2459 vera)

1893 2476 2218 2549 principibus
2248 2477 2601 2530 sacerdotum.
2649 2476 2757 2531 Sed
2812 2477 2887 2532 illi
2930 2478 3023 2548 qui
3057 2478 3325 2534 debebant
3365 2494 3495 2535 con-

1893 2571 2031 2625 verti
2054 2571 2119 2623 ad
2146 2568 2616 2639 pteuitentiam,'et
2636 2570 2816 2624 omnia
2843 2572 3169 2641 perscrutari
3188 2587 3308 2641 quae
3324 2573 3491 2639 dicta,

1895 2680 2016 2734 qum
2067 2662 2207 2717 facta
2251 2662 2487 2727 fuerant,
2539 2672 2600 2717 ut
2630 2663 2932 2719 invenirent
2976 2679 3160 2719 veram
3199 2664 3387 2730 vitam,
3426 2680 3494 2721 ac

1891 2760 2186 2829 probarent
2214 2757 2579 2812 resurrexisse
2622 2772 2781 2826 quem
2809 2765 3077 2811 mortuum
3107 2758 3295 2827 procul
3329 2758 3493 2814 dubio

1894 2854 2160 2916 sciebant,
2213 2859 2563 2922 perseverant
2614 2850 2666 2904 in
2723 2849 2970 2921 perfidia,
3024 2850 3166 2905 sicut
3210 2858 3268 2906 et
3314 2851 3491 2906 adhuc

1893 2943 2074 2999 hodie.
2107 2942 2284 3012 Ipsam
2314 2941 2623 3012 pecuniam,
2648 2955 2769 3010 quae
2794 2941 2861 2995 ad
2900 2955 3030 2996 usus
3061 2940 3246 3011 templi
3296 2955 3359 2995 ac
3403 2956 3491 2996 sa-

1893 3038 2222 3094 crificiorum
2264 3037 2359 3091 Dei
2402 3036 2527 3091 data
2556 3034 2754 3098 fuerat,
2796 3042 3127 3090 convertunt
3175 3034 3227 3089 in
3279 3032 3490 3088 redem-

1892 3132 2136 3201 ptionem
2168 3127 2457 3192 mendacii,
2504 3127 2648 3183 sicut
2673 3134 2729 3181 et
2756 3136 2883 3181 ante
2927 3126 3147 3197 triginta
3194 3132 3486 3194 argenteos

170 3219 295 3265 tur.
332 3208 483 3266 Inter
506 3226 629 3281 qum
654 3210 807 3282 plura
834 3213 1039 3269 erroris
1058 3215 1223 3271 verba
1252 3231 1375 3286 quae
1409 3218 1644 3284 dixerat,
1673 3176 1787 3273 Ivo-
1816 3176 1863 3242 Ο
1894 3176 2159 3279 dederant
2187 3219 2472 3291 proditori.
2509 3217 2750 3273 Audiant
2783 3218 3184 3288 dispensatores
3233 3214 3493 3270 ecclesia-

168 3311 275 3358 cat
301 3301 462 3357 illam
489 3302 913 3374 benignissimus
935 3303 1095 3362 Jesus
1123 3321 1197 3362 ex
1216 3309 1456 3376 nomine,
1499 3325 1563 3366 ac
1610 3310 1744 3366 dicit
1771 3330 1785 3366 :
1894 3330 2016 3370 rum
2040 3312 2172 3384 quid
2206 3312 2295 3366 hic
2323 3311 2521 3366 sentiat
2564 3310 2753 3365 beatus
2783 3309 3145 3379 Hieronymus
3172 3308 3239 3362 de
3264 3307 3487 3363 talibus.

172 3390 399 3455 Maria,
433 3401 494 3448 ut
520 3410 680 3466 quem
712 3394 853 3452 facie
889 3412 995 3452 non
1019 3400 1363 3469 agnoscebat,
1413 3416 1545 3457 voce
1590 3403 1789 3459 intelli-
1894 3403 2049 3472 Quod
2073 3402 2252 3458 omnis
2294 3401 2385 3471 qui
2418 3401 2558 3471 stipe
2585 3400 2767 3470 templi
2795 3415 2890 3455 seu
2919 3399 3123 3463 altaris,
3168 3407 3223 3453 et
3261 3399 3345 3453 his
3370 3413 3491 3469 quae

168 3492 369 3556 geret.
386 3483 503 3548 Illa,
525 3501 759 3543 mterore
774 3488 1013 3558 perfusa,
1029 3488 1250 3556 Raboni,
1270 3491 1323 3546 id
1343 3500 1429 3548 est
1444 3493 1781 3563 magistrum,
1892 3497 2244 3553 conferuntur
2279 3494 2345 3547 ad
2394 3506 2525 3548 usus
2581 3491 2837 3547 Ecclesiae
2892 3490 3018 3557 Dei,
3081 3491 3379 3547 abutuntur
3433 3490 3489 3545 in

169 3584 357 3630 vocat
380 3590 529 3633 eum.
564 3576 694 3645 Quae
718 3594 841 3634 cum
868 3580 1027 3636 vellet
1052 3582 1230 3639 adhuc
1278 3599 1400 3639 eum
1442 3594 1621 3641 mente
1677 3598 1791 3642 tur-
1894 3589 2018 3644 aliis
2046 3585 2376 3658 quibuslibet
2402 3586 2586 3650 rebus,
2614 3585 2813 3655 quibus
2841 3598 2993 3639 suam
3027 3584 3278 3654 expleant
3297 3583 3489 3640 volun-

170 3665 319 3721 hala
350 3666 685 3738 contingere.
720 3669 852 3724 die“
873 3670 922 3725 ei
959 3689 972 3723 ε
1005 3669 1136 3725 Noli
1157 3687 1238 3727 me
1259 3682 1488 3744 tangere,
1514 3683 1568 3729 et
1593 3683 1789 3731 caetera
1893 3689 2062 3737 tatem
2102 3679 2187 3735 vel
2216 3679 2394 3743 lucra,
2438 3677 2642 3733 similes
2677 3686 2804 3732 sunt
2850 3675 3164 3731 Scribarum
3216 3684 3273 3730 et
3303 3691 3487 3732 sacer-

173 3776 313 3832 quaa
338 3771 663 3831 sequuntur.
719 3763 872 3820 Tunc
928 3764 1016 3820 illa
1066 3779 1284 3838 egressa
1326 3768 1394 3822 de
1449 3768 1538 3824 illo
1594 3769 1790 3825 atriolo
1893 3770 2080 3825 dctum
2111 3766 2491 3822 redimentium
2523 3764 2865 3821 mendacium
2896 3774 2951 3820 et
3002 3764 3318 3835 sanguinem
3369 3763 3489 3821 Sal-

171 3856 566 3921 monumenti,
591 3871 685 3911 seu
707 3856 777 3912 ab
810 3872 878 3913 eo
901 3857 1020 3914 loco
1043 3859 1133 3913 ubi
1174 3869 1294 3914 erat
1338 3861 1571 3930 spatium
1622 3862 1787 3929 horti,
1891 3859 2115 3915 vatoris.
2158 3856 2266 3912 Sed
2305 3857 2433 3913 caeci
2462 3856 2759 3926 principes,
2807 3856 2900 3925 qui
2931 3856 3097 3911 tantis
3133 3855 3483 3912 obcaecantur

172 3963 317 4007 cum
358 3962 469 4019 qua
499 3956 554 4004 et
574 3948 713 4016 alite,
740 3965 878 4020 quas
902 3952 1197 4007 secundum
1228 3951 1468 4009 Marcum
1517 3954 1791 4010 invaserat
1890 3953 2071 4017 malis,
2102 3952 2233 4006 dant
2273 3950 2561 4021 pecuniam
2606 3950 2882 4019 copiosam
2931 3947 3193 4003 militibus
3225 3956 3287 4001 ut
3333 3962 3486 4003 men-

176 4048 412 4096 trernor
446 4052 503 4095 et
523 4056 711 4111 pavor,
757 4057 880 4097 cum
925 4042 1086 4110 irent,
1140 4051 1195 4097 et
1242 4045 1444 4099 nemini
1493 4046 1787 4117 quidquam
1895 4048 2116 4103 tiantur.
2149 4043 2261 4100 Nec
2285 4053 2465 4099 tamen
2495 4042 2787 4098 verisimile
2809 4042 3008 4112 aliquid
3039 4040 3321 4096 inveniunt
3343 4042 3488 4110 quod

172 4132 578 4204 loquerentur,
606 4150 723 4190 ecce
746 4134 799 4190 in
831 4134 936 4198 via.
983 4143 1042 4191 ut
1092 4135 1375 4191 Matthaaus
1418 4136 1517 4202 ait,
1561 4140 1791 4192 occurrit
1844 4122 1854 4133 ’
1893 4140 2097 4205 dicant,
2129 4137 2232 4193 nisi
2275 4143 2484 4191 tantum
2512 4134 2840 4205 persuadent
2869 4142 2929 4188 ut
2967 4132 3149 4205 dicant
3184 4133 3310 4202 quia
3338 4132 3486 4187 nobis

172 4225 257 4279 eis
280 4220 483 4289 Iesus,
503 4237 568 4278 ac
594 4224 728 4280 dicit
750 4224 855 4281 illis
881 4239 897 4279 :
923 4225 1096 4280 Aucte.
1127 4224 1247 4280 Illte
1296 4234 1477 4281 autem
1509 4224 1623 4295 jam
1680 4243 1792 4284 me—
1894 4229 2298 4293 dormientibus,
2348 4235 2600 4282 venerunt
2630 4225 2877 4295 discipuli
2909 4224 3022 4295 ejus
3063 4235 3112 4279 et
3143 4223 3310 4295 furati
3358 4233 3485 4279 sunt

173 4313 296 4371 lius
329 4313 565 4381 edoctae,
588 4313 675 4370 vel
701 4323 957 4371 recreatis
977 4315 1032 4370 in
1051 4314 1176 4383 fide,
1200 4325 1530 4370 accesserunt
1556 4327 1602 4371 et
1618 4327 1793 4372 tenue-
1894 4337 2033 4376 eum.
2063 4319 2218 4388 Quod
2246 4318 2293 4374 si
2319 4316 2659 4373 dormierunt
2690 4314 3024 4371 insanissimi
3046 4312 3252 4370 Scriba:
3277 4321 3333 4369 et
3353 4311 3489 4369 Pha-

177 4417 320 4464 nuel
341 4407 527 4477 pedes,
547 4416 594 4463 et
625 4408 974 4463 adoraverunt
1012 4424 1166 4473 eum;
1215 4422 1376 4478 quem
1412 4423 1517 4463 non
1571 4409 1792 4465 adoras-
1892 4412 2062 4479 risazi,
2105 4417 2267 4465 tantm
2306 4408 2384 4463 rei
2428 4406 2701 4470 custodes,
2727 4404 2869 4460 unde
2898 4403 3042 4460 scire
3088 4411 3342 4475 poterant
3391 4401 3486 4473 qui

176 4509 321 4557 sent
346 4499 455 4555 nisi
478 4483 876 4570 cognovissent.
929 4498 1113 4569 Neque
1150 4497 1308 4556 Jesus
1348 4500 1686 4569 permitteret
1732 4516 1790 4556 se
1821 4549 1867 4570 η
1893 4518 2018 4559 eum
2063 4500 2332 4563 tollerent,
2360 4497 2446 4553 vel
2490 4495 2882 4567 quo’abirent?
2916 4495 3023 4552 Sed
3054 4495 3255 4552 milites
3297 4495 3487 4551 dicunt

174 4591 352 4665 tangi
382 4593 456 4648 ab
487 4593 588 4658 eis,
614 4593 719 4648 nisi
739 4591 1094 4649 credidissent
1113 4594 1255 4664 quod
1283 4593 1444 4663 paulo
1472 4593 1789 4649 anteMaria

175 4701 301 4742 non
337 4682 573 4750 fecerat,
616 4699 777 4754 quem
808 4684 1151 4740 hortulanum
1204 4685 1448 4756 putabat.
1481 4684 1573 4740 Sic
1619 4685 1787 4751 enim,

174 4776 426 4837 fratres,
455 4775 791 4844 expositione
813 4774 940 4840 loci,
981 4784 1038 4830 et
1057 4775 1360 4845 frequentia
1399 4776 1687 4830 mulierum
1737 4783 1792 4829 et

172 4867 522 4942 angelorum
551 4868 977 4939 apparitionibus
1005 4868 1462 4939 comprehendere
1485 4882 1788 4938 possumus,

172 4978 255 5019 ne
284 4963 355 5017 in
385 4959 499 5016 ullo
524 4961 886 5033 evangelistas
909 4960 978 5016 ab
1001 4961 1233 5017 invicem
1280 4961 1590 5017 dissentire.
1638 4960 1793 5016 Unde

1895 4593 2040 4664 quod
2075 4591 2353 4653 sentiunt,
2400 4596 2455 4643 et
2482 4587 2625 4656 quod
2674 4586 2929 4641 viderunt
2965 4594 3019 4642 et
3071 4587 3399 4652 audierunt;
3428 4593 3487 4640 at

1897 4698 1994 4738 vos
2012 4698 2043 4737 e
2072 4680 2349 4737 contrario
2375 4678 2642 4733 redimitis
2679 4677 3020 4733 mendacium
3047 4685 3108 4732 ut
3134 4678 3317 4733 dicant
3341 4676 3485 4741 quod

1898 4772 2218 4829 dormierint
2252 4784 2353 4825 nec
2381 4768 2617 4823 viderint
2666 4782 2730 4822 ea
2759 4783 2879 4839 qua:
2905 4777 3057 4839 gesta
3096 4776 3241 4823 sunt.
3287 4766 3479 4831 Dicite,

1899 4880 2101 4937 quzeso,
2130 4864 2253 4935 quis
2294 4862 2462 4933 judex
2497 4861 2633 4918 tales
2661 4861 2843 4917 audiet
2868 4861 3077 4917 testes?
3114 4860 3245 4928 Quis
3273 4867 3479 4914 tantum

1901 4972 2008 5012 non
2034 4954 2283 5024 intelligit
2312 4952 2697 5008 mendacium?
2723 4951 2875 5019 Quod
2910 4952 2954 5008 si
2977 4952 3066 5007 alii
3089 4959 3362 5021 nequeunt
3388 4950 3481 5005 de-

172 5048 555 5119 intelligimus
579 5050 663 5104 bis
687 5064 783 5105 eas
810 5048 1192 5105 allocutionem
1226 5049 1478 5104 habuisse
1508 5064 1631 5104 cum
1693 5062 1791 5102 an-
1893 5047 2230 5118 prehendere
2257 5054 2465 5101 vestras
2497 5045 2740 5109 insidias,
2791 5045 2893 5115 ipsi
2942 5045 3139 5100 milites
3178 5043 3483 5115 intelligunt

174 5144 338 5216 gelis
364 5155 382 5195 :
404 5156 569 5196 unam
602 5140 814 5197 scilicet
843 5156 966 5197 cum
990 5156 1057 5196 eo
1076 5141 1168 5212 qui
1199 5157 1360 5211 supra
1385 5141 1615 5210 lapidem
1639 5140 1793 5197 sede-
1895 5155 2057 5210 quam
2093 5138 2282 5209 perfidi
2304 5176 2309 5180 ς
2332 5145 2386 5192 et
2412 5152 2577 5206 quam
2624 5136 2793 5191 dolosi
2826 5136 2968 5190 sitis.
3025 5134 3179 5191 Unde
3232 5134 3483 5204 quamvis

173 5238 309 5302 hat,
355 5242 417 5290 et
443 5233 602 5289 aliam
630 5248 755 5290 cum
792 5234 878 5290 his
901 5233 994 5303 qui
1021 5234 1076 5289 in
1104 5243 1452 5288 monumento
1475 5240 1651 5286 erant.
1703 5231 1795 5287 Sic
1896 5233 2169 5304 cupiosam
2209 5231 2492 5302 pecuniam
2523 5228 2780 5284 dederitis
2816 5237 2876 5282 ut
2924 5234 3167 5282 tacerent
3192 5240 3379 5281 verum
3427 5235 3483 5282 et

173 5312 411 5386 etcum
450 5326 698 5393 Domino,
749 5326 898 5396 prius
943 5325 1049 5380 illic
1089 5324 1304 5394 quando
1351 5322 1516 5378 Maria
1558 5322 1799 5377 hortula-
1898 5323 2231 5379 affirmarent
2261 5320 2618 5381 mendacium,
2662 5328 2842 5373 tamen
2888 5332 3015 5373 ecce
3040 5315 3373 5386 divulgatum
3399 5325 3484 5373 est

173 5437 331 5478 num
359 5433 488 5473 eum
522 5417 753 5488 putavit,
782 5426 839 5472 et
860 5434 1004 5472 nunc
1031 5419 1247 5480 iterum,
1297 5431 1418 5471 cum
1454 5416 1532 5471 eis
1559 5415 1799 5471 occurrit
1900 5417 2041 5487 apud
2098 5414 2312 5470 Iudaeos
2371 5421 2567 5467 vestrae
2641 5411 2817 5481 gentis
2884 5409 3128 5464 homines
3206 5408 3336 5480 quid
3402 5404 3484 5463 fe—

174 5512 240 5566 in
278 5510 409 5571 via;
454 5516 513 5562 ut
540 5524 636 5564 eas
671 5510 784 5578 ipsa
811 5509 1130 5579 repetitione
1159 5506 1382 5562 visionis
1427 5523 1539 5562 suae
1570 5517 1626 5561 et
1666 5505 1799 5562 allo-
1901 5506 2076 5569 cistis,
2125 5514 2182 5559 et
2236 5518 2400 5573 quam
2451 5502 2653 5570 inique.
2700 5499 2768 5553 Et
2818 5515 2923 5554 nou
2976 5500 3147 5554 solum
3197 5499 3338 5569 apud
3390 5495 3485 5553 Ju-

174 5599 1356 5665 cutionislirmaret,etrecrearetatimore
1376 5607 1431 5653 et
1457 5609 1716 5661 tremore,
1745 5605 1800 5651 et
1900 5598 2064 5661 dmos,
2124 5611 2310 5650 verum
2337 5594 2499 5648 etiam
2551 5601 2606 5647 et
2657 5592 2798 5658 apud
2842 5606 3029 5645 omnes
3077 5599 3264 5661 gentes
3303 5607 3316 5643 :
3350 5587 3480 5643 Ubi-

175 5693 260 5749 ab
298 5691 395 5747 bis
415 5690 669 5747 omnibus
689 5706 810 5761 quae
838 5691 893 5745 in
921 5700 1100 5746 mente
1124 5691 1205 5746 eis
1239 5690 1529 5745 dubietatis
1580 5690 1797 5744 accide-
1903 5704 2103 5757 cunque
2134 5685 2478 5755 pra-dicatum
2509 5691 2591 5736 est
2624 5683 2718 5734 hoc
2769 5680 3107 5751 Evangelium
3158 5680 3215 5734 in
3238 5680 3484 5735 universo

178 5792 356 5844 rant.
393 5782 601 5849 Quibus
629 5782 707 5838 ait
731 5784 985 5855 primum,
1013 5782 1192 5837 Nolite
1212 5784 1425 5848 timere;
1464 5783 1680 5849 deinde,
1706 5784 1795 5850 ite,
1901 5778 2118 5833 mundo.
2178 5775 2290 5829 Viri
2358 5774 2679 5847 sanguinutn
2734 5769 2948 5843 1214
2996 5779 3051 5826 et
3089 5770 3297 5834 dolosi.
3357 5769 3486 5826 em!-
