4048 6352
657 292 759 351 987

1467 289 1523 344 S.
1564 288 1917 346 PASCHASII
1956 289 2257 346 RADBEll'l

2360 289 2633 347 tnuA'rts
2671 288 3119 347 connmensrs
3262 372 3267 377 ι
3718 316 3797 377 ηε

658 407 817 464 distis
864 403 1172 475 pecuniam,
1226 402 1479 457 falsitatis
1528 403 1783 474 pretium,
1839 413 1895 458 et
1938 403 2249 475 perdidistis
2276 407 2329 466 Α
2355 410 2531 459 terror
2550 403 2860 460 Iudaeorum
2888 405 3062 475 potuit
3102 405 3341 464 cohibere
3369 425 3396 465 a
3437 428 3571 472 cruce
3593 422 3704 477 vela
3740 443 3802 484 se.

658 497 853 569 legem,
880 511 942 551 ac
957 494 1187 565 patriam
1218 503 1380 564 atque
1413 494 1692 564 templum.
1723 493 2006 549 lnvenistis
2031 511 2097 550 cx
2119 511 2248 551 con-

660 592 784 648 silio
837 592 1256 645 instrumentum
1296 587 1555 659 perfidi-.c,
1588 588 1972 644 commercium
2018 586 2250 643 crudeli—

661 685 820 750 tatis,
858 682 1104 738 fraudem
1153 681 1278 736 ﬁdei
1319 690 1546 747 vestras,
1595 681 1954 737 latrocinium-
1980 682 2248 737 veritatis.

667 778 862 834 Dicere
889 776 1101 832 emistis
1132 776 1306 846 pretio
1337 774 1540 830 furtum
1568 790 1694 831 esse
1720 776 1863 854 quod
1906 783 2025 831 erat
2072 792 2253 831 resur-

661 870 922 926 rectionis
985 883 1266 923 arcanum.
1323 867 1545 923 Etecce
1596 867 1930 937 divulgatum
1975 877 2059 923 est
2108 868 2252 939 quod

660 964 850 1035 egistis
903 962 1043 1018 sicut
1093 969 1283 1016 contra
1321 975 1420 1016 vos
1468 960 1643 1015 adhuc
1676 961 1840 1016 hodie
1888 969 2036 1016 totus
2072 969 2255 1031 prote-

661 1065 841 1111 statur
863 1050 1035 1110 orbis.
1055 1052 1306 1108 Undecim
1333 1062 1508 1107 autem
1538 1052 1783 1122 discipuli
1805 1053 2044 1107 abierunt
2062 1054 2117 1108 in
2143 1051 2252 1108 Ga-

661 1148 861 1203 lilaeam
887 1148 943 1202 in
977 1157 1203 1202 montem
1233 1147 1322 1201 ubi
1349 1149 1621 1202 constituit
1644 1148 1750 1202 illis
1775 1148 2053 1203 Dominus.
2082 1148 2150 1202 Et
2182 1147 2267 1202 vl-‘

661 1239 841 1296 dentes
869 1257 988 1295 eum
1039 1240 1425 1305 adoraverunt,
1458 1240 1675 1311 quidam
1703 1256 1820 1295 vero
1863 1241 2251 1295 dubitaverunt.

663 1329 766 1386 Ubi
803 1345 996 1403 magna
1047 1331 1223 1385 oritur
1248 1331 1493 1400 quaestio,
1543 1331 1674 1402 quid
1713 1340 1796 1387 est
1840 1332 1984 1402 quod
2033 1332 2256 1402 angelus

661 1423 897 1493 primum
930 1424 983 1478 in
1007 1422 1285 1479 Galilzeam
1316 1425 1396 1480 ire
1419 1424 1593 1494 jubet,
1622 1427 1776 1497 quasi
1817 1427 2158 1482 solummodo
2183 1427 2254 1483 ibi

662 1515 833 1571 visuri
860 1515 969 1572 sint
992 1514 1300 1582 Domiumu,
1331 1517 1475 1587 quod
1496 1526 1550 1574 et
1582 1518 1843 1575 Dominus
1867 1518 2007 1576 idem
2033 1519 2259 1590 replicat

661 1609 866 1665 eisdem
910 1609 1248 1673 mulieribus,
1288 1627 1411 1668 cum
1440 1621 1600 1669 antea
1646 1614 1797 1669 visus
1826 1623 1910 1670 est
1941 1614 2164 1681 eisdem,
2200 1615 2256 1669 in

2351 494 2558 566 pulcro,
2596 512 2704 553 nou
2746 506 2875 567 puto
2925 496 3071 567 quod
3120 500 3342 568 quiverit
3381 505 3549 576 aliquis
3589 528 3666 570 eas
3701 526 3804 577 tanta

2351 589 2565 658 privare
2614 589 2832 659 gaudio,
2869 604 2939 645 ne
2976 590 3296 670 interessent
3346 596 3394 650 in
3426 606 3523 653 tam
3550 602 3807 668 desiderabiii

2354 681 2729 737 contubernio.
2782 680 2889 736 Sed
2939 682 2994 737 in
3045 698 3154 752 quo
3181 694 3352 741 monte
3377 688 3480 745 haec
3511 692 3627 750 visio
3649 708 3807 758 ostensa

2353 772 2518 829 fuerit
2566 789 2672 829 non
2715 773 3004 830 manifeste
3051 776 3264 843 dicitur,
3303 779 3400 837 nisi
3446 782 3566 840 forte
3605 788 3650 842 in
3685 802 3811 850 monte

2355 864 2593 931 Thabor,
2616 876 2711 921 aut
2739 866 2793 922 in
2816 866 2924 923 alio
2949 867 3149 938 aliquo,
3176 886 3279 940 quo
3303 872 3537 932 Dominus
3553 893 3653 934 cum
3668 883 3811 941 eisdem

2354 958 2634 1029 discipulis
2660 971 3021 1016 consueverat
3049 962 3214 1034 loqui.
3238 963 3303 1019 Et
3331 966 3439 1022 ideo
3469 973 3651 1039 quando
3672 975 3814 1034 dictum

2354 1059 2440 1104 est
2487 1058 2546 1105 ut
2588 1052 2730 1106 irent
2776 1051 2833 1107 in
2885 1052 3369 1122 Galilaeam-notus
3408 1070 3514 1115 erat
3549 1062 3617 1118 eis
3647 1064 3758 1122 locus
3774 1070 3811 1123 in

2354 1143 2543 1198 eadem
2589 1143 2829 1210 Galilzea,
2876 1163 2987 1217 quo
3030 1148 3111 1204 ire
3160 1148 3408 1206 deberent
3449 1154 3584 1223 juxta
3604 1170 3817 1215 catenetu-

2357 1233 2559 1300 diuem,
2593 1234 2794 1292 idcirco
2815 1237 3055 1294 dicitur:
3087 1239 3237 1295 Sicut
3275 1244 3517 1298 constituit
3535 1248 3599 1300 eis
3618 1248 3814 1305 Dominus.

2359 1323 2465 1390 Qui
2494 1326 2721 1382 videntes
2759 1328 3109 1385 adoraventnt
3154 1349 3290 1387 eam
3335 1334 3492 1391 Antea
3525 1338 3700 1406 quidem
3723 1343 3821 1396 vide-

2359 1426 2482 1473 rant
2506 1434 2651 1485 emn,
2705 1420 2799 1477 sed
2856 1424 3039 1479 nescio
3104 1424 3148 1479 si
3188 1432 3297 1480 tam
3345 1426 3615 1496 manifeste,
3651 1431 3717 1486 vel
3748 1442 3819 1488 tata

2356 1509 2717 1579 familiariter,
2741 1521 2795 1567 et
2822 1522 2932 1569 tam
2959 1516 3050 1571 diu
3099 1517 3439 1589 colloquendo
3475 1521 3700 1591 quomodo
3717 1533 3819 1578 tunc.

2359 1602 2425 1657 Et
2461 1603 2583 1658 ideo
2617 1603 2838 1674 dicitur,
2886 1607 3237 1663 adoraverunt
3267 1625 3401 1677 eum,
3447 1612 3559 1680 quia
3586 1627 3821 1685 recognou-

662 1702 799 1759 locis
833 1704 1031 1774 quibus
1058 1703 1406 1776 Evangelium
1439 1706 1648 1761 refert?
1677 1706 1863 1777 Neque
1890 1708 1989 1778 ipsi
2028 1708 2152 1763 illuc
2176 1709 2256 1763 ire
2294 1777 2303 1778 ί
2360 1702 2484 1748 rant
2512 1695 2694 1751 omnia
2738 1696 2891 1768 signa
2921 1698 3141 1755 deitatis
3194 1701 3249 1755 in
3276 1716 3339 1757 eo
3363 1710 3418 1756 et
3460 1702 3699 1769 veritatis;
3730 1703 3823 1773 quod

662 1796 1015 1861 accelerant?
1044 1798 1120 1853 De
1163 1813 1269 1869 qua
1297 1798 1411 1855 sola
1440 1798 1646 1856 visione
1684 1802 1971 1871 specialius
2003 1817 2070 1857 ex
2110 1817 2251 1872 pne-

2360 1786 2476 1857 ipse
2492 1787 2744 1858 idemque
2764 1797 2909 1846 esset
2932 1792 3024 1861 qui
3039 1807 3098 1847 se
3111 1801 3238 1849 ante
3256 1796 3540 1865 passionem
3560 1811 3699 1862 suam,
3712 1795 3823 1851 Deut!

661 1897 823 1958 cepto
853 1887 1167 1943 mandatum
1191 1898 1274 1945 est
1300 1891 1400 1946 eis.
1433 1890 1787 1962 Nequaquam
1815 1893 1980 1962 igitur
2009 1893 2128 1948 sine
2158 1892 2257 1948 ali-

663 1994 771 2050 quo
806 1989 1153 2036 sacramento
1191 1982 1294 2038 hoc
1323 1982 1524 2038 factum
1563 1985 1837 2053 existimo,
1866 1986 2011 2056 quod
2048 1986 2100 2041 in
2151 1986 2258 2042 Ga-

662 2069 858 2126 lilaeam
886 2072 967 2127 ire
982 2072 1263 2144 iubentur,
1285 2091 1349 2130 ac
1371 2076 1415 2130 si
1438 2076 1860 2133 solummodoibi
1886 2078 2049 2133 visuri
2075 2087 2260 2135 essent

665 2162 975 2219 Dominum.
1007 2165 1256 2221 Forsitan
1299 2168 1555 2238 quoniam
1577 2170 1690 2224 lucc
1709 2170 1945 2236 visio,ut
1966 2171 2040 2226 ita
2063 2170 2255 2239 fatear,

665 2272 774 2311 non
812 2257 991 2313 minus
1042 2257 1099 2312 in
1137 2260 1417 2329 prophetia
1449 2275 1609 2330 quam
1663 2261 1717 2315 iu
1759 2270 2102 2317 sacramento
2151 2270 2254 2318 est.

666 2346 799 2403 Nam
828 2347 1068 2414 Galilaea,
1097 2356 1156 2403 ut
1178 2365 1319 2420 sazpe
1346 2352 1549 2406 dictum
1581 2360 1684 2419 est,
1714 2353 2131 2423 transmigratio,
2162 2370 2259 2409 seu

664 2439 907 2494 revelatio
928 2442 1071 2511 facta
1102 2441 1510 2512 interpretatur.
1542 2444 1617 2499 Ex
1646 2460 1752 2515 quo
1777 2445 2155 2517 prOpbetatum
2174 2454 2261 2502 est

664 2531 808 2601 quod
826 2530 1172 2602 ipsiapostoli
1200 2533 1267 2588 de
1283 2533 1483 2591 Iudaeis
1513 2534 1581 2591 ad
1607 2543 1796 2606 gentes
1824 2537 2259 2607 transmigratnri

661 2631 843 2689 erant,
879 2623 1008 2679 etin
1037 2625 1244 2681 eisdem
1273 2627 1546 2697 gentibus,
1573 2628 1626 2683 id
1657 2637 1739 2683 est
1765 2629 1818 2683 in
1848 2628 2117 2696 Ecclesia,
2145 2630 2257 2700 ple-

664 2714 787 2770 nius
814 2723 869 2770 et
894 2714 1191 2785 perfectius
1213 2727 1333 2787 post
1353 2719 1581 2790 gratiam
1605 2720 1779 2775 sancti
1804 2718 2062 2790 Spiritus,
2088 2720 2258 2777 visuri

664 2815 820 2861 erant
870 2806 1177 2877 Dominum,
1225 2824 1290 2865 ac
1318 2811 1363 2866 si
1411 2820 1576 2882 caput
1621 2813 1679 2867 in
1715 2813 1975 2868 membris
2004 2813 2157 2879 suis;
2193 2828 2259 2869 eo

669 2898 816 2967 quod
844 2897 1094 2956 Christus
1128 2910 1183 2957 et
1209 2902 1449 2958 Ecclesia
1480 2919 1646 2959 unum
1686 2914 1770 2960 est
1792 2920 2008 2976 corpus.
2037 2905 2095 2961 in
2135 2907 2257 2977 qui-

666 2987 767 3043 bus
815 2988 1059 3058 profecto
1103 2994 1301 3057 verbis,
1354 2994 1531 3050 adhuc
1569 2994 1812 3051 futurum
1843 2997 2136 3052 revelatum
2165 3012 2258 3054 sa-

664 3090 1037 3148 cramentum;
1066 3084 1318 3153 quoniam
1341 3084 1567 3154 apostoli
1589 3093 1645 3140 et
1666 3085 1844 3142 omnis
1867 3086 2110 3142 Ecclesia
2136 3087 2253 3155 Dei,

664 3184 790 3224 cum
818 3146 1139 3241 perventum
1174 3173 1340 3230 fuerit
1375 3146 1449 3230 ad
1500 3175 1647 3231 illam
1677 3175 1971 3247 perfectam
1998 3146 2257 3234 transmi;
2282 3146 2329 3209 Ο

665 3262 992 3331 grationem,
1020 3265 1075 3320 in
1123 3281 1231 3338 qua
1279 3266 1611 3323 revelabitur
1648 3268 1765 3339 ipsa
1813 3269 1952 3324 visio
1995 3270 2260 3327 claritatis

669 3352 764 3409 Dei
799 3354 853 3410 in
881 3355 1086 3413 futuro.
1120 3356 1272 3414 Tunc
1302 3375 1426 3415 eum
1468 3360 1730 3416 videbunt
1770 3375 1877 3417 non
1918 3360 2090 3417 solum
2114 3362 2260 3432 Apo-

664 3445 809 3511 stoli,
849 3461 1036 3503 verum
1069 3449 1232 3505 etiam
1257 3465 1448 3506 omnes
1474 3451 1632 3509 electi
1680 3451 1797 3521 Dei,
1845 3453 2003 3509 sicuti
2040 3463 2144 3511 est.
2176 3453 2259 3511 Ad

665 3555 828 3610 quam
860 3543 1236 3613 proculdubio
1290 3546 1577 3613 visionem,
1624 3560 1814 3604 omnes
1852 3546 2151 3603 invitantur
2197 3556 2259 3603 ut

669 3636 1081 3709 transmigrent,
1113 3646 1169 3695 et
1197 3642 1323 3694 eaut
1354 3639 1409 3693 iu
1436 3638 1735 3695 Galilaeam.
1783 3638 2051 3707 Quoniam
2096 3640 2172 3696 ibi
2201 3641 2256 3696 in

666 3735 851 3781 monte
899 3740 1062 3798 supra
1114 3743 1222 3798 quo
1256 3728 1479 3786 fundata
1534 3740 1619 3787 est
1663 3732 1856 3788 civitas
1892 3730 1984 3787 illa
2038 3732 2092 3787 in
2131 3733 2259 3789 Eze-

664 3817 858 3882 chiele,
887 3833 1008 3888 qua:
1035 3820 1208 3892 vergit
1231 3821 1299 3877 ad
1318 3821 1601 3890 Austrum,
1620 3822 1952 3879 revelabitur
1972 3824 2253 3892 Dominus,

667 3916 722 3963 et
749 3908 823 3963 ibi
852 3908 1111 3965 videbunt
1136 3927 1261 3967 eum
1298 3912 1545 3969 membra
1581 3913 1798 3985 capitis,
1829 3913 1922 3971 ubi
1950 3915 2066 3985 ipse
2101 3915 2255 3987 prin-

667 4000 870 4069 cipium
893 4005 1186 4073 praecessit.
1207 4004 1362 4062 Unde
1391 4007 1619 4064 dicitur:
1641 4008 1778 4063 Ecce
1791 4010 2045 4080 prtecedet
2069 4024 2158 4065 vos
2199 4010 2257 4066 in

673 4089 971 4148 Galilteant.
1018 4095 1363 4168 Quapropter
1391 4101 1517 4169 quia
1549 4100 1604 4155 in
1648 4101 1733 4156 his
1759 4100 1951 4157 altiora
1988 4111 2116 4158 sunt
2166 4117 2256 4158 sa-

664 4193 944 4240 cramenta
970 4184 1131 4259 hujus
1153 4189 1403 4259 visionis,
1432 4191 1574 4249 forte
1596 4194 1716 4251 ideo
1738 4194 1971 4265 apostoli
2002 4192 2256 4253 diﬂ’erunt

666 4273 937 4332 interdum
959 4279 1215 4348 eoire,ut
1236 4291 1293 4338 et
1313 4286 1632 4355 mysterium
1647 4296 1983 4344 monstretur
2008 4290 2062 4345 iu
2085 4290 2252 4359 facto,

665 4374 720 4420 et
746 4366 863 4437 ipsa
910 4369 1047 4426 visio
1085 4372 1153 4427 ad
1189 4373 1429 4430 litteram
1457 4391 1555 4431 suo
1595 4377 1930 4448 compleatur
1955 4388 2010 4436 et
2038 4380 2091 4435 in
2114 4380 2250 4437 loco.

2357 1887 2414 1934 et
2458 1879 2735 1936 hominem
2785 1890 3207 1938 monstraverat.
3245 1882 3360 1953 Ipse
3384 1885 3472 1954 qui
3522 1894 3627 1956 post
3660 1898 3825 1940 resurre-

2357 1971 2593 2028 ctionem
2619 1987 2678 2029 se
2699 1973 2879 2029 vivere
2906 1973 3825 2042 immortaliterostendebat,institsent

2359 2076 2454 2118 eos
2493 2070 2549 2117 et
2593 2062 2795 2119 docens
2843 2064 2911 2118 de
2958 2079 3126 2136 regno
3178 2064 3297 2121 Dei.
3329 2065 3475 2122 Unde
3502 2066 3599 2136 jam
3634 2066 3764 2123 securi
3790 2074 3827 2123 tt

2358 2155 2535 2211 edocti
2566 2155 2621 2211 in
2642 2156 2913 2222 omnibus,
2946 2172 3069 2212 eum
3098 2158 3461 2214 adoraverunt
3485 2167 3539 2214 ut
3560 2156 3825 2225 Deum.0ual

2360 2257 2543 2303 autem
2588 2248 2741 2313 dicit,
2775 2249 2919 2321 quod
2945 2251 3163 2321 quidam
3199 2267 3377 2306 eorum
3414 2251 3737 2317 dubitarunt,
3767 2260 3825 2319 per

2362 2337 2794 2394 recordationem
2822 2338 2926 2395 hoc
2953 2340 3105 2406 dicit,
3121 2350 3346 2413 propter
3373 2341 3627 2407 Thomam,
3649 2341 3719 2411 qui
3736 2349 3828 2394 retro

2361 2430 2639 2486 dubitasse
2693 2431 2889 2502 legitur
2928 2433 2984 2487 in
3027 2432 3136 2489 alia
3188 2435 3533 2506 apparitione,
3570 2449 3651 2492 seu
3684 2430 3829 2503 quando

2361 2523 2522 2579 simul
2541 2525 2817 2594 perterriti
2844 2527 3111 2597 putabant
3136 2542 3200 2583 se
3242 2528 3482 2599 spiritum
3506 2526 3678 2591 videre,
3709 2526 3747 2579 in
3764 2535 3831 2593 qn

2359 2619 2569 2675 visione
2619 2618 2763 2677 forte
2797 2620 3077 2680 dubitasse
3121 2622 3395 2680 dicuntur.
3447 2623 3676 2691 Quoniam
3706 2618 3745 2673 in
3776 2615 3831 2671 lib

2360 2712 2614 2767 omnibus
2636 2712 2765 2768 licet
2789 2714 2942 2784 prius
2961 2714 3352 2784 dubitaverint,
3374 2705 3831 2772 confirmatietedodi

2360 2811 2519 2858 erant
2561 2804 2630 2860 de
2653 2820 2719 2860 eo
2746 2814 2807 2860 ut
2833 2805 2977 2862 ultra
3015 2807 3131 2879 jam
3160 2824 3275 2865 non
3309 2808 3616 2871 dubitarent,
3638 2808 3834 2875 qucum

2362 2895 2721 2952 induereutur
2768 2898 2972 2955 virtute
3005 2899 3249 2971 Spiritus
3278 2902 3447 2958 sancti
3469 2915 3531 2956 ex
3565 2898 3671 2953 alto.
3689 2895 3737 2950 Et
3758 2892 3835 2947 idsi

2361 2988 2415 3044 in
2470 2998 2652 3045 monte
2691 3005 2815 3046 eum
2844 2992 3062 3059 vident,
3113 3001 3175 3047 ut
3223 2994 3339 3064 ipse
3384 3007 3528 3049 mons
3571 2981 3835 3056 nobist

2358 3081 2595 3137 ctionem
2643 3082 2871 3138 visionis
2915 3083 3190 3139 ostendat.
3246 3085 3386 3141 Ecce
3422 3084 3474 3138 in
3494 3090 3650 3150 monte
3681 3075 3834 3145 amplius

2360 3183 2415 3230 et
2441 3173 2739 3245 perfectius
2773 3190 2834 3230 se
2862 3176 3236 3243 demonstrat,
3280 3177 3373 3248 qui
3402 3176 3532 3232 forte
3559 3185 3691 3243 supra
3711 3166 3837 3223 eode!
3940 3198 3941 3207 η

2358 3275 2545 3322 monte
2585 3275 2708 3323 octo
2757 3268 3120 3325 beatitudines
3146 3267 3276 3338 jam
3324 3270 3593 3333 docuerat;
3622 3265 3666 3319 in
3707 3274 3782 3332 quo
3808 3261 3843 3309 εί

2361 3362 2596 3432 scipsum
2627 3370 2753 3418 ante
2782 3364 3087 3433 passionem
3115 3364 3286 3434 longe
3310 3373 3453 3420 retro
3484 3364 3534 3418 in
3565 3357 3704 3431 gloria
3729 3358 3844 3407 trans-

2360 3456 2673 3527 figuratum,
2704 3455 2922 3527 1216
2939 3456 3189 3526 quamvis
3229 3455 3582 3527 paucioribus,
3602 3444 3843 3506 exhibuerit

2359 3546 2471 3602 Nec
2520 3548 2718 3601 mirum
2774 3548 2957 3617 itaque
3003 3548 3048 3602 si
3090 3549 3143 3603 in
3190 3558 3387 3605 monte
3432 3547 3550 3604 talia
3592 3539 3760 3600 exhibet
3792 3529 3845 3588 τοι

2358 3638 2537 3704 docet,
2572 3647 2630 3693 ut
2652 3653 2717 3693 ex
2736 3638 2841 3695 hoc
2875 3638 3093 3705 altiora,
3118 3655 3231 3695 nos
3252 3641 3487 3697 insinuet
3513 3634 3768 3705 intelligere,
3790 3623 3846 3695 (ῐπί

2358 3732 2520 3787 etiam
2556 3732 2609 3786 iu
2640 3731 2730 3786 illa
2769 3732 3092 3805 Apocalypsi
3118 3731 3358 3790 Joannis
3395 3734 3447 3789 id
3492 3739 3652 3788 monte
3677 3732 3847 3783 ostenS'S

2358 3821 2620 3877 cernitur.
2672 3821 2825 3878 Unde
2863 3824 2940 3878 ait
2973 3824 3155 3880 idem:
3190 3823 3329 3881 Vidi
3371 3841 3525 3897 supra
3565 3828 3744 3878 montem
3764 3813 3848 3869 Sit!

2357 3915 2564 3986 Agnum
2603 3924 2846 3981 stantem,
2881 3924 2929 3971 et
2976 3932 3097 3971 cum
3122 3933 3186 3972 eo
3209 3929 3423 3974 centum
3442 3914 3739 3989 quadraginta
3757 3916 3843 3977 qli-

2356 4019 2481 4064 ωσι·
2531 4009 2700 4064 millia
2749 4010 2946 4081 (Apoc.
3006 4026 3114 4076 xrv,
3172 4012 3262 4083 l).
3313 4011 3392 4067 Ex
3440 4026 3543 4082 quo
3578 4004 3772 4079 profecto
3805 3993 3845 4047 ll-

2356 4108 2506 4171 quet,
2541 4116 2639 4157 nec
2667 4100 2757 4157 hic
2796 4115 2896 4157 nec
2946 4101 3075 4169 illic,
3105 4104 3238 4172 quia
3270 4105 3326 4159 in
3358 4110 3533 4160 monte
3564 4090 3844 4156 ostensusesi.

2356 4192 2443 4247 vel
2473 4193 2600 4261 quia
2640 4193 2696 4247 in
2718 4208 2783 4248 eo
2803 4193 2983 4259 docet,
3013 4195 3159 4264 quod
3205 4211 3486 4267 nunquam
3527 4193 3700 4260 absque
3719 4190 3850 4249 ιιιιὲυο

2357 4287 2636 4359 mysterio,
2664 4295 2880 4358 utsaepe
2905 4287 3038 4352 dixi,
3068 4290 3449 4359 accipiendum
3471 4290 3565 4343 est.
3588 4283 3647 4338 Et
3680 4272 3849 4373 accedet!

2357 4378 2609 4432 dia-iteis.
2656 4376 2903 4434 Accessit
2935 4385 3115 4433 autem
3161 4379 3257 4435 ille
3303 4394 3531 4451 corpore
3571 4374 3630 4430 ad
3668 4373 3854 4433 costi”

667 4455 831 4512 Multa
858 4459 1122 4530 siquidem
1151 4464 1217 4520 de
1246 4464 1330 4521 bis
1373 4481 1494 4537 quae
1519 4476 1670 4540 gesta
1691 4468 1775 4524 vel
1808 4469 1954 4526 dicta
1981 4480 2107 4527 sunt
2132 4479 2257 4543 post
2283 4518 2332 4543 ἢ
2359 4467 2590 4539 regressi
2615 4466 2690 4521 illi
2722 4467 2790 4522 ad
2813 4481 2872 4524 se
2900 4479 3256 4523 accesserunt
3283 4470 3441 4541 plena
3457 4468 3575 4533 fide,
3587 4473 3635 4520 et
3652 4458 3755 4518 dixit
3774 4452 3850 4508 eis:

665 4550 1116 4608 resurrectionem
1143 4554 1198 4609 in
1231 4556 1444 4629 1215
1488 4560 1665 4616 medio
1714 4561 2079 4630 praetermittit
2120 4562 2255 4618 Mat-

666 4639 857 4706 tluuus,
901 4640 1233 4716 singulisque
1276 4648 1745 4719 Evangelistarum
1793 4666 1890 4708 sua
1946 4652 2254 4723 relinquens

665 4732 904 4802 propria.
954 4734 1023 4791 Et
1073 4747 1262 4793 narrat
1314 4748 1494 4796 tamen
1542 4743 1843 4814 perfectum
1874 4745 2040 4801 finem
2086 4745 2255 4802 divini

662 4825 865 4894 cperis,
904 4827 997 4884 ubi
1039 4828 1193 4884 licuit
1221 4831 1405 4887 videre
1450 4832 1738 4890 Dominum
1783 4835 2037 4893 undecim
2093 4837 2255 4893 disci-

660 4916 822 4989 pulis.
849 4919 931 4975 Ad
957 4922 1102 4991 quod
1124 4925 1489 4994 spectaculum
1513 4943 1619 4984 non
1667 4928 1830 4986 credo
1853 4931 1998 5000 quod
2044 4938 2254 4987 tantum

663 5009 719 5065 bi
746 5009 843 5065 soli
866 5013 1234 5082 pervenerint,
1263 5016 1457 5089 quibus
1480 5019 1700 5090 angelus
1722 5028 1869 5077 retro
1918 5030 1977 5077 ut
2007 5022 2256 5078 venirent

663 5110 870 5171 monet,
900 5115 954 5162 et
994 5123 1024 5162 a
1069 5108 1301 5166 Domino
1347 5111 1660 5167 mandatum
1710 5121 1765 5170 et
1807 5116 2127 5185 praedictum
2172 5122 2256 5172 est

664 5196 1002 5255 mulieribus.
1054 5199 1335 5269 Quomodo
1374 5217 1503 5273 ergo
1531 5204 1646 5259 ﬁeri
1677 5213 1857 5276 potest
1900 5215 1960 5261 ut
1990 5215 2099 5261 tam
2145 5206 2255 5263 cito

664 5289 951 5345 mulierum
971 5290 1056 5347 vel
1080 5300 1399 5349 caeterorum
1422 5293 1800 5367 refrigerasset
1822 5297 2062 5353 cbaritas
2090 5297 2256 5353 disci-

664 5382 933 5452 pulorum,
975 5400 1044 5440 ne
1088 5386 1155 5441 ad
1184 5393 1393 5441 tantum
1429 5388 1802 5445 desiderarent
1825 5391 2011 5445 venire
2037 5396 2253 5460 specta-

665 5475 870 5544 culum,
916 5485 1175 5549 tantoque
1216 5481 1421 5549 perfrui
1470 5482 1684 5552 gaudio.
1740 5482 1847 5537 Sed
1877 5482 1977 5538 soli
2004 5481 2255 5537 undecim

664 5566 788 5621 ideo
843 5567 1217 5639 designantur,
1249 5574 1505 5643 quoniam
1535 5575 1638 5646 ipsi
1688 5581 1851 5630 testes
1906 5574 2258 5645 praeordinati

665 5662 913 5717 erantad
938 5663 1171 5733 plebem,
1199 5668 1380 5722 caeteri
1408 5684 1537 5724 vero
1566 5683 1754 5725 omnes
1782 5669 1835 5723 in
1875 5683 2062 5724 eorum
2109 5682 2257 5724 com-

665 5748 1046 5836 pleglabantur
1082 5758 1413 5832 magisterio.
1462 5760 1612 5820 Alias
1658 5771 1860 5833 autem,
1903 5778 2040 5835 quas
2079 5762 2255 5819 nullus

2280 4518 2333 4580 D

2429 4558 2569 4612 Data
2596 4568 2672 4613 est
2716 4558 2845 4613 mihi
2873 4561 3041 4615 omnis
3069 4569 3306 4630 potestas
3354 4562 3411 4615 in
3457 4559 3576 4616 coelo
3609 4565 3651 4612 et
3677 4554 3721 4608 in
3747 4550 3853 4603 lmi-

2356 4649 2463 4716 Ite,
2493 4651 2669 4705 docete
2709 4666 2886 4705 omnes
2916 4660 3113 4722 gentes,
3145 4652 3480 4723 baptisantes
3519 4663 3616 4714 eos,
3641 4646 3685 4697 in
3716 4634 3855 4694 mit!

2364 4741 2559 4808 Patris,
2588 4752 2634 4797 et
2662 4741 2813 4809 Filii,
2852 4752 2901 4798 et
2939 4742 3171 4814 Spiritus
3213 4746 3413 4799 sancti.
3461 4742 3571 4798 Non
3607 4730 3772 4793 haedo
3798 4735 3858 4814 ut-

2358 4843 2562 4891 :eterna
2591 4836 2771 4891 Patris
2803 4812 3088 4892 divinitate
3128 4836 3400 4908 loquitur,
3444 4836 3496 4890 in
3531 4844 3627 4905 qua
3651 4812 3858 4891 εοεείῐηθδδ

2357 4935 2442 4983 est
2468 4926 2578 4983 Deo
2622 4926 2771 4982 Patri
2799 4935 2855 4982 et
2894 4928 3405 4995 consubstantialis,
3437 4926 3528 4984 sed
3568 4924 3629 4980 de
3662 4910 3860 4977 assum?“

2362 5018 2718 5085 humanitate,
2763 5034 2929 5089 quam
2976 5020 3332 5091 suscipiendo
3363 5034 3489 5076 cum
3515 5010 3715 5072 essetin
3744 5002 3860 5058 im“

2361 5109 2478 5177 Dei,
2510 5111 2810 5166 minoratus
2829 5118 2913 5167 est
2938 5112 3099 5183 paulo
3124 5113 3305 5167 minus
3337 5112 3406 5166 ab
3434 5106 3638 5180 angelis,
3665 5108 3711 5159 et
3731 5096 3773 5151 in
3793 5092 3863 5159 φ’

2360 5218 2652 5274 resurgens
2671 5219 2700 5257 a
2723 5204 2952 5260 mortuis
2980 5206 3152 5261 victor
3175 5204 3354 5276 gloria
3381 5212 3432 5258 et
3452 5203 3637 5256 honore
3656 5188 3863 5250 catt)"ams

2361 5303 2463 5351 est.
2490 5294 2557 5351 Et
2584 5296 2687 5351 hoc
2710 5304 2791 5351 est
2821 5298 2965 5366 quod
2988 5312 3131 5352 nunc
3157 5298 3236 5351 ait
3261 5311 3277 5350 :
3305 5296 3451 5350 Data
3479 5304 3554 5349 est
3581 5282 3865 5355 miltipom‘“

2360 5386 2416 5438 in
2452 5383 2580 5439 caelo
2617 5393 2666 5439 et
2709 5386 2762 5438 in
2791 5394 2933 5441 terra
2961 5384 3145 5456 (Psal.
3176 5401 3303 5453 vm,
3343 5385 3435 5459 6),
3476 5382 3595 5455 quia
3626 5369 3865 5434 consulum

2358 5473 2471 5543 jam
2510 5484 2628 5529 erat
2658 5475 2710 5529 in
2735 5476 2942 5532 unitate
2967 5477 3181 5533 deitatis
3210 5492 3353 5543 suae,
3388 5490 3552 5547 super
3579 5466 3734 5528 omnia
3754 5463 3866 5530 open

2363 5580 2621 5620 manuum
2669 5563 2865 5621 Patris.
2897 5566 3092 5623 Omnia
3124 5583 3370 5639 namque
3394 5567 3627 5638 subjecta
3650 5559 3776 5614 erant
3805 5557 3866 5615 P“

2364 5659 2521 5716 dibus
2555 5658 2707 5727 ejus;
2742 5659 2885 5716 inter
2912 5676 3035 5732 quae
3059 5662 3268 5730 omnia,
3303 5664 3474 5719 etiam
3503 5661 3609 5730 ipsa
3633 5662 3768 5711 mors»
3787 5647 3868 5709 ll“

2364 5754 2431 5810 ad
2458 5758 2672 5829 tempus
2692 5753 2750 5812 in
2771 5768 2896 5812 eum
2927 5757 3307 5832 praevaluerat,
3336 5755 3573 5830 subjecta
3593 5742 3737 5807 estei.
3754 5737 3867 5807 ηυδε
