4048 6352
188 322 294 381 989

861 316 1226 375 EXPOSITIO
1266 318 1331 374 IN
1372 317 1776 375 MATTHIEUM

1880 350 1921 361 -
1956 319 2084 376 LIB.
2127 320 2243 386 XII,
2282 321 2431 377 CAP.
2476 317 2708 377 XXVIII.

3343 312 3447 380 $90

185 434 467 494 moriendo
492 431 779 498 destruxit,
809 438 865 487 et
887 432 1219 502 resurgendo
1238 431 1486 488 calcavit.
1516 431 1618 488 Ubi
1639 433 1765 488 licet
1790 437 1842 497 Α
1868 449 1994 494 care
2034 435 2208 503 jubet,
2234 437 2324 506 qui
2369 438 2436 492 ad
2468 430 2693 492 Mariam
2729 436 2961 507 primum
2988 438 3155 493 venit.
3190 438 3342 496 Unde
3396 446 3450 495 et

186 529 469 584 Hatthteus
490 525 733 582 multatin
746 522 1275 594 medio'przeterierit,
1299 540 1418 595 quae
1438 526 1622 582 caeteri
1643 541 1768 581 nar-

186 629 393 685 rarunt,
434 619 492 673 in
510 618 617 673 hoc
640 632 748 675 uno
770 617 1023 673 universa
1046 617 1432 687 redemptionis
1452 627 1652 674 nostra).
1677 634 1766 674 sa-

186 719 485 779 cramenta,
513 708 753 782 perfecte
771 708 904 766 satis
925 708 1210 779 completa,
1239 721 1295 764 et
1321 721 1691 767 consummata
1712 711 1769 767 in

185 803 404 861 Christo
422 803 766 869 monstravit,
790 818 915 859 cum
940 802 1116 872 ipsum
1150 803 1437 859 Dominum
1460 805 1769 875 loquentem

184 893 618 950 etdeclarantem
632 893 859 964 gloriam
885 894 1187 964 majestatis
1209 909 1320 951 suae
1340 895 1579 951 ostendit
1601 910 1771 964 quan-

185 986 251 1041 do
265 985 401 1042 dicit
417 1004 431 1040 :
450 986 590 1042 Data
604 996 680 1041 est
702 988 829 1041 mihi
850 988 1019 1042 omnis
1034 996 1261 1056 potestas
1272 990 1328 1042 in
1340 988 1467 1043 caelo
1480 998 1525 1043 et
1539 989 1595 1043 in
1606 998 1767 1056 terra,

184 1086 239 1131 ut
254 1078 348 1147 qui
361 1079 524 1147 paulo
534 1088 663 1135 ante
680 1080 972 1136 cruciﬁxus
985 1080 1181 1147 fuerat,
1199 1091 1441 1138 mortuus
1454 1098 1517 1137 ac
1528 1083 1771 1153 sepultus

184 1169 236 1224 in
252 1171 460 1227 tumulo
476 1170 744 1241 iacuerat,
771 1173 888 1243 ipse
908 1175 1278 1230 resurrexissc
1298 1185 1653 1241 monstratur,
1683 1176 1771 1231 cui

184 1262 360 1319 omnis
389 1272 631 1334 potestas
654 1266 710 1321 in
741 1265 882 1321 coelo
906 1265 1034 1321 etin
1056 1265 1326 1335 terrajam
1355 1268 1532 1324 delata
1572 1268 1769 1340 praedi-

185 1366 361 1418 catur.
394 1356 529 1414 Cum
560 1366 744 1414 autem
787 1359 837 1414 ei
885 1360 1062 1419 omnis
1104 1367 1346 1429 petestas
1389 1361 1514 1415 data
1551 1362 1768 1427 dicitur,

180 1454 297 1524 jure
316 1459 376 1509 et
403 1465 501 1520 spe
529 1449 586 1505 in
612 1448 822 1505 unitate
835 1450 1051 1504 deitatis
1065 1451 1407 1521 omnipotens
1427 1452 1768 1521 praedicatur.

182 1540 438 1612 Alioquin
459 1539 563 1595 nisi
590 1539 941 1609 Omnipotens
961 1538 1075 1608 ipse
1097 1540 1200 1606 sit,
1226 1555 1331 1595 non
1359 1541 1407 1595 ei
1429 1542 1604 1595 omnis
1626 1550 1773 1611 pote-

184 1642 292 1689 stas
303 1632 436 1687 data
450 1639 536 1686 est
548 1630 617 1686 ab
633 1630 1037 1701 omnipotente;
1050 1629 1190 1686 forte
1204 1632 1330 1701 quia
1344 1631 1534 1697 noluit,
1550 1632 1635 1687 vel
1648 1633 1774 1702 quia

185 1738 285 1779 non
308 1722 518 1793 potuit;
554 1720 649 1776 sed
681 1720 809 1789 quia
831 1719 1031 1776 veritas
1064 1728 1148 1776 est
1173 1721 1390 1777 mentiri
1427 1736 1533 1777 non
1571 1731 1769 1793 potest.

1866 528 2066 598 Joseph
2111 529 2330 600 angelus
2363 530 2625 600 loquitur,
2653 530 2906 601 idemque
2930 532 3241 601 pastoribus
3284 546 3452 587 evan—

1866 620 2062 690 gelizat
2100 621 2388 691 gaudium;
2424 622 2617 676 deinde
2661 621 2727 675 ad
2771 637 2939 678 cunas
2980 622 3203 679 infantis
3232 624 3452 678 auditur

1868 713 2181 783 angelorum
2202 714 2401 769 chorus
2426 713 2719 770 decantare
2749 731 2762 769 :
2789 712 2973 770 Gloria
2994 716 3051 771 in
3075 715 3290 771 excelsis
3318 714 3447 785 Deo,

1867 805 1984 859 etin
2004 814 2143 859 terra
2164 821 2270 875 pax
2287 805 2581 860 hominibus
2604 806 2750 860 bona:
2769 805 3049 860 voluntatis
3073 806 3224 878 (an.
3254 822 3312 861 ιι.
3336 806 3447 876 li).

1871 894 1978 950 Sed
2007 904 2061 949 et
2105 911 2228 950 cum
2275 903 2517 950 tentatur
2545 896 2601 949 in
2652 894 2965 963 solitudine,
2998 903 3121 966 post
3174 909 3453 952 monoma-

1869 989 2047 1045 ciiiam
2076 987 2197 1058 ejus
2224 996 2281 1044 et
2320 987 2647 1058 singularem
2688 1004 2946 1061 pugnam,
2979 990 3163 1044 statim
3207 991 3453 1045 serviunt

1870 1084 2045 1154 angeli
2074 1090 2130 1138 et
2158 1083 2469 1137 ministrant
2496 1082 2566 1138 ei.
2599 1082 2756 1138 Nunc
2784 1099 2999 1154 quoque
3043 1080 3111 1137 ad
3143 1081 3453 1154 sepulcrum
3506 1133 3531 1139 ,

1869 1176 1926 1230 in
1954 1177 2152 1231 vestitu
2186 1175 2418 1231 candido
2457 1175 2679 1247 angelus
2708 1175 2934 1248 gloriam
2976 1176 3235 1246 praedicat
3263 1176 3455 1231 triunié

1869 1268 2108 1338 phantis,
2142 1279 2197 1323 et
2233 1268 2322 1322 alii
2353 1276 2652 1323 cernuntur
2688 1268 2744 1322 in
2770 1268 3031 1337 obsequio
3056 1268 3173 1339 ejus
3201 1266 3453 1323 resurrei

1872 1359 2091 1415 ctionis.
2136 1359 2353 1429 1218
2390 1357 2592 1414 Omnes
2637 1368 2817 1413 tamen
2852 1357 2966 1427 ejus
3002 1350 3456 1414 resurrectionem

1874 1449 2170 1519 praedicant
2195 1458 2250 1503 et
2270 1448 2616 1504 conﬁtentur.
2649 1448 2757 1504 Sed
2780 1457 2835 1503 et
2862 1449 2917 1503 in
2945 1463 3172 1504 ascensu
3199 1446 3318 1520 ejus
3343 1446 3457 1504 noti

1874 1536 2160 1595 defuerunt
2184 1540 2381 1612 angeli,
2404 1554 2510 1594 non
2533 1540 2625 1610 qui
2649 1554 2773 1595 eum
2798 1540 3056 1596 veherent
3087 1540 3453 1615 etelevarent,

1875 1631 1968 1685 sed
1998 1630 2090 1699 qui
2126 1646 2250 1685 eum
2297 1645 2487 1686 rursus
2526 1638 2815 1685 venturum
2843 1630 3221 1701 praedicarent.
3252 1629 3312 1684 ln
3340 1641 3457 1684 om'-
3487 1703 3491 1706 ν

1876 1722 2036 1776 nibus
2064 1731 2241 1776 tamen
2266 1737 2372 1775 una
2397 1736 2630 1792 persona
2662 1720 2910 1777 Christus
2933 1722 2988 1776 in
3017 1721 3224 1777 duabus
3249 1712 3459 1776 naturis

182 1814 391 1871 Idcirco
418 1821 567 1869 recte
590 1812 944 1882 Omnipotens
960 1812 1199 1868 creditur
1222 1821 1277 1869 et
1297 1813 1639 1883 prmdicatur.
1654 1812 1774 1869 Non
1802 1807 1849 1867 B
1876 1813 1945 1867 ab
1993 1814 2199 1884 angelis
2251 1813 2394 1868 Deus
2420 1822 2475 1868 et
2516 1815 2699 1879 homo,
2728 1829 2888 1868 verus
2934 1814 3028 1869 Dei
3056 1813 3224 1869 Filius
3267 1812 3460 1884 praedis

182 1924 275 1979 per
302 1906 673 1978 adoptionem,
690 1914 749 1960 ut
773 1905 993 1976 quidam
1019 1905 1284 1976 garriunt,
1312 1915 1373 1961 ut
1394 1907 1500 1963 duo
1529 1906 1772 1962 introdu-

183 2010 379 2058 cantur
419 1999 540 2065 ﬁlii,
569 1998 662 2054 sed
689 2013 786 2068 per
819 1997 1086 2052 unitatem
1121 2012 1367 2067 personae
1417 1997 1473 2052 in
1493 2013 1598 2067 qua
1634 2013 1773 2053 unus

182 2092 436 2163 idemque
454 2089 708 2162 proprius
730 2088 825 2144 Dei
848 2086 1017 2143 Filius
1034 2088 1299 2144 catholice
1329 2090 1768 2155 commendatur;

180 2183 441 2257 quoniam
467 2197 609 2237 unus
652 2181 905 2250 idemque
943 2189 1027 2235 est
1074 2180 1170 2250 qui
1209 2182 1321 2236 ait:
1370 2180 1563 2236 Omnia
1595 2181 1773 2238 Patris

182 2291 309 2332 mea
335 2282 479 2330 sunt.
494 2274 689 2345 Etipse
710 2274 779 2328 ad
789 2272 1030 2340 Patrem,
1048 2273 1173 2343 quia
1197 2283 1291 2329 tua
1312 2277 1486 2328 omnia
1500 2289 1615 2328 mea
1628 2282 1770 2340 sunt,

186 2365 407 2436 1217
424 2365 565 2421 sicut
595 2373 644 2420 et
674 2380 787 2419 mea
820 2374 912 2419 tua
946 2374 1090 2420 sunt.
1114 2364 1267 2422 Unde
1293 2374 1443 2422 recte
1469 2366 1769 2436 quaeritur:

183 2456 241 2513 Si
268 2456 457 2513 omnia
486 2454 668 2512 Patris
707 2454 829 2510 Filii
858 2464 986 2513 sunt
1020 2471 1088 2511 ex
1119 2456 1429 2526 aequalitate
1457 2466 1684 2524 naturae,
1718 2464 1776 2514 et

182 2565 247 2606 ex
290 2548 691 2619 omnipotentia
721 2548 945 2603 deitatis
985 2563 1118 2615 suae,
1145 2550 1275 2619 quid
1314 2559 1399 2605 est
1438 2548 1583 2619 quod
1629 2562 1775 2605 nunc

185 2643 305 2697 data
336 2641 449 2698 sibi
479 2641 615 2696 dicit
639 2641 822 2696 omnia
850 2680 866 2707 ,
890 2640 1048 2712 quasi
1098 2642 1190 2709 qui
1239 2656 1347 2696 non
1378 2641 1632 2696 habuerit
1675 2655 1775 2696 an-

188 2744 407 2804 tequam
460 2732 723 2788 darentur
760 2732 813 2787 ei
857 2722 1072 2787 omnia?
1108 2730 1207 2788 Ubi
1251 2730 1492 2802 profecto
1518 2744 1775 2802 magnum

185 2812 493 2881 ostenditur
517 2832 917 2891 sacramentum
945 2822 1184 2893 pietatis,
1211 2831 1266 2879 et
1291 2823 1686 2878 condemnatur
1714 2823 1775 2877 in

186 2934 284 2973 una
312 2915 625 2985 eademque
669 2930 899 2985 persona
946 2917 1189 2971 omnium
1230 2916 1609 2972 haereticorum
1644 2930 1774 2985 pra—

184 3011 339 3067 vitas.
379 3007 561 3068 Habet
590 3009 756 3081 igitur
779 3024 811 3064 a
839 3017 1051 3064 natura
1074 3008 1257 3064 omnia
1296 3023 1417 3078 quae
1443 3008 1621 3063 Patris
1650 3015 1777 3063 sunt

185 3104 295 3175 ipse
326 3104 589 3175 idemque
640 3103 732 3174 qui
761 3102 959 3172 accipit
995 3102 1254 3173 gratiam,
1286 3108 1342 3156 et
1373 3117 1483 3156 non
1530 3100 1668 3156 alius
1718 3100 1775 3156 in

1874 1913 2048 1961 catur.
2077 1905 2145 1959 Et
2177 1905 2293 1960 hrec
2319 1913 2404 1960 est
2429 1906 2642 1976 gemina
2666 1905 2934 1974 operatio,
2959 1919 3077 1975 quae
3102 1917 3199 1975 per
3239 1917 3457 1959 omnem

1876 2006 2082 2053 textum
2112 1999 2286 2054 sancti
2316 1998 2593 2068 Evangelii
2628 1999 3024 2055 consideranda
3048 2005 3156 2066 est,
3181 2007 3242 2054 ut
3267 1999 3323 2053 in
3350 2008 3460 2054 uno

1873 2094 2169 2163 eodemque
2214 2092 2428 2148 Christo
2458 2091 2655 2162 duplex
2682 2091 3015 2162 intelligatur
3038 2100 3235 2146 natura
3263 2098 3319 2145 et
3364 2104 3459 2162 ge-

1875 2184 2021 2238 mina
2067 2184 2311 2254 operatio
2362 2184 2418 2238 in
2447 2198 2555 2238 una
2605 2183 2902 2253 eademque
2943 2197 3176 2254 persona
3221 2181 3460 2237 deitatis.

1874 2276 2143 2344 Quoniam
2180 2289 2467 2345 personam
2502 2272 2632 2329 Filii
2668 2272 2763 2329 Dei
2806 2272 3015 2351 Patris,
3049 2286 3215 2343 quam
3243 2274 3464 2343 semper

1875 2369 2105 2434 habuit,
2136 2383 2244 2423 non
2289 2366 2612 2435 assumpsit,
2642 2366 2739 2421 sed
2785 2375 3034 2419 naturam
3082 2363 3458 2419 humanitatis.

1875 2459 2013 2516 Hinc
2034 2460 2090 2514 in
2115 2459 2385 2524 omnibus,
2411 2458 2456 2511 si
2494 2465 2641 2511 recte
2664 2456 2957 2527 intelligas,
2984 2456 3150 2510 homo
3169 2468 3269 2524 per
3294 2452 3458 2508 omne

1876 2560 2089 2622 tempus
2118 2549 2551 2606 conversationis
2597 2563 2709 2603 suae
2748 2548 2805 2602 in
2853 2548 3012 2603 terris
3059 2545 3269 2602 videbis
3315 2556 3460 2601 nunc

1875 2644 2260 2714 magnitudinis
2275 2659 2385 2698 sua:
2409 2642 2637 2713 gloriam
2651 2656 2716 2697 ac
2735 2642 3035 2712 potentiam
3057 2640 3458 2708 demonstrare,

1874 2753 1974 2810 per
1999 2739 2152 2810 signa
2195 2746 2356 2806 atque
2393 2735 2781 2792 miraculorum
2821 2746 3019 2805 opera;
3062 2746 3206 2787 nunc
3238 2730 3462 2786 humili-

1878 2832 2006 2886 tatis
2035 2838 2091 2885 et
2131 2829 2484 2884 humanitatis
2510 2826 2646 2896 ejus,
2682 2828 2737 2882 in
2764 2826 2971 2881 unitate
3001 2825 3160 2880 unius
3207 2836 3462 2895 persona

1870 2919 2109 2975 formam
2146 2918 2422 2975 exhibere.
2454 2918 2686 2987 Propter
2707 2916 2852 2987 quod
2895 2915 3320 2986 benignissimus
3348 2926 3463 2969 mo-

1877 3013 2056 3069 diator
2084 3012 2198 3082 ipse
2229 3010 2321 3066 Dei
2354 3017 2410 3065 et
2436 3009 2717 3065 hominum
2749 3008 2927 3062 adhuc
2950 3008 3005 3062 in
3045 3006 3205 3062 terris
3230 3005 3462 3077 positus,

1872 3105 1985 3176 jam
2010 3105 2218 3161 devicta
2256 3112 2431 3159 morte
2475 3101 2940 3173 pernecessarium
2970 3098 3122 3156 duxit
3151 3097 3466 3154 hominibus

186 3174 423 3267 persona
472 3174 640 3266 quam
683 3194 797 3263 ipse
826 3193 919 3262 qui
967 3191 1148 3248 habet.
1182 3191 1474 3262 Propterea
1523 3209 1653 3265 ergo
1696 3193 1776 3249 sic
1802 3174 1849 3237 Ο
1875 3174 2177 3255 declarare.
2222 3196 2377 3265 Quod
2417 3195 2545 3250 data
2568 3196 2640 3251 sit
2663 3196 2710 3248 ei
2730 3196 2899 3248 omnis
2919 3201 3148 3264 potestas
3174 3192 3233 3246 in
3253 3190 3468 3258 coelo,“

184 3285 312 3341 dicit
338 3285 467 3357 ipse
499 3284 752 3354 idemque
787 3283 856 3339 ad
880 3282 1118 3349 Patrem,
1151 3292 1243 3337 tua
1278 3284 1455 3339 omnia
1484 3276 1600 3339 mea
1631 3293 1772 3351 sunt,

184 3385 345 3449 atque
378 3377 488 3433 hoc
511 3376 689 3447 ipsum
718 3375 863 3445 quod
894 3374 983 3431 hic
1010 3375 1088 3433 ait
1120 3393 1133 3429 :
1166 3374 1308 3429 Data
1345 3382 1420 3429 est
1447 3376 1575 3429 mihi
1607 3374 1776 3429 omnis

183 3480 437 3540 potestas.
475 3467 613 3534 Quia
641 3468 695 3522 in
733 3467 943 3522 duabus
980 3466 1190 3522 naturis
1223 3482 1364 3522 unus
1390 3475 1477 3523 est
1502 3464 1771 3531 Christus,

185 3559 237 3614 in
262 3560 609 3616 humanitate
633 3557 841 3614 scilicet
869 3571 933 3613 ac
954 3556 1176 3622 deitate,
1211 3572 1431 3627 unaque
1457 3570 1691 3628 persona
1718 3554 1776 3611 in

189 3648 463 3706 Trinitate
498 3649 731 3705 deitatis.
765 3648 833 3703 Et
850 3647 979 3717 quia
1008 3646 1263 3703 Christus
1291 3663 1393 3703 una
1436 3661 1669 3717 persona
1694 3654 1778 3703 est

187 3741 493 3799 secundum
518 3740 929 3806 humanitatem,
955 3739 1169 3794 aitdata
1192 3748 1275 3794 est
1303 3739 1454 3806 mihi,
1478 3739 1775 3795 secundum

188 3848 313 3889 vero
337 3831 710 3898 divinitatem,
727 3831 783 3886 in
807 3846 917 3902 qua
938 3830 1163 3901 aequalis
1181 3838 1269 3886 est
1290 3830 1460 3898 Patri,
1485 3840 1577 3884 tua
1600 3831 1778 3884 omnia

189 3943 300 3982 mea
327 3933 486 3990 sunt,
513 3924 655 3979 sicut
676 3932 723 3978 et
746 3938 862 3977 mea
883 3933 974 3976 tua
1001 3931 1142 3976 sunt.
1170 3921 1250 3976 Ac
1272 3936 1371 3991 per
1397 3921 1499 3975 hoc
1527 3920 1778 3976 Christus

188 4018 243 4074 in
284 4027 528 4087 utraque
575 4025 788 4081 natura,
828 4030 967 4070 unus
1014 4014 1198 4080 Deus,
1227 4029 1367 4070 unus
1411 4012 1774 4083 omnipotens.

188 4109 327 4166 Hinc
358 4108 565 4163 Paulus
594 4107 670 4163 ait
697 4105 841 4177 quod
871 4104 1083 4162 dederit
1126 4104 1177 4160 ei
1216 4103 1378 4159 Pater
1417 4120 1604 4158 nomen
1637 4101 1778 4173 quod

189 4211 263 4258 est
289 4217 461 4273 super
486 4217 637 4255 omne
658 4214 866 4266 nomen,
897 4206 955 4252 ut
982 4198 1038 4251 in
1069 4197 1276 4251 nomine
1307 4193 1436 4249 Jesu
1462 4211 1614 4249 omne
1643 4209 1779 4265 genu

189 4297 463 4367 ﬂectatur,
478 4293 782 4360 cwlestium,
797 4291 1124 4347 terrestrium
1137 4300 1185 4344 et
1198 4289 1528 4358 infernarum
1553 4287 1776 4358 (Philip.

188 4404 251 4456 tt,
281 4388 407 4461 10).
443 4386 511 4444 Ει
535 4387 651 4441 haec
681 4392 766 4441 est
789 4382 969 4439 omnis
994 4389 1237 4453 potestas
1263 4395 1383 4450 quae
1408 4379 1625 4435 Christo
1656 4377 1780 4433 data

190 4497 291 4543 est.
324 4486 493 4542 Licet
518 4484 605 4539 hic
632 4484 916 4539 Matthaeus
950 4482 1015 4538 de
1051 4487 1320 4551 potestate
1360 4479 1656 4535 inferorum
1700 4485 1781 4532 ta-

190 4582 396 4647 cuerit,
433 4587 611 4634 tamen
647 4592 775 4633 cum
822 4576 954 4632 dicit
982 4574 1180 4640 omnis,
1210 4572 1596 4629 universaliter
1653 4584 1783 4627 con-

191 4674 368 4732 cludit
409 4671 539 4742 quia
580 4678 635 4726 et
676 4669 836 4726 inferi
871 4669 925 4725 in
974 4676 1134 4724 terrae
1168 4668 1389 4723 nomine
1430 4652 1786 4735 comprehen-

194 4769 426 4826 duntur.
458 4762 615 4819 Unde
638 4777 747 4820 non
781 4769 909 4819 sunt
931 4760 1183 4815 audiendi
1230 4759 1324 4829 qui
1349 4758 1554 4813 inferos
1585 4757 1787 4827 ubique

193 4875 315 4918 esse
340 4858 558 4923 dicunt,
600 4864 656 4910 et
683 4869 790 4910 non
821 4854 876 4909 in
912 4851 1065 4916 loco;
1114 4850 1239 4919 quia
1269 4848 1373 4904 nisi
1407 4849 1461 4902 in
1491 4847 1611 4903 loco
1653 4847 1782 4913 sint,

190 4964 477 5021 nusquam
521 4955 666 5003 sunt.
716 4945 788 5001 Et
830 4946 936 4999 hoc
986 4943 1061 5001 ita
1110 4942 1290 4997 dicere
1337 4948 1524 4995 contra
1569 4952 1787 4993 omnem

194 5043 587 5102 auctoritatem
651 5038 1051 5110 Scripturarum
1082 5075 1097 5101 ,
1153 5032 1616 5089 dementissimum
1680 5036 1784 5084 est.

196 5137 308 5195 Sed
339 5144 401 5192 et
440 5132 694 5204 angelicae
729 5137 1026 5201 potestates
1057 5127 1238 5183 dicere
1264 5124 1408 5194 quod
1434 5137 1541 5178 non
1586 5118 1789 5177 fuerint

194 5234 249 5288 ei
276 5230 565 5299 umecta,
591 5228 905 5300 priusquam
927 5239 957 5277 a
990 5220 1220 5277 mortuis
1246 5228 1437 5274 auctor
1460 5217 1585 5271 vita:
1607 5226 1788 5271 surre-

196 5325 347 5381 xerit
379 5364 396 5389 ,
425 5336 583 5378 error
620 5327 724 5375 est.
777 5317 914 5385 Quia
963 5322 1225 5369 noverant
1266 5312 1493 5366 virtutes
1525 5308 1789 5364 caelorum

190 5416 324 5486 jure
355 5429 417 5471 se
442 5412 686 5469 subditas
712 5407 938 5473 homini,
962 5420 1122 5475 quem
1149 5421 1180 5459 a
1208 5420 1306 5458 suo
1344 5401 1626 5457 conditore
1660 5412 1787 5468 spe—

196 5509 424 5565 cialiter
464 5512 803 5575 assumptum
847 5500 1099 5555 videbant
1138 5499 1191 5553 in
1234 5498 1422 5562 Deum,
1452 5504 1507 5551 et
1553 5495 1676 5549 ideo
1720 5492 1790 5547 ab

195 5600 368 5656 initio
397 5595 771 5668 conceptionis
800 5591 917 5662 ejus
944 5593 999 5647 in
1021 5606 1087 5675 eo
1128 5590 1398 5659 geminam
1422 5596 1668 5642 naturam
1698 5599 1792 5641 ve—

195 5701 504 5757 nerantur,
553 5690 851 5763 praedicant
897 5695 954 5741 et
998 5686 1269 5750 adorant,
1317 5698 1379 5739 ac
1426 5683 1671 5740 serviunt
1715 5681 1789 5749 ei,

193 5799 376 5879 quem
407 5783 739 5860 Emmanuel,
774 5786 827 5843 id
854 5792 938 5843 est
970 5781 1234 5837 nobiscum
1258 5778 1419 5850 Deus,
1446 5780 1668 5855 angelus
1695 5798 1792 5844 vo.

1875 3291 1929 3344 in
1952 3299 2093 3345 terra
2118 3306 2137 3354 ;
2168 3297 2228 3344 ut
2272 3303 2342 3343 ex
2387 3288 2491 3343 hoc
2520 3301 2629 3341 uno
2657 3285 2867 3355 reliqua
2895 3285 3077 3340 omnia
3117 3284 3468 3340 confirmaret

1877 3381 2053 3438 sancti
2074 3378 2350 3448 Evangelii
2377 3383 2737 3435 sacramenta.
2771 3374 2925 3442 Quod
2949 3390 3082 3431 sane
3113 3371 3465 3444 Evangelium

1876 3471 2142 3528 ferentem
2182 3486 2279 3540 per
2316 3470 2553 3525 medium
2588 3467 2786 3523 caelum
2817 3466 3068 3537 angelum
3125 3463 3362 3519 Joannes
3409 3464 3466 3520 in

1875 3562 2199 3634 Apocalypsi
2222 3576 2320 3616 sua
2346 3560 2507 3625 videt,
2534 3559 2600 3615 de
2630 3573 2738 3628 quo
2763 3556 2900 3612 dixit
2929 3557 3073 3627 quod
3114 3553 3467 3624 Evangeiium

1877 3657 2045 3713 ferret
2072 3664 2356 3711 reternum.
2386 3653 2453 3707 Et
2484 3653 2603 3707 ideo
2642 3651 2939 3706 clementer
2966 3662 3032 3703 ac
3060 3646 3292 3718 provide
3329 3645 3465 3703 satis

1877 3750 2063 3805 debuit
2082 3746 2367 3819 praedicari
2395 3761 2459 3801 ac
2485 3742 2667 3800 doceri
2692 3743 2748 3798 in
2772 3742 2956 3809 terris,
2979 3741 3121 3812 quod
3138 3741 3253 3812 jam
3279 3746 3468 3812 aperte

1877 3843 2277 3914 evangeiizatur
2303 3849 2358 3897 et
2385 3839 2694 3896 declaratur
2718 3837 2774 3892 in
2802 3836 2974 3893 ccelis.

1949 3934 2054 4001 Ite,
2082 3933 2275 4003 inquit,
2304 3936 2483 3987 docete
2515 3944 2692 3985 omnes
2722 3936 2919 4000 gentes,
2945 3927 3273 3998 baptizantcs
3297 3940 3384 3982 eos
3411 3927 3469 3981 iit

1879 4026 2087 4079 nomine
2136 4022 2337 4089 Patris,
2366 4030 2414 4076 et
2442 4018 2603 4085 Filii,
2644 4028 2693 4075 et
2733 4018 2966 4091 Spiritus
2995 4019 3187 4089 sancti,
3220 4019 3467 4075 docentes

1880 4136 1965 4174 eos
1992 4132 2196 4173 servare
2225 4115 2405 4170 omnia
2427 4127 2749 4185 quaecunque
2778 4111 3025 4166 mandavi
3055 4110 3221 4166 vobis.
3255 4110 3470 4167 Rectis-

1880 4212 2052 4269 simus
2086 4210 2250 4282 igitur
2286 4208 2614 4279 praedicandi
2643 4207 2780 4263 ordo
2814 4206 3067 4274 traditur,
3096 4213 3155 4261 et
3191 4205 3471 4263 modernis

1881 4301 2327 4375 praedicatoribus
2362 4299 2724 4355 Ecclesiarum
2758 4298 2852 4354 Dei
2900 4297 3315 4369 diligentissime
3349 4308 3469 4355 ser-

1881 4395 2090 4452 vandus
2120 4393 2474 4465 praedicatur;
2510 4400 2571 4446 ut
2598 4391 2776 4461 primo
2811 4389 3030 4460 quidem
3073 4388 3331 4446 docerent
3368 4404 3471 4445 au-

1884 4491 2087 4546 ditores
2116 4502 2264 4552 suos,
2293 4485 2487 4541 deinde
2531 4483 2655 4538 ﬁdei
2703 4484 3042 4539 sacramenta
3070 4482 3151 4539 eis
3191 4483 3473 4539 traderent

1888 4594 2042 4637 novae
2082 4576 2398 4634 nativitatis.
2431 4573 2513 4630 Ad
2561 4574 2811 4629 ultimum
2838 4572 2915 4629 ~ut
2941 4576 3124 4630 omnia
3150 4589 3271 4645 quae
3318 4588 3472 4630 mann

1892 4674 2014 4728 data
2041 4679 2198 4727 erant
2241 4671 2339 4733 eis,
2371 4682 2439 4723 ex
2467 4668 2679 4735 integro
2709 4673 2765 4720 ut
2808 4667 3158 4722 custodirent.
3192 4665 3329 4733 Quia
3369 4676 3471 4721 nec

1890 4762 2195 4832 baptismus
2222 4760 2340 4814 sine
2374 4756 2480 4812 ﬁde
2514 4757 2756 4826 prodest,
2780 4771 2958 4827 neque
3000 4755 3135 4811 ﬁdes
3178 4756 3297 4811 sine
3343 4768 3473 4826 ope-

1891 4853 2042 4909 ribus
2074 4850 2455 4905 mandatorum
2468 4845 2585 4901 Dei.
2617 4845 2684 4902 Et
2708 4845 2831 4901 ideo
2859 4845 3101 4902 docenda
3127 4854 3212 4901 est
3234 4844 3470 4917 primum

1892 4943 2046 5007 ﬁdes,
2081 4957 2188 5011 qua
2235 4948 2385 4996 recte
2429 4937 2671 4995 creditur
2698 4937 2861 5005 Deus,
2892 4946 2947 4992 et
2972 4932 3028 4992 in
3059 4951 3167 5007 qua
3202 4936 3475 4995 donantur

1891 5043 1951 5090 ut
1972 5033 2250 5105 possibilia
2281 5032 2390 5087 sint
2410 5031 2592 5087 omnia
2619 5028 2986 5095 credentibus,
3015 5043 3117 5084 nec
3146 5043 3254 5083 non
3294 5035 3350 5082 et
3377 5040 3477 5098 po-

1891 5134 2061 5183 testas
2082 5124 2406 5196 adoptionis,
2433 5133 2489 5177 ut
2525 5122 2624 5192 ﬁlii
2668 5122 2765 5177 Dei
2784 5121 3111 5176 nominemur
3140 5128 3188 5173 et
3216 5119 3381 5174 simus
3419 5115 3473 5190 (ι
3576 5194 3583 5199 _

1891 5219 2051 5274 Joan.
2083 5217 2261 5288 111,1).
2285 5202 2508 5281 Deinde,
2533 5216 2620 5271 his
2641 5216 2716 5269 ita
2739 5213 3038 5278 instructis,
3064 5212 3323 5269 tradenda
3349 5214 3477 5267 sunt

1893 5317 2234 5366 sacramenta
2262 5308 2408 5374 ﬁdei,
2442 5315 2496 5363 et
2524 5307 2570 5362 si
2596 5304 2866 5377 baptismo
2895 5305 3181 5375 tingendus
3213 5305 3398 5372 homo,
3415 5309 3476 5359 ut

1893 5410 2214 5456 renascatur
2239 5400 2293 5454 in
2313 5400 2505 5455 eodem
2528 5405 2868 5453 sacramento
2891 5405 3051 5452 totus.
3081 5396 3235 5453 Tunc
3255 5398 3475 5453 demum

1893 5501 2106 5564 oportet
2130 5501 2191 5548 ut
2218 5493 2387 5548 instet
2426 5490 2750 5562 praedicatoiI
2781 5504 2846 5544 ac
2885 5489 3095 5556 doctor,
3131 5497 3191 5545 ut
3220 5490 3476 5561 deinceps

1900 5587 2116 5658 1219
2136 5584 2251 5654 jam
2290 5585 2345 5639 in
2380 5582 2466 5638 illa
2499 5597 2637 5637 nova
2664 5580 2949 5636 nativitate
2978 5596 3139 5652 opera
3186 5580 3311 5637 ﬁdei
3339 5596 3474 5637 con-

1896 5687 2214 5751 sequantur,
2264 5686 2320 5732 et
2363 5676 2616 5731 mandata
2663 5674 2717 5728 in
2761 5673 2959 5744 quibus
3011 5675 3249 5730 charitas
3298 5672 3477 5729 adims

1895 5782 2076 5855 pietur
2099 5776 2489 5835 custodiantur.
2520 5769 2970 5827 Audiant‘omnes
2990 5766 3232 5827 haeretici
3250 5774 3307 5827 et
3332 5765 3479 5828 schl‘
