4048 6352
621 235 738 298 ’095

1421 227 1480 284 S.
1517 221 1875 283 PASCHASII
1915 214 2266 276 RADBERTI
2304 205 2600 270 ABBATIS
2634 205 3086 268 CORBEIENSIS
3717 227 3794 283 9M

633 355 938 411 ultroneum
1005 345 1220 405 offerre.
1286 342 1594 399 Praesertim
1641 339 1767 410 quia
1814 354 1845 392 a
1895 336 2004 391 Deo
2050 336 2223 389 haeres
2254 332 2303 392 Α
2329 328 2540 383 cunctis
2570 341 2757 382 eorum
2786 324 3010 380 studiis.
3031 323 3187 392 Quod
3210 337 3310 380 non
3335 325 3566 397 gloriandi
3583 334 3798 397 viduum.

633 445 924 502 constituta
948 448 1031 495 est
1056 437 1224 492 Mater
1252 436 1424 489 beata:
1452 431 1809 495 hmreditatis,
1828 445 1947 500 qua:
1972 434 2088 482 erat
2112 425 2221 480 ﬁlia

634 536 954 595 charissima
1004 531 1215 599 matris,
1247 529 1333 583 cui
1376 536 1546 582 totum
1578 541 1666 580 me
1692 523 1882 580 devovi
1930 521 2045 577 fore
2090 536 2226 591 pne-

634 646 759 688 sens
790 628 932 711 quod
977 642 1117 691 sum,
1148 632 1202 679 et
1229 622 1372 693 quod
1415 618 1815 711 debueramin
1843 615 2061 711 Christo
2090 612 2227 668 dile-

635 708 829 789 ctionis
873 732 932 778 ut
973 719 1331 777 exsolverent.
1383 714 1519 780 Quia
1572 711 1730 767 fenus
1769 708 2053 766 charitatis
2101 715 2227 761 tunc

634 818 773 874 bene
822 815 1051 871 debetur
1084 827 1206 866 cum
1256 807 1569 871 exsolvitur,
1612 813 1667 859 et
1711 802 1967 861 solvendo
2012 815 2229 871 semper

630 910 754 979 jure
801 906 1048 961 debetur.
1079 902 1135 957 ln
1175 903 1275 958 hoc
1302 901 1418 972 ipso
1450 897 1667 970 negotio
1695 894 1959 967 completa
1987 903 2071 949 est
2094 908 2229 962 pro-

636 998 821 1071 phetia
850 995 1136 1068 praesentis
1164 992 1357 1065 psalmi
1385 1034 1399 1067 ,
1430 1007 1553 1046 cum
1584 990 1782 1045 dicitur
1808 1005 1821 1042 :
1852 988 1960 1043 Pro
1989 987 2227 1058 patribus

638 1091 741 1145 tuis
771 1089 882 1143 nati
921 1098 1041 1143 sunt
1083 1086 1177 1139 tibi
1203 1084 1322 1155 ﬁlii,
1356 1083 1633 1137 constitues
1655 1097 1742 1135 eos
1769 1080 2026 1151 principes
2053 1076 2227 1150 (Paul.

638 1197 782 1244 erv,
814 1180 923 1251 l7).
971 1178 1275 1233 Constituta
1321 1184 1405 1231 est
1439 1190 1568 1244 ergo
1608 1190 1639 1229 a
1678 1174 1812 1240 Deo,
1840 1170 2227 1236 dilectissimus,

638 1285 693 1328 et
720 1288 841 1344 quae
872 1271 973 1327 fuit
1017 1271 1124 1324 lilia
1161 1271 1331 1325 beatre
1374 1267 1595 1332 Matris,
1624 1264 1766 1320 facta
1792 1273 1873 1319 est
1902 1263 2105 1334 optima
2128 1278 2231 1316 rru-

641 1364 768 1429 trix,
791 1362 876 1418 cui
907 1368 1077 1418 totum
1106 1361 1364 1415 debemus
1388 1358 1531 1428 quod
1555 1358 1823 1412 novimus.
1856 1355 2011 1411 Unde
2036 1356 2233 1410 vestris

638 1453 885 1524 pulsatus
929 1450 1233 1522 largissime
1262 1448 1564 1510 beneﬁciis,
1600 1446 1740 1516 coepi
1769 1447 2009 1517 cogitare
2036 1446 2233 1515 quibus

638 1542 931 1615 plurinrrrm
959 1542 1247 1605 debebam,
1284 1539 1435 1595 vobis
1479 1539 1605 1610 quia
1650 1547 1947 1608 occupatus
1975 1554 2082 1594 non
2111 1553 2236 1609 pro-

639 1636 738 1703 fui,
768 1635 971 1706 aliquid
1019 1644 1078 1688 ut
1119 1632 1434 1705 prodessem
1485 1631 1678 1687 saltem
1722 1632 1948 1688 otiosus.
1995 1630 2053 1685 Si
2094 1629 2234 1685 forte

638 1701 773 1789 mibi
803 1701 984 1789 dicere
1011 1701 1296 1801 adpbssem
1329 1728 1457 1785 illud
1479 1729 1722 1797 Catonis,
1752 1731 1897 1800 quod
1921 1731 1998 1784 ait
2025 1730 2094 1786 de
2123 1730 2237 1786 Sci-
2264 1701 2312 1763 Β

637 1823 820 1896 pioue,
851 1824 942 1894 qui
974 1823 1181 1895 primus
1210 1821 1511 1893 appellatus
1550 1831 1635 1876 est
1664 1820 1976 1888 Africanus,
2020 1823 2236 1879 solitum

640 1914 842 1980 dicere,
876 1927 1113 1985 namque
1152 1929 1210 1969 se
1259 1913 1441 1967 minus
1476 1913 1712 1968 otiosum
1747 1928 1888 1979 esse,
1918 1929 2081 1983 quam
2114 1930 2237 1970 cum

641 2012 886 2073 otiosus;
922 2020 1024 2060 nec
1053 2003 1233 2060 minus
1280 2004 1475 2069 solunr,
1506 2019 1667 2074 quam
1712 2019 1836 2059 cum
1882 2004 2029 2060 solos
2071 2014 2234 2059 esset.

641 2096 925 2169 Magniﬁca
970 2095 1189 2167 quidem
1230 2110 1355 2161 vox,
1384 2094 1770 2160 dilectissimte,
1804 2104 1860 2150 et
1895 2112 2094 2167 magno
2122 2098 2240 2151 viro

642 2203 707 2243 ac
736 2184 965 2258 sapienti
995 2188 1174 2259 digna,
1206 2201 1327 2258 quae
1354 2186 1598 2241 declarat
1642 2186 1791 2240 illum
1822 2187 1876 2241 in
1902 2188 2014 2242 otio
2049 2189 2115 2242 de
2147 2203 2240 2242 ne-

643 2278 805 2351 gotiis
847 2278 970 2333 vita:
1018 2278 1257 2349 cogitare
1285 2317 1300 2344 ,
1332 2285 1387 2332 et
1433 2277 1485 2332 in
1532 2276 1820 2332 solitudine
1866 2293 2049 2332 secum
2094 2278 2239 2348 loqui

643 2369 883 2435 solitum,
916 2384 1091 2440 neque
1120 2384 1371 2426 cessasse
1406 2385 1643 2441 unquam
1673 2370 1965 2438 interdum,
1990 2379 2046 2427 et
2071 2371 2238 2428 collo-

643 2462 771 2533 quio
798 2460 1024 2517 alterius
1053 2477 1162 2517 non
1190 2462 1423 2534 eguisse.
1446 2462 1570 2518 Istae
1593 2462 1714 2518 dua:
1737 2478 1849 2531 res,
1874 2481 1994 2534 qua:
2022 2465 2242 2538 languo-

645 2566 760 2608 rem
791 2550 1026 2633 aﬁ'erunt
1052 2551 1290 2624 cmteris,
1313 2553 1464 2608 illum
1510 2554 1797 2621 acuebant,
1837 2555 2006 2610 otium
2033 2556 2242 2611 scilicet

644 2648 701 2697 et
729 2640 982 2698 solitudo.
1015 2639 1220 2697 Vellem
1249 2652 1305 2698 et
1334 2644 1465 2699 mihi
1498 2644 1602 2700 hoc
1630 2645 1773 2700 idem
1805 2660 1932 2700 vere
1956 2646 2021 2701 de
2052 2662 2137 2702 me
2161 2647 2245 2701 di-

646 2729 774 2791 cere
815 2733 1035 2801 liceret;
1068 2735 1163 2790 sed
1210 2735 1339 2806 quia
1374 2736 1553 2792 minus
1596 2737 1899 2804 imitatione
1922 2738 1992 2793 ad
2036 2746 2243 2794 tantam

647 2827 851 2898 ingenii
882 2828 1256 2898 praestantiam
1284 2843 1426 2899 queo
1445 2869 1459 2895 ,
1499 2828 1775 2886 voluntate
1806 2839 1953 2887 certe
1995 2833 2244 2902 proxime

648 2935 938 2990 assequor,
969 2919 1114 2990 quod
1141 2922 1405 2991 competit
1431 2922 1666 2978 maxime
1692 2922 1868 2988 nobis,
1893 2925 2091 2994 quibus
2112 2942 2244 2980 con-

650 3011 974 3082 templativa
1003 3011 1112 3066 vita
1146 3012 1246 3066 sub
1277 3013 1573 3068 monastica
1614 3013 1895 3084 disciplina
1926 3015 2243 3086 degentibus

2331 424 2577 479 smmum
2609 429 2693 475 est
2707 429 2767 474 ut
2792 419 3057 489 ignaviter
3071 426 3390 488 torpcamus,
3404 422 3486 477 sed
3496 432 3546 479 ut
3557 430 3800 489 meditemur

2330 517 2381 572 in
2402 512 2669 569 mandatis
2691 511 2807 576 Dei,
2825 510 2878 565 in
2896 509 3145 566 laudibus
3159 519 3214 565 et
3240 514 3638 585 contemplatione
3651 521 3801 592 divina,

2328 610 2383 665 in
2398 607 2696 678 Scriptnris
2708 605 2896 667 sacris,
2913 605 2967 659 in
2983 604 3100 678 lege
3113 613 3165 659 et
3179 605 3458 675 prophetis,
3470 607 3518 662 in
3528 608 3807 683 Evangelioet

2329 702 2572 759 doctrina
2594 698 2985 771 apostolorum,
3004 697 3057 751 in
3075 695 3440 751 traditionibus
3461 709 3718 757 sanctorum
3735 705 3806 761 Pa-

2329 802 2499 859 trum,
2525 793 2569 848 si
2596 791 2867 864 quomodo
2886 806 3005 860 quae
3032 789 3280 845 novimus
3301 789 3498 847 Christo
3520 794 3809 856 exhibeamus.

2401 886 2545 940 Inter
2571 898 2689 955 qure
2735 883 2994 938 nimirum
3044 880 3246 937 eximia
3282 880 3613 941 doctrinarum
3646 902 3810 958 pascua,

2332 980 2476 1036 inter
2503 979 2809 1035 uberrimos
2827 972 3169 1032 'delieiarum
3197 974 3347 1032 favos
3370 978 3537 1033 habita
3560 989 3633 1035 est
3656 983 3813 1040 collati)

2332 1074 2398 1129 de
2425 1073 2633 1144 psalmo
2663 1070 3082 1141 quadragesimo
3104 1077 3319 1139 quarto.
3352 1068 3508 1136 Quem
3529 1086 3635 1127 cum
3655 1078 3817 1133 recitas-

2334 1182 2473 1231 sem,
2499 1163 2679 1220 inveni
2712 1178 2836 1218 eum
2869 1176 3088 1218 carmen
3131 1176 3251 1217 esse
3279 1161 3585 1232 nuptiarum,
3615 1174 3818 1221 vestrum.

2333 1274 2442 1329 que
2489 1256 2927 1329 epithalamium;
2957 1270 3023 1309 eo
3065 1254 3211 1324 quod
3258 1261 3398 1309 totus
3439 1257 3500 1310 de
3529 1257 3698 1327 nuptiis
3733 1268 3822 1329 agat

2334 1348 2517 1421 sponsi
2565 1356 2620 1402 et
2663 1348 2955 1417 virginum,
2987 1362 3221 1418 quarum
3266 1363 3428 1402 unum
3468 1356 3544 1403 est
3586 1364 3757 1419 corpus,
3781 1361 3825 1406 ut

2335 1458 2445 1499 una
2495 1441 2760 1497 eﬁiciatur
2803 1440 3136 1496 Ecclesia-et
3167 1438 3363 1511 conjux
3401 1440 3527 1495 tanti
3562 1441 3755 1512 viri,qui
3785 1443 3824 1499 in

2340 1551 2406 1590 eo
2433 1534 2762 1589 describitur
2788 1541 2844 1588 et
2872 1531 3199 1602 praedicatur
3228 1531 3497 1601 speciosus
3525 1546 3621 1599 pra:
3643 1533 3825 1589 omnibus

2343 1626 2468 1681 ﬁliis
2496 1624 2796 1680 hominum.
2845 1623 2949 1678 Sed
2979 1638 3101 1679 cum
3134 1623 3251 1677 haec
3277 1638 3345 1676 ex
3378 1630 3496 1678 voto
3520 1631 3769 1687 tractarem,
3787 1635 3827 1678 ut

2342 1717 2684 1772 restituerem
2723 1714 2908 1786 paucis
2938 1714 3082 1784 quod
3108 1714 3460 1784 promiseram
3477 1754 3491 1780 ,
3518 1704 3630 1769 mox
3653 1714 3696 1769 in
3717 1715 3831 1769 vesti-

2340 1809 2468 1866 bulo
2494 1808 2708 1880 psalmi,
2739 1808 2791 1863 id
2816 1814 2897 1862 est
2927 1807 2979 1861 in
3003 1806 3178 1871 titulo,
3204 1806 3401 1876 reperi,
3426 1806 3479 1861 in
3505 1805 3663 1871 ﬁnem,
3680 1821 3753 1877 pro
3772 1805 3828 1861 his

2341 1902 2432 1972 qui
2458 1900 2936 1957 cornmutabnntur
2962 1898 3192 1955 ﬁliorum
3219 1896 3400 1954 Chore
3424 1898 3727 1969 intelligentia
3744 1913 3831 1952 can-

2341 1993 2507 2049 ticum
2537 1992 2870 2063 prazdilecto.
2901 1991 3105 2046 Deinde
3136 1989 3460 2047 Hebraicam
3492 1992 3831 2047 veritatemoou-

2340 2086 2609 2151 siderans,
2632 2085 2785 2155 juxta
2806 2084 3025 2139 beatum
3047 2082 3462 2154 Hieronymum,
3476 2083 3526 2138 in
3540 2098 3631 2154 qua
3649 2082 3835 2152 scriptura

2341 2178 2694 2235 est:Victori
2745 2194 2843 2250 pro
2888 2178 3015 2233 liliis
3064 2178 3301 2234 ﬁliorum
3346 2178 3556 2244 Chore,
3598 2176 3835 2233 eruditionis

2341 2273 2611 2328 canticum
2654 2270 3035 2326 amantissimi.
3094 2270 3194 2326 Ubi
3245 2270 3594 2343 Symmachus
3624 2283 3742 2324 more
3775 2281 3839 2323 suo

2342 2363 2688 2420 manifestius
2713 2365 3101 2434 interpretatus
3130 2370 3215 2419 est
3248 2364 3539 2433 triumphus
3566 2378 3647 2433 pro
3669 2359 3838 2431 ﬂoribus.

2342 2457 2474 2526 Quae
2514 2471 2636 2511 cum
2682 2454 2932 2525 legissem
2963 2456 3344 2526 hujuscemodi
3385 2465 3438 2512 et
3476 2455 3573 2510 alia
3606 2454 3774 2510 diversa
3806 2452 3843 2507 it

2344 2548 2524 2614 titulo,
2566 2547 2788 2613 credidi,
2838 2546 3237 2613 dilectissimaa,
3292 2563 3583 2620 paucorum
3625 2561 3713 2602 non
3749 2558 3842 2607 esse.

2345 2641 2487 2709 quod
2513 2638 2766 2695 omnibus
2794 2638 3115 2711 virginibus,
3167 2640 3284 2695 imo
3333 2641 3480 2696 omni
3518 2639 3691 2696 Christi
3726 2636 3851 2693 Ecde-

2345 2731 2439 2787 sim
2496 2730 2825 2802 generaliter
2892 2731 3235 2786 decantatur.
3296 2732 3404 2788 Sed
3453 2732 3571 2803 quia
3612 2730 3847 2801 virginitas.

2346 2839 2467 2894 qua:
2516 2839 2732 2893 semper
2765 2821 2986 2878 ﬁoribus
3035 2833 3432 2896 comparatur,
3476 2824 3528 2879 in
3564 2818 3854 2878 membrisﬁc-

2348 2915 2525 2972 clesiae
2570 2915 2855 2987 gloriosior
2900 2916 3078 2986 portio
3126 2916 3427 2986 praecellit,
3478 2923 3530 2970 et
3589 2909 3787 2983 specialis
3816 2907 3852 2960 ia

2351 3013 2431 3067 eis
2459 3012 2627 3066 virtus
2647 3027 2769 3066 esse
2797 3011 3076 3081 probatur,
3102 3010 3569 3082 opportunissime
3592 3007 3704 3064 mihi
3727 3017 3858 3059 occur»

651 3103 704 3159 in
731 3112 856 3159 voto
885 3111 988 3158 est.
1014 3101 1167 3159 Unde
1192 3102 1455 3161 Dominus
1479 3122 1492 3159 :
1532 3072 1977 3176 Vacate,.inquit,
1995 3072 2056 3161 ἷξε
2085 3107 2247 3162 videte
2274 3072 2321 3136 Ο
2351 3106 2425 3162 rit
2447 3104 2513 3160 de
2543 3105 2630 3160 his
2658 3102 2726 3158 ad
2756 3120 2852 3159 vos
2875 3103 3174 3159 scriberem
3194 3105 3475 3170 omnibus,
3499 3117 3609 3173 quas
3630 3096 3853 3155 verellotcs

650 3194 901 3267 quoniam
930 3211 1022 3266 ego
1050 3211 1167 3250 sum
1200 3195 1343 3251 Deus
1368 3194 1540 3264 (Psal.
1567 3211 1690 3262 xcv,
1720 3196 1831 3269 ll).
1860 3197 1977 3265 Quo
2003 3199 2249 3269 profecto

651 3286 923 3357 exemplo,
948 3285 1123 3356 major
1148 3288 1380 3345 materia
1414 3289 1827 3345 exhortationis
1840 3289 2250 3347 otﬁciosissimae

653 3379 883 3445 vaeandi
913 3379 1015 3435 sub
1041 3380 1155 3434 otio
1181 3380 1459 3451 religionis
1489 3396 1519 3435 a
1552 3380 1780 3436 Domino
1809 3382 2245 3438 commendatur.

653 3473 732 3528 lta
763 3482 943 3528 tamen
972 3473 1016 3528 si
1046 3488 1154 3528 non
1183 3474 1418 3545 ignavia,
1451 3490 1558 3529 non
1590 3484 1805 3546 torpor,
1838 3491 1944 3531 non
1975 3476 2247 3543 socordia,

655 3566 740 3620 vel
768 3565 975 3621 desidia
1004 3580 1103 3621 nos
1130 3566 1474 3637 opprimant,
1498 3567 1624 3637 quia
1656 3567 1904 3624 otiositas
1926 3568 2145 3623 inimica
2168 3576 2253 3624 est

655 3656 870 3711 animae.
900 3656 1049 3711 Alias
1076 3667 1256 3723 autem
1302 3660 1737 3730 contemplativa:
1777 3661 1903 3717 vita:
1939 3661 2251 3733 intelligibi-

656 3749 763 3805 lius
797 3750 1073 3806 deservire
1114 3750 1628 3821 impraesentiarum,
1657 3763 1719 3809 ut
1745 3763 1829 3811 est
1856 3756 2250 3827 beatissimum,

659 3844 735 3898 ita
759 3852 813 3898 et
842 3844 1355 3914 negotiosissimum.
1401 3847 1479 3901 Ex
1508 3863 1615 3918 quo
1644 3848 1901 3904 Domirnrs
1928 3850 1982 3904 in
2009 3849 2254 3922 Evange-

659 3934 753 4001 lio,
782 3935 981 4003 Maria,
1014 3939 1219 4008 inquit,
1252 3942 1501 4010 optimam
1542 3952 1742 4012 partem
1780 3944 1952 4013 elegit,
1993 3960 2110 4015 qua:
2149 3960 2252 3997 non

662 4025 934 4095 auferetur
960 4027 1024 4080 ab
1047 4045 1108 4082 ea
1139 4028 1291 4102 (Luc.
1330 4047 1386 4096 x,
1418 4031 1531 4103 42).
1566 4032 1772 4088 Idcirco
1802 4049 1918 4101 vos,
1950 4034 2078 4105 quia
2120 4035 2253 4091 estis

665 4119 814 4174 cives
859 4130 1173 4177 sanctorum
1223 4130 1279 4179 et
1329 4124 1640 4181 domestica:
1674 4126 1887 4196 1227
1934 4125 2053 4193 Dei,
2086 4127 2255 4197 pluri-

662 4229 810 4270 mum
861 4214 1017 4270 decet
1059 4231 1124 4271 ea
1174 4231 1388 4288 semper
1439 4220 1655 4285 sectari,
1689 4228 1744 4274 et
1798 4220 1941 4275 illirrs
1987 4221 2252 4276 theoriam

665 4322 911 4378 quaerere
976 4307 1132 4377 cujus
1171 4309 1303 4364 estis
1352 4309 1493 4365 ﬁliae.
1542 4311 1792 4368 Profecto
1839 4313 1966 4383 quia
2014 4315 2253 4384 ejusdem

2349 3199 2552 3256 Christi
2580 3198 2738 3261 estis,
2770 3208 2826 3252 et
2850 3197 3219 3253 Ecclesiarum
3252 3198 3391 3253 lilia.
3415 3196 3643 3252 Primum
3662 3201 3712 3248 ut
3734 3184 3857 3247 exsol-

2351 3307 2537 3347 verem
2594 3290 2737 3361 quod
2791 3290 3118 3361 prmcedenti
3166 3292 3337 3346 matri
3384 3290 3657 3345 debueram
3680 3322 3694 3348 ,
3719 3276 3858 3335 deinde

2348 3386 2524 3451 vobis,
2546 3399 2777 3454 quarum
2819 3391 2904 3438 est
2933 3398 3156 3438 carmen
3184 3384 3255 3439 de
3298 3383 3524 3453 nuptiis,
3555 3395 3614 3435 ac
3646 3377 3683 3437 si
3707 3375 3749 3429 in
3765 3368 3861 3426 dotis

2351 3476 2508 3532 titulo
2533 3490 2838 3531 sermonem
2872 3475 3121 3545 proferre
3150 3477 3514 3547 generaliter,
3544 3473 3655 3527 licet
3681 3466 3859 3522 inclinato

2350 3569 2603 3639 loquendi
2629 3583 2825 3639 genere
2866 3585 2973 3624 non
3014 3584 3299 3640 negarem.
3337 3567 3598 3638 Quoniam
3631 3562 3723 3617 lilia
3751 3557 3862 3612 etiam

2351 3662 2496 3719 inter
2545 3662 2729 3733 spinas
2770 3662 2907 3717 bene
2953 3670 3248 3728 crescunt;
3278 3670 3336 3718 et
3364 3663 3431 3717 de
3458 3657 3684 3716 sensibus
3706 3652 3863 3717 loquens

2353 3749 2594 3821 Spiritus
2638 3760 2877 3817 sanctus,
2907 3761 3055 3807 certe
3101 3760 3197 3806 aut
3243 3754 3368 3824 ipse
3413 3762 3629 3822 sponsus
3665 3735 3865 3798 Ecclesiae.

2354 3843 2624 3899 mediator
2651 3844 2745 3899 Dei
2777 3852 2830 3898 et
2852 3843 3155 3910 hominum,
3185 3842 3424 3917 Moysen
3455 3842 3605 3897 docet
3624 3846 3673 3892 et
3696 3825 3865 3927 instruit:

2354 3933 2624 3992 Fortassis
2654 3936 2820 4007 igitur
2843 3938 3041 3993 vestris
3061 3937 3564 3994 intervenientibus
3595 3928 3782 3989 meritis,
3798 3932 3871 3976 mel

2356 4028 2569 4082 dumosi
2598 4029 2835 4097 pectoris
2859 4026 3033 4084 oﬁicio
3061 4045 3165 4084 non
3190 4029 3581 4102 dedignabitur
3605 4017 3869 4090 aliquidpm-

2356 4117 2521 4183 ferre,
2563 4119 2707 4187 quod
2746 4118 2919 4188 prosit
2954 4117 3407 4175 desiderantibus
3454 4117 3653 4181 audire,
3691 4104 3874 4181 omni“

2357 4212 2584 4268 materia
2624 4211 2878 4282 loquendi
2908 4228 2975 4267 ex
3018 4213 3141 4269 dote
3183 4224 3273 4271 est
3325 4225 3525 4271 vestra:
3573 4197 3872 4281 sponsalitalis-

2357 4304 2564 4359 Idcirco
2585 4319 2747 4375 quam
2778 4304 2917 4360 bene
2937 4306 3140 4377 jugiter
3161 4308 3231 4363 ad
3264 4308 3488 4379 vigilias
3516 4304 3755 4376 virginum
3780 4301 3879 4348 totus

665 4400 963 4471 disciplina:
991 4416 1119 4471 pars
1144 4403 1197 4456 in
1224 4403 1479 4458 omnibus
1507 4404 1765 4476 frugifera
1794 4414 1877 4461 est
1905 4415 1961 4461 et
1989 4406 2251 4473 fecunda;
2282 4439 2336 4500 ο
2359 4394 2683 4465 expendit“?
2722 4394 2982 4464 Ρεειιιιιυε,
3014 4406 3067 4450 ει
3096 4397 3150 4451 in
3195 4398 3368 4454 lallde
3393 4412 3581 4453 earum
3626 4392 3877 4500 “may?

666 4490 824 4559 cujus
869 4492 1052 4561 itaque
1095 4492 1305 4550 fructus
1342 4510 1556 4567 semper
1599 4506 1801 4565 manet,
1829 4514 1930 4554 nec
1975 4499 2082 4555 ulla
2133 4514 2261 4571 pars

667 4580 786 4650 ejus
810 4580 1011 4637 inculta
1033 4592 1128 4637 aut
1146 4584 1359 4641 deserta
1392 4588 1628 4658 squalet,
1650 4605 1814 4659 quam
1844 4605 1975 4645 sane
1999 4591 2259 4662 elegistis,

669 4683 726 4727 et
750 4672 819 4727 ad
845 4674 949 4729 hoc
973 4674 1084 4729 Deo
1105 4674 1296 4732 dicata:
1318 4679 1471 4744 estis,
1490 4695 1612 4735 earn
1637 4696 1766 4735 sane
1790 4681 2039 4736 excolere
2062 4683 2263 4738 instan-

673 4765 781 4819 tius
826 4764 1066 4831 debetis,
1099 4769 1354 4837 quoniam
1398 4770 1547 4825 nulla
1578 4772 2070 4843 impraesentiarum
2119 4776 2264 4830 actio

672 4856 884 4913 beatior
926 4869 1020 4916 aut
1046 4862 1227 4917 verior
1258 4877 1420 4932 quam
1463 4864 1722 4934 angelicis
1751 4865 2014 4925 interesse
2050 4868 2263 4935 ciliciis,

673 4960 729 5005 et
753 4950 951 5006 divinis
975 4952 1263 5009 admisceri
1286 4954 1587 5025 colloquiis,
1611 4966 1667 5012 et
1691 4958 1997 5027 aspectibus
2026 4975 2265 5030 prtesen-

679 5040 802 5094 tari.
848 5040 986 5097 Hinc
1015 5044 1173 5099 nobis
1215 5045 1333 5116 tale,
1364 5046 1575 5101 felicius
1616 5051 2028 5106 commendatur
2069 5054 2261 5120 otium,

677 5145 842 5201 quam
869 5135 1190 5203 praecelsum
1220 5137 1453 5193 ullarum
1486 5155 1670 5195 rerum
1693 5142 1749 5196 in
1775 5144 1938 5199 terris
1969 5146 2262 5217 negotium.

677 5224 761 5281 οι)
787 5242 950 5298 quam
979 5244 1201 5287 causam
1232 5231 1599 5304 relinquentes
1627 5237 1830 5304 omnia,
1860 5237 1971 5292 Deo
2001 5254 2098 5294 vos
2120 5238 2264 5294 vovi-

678 5316 799 5374 stis.
838 5317 991 5375 Unde
1028 5322 1129 5378 etsi
1160 5321 1260 5378 soli
1303 5324 1553 5380 videmur
1587 5326 1858 5383 interdum
1884 5336 1939 5383 et
1967 5330 2147 5393 otiosi,
2173 5330 2264 5401 qui

679 5423 899 5477 semper
924 5426 1049 5466 cum
1091 5414 1203 5469 Deo
1241 5416 1675 5487 negotiosissime
1725 5433 2016 5488 coramque
2059 5420 2269 5475 versari

680 5502 966 5572 debemus,
1001 5523 1277 5579 nunquam
1308 5511 1405 5567 soli
1437 5528 1653 5578 sumus,
1692 5521 1785 5567 aut
1829 5513 2007 5568 otiosi.
2057 5514 2179 5569 Ideo
2223 5514 2269 5569 si

681 5595 932 5652 conferre
977 5600 1225 5657 volumus
1266 5603 1611 5659 solitudinem
1662 5611 1905 5659 nostram
1957 5613 2050 5658 aut
2099 5606 2311 5660 otium-

684 5702 806 5743 curn
845 5690 1085 5749 Africani
1136 5695 1278 5751 illius
1316 5696 1551 5766 ingenio,
1592 5696 1761 5752 multo
1801 5698 2150 5767 praestantius
2190 5706 2273 5754 est

2365 4501 2656 4558 quaerere
2685 4495 2812 4541 sunt
2852 4486 3014 4545 ﬂores
3038 4487 3422 4549 Ecclesiarum
3461 4499 3520 4545 et
3557 4486 3658 4542 lilia
3693 4468 3878 4552 pare-dish

2366 4581 2750 4637 Verumtamen
2793 4583 2893 4637 etsi
2936 4584 3002 4638 de
3047 4583 3132 4638 his
3162 4584 3500 4640 solemniter
3529 4573 3884 4653 symphonizatnr

2365 4676 2421 4730 in
2453 4675 2714 4730 natalitirs
2738 4692 2950 4741 earum,
2973 4692 3094 4746 quae
3131 4678 3246 4748 jam
3294 4694 3430 4735 cum
3475 4674 3684 4733 Christo
3717 4660 3883 4722 feliciter

2367 4776 2543 4823 morte
2588 4767 2760 4822 soluta
2784 4808 2799 4833 ,
2830 4769 3162 4825 introierunt
3208 4771 3278 4826 ad
3326 4772 3585 4840 nuptias;
3617 4755 3884 4820 nihilominus

2366 4866 2853 4936 impraesentiarum
2878 4875 3087 4922 vestras
3115 4867 3168 4920 in
3188 4866 3423 4923 Christo
3449 4861 3765 4921 concelebrat
3781 4852 3888 4920 bim‘

2366 4955 2550 5010 nidice
2572 4956 2811 5025 nuptias,
2838 4963 2893 5010 et
2910 4955 3310 5023 jocundissirna
3342 4954 3608 5011 describit
3635 4949 3802 5004 foedera
3825 4950 3891 4991 ιη’

2368 5049 2627 5119 ptiarum,
2653 5048 2825 5117 pingit
2856 5063 3070 5118 quoque
3099 5063 3370 5118 sponsum
3412 5049 3668 5104 decorum
3706 5053 3760 5094 ac
3790 5032 3894 5086 Ιοοιν

2371 5139 2569 5212 pletem
2608 5154 2720 5209 prae
2744 5140 2999 5195 omnibus
3025 5158 3037 5193 :
3063 5154 3327 5209 sponsam
3357 5155 3502 5195 vero
3522 5154 3553 5193 a
3580 5131 3765 5192 dextris
3793 5130 3895 5212 ιυξθ

2371 5208 2625 5289 testatur
2648 5233 2975 5304 gloriosam,
3020 5234 3173 5305 regio
3224 5235 3450 5290 honore
3503 5208 3900 5317 sublimatamfrl

2375 5337 2559 5384 monet
2579 5336 2799 5398 propter
2824 5342 2936 5393 eas,
2958 5343 3081 5398 qua:
3107 5329 3289 5384 adhuc
3317 5330 3377 5383 in
3418 5326 3586 5383 terris
3609 5312 3900 5376 laborant.“

2375 5421 2564 5477 dicens
2588 5439 2601 5474 :
2627 5419 2790 5484 Audi,
2812 5419 2949 5489 ﬁlia,
2975 5431 3023 5475 et
3046 5421 3180 5485 uide,
3199 5435 3298 5476 seu
3323 5429 3532 5476 caetera
3559 5429 3674 5489 quae

2378 5512 2550 5576 Unde,
2577 5512 2935 5577 charissima),
2965 5514 3093 5583 quia
3116 5524 3365 5568 veStrum
3391 5528 3523 5570 eum
3552 5498 3807 5577 recogno't'i
3822 5498 3907 5562 GP"

2381 5604 2698 5660 thalaminrn
2718 5644 2732 5670 ,
2770 5604 2897 5659 licet
2926 5606 3194 5671 indoctus,
3224 5606 3496 5660 nesciens
3521 5609 3750 5662 cantare,
3776 5592 3910 5647 ηοω

2382 5706 2507 5753 ante
2522 5697 2818 5753 thalamum
2837 5700 2970 5754 tanti
2987 5700 3148 5771 regis,
3168 5709 3571 5769 tantarumque
3586 5692 3821 5763 virginum
3835 5690 3913 5733 που
