  <div class='ocr_page' id='page_1' title='image "/cluster/home/n/w/nwhite01/storage/ocr_20150623/120/hvd.32044015466923/504.png"; bbox 0 0 4048 6352; ppageno 0'>
   <div class='ocr_carea' id='block_1_1' title="bbox 174 294 271 354">
    <p class='ocr_par' dir='ltr' id='par_1_1' title="bbox 174 294 271 354">
     <span class='ocr_line' id='line_1_1' title="bbox 174 294 271 354; baseline -0.052 0"><span class='ocrx_word' id='word_1_1' title='bbox 174 294 271 354; x_wconf 80' lang='grc'><strong>997</strong></span> 
     </span>
    </p>
   </div>
   <div class='ocr_carea' id='block_1_2' title="bbox 1105 292 2525 374">
    <p class='ocr_par' dir='ltr' id='par_1_2' title="bbox 1105 292 2525 374">
     <span class='ocr_line' id='line_1_2' title="bbox 1105 292 2525 374; baseline 0.018 -25"><span class='ocrx_word' id='word_1_2' title='bbox 1105 292 1472 355; x_wconf 79' lang='lat' dir='ltr'><strong>EXPOSITIO</strong></span> <span class='ocrx_word' id='word_1_3' title='bbox 1507 301 1573 355; x_wconf 77' lang='grc' dir='ltr'><strong>ΙΝ</strong></span> <span class='ocrx_word' id='word_1_4' title='bbox 1612 304 1943 368; x_wconf 72' lang='lat' dir='ltr'><strong>PSALMUM</strong></span> <span class='ocrx_word' id='word_1_5' title='bbox 1986 313 2165 370; x_wconf 80' lang='lat' dir='ltr'><strong>XLIV.</strong></span> <span class='ocrx_word' id='word_1_6' title='bbox 2210 347 2279 357; x_wconf 92' lang='lat'><em>—</em></span> <span class='ocrx_word' id='word_1_7' title='bbox 2317 317 2446 373; x_wconf 86' lang='lat' dir='ltr'><strong>LIB.</strong></span> <span class='ocrx_word' id='word_1_8' title='bbox 2486 318 2525 374; x_wconf 87' lang='lat' dir='ltr'><strong>l.</strong></span> 
     </span>
    </p>
   </div>
   <div class='ocr_carea' id='block_1_3' title="bbox 3354 326 3458 384">
    <p class='ocr_par' dir='ltr' id='par_1_3' title="bbox 3354 326 3458 384">
     <span class='ocr_line' id='line_1_3' title="bbox 3354 326 3458 384; baseline -0.01 0"><span class='ocrx_word' id='word_1_9' title='bbox 3354 326 3458 384; x_wconf 83' lang='lat'><strong>998</strong></span> 
     </span>
    </p>
   </div>
   <div class='ocr_carea' id='block_1_4' title="bbox 170 407 1771 505">
    <p class='ocr_par' dir='ltr' id='par_1_4' title="bbox 170 407 1765 500">
     <span class='ocr_line' id='line_1_4' title="bbox 170 407 1765 500; baseline 0.006 -34"><span class='ocrx_word' id='word_1_10' title='bbox 170 410 346 500; x_wconf 89' lang='lat' dir='ltr'><strong>debui.</strong></span> <span class='ocrx_word' id='word_1_11' title='bbox 380 407 602 464; x_wconf 82' lang='lat' dir='ltr'><strong>Jussum</strong></span> <span class='ocrx_word' id='word_1_12' title='bbox 642 407 842 479; x_wconf 79' lang='lat' dir='ltr'><strong>quippe</strong></span> <span class='ocrx_word' id='word_1_13' title='bbox 881 408 1144 480; x_wconf 85' lang='lat' dir='ltr'><strong>legimus,</strong></span> <span class='ocrx_word' id='word_1_14' title='bbox 1187 422 1309 466; x_wconf 82' lang='lat' dir='ltr'><strong>ante</strong></span> <span class='ocrx_word' id='word_1_15' title='bbox 1353 415 1560 472; x_wconf 83' lang='lat' dir='ltr'><strong>thorum</strong></span> <span class='ocrx_word' id='word_1_16' title='bbox 1607 421 1765 491; x_wconf 73' lang='lat' dir='ltr'><strong>Itlljlts</strong></span> 
     </span>
    </p>
   </div>
   <div class='ocr_carea' id='block_1_5' title="bbox 1872 407 3459 505">
    <p class='ocr_par' dir='ltr' id='par_1_5' title="bbox 1873 422 3459 505">
     <span class='ocr_line' id='line_1_5' title="bbox 1873 422 3459 505; baseline 0.011 -25"><span class='ocrx_word' id='word_1_17' title='bbox 1873 426 2089 499; x_wconf 76' lang='lat' dir='ltr'><strong>(Ezech.</strong></span> <span class='ocrx_word' id='word_1_18' title='bbox 2127 446 2211 495; x_wconf 90' lang='grc' dir='ltr'>ιιι,</span> <span class='ocrx_word' id='word_1_19' title='bbox 2235 432 2311 502; x_wconf 81' lang='grc'><strong>5).</strong></span> <span class='ocrx_word' id='word_1_20' title='bbox 2342 432 2424 489; x_wconf 81' lang='lat' dir='ltr'><strong>Ad</strong></span> <span class='ocrx_word' id='word_1_21' title='bbox 2454 433 2557 488; x_wconf 87' lang='lat' dir='ltr'><strong>hoc</strong></span> <span class='ocrx_word' id='word_1_22' title='bbox 2585 432 2781 505; x_wconf 86' lang='lat' dir='ltr'><strong>quippe</strong></span> <span class='ocrx_word' id='word_1_23' title='bbox 2797 422 2992 491; x_wconf 79' lang='lat' dir='ltr'><strong>varios</strong></span> <span class='ocrx_word' id='word_1_24' title='bbox 3038 437 3342 495; x_wconf 86' lang='lat' dir='ltr'><strong>divinorum</strong></span> <span class='ocrx_word' id='word_1_25' title='bbox 3369 456 3459 498; x_wconf 90' lang='lat' dir='ltr'><strong>vo-</strong></span> 
     </span>
    </p>
   </div>
   <div class='ocr_carea' id='block_1_6' title="bbox 171 496 1759 575">
    <p class='ocr_par' dir='ltr' id='par_1_6' title="bbox 171 496 1759 575">
     <span class='ocr_line' id='line_1_6' title="bbox 171 496 1759 575; baseline 0.007 -16"><span class='ocrx_word' id='word_1_26' title='bbox 171 496 402 575; x_wconf 72' lang='lat' dir='ltr'><strong>rirainis.</strong></span> <span class='ocrx_word' id='word_1_27' title='bbox 444 501 768 571; x_wconf 75' lang='lat' dir='ltr'><strong>frequentate</strong></span> <span class='ocrx_word' id='word_1_28' title='bbox 812 502 961 557; x_wconf 82' lang='lat' dir='ltr'><strong>nobis</strong></span> <span class='ocrx_word' id='word_1_29' title='bbox 1002 503 1182 558; x_wconf 82' lang='lat' dir='ltr'><strong>dulcia</strong></span> <span class='ocrx_word' id='word_1_30' title='bbox 1233 510 1439 563; x_wconf 84' lang='lat' dir='ltr'><strong>cantica</strong></span> <span class='ocrx_word' id='word_1_31' title='bbox 1479 512 1759 570; x_wconf 85' lang='lat' dir='ltr'><strong>dramatis.</strong></span> 
     </span>
    </p>
   </div>
   <div class='ocr_carea' id='block_1_7' title="bbox 172 594 1766 677">
    <p class='ocr_par' dir='ltr' id='par_1_7' title="bbox 172 594 1766 677">
     <span class='ocr_line' id='line_1_7' title="bbox 172 594 1766 677; baseline 0.008 -26"><span class='ocrx_word' id='word_1_32' title='bbox 172 596 319 665; x_wconf 84' lang='lat' dir='ltr'><strong>Quod</strong></span> <span class='ocrx_word' id='word_1_33' title='bbox 346 596 390 650; x_wconf 86' lang='lat' dir='ltr'><strong>si</strong></span> <span class='ocrx_word' id='word_1_34' title='bbox 414 595 481 649; x_wconf 89' lang='lat' dir='ltr'><strong>ad</strong></span> <span class='ocrx_word' id='word_1_35' title='bbox 506 594 667 650; x_wconf 87' lang='lat' dir='ltr'><strong>unius</strong></span> <span class='ocrx_word' id='word_1_36' title='bbox 685 594 914 665; x_wconf 90' lang='lat' dir='ltr'><strong>virginis</strong></span> <span class='ocrx_word' id='word_1_37' title='bbox 936 596 1232 653; x_wconf 72' lang='lat' dir='ltr'><strong>thalamum</strong></span> <span class='ocrx_word' id='word_1_38' title='bbox 1260 601 1397 658; x_wconf 90' lang='lat' dir='ltr'><strong>tales</strong></span> <span class='ocrx_word' id='word_1_39' title='bbox 1422 603 1585 677; x_wconf 89' lang='lat' dir='ltr'><strong>digne</strong></span> <span class='ocrx_word' id='word_1_40' title='bbox 1604 606 1766 663; x_wconf 85' lang='lat' dir='ltr'><strong>alter-</strong></span> 
     </span>
    </p>
   </div>
   <div class='ocr_carea' id='block_1_8' title="bbox 169 684 1764 768">
    <p class='ocr_par' dir='ltr' id='par_1_8' title="bbox 169 684 1764 768">
     <span class='ocr_line' id='line_1_8' title="bbox 169 684 1764 768; baseline 0.006 -24"><span class='ocrx_word' id='word_1_41' title='bbox 169 687 424 744; x_wconf 73' lang='lat' dir='ltr'><strong>nantibus</strong></span> <span class='ocrx_word' id='word_1_42' title='bbox 443 685 628 740; x_wconf 89' lang='lat' dir='ltr'><strong>choris</strong></span> <span class='ocrx_word' id='word_1_43' title='bbox 642 684 986 742; x_wconf 82' lang='lat' dir='ltr'><strong>celebrantur</strong></span> <span class='ocrx_word' id='word_1_44' title='bbox 1001 703 1069 743; x_wconf 84' lang='lat' dir='ltr'><strong>ex</strong></span> <span class='ocrx_word' id='word_1_45' title='bbox 1085 698 1211 745; x_wconf 90' lang='lat' dir='ltr'><strong>voto</strong></span> <span class='ocrx_word' id='word_1_46' title='bbox 1232 693 1530 768; x_wconf 69' lang='lat' dir='ltr'><strong>exsequiae,</strong></span> <span class='ocrx_word' id='word_1_47' title='bbox 1559 707 1764 767; x_wconf 87' lang='lat' dir='ltr'><strong>quanto</strong></span> 
     </span>
    </p>
   </div>
   <div class='ocr_carea' id='block_1_9' title="bbox 169 777 1762 847">
    <p class='ocr_par' dir='ltr' id='par_1_9' title="bbox 169 777 1762 847">
     <span class='ocr_line' id='line_1_9' title="bbox 169 777 1762 847; baseline 0.007 -12"><span class='ocrx_word' id='word_1_48' title='bbox 169 779 416 835; x_wconf 81' lang='lat' dir='ltr'><strong>iestivior</strong></span> <span class='ocrx_word' id='word_1_49' title='bbox 460 777 685 833; x_wconf 84' lang='lat' dir='ltr'><strong>deberet</strong></span> <span class='ocrx_word' id='word_1_50' title='bbox 723 792 845 833; x_wconf 85' lang='lat' dir='ltr'><strong>esse</strong></span> <span class='ocrx_word' id='word_1_51' title='bbox 876 792 1088 847; x_wconf 85' lang='lat' dir='ltr'><strong>sermo,</strong></span> <span class='ocrx_word' id='word_1_52' title='bbox 1121 782 1166 837; x_wconf 89' lang='lat' dir='ltr'><strong>si</strong></span> <span class='ocrx_word' id='word_1_53' title='bbox 1212 782 1345 839; x_wconf 89' lang='lat' dir='ltr'><strong>mihi</strong></span> <span class='ocrx_word' id='word_1_54' title='bbox 1371 794 1517 843; x_wconf 88' lang='lat' dir='ltr'><strong>esset</strong></span> <span class='ocrx_word' id='word_1_55' title='bbox 1545 788 1762 846; x_wconf 86' lang='lat' dir='ltr'><strong>dicendi</strong></span> 
     </span>
    </p>
   </div>
   <div class='ocr_carea' id='block_1_10' title="bbox 168 861 1765 951">
    <p class='ocr_par' dir='ltr' id='par_1_10' title="bbox 168 861 1765 951">
     <span class='ocr_line' id='line_1_10' title="bbox 168 861 1765 951; baseline 0.008 -26"><span class='ocrx_word' id='word_1_56' title='bbox 168 871 361 944; x_wconf 89' lang='lat' dir='ltr'><strong>peritia</strong></span> <span class='ocrx_word' id='word_1_57' title='bbox 388 910 404 935; x_wconf 94' lang='lat'><strong>,</strong></span> <span class='ocrx_word' id='word_1_58' title='bbox 454 878 729 925; x_wconf 85' lang='lat' dir='ltr'><strong>tantarum</strong></span> <span class='ocrx_word' id='word_1_59' title='bbox 776 871 1023 927; x_wconf 87' lang='lat' dir='ltr'><strong>convivio</strong></span> <span class='ocrx_word' id='word_1_60' title='bbox 1059 866 1331 944; x_wconf 70' lang='lat' dir='ltr'><strong>virginu&#39;m</strong></span> <span class='ocrx_word' id='word_1_61' title='bbox 1357 916 1373 943; x_wconf 92' lang='lat'><strong>,</strong></span> <span class='ocrx_word' id='word_1_62' title='bbox 1428 877 1517 934; x_wconf 91' lang='lat' dir='ltr'><strong>ubi</strong></span> <span class='ocrx_word' id='word_1_63' title='bbox 1550 861 1765 951; x_wconf 83' lang='lat' dir='ltr'><strong>psalmi</strong></span> 
     </span>
    </p>
   </div>
   <div class='ocr_carea' id='block_1_11' title="bbox 170 960 1764 1033">
    <p class='ocr_par' dir='ltr' id='par_1_11' title="bbox 170 960 1764 1033">
     <span class='ocr_line' id='line_1_11' title="bbox 170 960 1764 1033; baseline 0.006 -15"><span class='ocrx_word' id='word_1_64' title='bbox 170 968 437 1018; x_wconf 81' lang='lat' dir='ltr'><strong>canuntur</strong></span> <span class='ocrx_word' id='word_1_65' title='bbox 462 976 563 1033; x_wconf 86' lang='lat' dir='ltr'><strong>pro</strong></span> <span class='ocrx_word' id='word_1_66' title='bbox 590 960 768 1027; x_wconf 83' lang='lat' dir='ltr'><strong>laude,</strong></span> <span class='ocrx_word' id='word_1_67' title='bbox 805 960 1066 1019; x_wconf 84' lang='lat' dir='ltr'><strong>lectiones</strong></span> <span class='ocrx_word' id='word_1_68' title='bbox 1099 966 1401 1023; x_wconf 83' lang='lat' dir='ltr'><strong>recitantur</strong></span> <span class='ocrx_word' id='word_1_69' title='bbox 1448 968 1764 1028; x_wconf 88' lang='lat' dir='ltr'><strong>deliciarum</strong></span> 
     </span>
    </p>
   </div>
   <div class='ocr_carea' id='block_1_12' title="bbox 167 1052 1765 1128">
    <p class='ocr_par' dir='ltr' id='par_1_12' title="bbox 167 1052 1765 1128">
     <span class='ocr_line' id='line_1_12' title="bbox 167 1052 1765 1128; baseline 0.008 -18"><span class='ocrx_word' id='word_1_70' title='bbox 167 1054 231 1110; x_wconf 86' lang='lat' dir='ltr'><strong>ad</strong></span> <span class='ocrx_word' id='word_1_71' title='bbox 260 1053 489 1126; x_wconf 81' lang='lat' dir='ltr'><strong>epulas?</strong></span> <span class='ocrx_word' id='word_1_72' title='bbox 535 1053 676 1108; x_wconf 85' lang='lat' dir='ltr'><strong>Hinc</strong></span> <span class='ocrx_word' id='word_1_73' title='bbox 703 1052 831 1109; x_wconf 89' lang='lat' dir='ltr'><strong>inde</strong></span> <span class='ocrx_word' id='word_1_74' title='bbox 860 1056 1015 1110; x_wconf 91' lang='lat' dir='ltr'><strong>chori</strong></span> <span class='ocrx_word' id='word_1_75' title='bbox 1045 1057 1351 1128; x_wconf 80' lang='lat' dir='ltr'><strong>exsultant,</strong></span> <span class='ocrx_word' id='word_1_76' title='bbox 1386 1077 1536 1119; x_wconf 91' lang='lat' dir='ltr'><strong>more</strong></span> <span class='ocrx_word' id='word_1_77' title='bbox 1574 1080 1765 1121; x_wconf 89' lang='lat' dir='ltr'><strong>eorum</strong></span> 
     </span>
    </p>
   </div>
   <div class='ocr_carea' id='block_1_13' title="bbox 168 1144 1766 1221">
    <p class='ocr_par' dir='ltr' id='par_1_13' title="bbox 168 1144 1766 1221">
     <span class='ocr_line' id='line_1_13' title="bbox 168 1144 1766 1221; baseline 0.006 -19"><span class='ocrx_word' id='word_1_78' title='bbox 168 1147 259 1218; x_wconf 93' lang='lat' dir='ltr'><strong>qui</strong></span> <span class='ocrx_word' id='word_1_79' title='bbox 288 1144 358 1200; x_wconf 85' lang='lat' dir='ltr'><strong>ad</strong></span> <span class='ocrx_word' id='word_1_80' title='bbox 391 1145 611 1217; x_wconf 85' lang='lat' dir='ltr'><strong>nuptias</strong></span> <span class='ocrx_word' id='word_1_81' title='bbox 662 1153 867 1201; x_wconf 90' lang='lat' dir='ltr'><strong>canunt</strong></span> <span class='ocrx_word' id='word_1_82' title='bbox 911 1144 1233 1216; x_wconf 86' lang='lat' dir='ltr'><strong>jubilatione</strong></span> <span class='ocrx_word' id='word_1_83' title='bbox 1285 1150 1616 1221; x_wconf 84' lang='lat' dir='ltr'><strong>plenissimae</strong></span> <span class='ocrx_word' id='word_1_84' title='bbox 1649 1155 1766 1211; x_wconf 89' lang='lat' dir='ltr'><strong>lau-</strong></span> 
     </span>
    </p>
   </div>
   <div class='ocr_carea' id='block_1_14' title="bbox 168 1236 1767 1314">
    <p class='ocr_par' dir='ltr' id='par_1_14' title="bbox 168 1236 1767 1314">
     <span class='ocr_line' id='line_1_14' title="bbox 168 1236 1767 1314; baseline 0.006 -20"><span class='ocrx_word' id='word_1_85' title='bbox 168 1238 271 1295; x_wconf 88' lang='lat' dir='ltr'><strong>dis.</strong></span> <span class='ocrx_word' id='word_1_86' title='bbox 334 1236 532 1292; x_wconf 85' lang='lat' dir='ltr'><strong>Nescio</strong></span> <span class='ocrx_word' id='word_1_87' title='bbox 596 1237 772 1304; x_wconf 90' lang='lat' dir='ltr'><strong>enim,</strong></span> <span class='ocrx_word' id='word_1_88' title='bbox 822 1237 1194 1314; x_wconf 66' lang='lat' dir='ltr'><strong>charissima),</strong></span> <span class='ocrx_word' id='word_1_89' title='bbox 1250 1243 1379 1312; x_wconf 89' lang='lat' dir='ltr'><strong>quid</strong></span> <span class='ocrx_word' id='word_1_90' title='bbox 1415 1244 1537 1314; x_wconf 87' lang='lat' dir='ltr'><strong>plus</strong></span> <span class='ocrx_word' id='word_1_91' title='bbox 1576 1247 1767 1303; x_wconf 85' lang='lat' dir='ltr'><strong>invitet</strong></span> 
     </span>
    </p>
   </div>
   <div class='ocr_carea' id='block_1_15' title="bbox 169 1321 1768 1403">
    <p class='ocr_par' dir='ltr' id='par_1_15' title="bbox 169 1321 1768 1403">
     <span class='ocr_line' id='line_1_15' title="bbox 169 1321 1768 1403; baseline 0.006 -17"><span class='ocrx_word' id='word_1_92' title='bbox 169 1347 268 1388; x_wconf 91' lang='lat' dir='ltr'><strong>nos</strong></span> <span class='ocrx_word' id='word_1_93' title='bbox 305 1331 378 1386; x_wconf 89' lang='lat' dir='ltr'><strong>ad</strong></span> <span class='ocrx_word' id='word_1_94' title='bbox 416 1321 636 1403; x_wconf 80' lang='lat' dir='ltr'><strong>gaudia,</strong></span> <span class='ocrx_word' id='word_1_95' title='bbox 671 1331 932 1388; x_wconf 82' lang='lat' dir='ltr'><strong>lectiones</strong></span> <span class='ocrx_word' id='word_1_96' title='bbox 982 1333 1199 1400; x_wconf 84' lang='lat' dir='ltr'><strong>divinae,</strong></span> <span class='ocrx_word' id='word_1_97' title='bbox 1238 1350 1307 1391; x_wconf 92' lang='lat' dir='ltr'><strong>an</strong></span> <span class='ocrx_word' id='word_1_98' title='bbox 1360 1347 1555 1396; x_wconf 89' lang='lat' dir='ltr'><strong>cantus</strong></span> <span class='ocrx_word' id='word_1_99' title='bbox 1603 1349 1768 1396; x_wconf 65' lang='lat' dir='ltr'><strong>tantae</strong></span> 
     </span>
    </p>
   </div>
   <div class='ocr_carea' id='block_1_16' title="bbox 169 1414 1767 1494">
    <p class='ocr_par' dir='ltr' id='par_1_16' title="bbox 169 1414 1767 1494">
     <span class='ocr_line' id='line_1_16' title="bbox 169 1414 1767 1494; baseline 0.005 -17"><span class='ocrx_word' id='word_1_100' title='bbox 169 1419 728 1477; x_wconf 78' lang='lat' dir='ltr'><strong>solemnitatistnam</strong></span> <span class='ocrx_word' id='word_1_101' title='bbox 780 1421 1044 1479; x_wconf 86' lang='lat' dir='ltr'><strong>lectiones</strong></span> <span class='ocrx_word' id='word_1_102' title='bbox 1098 1414 1648 1494; x_wconf 36' lang='lat' dir='ltr'><strong>instruuntfcantus</strong></span> <span class='ocrx_word' id='word_1_103' title='bbox 1688 1431 1767 1485; x_wconf 87' lang='lat' dir='ltr'><strong>la-</strong></span> 
     </span>
    </p>
   </div>
   <div class='ocr_carea' id='block_1_17' title="bbox 169 1513 1768 1594">
    <p class='ocr_par' dir='ltr' id='par_1_17' title="bbox 169 1513 1768 1594">
     <span class='ocr_line' id='line_1_17' title="bbox 169 1513 1768 1594; baseline 0.006 -23"><span class='ocrx_word' id='word_1_104' title='bbox 169 1516 331 1571; x_wconf 88' lang='lat' dir='ltr'><strong>bores</strong></span> <span class='ocrx_word' id='word_1_105' title='bbox 380 1513 629 1570; x_wconf 80' lang='lat' dir='ltr'><strong>sublevat</strong></span> <span class='ocrx_word' id='word_1_106' title='bbox 670 1513 897 1581; x_wconf 90' lang='lat' dir='ltr'><strong>arduos,</strong></span> <span class='ocrx_word' id='word_1_107' title='bbox 946 1524 1001 1571; x_wconf 91' lang='lat' dir='ltr'><strong>et</strong></span> <span class='ocrx_word' id='word_1_108' title='bbox 1041 1516 1249 1572; x_wconf 87' lang='lat' dir='ltr'><strong>solatur</strong></span> <span class='ocrx_word' id='word_1_109' title='bbox 1290 1520 1602 1592; x_wconf 80' lang='lat' dir='ltr'><strong>angustias;</strong></span> <span class='ocrx_word' id='word_1_110' title='bbox 1641 1537 1768 1594; x_wconf 89' lang='lat' dir='ltr'><strong>pro-</strong></span> 
     </span>
    </p>
   </div>
   <div class='ocr_carea' id='block_1_18' title="bbox 170 1604 1767 1678">
    <p class='ocr_par' dir='ltr' id='par_1_18' title="bbox 170 1604 1767 1678">
     <span class='ocr_line' id='line_1_18' title="bbox 170 1604 1767 1678; baseline 0.006 -16"><span class='ocrx_word' id='word_1_111' title='bbox 170 1608 302 1663; x_wconf 88' lang='lat' dir='ltr'><strong>bant</strong></span> <span class='ocrx_word' id='word_1_112' title='bbox 362 1606 432 1661; x_wconf 90' lang='lat' dir='ltr'><strong>ad</strong></span> <span class='ocrx_word' id='word_1_113' title='bbox 499 1604 754 1662; x_wconf 86' lang='lat' dir='ltr'><strong>solatium</strong></span> <span class='ocrx_word' id='word_1_114' title='bbox 822 1608 1004 1678; x_wconf 89' lang='lat' dir='ltr'><strong>operis</strong></span> <span class='ocrx_word' id='word_1_115' title='bbox 1076 1608 1261 1664; x_wconf 90' lang='lat' dir='ltr'><strong>datam</strong></span> <span class='ocrx_word' id='word_1_116' title='bbox 1327 1612 1487 1668; x_wconf 89' lang='lat' dir='ltr'><strong>nobis</strong></span> <span class='ocrx_word' id='word_1_117' title='bbox 1545 1622 1767 1670; x_wconf 86' lang='lat' dir='ltr'><strong>natura-</strong></span> 
     </span>
    </p>
   </div>
   <div class='ocr_carea' id='block_1_19' title="bbox 170 1696 1768 1774">
    <p class='ocr_par' dir='ltr' id='par_1_19' title="bbox 170 1696 1768 1774">
     <span class='ocr_line' id='line_1_19' title="bbox 170 1696 1768 1774; baseline 0.007 -22"><span class='ocrx_word' id='word_1_118' title='bbox 170 1697 299 1754; x_wconf 86' lang='lat' dir='ltr'><strong>liter</strong></span> <span class='ocrx_word' id='word_1_119' title='bbox 364 1696 693 1753; x_wconf 86' lang='lat' dir='ltr'><strong>cantilenam</strong></span> <span class='ocrx_word' id='word_1_120' title='bbox 757 1715 771 1753; x_wconf 88' lang='lat'><strong>:</strong></span> <span class='ocrx_word' id='word_1_121' title='bbox 823 1698 950 1754; x_wconf 90' lang='lat' dir='ltr'><strong>hinc</strong></span> <span class='ocrx_word' id='word_1_122' title='bbox 1020 1709 1243 1768; x_wconf 83' lang='lat' dir='ltr'><strong>nautae,</strong></span> <span class='ocrx_word' id='word_1_123' title='bbox 1301 1703 1394 1774; x_wconf 88' lang='lat' dir='ltr'><strong>qui</strong></span> <span class='ocrx_word' id='word_1_124' title='bbox 1445 1714 1609 1761; x_wconf 88' lang='lat' dir='ltr'><strong>cantu</strong></span> <span class='ocrx_word' id='word_1_125' title='bbox 1674 1722 1768 1763; x_wconf 92' lang='lat' dir='ltr'><strong>su-</strong></span> 
     </span>
    </p>
   </div>
   <div class='ocr_carea' id='block_1_20' title="bbox 1867 519 3461 601">
    <p class='ocr_par' dir='ltr' id='par_1_20' title="bbox 1867 519 3461 601">
     <span class='ocr_line' id='line_1_20' title="bbox 1867 519 3461 601; baseline 0.01 -28"><span class='ocrx_word' id='word_1_126' title='bbox 1867 519 2132 576; x_wconf 89' lang='lat' dir='ltr'><strong>luminum</strong></span> <span class='ocrx_word' id='word_1_127' title='bbox 2164 520 2325 578; x_wconf 90' lang='lat' dir='ltr'><strong>ﬂores</strong></span> <span class='ocrx_word' id='word_1_128' title='bbox 2351 524 2594 594; x_wconf 89' lang='lat' dir='ltr'><strong>carpitis,</strong></span> <span class='ocrx_word' id='word_1_129' title='bbox 2617 526 2694 580; x_wconf 91' lang='lat' dir='ltr'><strong>uti</strong></span> <span class='ocrx_word' id='word_1_130' title='bbox 2726 526 2882 581; x_wconf 86' lang='lat' dir='ltr'><strong>mella</strong></span> <span class='ocrx_word' id='word_1_131' title='bbox 2917 528 3134 601; x_wconf 73' lang='lat'><strong>1228</strong></span> <span class='ocrx_word' id='word_1_132' title='bbox 3161 531 3315 587; x_wconf 81' lang='lat' dir='ltr'><strong>vobis</strong></span> <span class='ocrx_word' id='word_1_133' title='bbox 3345 532 3461 588; x_wconf 85' lang='lat' dir='ltr'><strong>dul-</strong></span> 
     </span>
    </p>
   </div>
   <div class='ocr_carea' id='block_1_21' title="bbox 1864 612 3457 682">
    <p class='ocr_par' dir='ltr' id='par_1_21' title="bbox 1864 612 3457 682">
     <span class='ocr_line' id='line_1_21' title="bbox 1864 612 3457 682; baseline 0.008 -15"><span class='ocrx_word' id='word_1_134' title='bbox 1864 619 2085 667; x_wconf 88' lang='lat' dir='ltr'><strong>cescant</strong></span> <span class='ocrx_word' id='word_1_135' title='bbox 2104 612 2369 682; x_wconf 81' lang='lat' dir='ltr'><strong>spiritalia</strong></span> <span class='ocrx_word' id='word_1_136' title='bbox 2394 613 2450 669; x_wconf 94' lang='lat' dir='ltr'><strong>in</strong></span> <span class='ocrx_word' id='word_1_137' title='bbox 2474 616 2674 680; x_wconf 79' lang='lat' dir='ltr'><strong>animo,</strong></span> <span class='ocrx_word' id='word_1_138' title='bbox 2700 618 2870 673; x_wconf 87' lang='lat' dir='ltr'><strong>variis</strong></span> <span class='ocrx_word' id='word_1_139' title='bbox 2898 629 3342 677; x_wconf 87' lang='lat' dir='ltr'><strong>ornamentorum</strong></span> <span class='ocrx_word' id='word_1_140' title='bbox 3370 623 3457 679; x_wconf 91' lang='lat' dir='ltr'><strong>in-</strong></span> 
     </span>
    </p>
   </div>
   <div class='ocr_carea' id='block_1_22' title="bbox 1867 694 3459 783">
    <p class='ocr_par' dir='ltr' id='par_1_22' title="bbox 1867 694 3459 783">
     <span class='ocr_line' id='line_1_22' title="bbox 1867 694 3459 783; baseline 0.009 -26"><span class='ocrx_word' id='word_1_141' title='bbox 1867 696 1954 759; x_wconf 81' lang='lat' dir='ltr'><strong>tus</strong></span> <span class='ocrx_word' id='word_1_142' title='bbox 1982 703 2236 759; x_wconf 87' lang='lat' dir='ltr'><strong>decorata</strong></span> <span class='ocrx_word' id='word_1_143' title='bbox 2264 705 2575 762; x_wconf 78' lang='lat' dir='ltr'><strong>virtutibus.</strong></span> <span class='ocrx_word' id='word_1_144' title='bbox 2610 707 2785 778; x_wconf 83' lang='lat' dir='ltr'><strong>Agitis</strong></span> <span class='ocrx_word' id='word_1_145' title='bbox 2834 710 3018 780; x_wconf 86' lang='lat' dir='ltr'><strong>itaque</strong></span> <span class='ocrx_word' id='word_1_146' title='bbox 3066 694 3339 783; x_wconf 90' lang='lat' dir='ltr'><strong>quomodo</strong></span> <span class='ocrx_word' id='word_1_147' title='bbox 3390 715 3459 773; x_wconf 92' lang='lat' dir='ltr'><strong>ad</strong></span> 
     </span>
    </p>
   </div>
   <div class='ocr_carea' id='block_1_23' title="bbox 1865 797 3455 870">
    <p class='ocr_par' dir='ltr' id='par_1_23' title="bbox 1865 797 3455 870">
     <span class='ocr_line' id='line_1_23' title="bbox 1865 797 3455 870; baseline 0.008 -18"><span class='ocrx_word' id='word_1_148' title='bbox 1865 811 1988 852; x_wconf 91' lang='lat' dir='ltr'><strong>eum</strong></span> <span class='ocrx_word' id='word_1_149' title='bbox 2010 797 2318 870; x_wconf 82' lang='lat' dir='ltr'><strong>pertingere</strong></span> <span class='ocrx_word' id='word_1_150' title='bbox 2346 800 2588 869; x_wconf 89' lang='lat' dir='ltr'><strong>possitis,</strong></span> <span class='ocrx_word' id='word_1_151' title='bbox 2617 801 2709 870; x_wconf 93' lang='lat' dir='ltr'><strong>qui</strong></span> <span class='ocrx_word' id='word_1_152' title='bbox 2738 802 2805 858; x_wconf 90' lang='lat' dir='ltr'><strong>de</strong></span> <span class='ocrx_word' id='word_1_153' title='bbox 2826 818 2885 858; x_wconf 92' lang='lat' dir='ltr'><strong>se</strong></span> <span class='ocrx_word' id='word_1_154' title='bbox 2911 803 3043 860; x_wconf 89' lang='lat' dir='ltr'><strong>dicit</strong></span> <span class='ocrx_word' id='word_1_155' title='bbox 3074 805 3128 860; x_wconf 91' lang='lat' dir='ltr'><strong>in</strong></span> <span class='ocrx_word' id='word_1_156' title='bbox 3177 805 3418 864; x_wconf 88' lang='lat' dir='ltr'><strong>Canticis</strong></span> <span class='ocrx_word' id='word_1_157' title='bbox 3443 827 3455 864; x_wconf 90' lang='lat'>:</span> 
     </span>
    </p>
   </div>
   <div class='ocr_carea' id='block_1_24' title="bbox 1865 891 3454 971">
    <p class='ocr_par' dir='ltr' id='par_1_24' title="bbox 1865 891 3454 971">
     <span class='ocr_line' id='line_1_24' title="bbox 1865 891 3454 971; baseline 0.007 -26"><span class='ocrx_word' id='word_1_158' title='bbox 1865 891 1979 962; x_wconf 85' lang='lat' dir='ltr'><strong>Ego</strong></span> <span class='ocrx_word' id='word_1_159' title='bbox 2030 894 2129 962; x_wconf 77' lang='lat' dir='ltr'><strong>flos</strong></span> <span class='ocrx_word' id='word_1_160' title='bbox 2160 893 2351 963; x_wconf 80' lang='lat' dir='ltr'><strong>campi,</strong></span> <span class='ocrx_word' id='word_1_161' title='bbox 2387 902 2437 948; x_wconf 91' lang='lat' dir='ltr'><strong>et</strong></span> <span class='ocrx_word' id='word_1_162' title='bbox 2480 892 2649 948; x_wconf 85' lang='lat' dir='ltr'><strong>lilium</strong></span> <span class='ocrx_word' id='word_1_163' title='bbox 2703 894 3017 950; x_wconf 81' lang='lat' dir='ltr'><strong>convallium</strong></span> <span class='ocrx_word' id='word_1_164' title='bbox 3068 895 3245 967; x_wconf 80' lang='lat' dir='ltr'><strong>(Cant.</strong></span> <span class='ocrx_word' id='word_1_165' title='bbox 3292 916 3352 963; x_wconf 87' lang='grc' dir='ltr'><strong>ιι,</strong></span> <span class='ocrx_word' id='word_1_166' title='bbox 3382 903 3454 971; x_wconf 80' lang='grc'><strong>1).</strong></span> 
     </span>
    </p>
   </div>
   <div class='ocr_carea' id='block_1_25' title="bbox 1866 983 3461 1059">
    <p class='ocr_par' dir='ltr' id='par_1_25' title="bbox 1866 983 3461 1059">
     <span class='ocr_line' id='line_1_25' title="bbox 1866 983 3461 1059; baseline 0.006 -21"><span class='ocrx_word' id='word_1_167' title='bbox 1866 983 2101 1041; x_wconf 87' lang='lat' dir='ltr'><strong>Proinde</strong></span> <span class='ocrx_word' id='word_1_168' title='bbox 2141 986 2266 1057; x_wconf 87' lang='lat' dir='ltr'><strong>quia</strong></span> <span class='ocrx_word' id='word_1_169' title='bbox 2315 995 2371 1040; x_wconf 93' lang='lat' dir='ltr'><strong>et</strong></span> <span class='ocrx_word' id='word_1_170' title='bbox 2408 985 2658 1042; x_wconf 88' lang='lat' dir='ltr'><strong>Psalmus</strong></span> <span class='ocrx_word' id='word_1_171' title='bbox 2689 987 2756 1043; x_wconf 92' lang='lat' dir='ltr'><strong>de</strong></span> <span class='ocrx_word' id='word_1_172' title='bbox 2788 987 2917 1044; x_wconf 90' lang='lat' dir='ltr'><strong>liliis</strong></span> <span class='ocrx_word' id='word_1_173' title='bbox 2938 998 3021 1045; x_wconf 90' lang='lat' dir='ltr'><strong>est</strong></span> <span class='ocrx_word' id='word_1_174' title='bbox 3044 1004 3110 1045; x_wconf 91' lang='lat' dir='ltr'><strong>ac</strong></span> <span class='ocrx_word' id='word_1_175' title='bbox 3135 990 3378 1059; x_wconf 90' lang='lat' dir='ltr'><strong>ﬂoribus,</strong></span> <span class='ocrx_word' id='word_1_176' title='bbox 3406 996 3461 1051; x_wconf 84' lang='lat' dir='ltr'><strong>et</strong></span> 
     </span>
    </p>
   </div>
   <div class='ocr_carea' id='block_1_26' title="bbox 1865 1073 3457 1153">
    <p class='ocr_par' dir='ltr' id='par_1_26' title="bbox 1865 1073 3457 1153">
     <span class='ocr_line' id='line_1_26' title="bbox 1865 1073 3457 1153; baseline 0.006 -22"><span class='ocrx_word' id='word_1_177' title='bbox 1865 1073 2112 1132; x_wconf 87' lang='lat' dir='ltr'><strong>Christus</strong></span> <span class='ocrx_word' id='word_1_178' title='bbox 2157 1093 2388 1148; x_wconf 87' lang='lat' dir='ltr'><strong>sponsus</strong></span> <span class='ocrx_word' id='word_1_179' title='bbox 2433 1077 2620 1134; x_wconf 89' lang='lat' dir='ltr'><strong>ﬂorem</strong></span> <span class='ocrx_word' id='word_1_180' title='bbox 2648 1094 2708 1135; x_wconf 91' lang='lat' dir='ltr'><strong>se</strong></span> <span class='ocrx_word' id='word_1_181' title='bbox 2755 1094 2876 1135; x_wconf 91' lang='lat' dir='ltr'><strong>esse</strong></span> <span class='ocrx_word' id='word_1_182' title='bbox 2920 1082 3124 1139; x_wconf 80' lang='lat' dir='ltr'><strong>fatetur</strong></span> <span class='ocrx_word' id='word_1_183' title='bbox 3149 1099 3213 1141; x_wconf 91' lang='lat' dir='ltr'><strong>ac</strong></span> <span class='ocrx_word' id='word_1_184' title='bbox 3252 1084 3457 1153; x_wconf 90' lang='lat' dir='ltr'><strong>lilium;</strong></span> 
     </span>
    </p>
   </div>
   <div class='ocr_carea' id='block_1_27' title="bbox 1867 1169 3460 1256">
    <p class='ocr_par' dir='ltr' id='par_1_27' title="bbox 1867 1169 3460 1256">
     <span class='ocr_line' id='line_1_27' title="bbox 1867 1169 3460 1256; baseline 0.007 -32"><span class='ocrx_word' id='word_1_185' title='bbox 1867 1169 2025 1225; x_wconf 89' lang='lat' dir='ltr'><strong>debui</strong></span> <span class='ocrx_word' id='word_1_186' title='bbox 2054 1171 2216 1225; x_wconf 86' lang='lat' dir='ltr'><strong>etiam</strong></span> <span class='ocrx_word' id='word_1_187' title='bbox 2241 1179 2296 1226; x_wconf 91' lang='lat' dir='ltr'><strong>et</strong></span> <span class='ocrx_word' id='word_1_188' title='bbox 2324 1186 2424 1243; x_wconf 91' lang='lat' dir='ltr'><strong>ego</strong></span> <span class='ocrx_word' id='word_1_189' title='bbox 2446 1171 2598 1228; x_wconf 86' lang='lat' dir='ltr'><strong>vobis</strong></span> <span class='ocrx_word' id='word_1_190' title='bbox 2616 1180 2825 1256; x_wconf 80' lang='lat' dir='ltr'><strong>partem</strong></span> <span class='ocrx_word' id='word_1_191' title='bbox 2855 1175 3147 1246; x_wconf 88' lang='lat' dir='ltr'><strong>decerpere</strong></span> <span class='ocrx_word' id='word_1_192' title='bbox 3173 1180 3460 1249; x_wconf 68' lang='lat' dir='ltr'><strong>praesentia</strong></span> 
     </span>
    </p>
   </div>
   <div class='ocr_carea' id='block_1_28' title="bbox 1868 1258 3463 1340">
    <p class='ocr_par' dir='ltr' id='par_1_28' title="bbox 1868 1258 3463 1340">
     <span class='ocr_line' id='line_1_28' title="bbox 1868 1258 3463 1340; baseline 0.008 -27"><span class='ocrx_word' id='word_1_193' title='bbox 1868 1258 2084 1327; x_wconf 84' lang='lat' dir='ltr'><strong>absens,</strong></span> <span class='ocrx_word' id='word_1_194' title='bbox 2117 1259 2244 1315; x_wconf 90' lang='lat' dir='ltr'><strong>licet</strong></span> <span class='ocrx_word' id='word_1_195' title='bbox 2264 1260 2317 1314; x_wconf 90' lang='lat' dir='ltr'><strong>in</strong></span> <span class='ocrx_word' id='word_1_196' title='bbox 2344 1259 2568 1316; x_wconf 91' lang='lat' dir='ltr'><strong>ﬂoribus</strong></span> <span class='ocrx_word' id='word_1_197' title='bbox 2590 1276 2807 1333; x_wconf 89' lang='lat' dir='ltr'><strong>semper</strong></span> <span class='ocrx_word' id='word_1_198' title='bbox 2834 1263 2964 1335; x_wconf 70' lang='lat' dir='ltr'><strong>ipsa:</strong></span> <span class='ocrx_word' id='word_1_199' title='bbox 2986 1263 3248 1335; x_wconf 90' lang='lat' dir='ltr'><strong>ﬂoreatis,</strong></span> <span class='ocrx_word' id='word_1_200' title='bbox 3272 1277 3463 1340; x_wconf 91' lang='lat' dir='ltr'><strong>quate-</strong></span> 
     </span>
    </p>
   </div>
   <div class='ocr_carea' id='block_1_29' title="bbox 1866 1350 3463 1426">
    <p class='ocr_par' dir='ltr' id='par_1_29' title="bbox 1866 1350 3463 1426">
     <span class='ocr_line' id='line_1_29' title="bbox 1866 1350 3463 1426; baseline 0.008 -23"><span class='ocrx_word' id='word_1_201' title='bbox 1866 1363 1969 1405; x_wconf 86' lang='lat' dir='ltr'><strong>nus</strong></span> <span class='ocrx_word' id='word_1_202' title='bbox 1996 1350 2253 1406; x_wconf 89' lang='lat' dir='ltr'><strong>haberem</strong></span> <span class='ocrx_word' id='word_1_203' title='bbox 2285 1351 2414 1422; x_wconf 93' lang='lat' dir='ltr'><strong>quid</strong></span> <span class='ocrx_word' id='word_1_204' title='bbox 2443 1367 2545 1425; x_wconf 91' lang='lat' dir='ltr'><strong>ego</strong></span> <span class='ocrx_word' id='word_1_205' title='bbox 2569 1353 2814 1409; x_wconf 87' lang='lat' dir='ltr'><strong>absentia</strong></span> <span class='ocrx_word' id='word_1_206' title='bbox 2836 1370 3080 1426; x_wconf 83' lang='lat' dir='ltr'><strong>praesens</strong></span> <span class='ocrx_word' id='word_1_207' title='bbox 3105 1359 3259 1415; x_wconf 85' lang='lat' dir='ltr'><strong>vobis</strong></span> <span class='ocrx_word' id='word_1_208' title='bbox 3281 1369 3463 1416; x_wconf 85' lang='lat' dir='ltr'><strong>vester</strong></span> 
     </span>
    </p>
   </div>
   <div class='ocr_carea' id='block_1_30' title="bbox 1868 1438 3465 1517">
    <p class='ocr_par' dir='ltr' id='par_1_30' title="bbox 1868 1438 3465 1517">
     <span class='ocr_line' id='line_1_30' title="bbox 1868 1438 3465 1517; baseline 0.009 -25"><span class='ocrx_word' id='word_1_209' title='bbox 1868 1438 2119 1495; x_wconf 88' lang='lat' dir='ltr'><strong>alumnus</strong></span> <span class='ocrx_word' id='word_1_210' title='bbox 2151 1441 2217 1497; x_wconf 93' lang='lat' dir='ltr'><strong>de</strong></span> <span class='ocrx_word' id='word_1_211' title='bbox 2246 1440 2333 1495; x_wconf 90' lang='lat' dir='ltr'><strong>his</strong></span> <span class='ocrx_word' id='word_1_212' title='bbox 2380 1458 2490 1499; x_wconf 90' lang='lat' dir='ltr'><strong>non</strong></span> <span class='ocrx_word' id='word_1_213' title='bbox 2519 1444 2728 1500; x_wconf 89' lang='lat' dir='ltr'><strong>otiosus</strong></span> <span class='ocrx_word' id='word_1_214' title='bbox 2757 1446 2983 1502; x_wconf 88' lang='lat' dir='ltr'><strong>devotus</strong></span> <span class='ocrx_word' id='word_1_215' title='bbox 3023 1448 3294 1505; x_wconf 85' lang='lat' dir='ltr'><strong>oﬂ&#39;errem.</strong></span> <span class='ocrx_word' id='word_1_216' title='bbox 3321 1449 3465 1517; x_wconf 80' lang='lat' dir='ltr'><strong>Quo-</strong></span> 
     </span>
    </p>
   </div>
   <div class='ocr_carea' id='block_1_31' title="bbox 1866 1528 3461 1611">
    <p class='ocr_par' dir='ltr' id='par_1_31' title="bbox 1866 1528 3461 1611">
     <span class='ocr_line' id='line_1_31' title="bbox 1866 1528 3461 1611; baseline 0.009 -29"><span class='ocrx_word' id='word_1_217' title='bbox 1866 1528 2011 1583; x_wconf 86' lang='lat' dir='ltr'><strong>niam</strong></span> <span class='ocrx_word' id='word_1_218' title='bbox 2045 1543 2177 1585; x_wconf 83' lang='lat' dir='ltr'><strong>vere</strong></span> <span class='ocrx_word' id='word_1_219' title='bbox 2223 1529 2375 1600; x_wconf 83' lang='lat' dir='ltr'><strong>juxta</strong></span> <span class='ocrx_word' id='word_1_220' title='bbox 2414 1533 2708 1603; x_wconf 88' lang='lat' dir='ltr'><strong>poeticum,</strong></span> <span class='ocrx_word' id='word_1_221' title='bbox 2739 1534 2883 1591; x_wconf 85' lang='lat' dir='ltr'><strong>Deus</strong></span> <span class='ocrx_word' id='word_1_222' title='bbox 2919 1540 3067 1593; x_wconf 77' lang='lat' dir='ltr'><strong>nobis</strong></span> <span class='ocrx_word' id='word_1_223' title='bbox 3110 1540 3222 1595; x_wconf 70' lang='lat' dir='ltr'><strong>ha’c</strong></span> <span class='ocrx_word' id='word_1_224' title='bbox 3248 1542 3355 1596; x_wconf 89' lang='lat' dir='ltr'><strong>otia</strong></span> <span class='ocrx_word' id='word_1_225' title='bbox 3387 1541 3461 1611; x_wconf 81' lang='lat' dir='ltr'><strong>fe-</strong></span> 
     </span>
    </p>
   </div>
   <div class='ocr_carea' id='block_1_32' title="bbox 1866 1617 3462 1696">
    <p class='ocr_par' dir='ltr' id='par_1_32' title="bbox 1866 1617 3462 1696">
     <span class='ocr_line' id='line_1_32' title="bbox 1866 1617 3462 1696; baseline 0.008 -24"><span class='ocrx_word' id='word_1_226' title='bbox 1866 1619 1956 1673; x_wconf 86' lang='lat' dir='ltr'><strong>cit.</strong></span> <span class='ocrx_word' id='word_1_227' title='bbox 1991 1617 2119 1675; x_wconf 87' lang='lat' dir='ltr'><strong>Ideo</strong></span> <span class='ocrx_word' id='word_1_228' title='bbox 2144 1633 2212 1675; x_wconf 88' lang='lat' dir='ltr'><strong>ne</strong></span> <span class='ocrx_word' id='word_1_229' title='bbox 2243 1621 2389 1677; x_wconf 90' lang='lat' dir='ltr'><strong>iners</strong></span> <span class='ocrx_word' id='word_1_230' title='bbox 2411 1636 2477 1677; x_wconf 85' lang='lat' dir='ltr'><strong>ex</strong></span> <span class='ocrx_word' id='word_1_231' title='bbox 2508 1631 2623 1678; x_wconf 86' lang='lat' dir='ltr'><strong>toto</strong></span> <span class='ocrx_word' id='word_1_232' title='bbox 2651 1623 2944 1696; x_wconf 86' lang='lat' dir='ltr'><strong>invenirer,</strong></span> <span class='ocrx_word' id='word_1_233' title='bbox 2974 1628 3119 1684; x_wconf 91' lang='lat' dir='ltr'><strong>inter</strong></span> <span class='ocrx_word' id='word_1_234' title='bbox 3139 1644 3354 1685; x_wconf 75' lang='lat' dir='ltr'><strong>ammna</strong></span> <span class='ocrx_word' id='word_1_235' title='bbox 3399 1630 3462 1685; x_wconf 89' lang='lat' dir='ltr'><strong>li-</strong></span> 
     </span>
    </p>
   </div>
   <div class='ocr_carea' id='block_1_33' title="bbox 1865 1708 3459 1789">
    <p class='ocr_par' dir='ltr' id='par_1_33' title="bbox 1865 1708 3459 1789">
     <span class='ocr_line' id='line_1_33' title="bbox 1865 1708 3459 1789; baseline 0.008 -26"><span class='ocrx_word' id='word_1_236' title='bbox 1865 1708 2085 1765; x_wconf 88' lang='lat' dir='ltr'><strong>brorum</strong></span> <span class='ocrx_word' id='word_1_237' title='bbox 2115 1711 2394 1767; x_wconf 90' lang='lat' dir='ltr'><strong>volumina</strong></span> <span class='ocrx_word' id='word_1_238' title='bbox 2418 1727 2521 1782; x_wconf 88' lang='lat' dir='ltr'><strong>ago</strong></span> <span class='ocrx_word' id='word_1_239' title='bbox 2546 1715 2786 1784; x_wconf 89' lang='lat' dir='ltr'><strong>quietus,</strong></span> <span class='ocrx_word' id='word_1_240' title='bbox 2809 1718 2953 1787; x_wconf 89' lang='lat' dir='ltr'><strong>quod</strong></span> <span class='ocrx_word' id='word_1_241' title='bbox 2988 1720 3332 1789; x_wconf 82' lang='lat' dir='ltr'><strong>praestantius</strong></span> <span class='ocrx_word' id='word_1_242' title='bbox 3354 1730 3459 1777; x_wconf 90' lang='lat' dir='ltr'><strong>est.</strong></span> 
     </span>
    </p>
   </div>
   <div class='ocr_carea' id='block_1_34' title="bbox 3476 894 3509 910">
    <p class='ocr_par' dir='ltr' id='par_1_34' title="bbox 3476 894 3509 910">
     <span class='ocr_line' id='line_1_34' title="bbox 3476 894 3509 910; baseline 0 -2"><span class='ocrx_word' id='word_1_243' title='bbox 3476 894 3509 910; x_wconf 37' lang='grc' dir='ltr'><strong><em>ν</em></strong></span> 
     </span>
    </p>
   </div>
   <div class='ocr_carea' id='block_1_35' title="bbox 168 1777 3462 1889">
    <p class='ocr_par' dir='ltr' id='par_1_35' title="bbox 168 1777 3462 1889">
     <span class='ocr_line' id='line_1_35' title="bbox 168 1777 3462 1889; baseline 0.009 -49"><span class='ocrx_word' id='word_1_244' title='bbox 168 1796 366 1889; x_wconf 74' lang='lat' dir='ltr'><strong>perant</strong></span> <span class='ocrx_word' id='word_1_245' title='bbox 396 1788 688 1889; x_wconf 42' lang='lat' dir='ltr'><strong>.maritima</strong></span> <span class='ocrx_word' id='word_1_246' title='bbox 739 1787 1053 1889; x_wconf 77' lang='lat' dir='ltr'><strong>discrimina</strong></span> <span class='ocrx_word' id='word_1_247' title='bbox 1071 1830 1086 1855; x_wconf 92' lang='lat'><strong>,</strong></span> <span class='ocrx_word' id='word_1_248' title='bbox 1116 1882 1129 1889; x_wconf 39' lang='lat'><strong>-</strong></span> <span class='ocrx_word' id='word_1_249' title='bbox 1150 1777 1277 1847; x_wconf 74' lang='lat' dir='ltr'><strong>hinc</strong></span> <span class='ocrx_word' id='word_1_250' title='bbox 1317 1792 1585 1851; x_wconf 89' lang='lat' dir='ltr'><strong>immenso</strong></span> <span class='ocrx_word' id='word_1_251' title='bbox 1627 1811 1766 1867; x_wconf 79' lang='grc' dir='ltr'><strong>νοη-</strong></span> <span class='ocrx_word' id='word_1_252' title='bbox 1794 1800 1842 1861; x_wconf 88' lang='grc' dir='ltr'><strong>Β</strong></span> <span class='ocrx_word' id='word_1_253' title='bbox 1870 1801 2007 1869; x_wconf 85' lang='lat' dir='ltr'><strong>Quia</strong></span> <span class='ocrx_word' id='word_1_254' title='bbox 2030 1801 2278 1860; x_wconf 88' lang='lat' dir='ltr'><strong>Christus</strong></span> <span class='ocrx_word' id='word_1_255' title='bbox 2307 1805 2399 1874; x_wconf 91' lang='lat' dir='ltr'><strong>qui</strong></span> <span class='ocrx_word' id='word_1_256' title='bbox 2445 1777 2687 1876; x_wconf 73' lang='lat' dir='ltr'><strong>pascitur</strong></span> <span class='ocrx_word' id='word_1_257' title='bbox 2711 1777 2855 1889; x_wconf 71' lang='lat' dir='ltr'><strong>inter</strong></span> <span class='ocrx_word' id='word_1_258' title='bbox 2875 1777 3278 1869; x_wconf 46' lang='lat' dir='ltr'><strong>lilia-virtutum</strong></span> <span class='ocrx_word' id='word_1_259' title='bbox 3298 1812 3462 1871; x_wconf 90' lang='lat' dir='ltr'><strong>ﬂores</strong></span> 
     </span>
    </p>
   </div>
   <div class='ocr_carea' id='block_1_36' title="bbox 171 1879 1766 1946">
    <p class='ocr_par' dir='ltr' id='par_1_36' title="bbox 171 1879 1766 1946">
     <span class='ocr_line' id='line_1_36' title="bbox 171 1879 1766 1946; baseline 0.006 -9"><span class='ocrx_word' id='word_1_260' title='bbox 171 1881 288 1937; x_wconf 88' lang='lat' dir='ltr'><strong>deri</strong></span> <span class='ocrx_word' id='word_1_261' title='bbox 340 1880 620 1937; x_wconf 86' lang='lat' dir='ltr'><strong>adducunt</strong></span> <span class='ocrx_word' id='word_1_262' title='bbox 663 1879 933 1936; x_wconf 87' lang='lat' dir='ltr'><strong>levamina</strong></span> <span class='ocrx_word' id='word_1_263' title='bbox 984 1882 1343 1940; x_wconf 85' lang='lat' dir='ltr'><strong>canticorum.</strong></span> <span class='ocrx_word' id='word_1_264' title='bbox 1382 1884 1521 1942; x_wconf 84' lang='lat' dir='ltr'><strong>Hinc</strong></span> <span class='ocrx_word' id='word_1_265' title='bbox 1556 1888 1766 1946; x_wconf 83' lang='lat' dir='ltr'><strong>viantes</strong></span> 
     </span>
    </p>
   </div>
   <div class='ocr_carea' id='block_1_37' title="bbox 169 1972 1767 2048">
    <p class='ocr_par' dir='ltr' id='par_1_37' title="bbox 169 1972 1767 2048">
     <span class='ocr_line' id='line_1_37' title="bbox 169 1972 1767 2048; baseline 0.004 -17"><span class='ocrx_word' id='word_1_266' title='bbox 169 1975 338 2032; x_wconf 89' lang='lat' dir='ltr'><strong>colles</strong></span> <span class='ocrx_word' id='word_1_267' title='bbox 358 1974 556 2030; x_wconf 90' lang='lat' dir='ltr'><strong>arduos</strong></span> <span class='ocrx_word' id='word_1_268' title='bbox 578 1972 709 2030; x_wconf 81' lang='lat' dir='ltr'><strong>facit</strong></span> <span class='ocrx_word' id='word_1_269' title='bbox 728 1976 1117 2031; x_wconf 87' lang='lat' dir='ltr'><strong>transcendere</strong></span> <span class='ocrx_word' id='word_1_270' title='bbox 1133 1992 1335 2033; x_wconf 86' lang='lat' dir='ltr'><strong>sonora</strong></span> <span class='ocrx_word' id='word_1_271' title='bbox 1351 1994 1478 2048; x_wconf 83' lang='lat' dir='ltr'><strong>vox,</strong></span> <span class='ocrx_word' id='word_1_272' title='bbox 1496 1996 1767 2038; x_wconf 85' lang='lat' dir='ltr'><strong>eremqu-</strong></span> 
     </span>
    </p>
   </div>
   <div class='ocr_carea' id='block_1_38' title="bbox 168 2067 1761 2140">
    <p class='ocr_par' dir='ltr' id='par_1_38' title="bbox 168 2067 1761 2140">
     <span class='ocr_line' id='line_1_38' title="bbox 168 2067 1761 2140; baseline 0.005 -17"><span class='ocrx_word' id='word_1_273' title='bbox 168 2082 276 2140; x_wconf 85' lang='lat' dir='ltr'><strong>que</strong></span> <span class='ocrx_word' id='word_1_274' title='bbox 308 2067 543 2124; x_wconf 85' lang='lat' dir='ltr'><strong>transire</strong></span> <span class='ocrx_word' id='word_1_275' title='bbox 584 2067 885 2138; x_wconf 87' lang='lat' dir='ltr'><strong>intrepidos</strong></span> <span class='ocrx_word' id='word_1_276' title='bbox 932 2069 1109 2125; x_wconf 87' lang='lat' dir='ltr'><strong>dulcia</strong></span> <span class='ocrx_word' id='word_1_277' title='bbox 1145 2069 1507 2127; x_wconf 88' lang='lat' dir='ltr'><strong>modulamina</strong></span> <span class='ocrx_word' id='word_1_278' title='bbox 1550 2081 1761 2131; x_wconf 90' lang='lat' dir='ltr'><strong>cantus.</strong></span> 
     </span>
    </p>
   </div>
   <div class='ocr_carea' id='block_1_39' title="bbox 166 2158 1769 2236">
    <p class='ocr_par' dir='ltr' id='par_1_39' title="bbox 166 2158 1769 2236">
     <span class='ocr_line' id='line_1_39' title="bbox 166 2158 1769 2236; baseline 0.002 -19"><span class='ocrx_word' id='word_1_279' title='bbox 166 2160 246 2217; x_wconf 80' lang='lat' dir='ltr'><strong>Ac</strong></span> <span class='ocrx_word' id='word_1_280' title='bbox 272 2177 345 2217; x_wconf 89' lang='lat' dir='ltr'><strong>ne</strong></span> <span class='ocrx_word' id='word_1_281' title='bbox 364 2159 535 2215; x_wconf 87' lang='lat' dir='ltr'><strong>multa</strong></span> <span class='ocrx_word' id='word_1_282' title='bbox 555 2158 756 2225; x_wconf 84' lang='lat' dir='ltr'><strong>dicam,</strong></span> <span class='ocrx_word' id='word_1_283' title='bbox 780 2160 1042 2230; x_wconf 86' lang='lat' dir='ltr'><strong>quidquid</strong></span> <span class='ocrx_word' id='word_1_284' title='bbox 1061 2163 1259 2216; x_wconf 89' lang='lat' dir='ltr'><strong>durum</strong></span> <span class='ocrx_word' id='word_1_285' title='bbox 1280 2170 1366 2219; x_wconf 87' lang='lat' dir='ltr'><strong>est</strong></span> <span class='ocrx_word' id='word_1_286' title='bbox 1382 2164 1585 2235; x_wconf 89' lang='lat' dir='ltr'><strong>operis,</strong></span> <span class='ocrx_word' id='word_1_287' title='bbox 1609 2166 1769 2236; x_wconf 85' lang='lat' dir='ltr'><strong>quid-</strong></span> 
     </span>
    </p>
   </div>
   <div class='ocr_carea' id='block_1_40' title="bbox 166 2242 1766 2322">
    <p class='ocr_par' dir='ltr' id='par_1_40' title="bbox 166 2242 1766 2322">
     <span class='ocr_line' id='line_1_40' title="bbox 166 2242 1766 2322; baseline 0.003 -15"><span class='ocrx_word' id='word_1_288' title='bbox 166 2252 310 2322; x_wconf 83' lang='lat' dir='ltr'><strong>quid</strong></span> <span class='ocrx_word' id='word_1_289' title='bbox 332 2250 533 2306; x_wconf 87' lang='lat' dir='ltr'><strong>lahoris</strong></span> <span class='ocrx_word' id='word_1_290' title='bbox 553 2265 830 2321; x_wconf 88' lang='lat' dir='ltr'><strong>asperum,</strong></span> <span class='ocrx_word' id='word_1_291' title='bbox 852 2242 1040 2307; x_wconf 61' lang='lat' dir='ltr'><strong>&#39;dulcis</strong></span> <span class='ocrx_word' id='word_1_292' title='bbox 1078 2252 1248 2308; x_wconf 86' lang='lat' dir='ltr'><strong>vincit</strong></span> <span class='ocrx_word' id='word_1_293' title='bbox 1275 2254 1545 2310; x_wconf 88' lang='lat' dir='ltr'><strong>cantilena</strong></span> <span class='ocrx_word' id='word_1_294' title='bbox 1572 2257 1766 2313; x_wconf 90' lang='lat' dir='ltr'><strong>musici</strong></span> 
     </span>
    </p>
   </div>
   <div class='ocr_carea' id='block_1_41' title="bbox 166 2340 1763 2416">
    <p class='ocr_par' dir='ltr' id='par_1_41' title="bbox 166 2340 1763 2416">
     <span class='ocr_line' id='line_1_41' title="bbox 166 2340 1763 2416; baseline 0.004 -17"><span class='ocrx_word' id='word_1_295' title='bbox 166 2341 455 2405; x_wconf 86' lang='lat' dir='ltr'><strong>carminis,</strong></span> <span class='ocrx_word' id='word_1_296' title='bbox 505 2348 561 2396; x_wconf 90' lang='lat' dir='ltr'><strong>et</strong></span> <span class='ocrx_word' id='word_1_297' title='bbox 607 2340 727 2397; x_wconf 84' lang='lat' dir='ltr'><strong>leve</strong></span> <span class='ocrx_word' id='word_1_298' title='bbox 772 2340 966 2398; x_wconf 88' lang='lat' dir='ltr'><strong>reddit.</strong></span> <span class='ocrx_word' id='word_1_299' title='bbox 995 2340 1089 2399; x_wconf 89' lang='lat' dir='ltr'><strong>Sic</strong></span> <span class='ocrx_word' id='word_1_300' title='bbox 1131 2352 1188 2400; x_wconf 90' lang='lat' dir='ltr'><strong>et</strong></span> <span class='ocrx_word' id='word_1_301' title='bbox 1217 2359 1335 2411; x_wconf 88' lang='lat' dir='ltr'><strong>vos,</strong></span> <span class='ocrx_word' id='word_1_302' title='bbox 1385 2348 1763 2416; x_wconf 67' lang='lat' dir='ltr'><strong>sanctissimae,</strong></span> 
     </span>
    </p>
   </div>
   <div class='ocr_carea' id='block_1_42' title="bbox 167 2430 1769 2507">
    <p class='ocr_par' dir='ltr' id='par_1_42' title="bbox 167 2430 1769 2507">
     <span class='ocr_line' id='line_1_42' title="bbox 167 2430 1769 2507; baseline 0.005 -19"><span class='ocrx_word' id='word_1_303' title='bbox 167 2432 460 2489; x_wconf 80' lang='lat' dir='ltr'><strong>harmonia</strong></span> <span class='ocrx_word' id='word_1_304' title='bbox 486 2430 646 2501; x_wconf 89' lang='lat' dir='ltr'><strong>hujus</strong></span> <span class='ocrx_word' id='word_1_305' title='bbox 669 2442 864 2489; x_wconf 88' lang='lat' dir='ltr'><strong>cantus</strong></span> <span class='ocrx_word' id='word_1_306' title='bbox 891 2433 1091 2490; x_wconf 85' lang='lat' dir='ltr'><strong>relevet</strong></span> <span class='ocrx_word' id='word_1_307' title='bbox 1110 2436 1278 2507; x_wconf 89' lang='lat' dir='ltr'><strong>jugis,</strong></span> <span class='ocrx_word' id='word_1_308' title='bbox 1305 2444 1361 2492; x_wconf 90' lang='lat' dir='ltr'><strong>et</strong></span> <span class='ocrx_word' id='word_1_309' title='bbox 1386 2439 1591 2495; x_wconf 74' lang='lat' dir='ltr'><strong>eXcitet</strong></span> <span class='ocrx_word' id='word_1_310' title='bbox 1618 2455 1769 2496; x_wconf 88' lang='lat' dir='ltr'><strong>men-</strong></span> 
     </span>
    </p>
   </div>
   <div class='ocr_carea' id='block_1_43' title="bbox 168 2526 1765 2595">
    <p class='ocr_par' dir='ltr' id='par_1_43' title="bbox 168 2526 1765 2595">
     <span class='ocr_line' id='line_1_43' title="bbox 168 2526 1765 2595; baseline 0.003 -12"><span class='ocrx_word' id='word_1_311' title='bbox 168 2535 272 2584; x_wconf 89' lang='lat' dir='ltr'><strong>tes.</strong></span> <span class='ocrx_word' id='word_1_312' title='bbox 306 2526 650 2584; x_wconf 87' lang='lat' dir='ltr'><strong>Permulceat</strong></span> <span class='ocrx_word' id='word_1_313' title='bbox 676 2543 773 2583; x_wconf 90' lang='lat' dir='ltr'><strong>vos</strong></span> <span class='ocrx_word' id='word_1_314' title='bbox 798 2527 977 2583; x_wconf 82' lang='lat' dir='ltr'><strong>ﬁstula</strong></span> <span class='ocrx_word' id='word_1_315' title='bbox 1008 2528 1299 2595; x_wconf 87' lang='lat' dir='ltr'><strong>Davidica;</strong></span> <span class='ocrx_word' id='word_1_316' title='bbox 1333 2531 1607 2587; x_wconf 87' lang='lat' dir='ltr'><strong>oblectent</strong></span> <span class='ocrx_word' id='word_1_317' title='bbox 1645 2533 1765 2588; x_wconf 92' lang='lat' dir='ltr'><strong>ani-</strong></span> 
     </span>
    </p>
   </div>
   <div class='ocr_carea' id='block_1_44' title="bbox 168 2617 1767 2694">
    <p class='ocr_par' dir='ltr' id='par_1_44' title="bbox 168 2617 1767 2694">
     <span class='ocr_line' id='line_1_44' title="bbox 168 2617 1767 2694; baseline 0.001 -19"><span class='ocrx_word' id='word_1_318' title='bbox 168 2634 320 2676; x_wconf 82' lang='lat' dir='ltr'><strong>mum</strong></span> <span class='ocrx_word' id='word_1_319' title='bbox 348 2618 624 2690; x_wconf 88' lang='lat' dir='ltr'><strong>sponsalia</strong></span> <span class='ocrx_word' id='word_1_320' title='bbox 652 2618 814 2675; x_wconf 88' lang='lat' dir='ltr'><strong>dotis.</strong></span> <span class='ocrx_word' id='word_1_321' title='bbox 842 2617 977 2675; x_wconf 84' lang='lat' dir='ltr'><strong>Nam</strong></span> <span class='ocrx_word' id='word_1_322' title='bbox 1015 2619 1132 2690; x_wconf 89' lang='lat' dir='ltr'><strong>ipse</strong></span> <span class='ocrx_word' id='word_1_323' title='bbox 1162 2620 1357 2685; x_wconf 90' lang='lat' dir='ltr'><strong>David,</strong></span> <span class='ocrx_word' id='word_1_324' title='bbox 1387 2622 1480 2693; x_wconf 86' lang='lat' dir='ltr'><strong>qui</strong></span> <span class='ocrx_word' id='word_1_325' title='bbox 1530 2623 1634 2679; x_wconf 89' lang='lat' dir='ltr'><strong>hoc</strong></span> <span class='ocrx_word' id='word_1_326' title='bbox 1652 2623 1767 2694; x_wconf 90' lang='lat' dir='ltr'><strong>epi-</strong></span> 
     </span>
    </p>
   </div>
   <div class='ocr_carea' id='block_1_45' title="bbox 169 2711 1768 2785">
    <p class='ocr_par' dir='ltr' id='par_1_45' title="bbox 169 2711 1768 2785">
     <span class='ocr_line' id='line_1_45' title="bbox 169 2711 1768 2785; baseline 0.002 -18"><span class='ocrx_word' id='word_1_327' title='bbox 169 2711 495 2767; x_wconf 85' lang='lat' dir='ltr'><strong>thalamium</strong></span> <span class='ocrx_word' id='word_1_328' title='bbox 523 2711 731 2781; x_wconf 85' lang='lat' dir='ltr'><strong>primus</strong></span> <span class='ocrx_word' id='word_1_329' title='bbox 760 2711 1027 2768; x_wconf 88' lang='lat' dir='ltr'><strong>cecinisse</strong></span> <span class='ocrx_word' id='word_1_330' title='bbox 1049 2712 1323 2778; x_wconf 87' lang='lat' dir='ltr'><strong>creditur,</strong></span> <span class='ocrx_word' id='word_1_331' title='bbox 1352 2713 1458 2770; x_wconf 88' lang='lat' dir='ltr'><strong>hoc</strong></span> <span class='ocrx_word' id='word_1_332' title='bbox 1485 2729 1657 2785; x_wconf 87' lang='lat' dir='ltr'><strong>genus</strong></span> <span class='ocrx_word' id='word_1_333' title='bbox 1683 2715 1768 2770; x_wconf 90' lang='lat' dir='ltr'><strong>in-</strong></span> 
     </span>
    </p>
   </div>
   <div class='ocr_carea' id='block_1_46' title="bbox 166 2805 1765 2878">
    <p class='ocr_par' dir='ltr' id='par_1_46' title="bbox 166 2805 1765 2878">
     <span class='ocr_line' id='line_1_46' title="bbox 166 2805 1765 2878; baseline 0 -15"><span class='ocrx_word' id='word_1_334' title='bbox 166 2806 389 2863; x_wconf 77' lang='lat' dir='ltr'><strong>venisse</strong></span> <span class='ocrx_word' id='word_1_335' title='bbox 411 2806 479 2861; x_wconf 90' lang='lat' dir='ltr'><strong>ad</strong></span> <span class='ocrx_word' id='word_1_336' title='bbox 501 2806 718 2877; x_wconf 88' lang='lat' dir='ltr'><strong>nuptias</strong></span> <span class='ocrx_word' id='word_1_337' title='bbox 745 2805 920 2878; x_wconf 85' lang='lat' dir='ltr'><strong>gratia</strong></span> <span class='ocrx_word' id='word_1_338' title='bbox 946 2806 1177 2861; x_wconf 86' lang='lat' dir='ltr'><strong>canendi</strong></span> <span class='ocrx_word' id='word_1_339' title='bbox 1202 2820 1309 2861; x_wconf 89' lang='lat' dir='ltr'><strong>non</strong></span> <span class='ocrx_word' id='word_1_340' title='bbox 1337 2806 1636 2863; x_wconf 89' lang='lat' dir='ltr'><strong>dubitatur.</strong></span> <span class='ocrx_word' id='word_1_341' title='bbox 1661 2808 1765 2875; x_wconf 85' lang='lat' dir='ltr'><strong>Qui</strong></span> 
     </span>
    </p>
   </div>
   <div class='ocr_carea' id='block_1_47' title="bbox 166 2897 1766 2968">
    <p class='ocr_par' dir='ltr' id='par_1_47' title="bbox 166 2897 1766 2968">
     <span class='ocr_line' id='line_1_47' title="bbox 166 2897 1766 2968; baseline -0.001 -13"><span class='ocrx_word' id='word_1_342' title='bbox 166 2908 336 2955; x_wconf 81' lang='lat' dir='ltr'><strong>cantu</strong></span> <span class='ocrx_word' id='word_1_343' title='bbox 374 2897 565 2953; x_wconf 84' lang='lat' dir='ltr'><strong>didicit</strong></span> <span class='ocrx_word' id='word_1_344' title='bbox 595 2898 731 2952; x_wconf 91' lang='lat' dir='ltr'><strong>dura</strong></span> <span class='ocrx_word' id='word_1_345' title='bbox 775 2911 1035 2968; x_wconf 88' lang='lat' dir='ltr'><strong>superare</strong></span> <span class='ocrx_word' id='word_1_346' title='bbox 1062 2897 1350 2965; x_wconf 84' lang='lat' dir='ltr'><strong>bellorum,</strong></span> <span class='ocrx_word' id='word_1_347' title='bbox 1379 2907 1541 2953; x_wconf 90' lang='lat' dir='ltr'><strong>cantu</strong></span> <span class='ocrx_word' id='word_1_348' title='bbox 1567 2899 1766 2955; x_wconf 89' lang='lat' dir='ltr'><strong>meruit</strong></span> 
     </span>
    </p>
   </div>
   <div class='ocr_carea' id='block_1_48' title="bbox 166 2987 1768 3062">
    <p class='ocr_par' dir='ltr' id='par_1_48' title="bbox 166 2987 1768 3062">
     <span class='ocr_line' id='line_1_48' title="bbox 166 2987 1768 3062; baseline 0 -19"><span class='ocrx_word' id='word_1_349' title='bbox 166 2989 432 3062; x_wconf 83' lang='lat' dir='ltr'><strong>populum</strong></span> <span class='ocrx_word' id='word_1_350' title='bbox 473 2988 751 3043; x_wconf 89' lang='lat' dir='ltr'><strong>concitare</strong></span> <span class='ocrx_word' id='word_1_351' title='bbox 778 2987 847 3041; x_wconf 91' lang='lat' dir='ltr'><strong>ad</strong></span> <span class='ocrx_word' id='word_1_352' title='bbox 878 2987 1106 3044; x_wconf 87' lang='lat' dir='ltr'><strong>salutem</strong></span> <span class='ocrx_word' id='word_1_353' title='bbox 1127 3028 1143 3055; x_wconf 91' lang='lat'><strong>,</strong></span> <span class='ocrx_word' id='word_1_354' title='bbox 1173 2997 1335 3043; x_wconf 91' lang='lat' dir='ltr'><strong>cantu</strong></span> <span class='ocrx_word' id='word_1_355' title='bbox 1362 2997 1548 3060; x_wconf 90' lang='lat' dir='ltr'><strong>gentes</strong></span> <span class='ocrx_word' id='word_1_356' title='bbox 1575 2989 1768 3044; x_wconf 87' lang='lat' dir='ltr'><strong>invitat</strong></span> 
     </span>
    </p>
   </div>
   <div class='ocr_carea' id='block_1_49' title="bbox 165 3078 1763 3151">
    <p class='ocr_par' dir='ltr' id='par_1_49' title="bbox 165 3078 1763 3151">
     <span class='ocr_line' id='line_1_49' title="bbox 165 3078 1763 3151; baseline 0.001 -18"><span class='ocrx_word' id='word_1_357' title='bbox 165 3082 230 3136; x_wconf 69' lang='lat' dir='ltr'><strong>ad</strong></span> <span class='ocrx_word' id='word_1_358' title='bbox 268 3080 581 3147; x_wconf 85' lang='lat' dir='ltr'><strong>Christum,</strong></span> <span class='ocrx_word' id='word_1_359' title='bbox 624 3078 839 3135; x_wconf 82' lang='lat' dir='ltr'><strong>Judaeos</strong></span> <span class='ocrx_word' id='word_1_360' title='bbox 871 3089 1111 3145; x_wconf 80' lang='lat' dir='ltr'><strong>revocat,</strong></span> <span class='ocrx_word' id='word_1_361' title='bbox 1147 3079 1422 3135; x_wconf 82' lang='lat' dir='ltr'><strong>daemones</strong></span> <span class='ocrx_word' id='word_1_362' title='bbox 1455 3078 1627 3151; x_wconf 80' lang='lat' dir='ltr'><strong>fugat,</strong></span> <span class='ocrx_word' id='word_1_363' title='bbox 1666 3080 1763 3135; x_wconf 91' lang='lat' dir='ltr'><strong>Dei</strong></span> 
     </span>
    </p>
   </div>
   <div class='ocr_carea' id='block_1_50' title="bbox 1866 1894 3462 1971">
    <p class='ocr_par' dir='ltr' id='par_1_50' title="bbox 1866 1894 3462 1971">
     <span class='ocr_line' id='line_1_50' title="bbox 1866 1894 3462 1971; baseline 0.007 -20"><span class='ocrx_word' id='word_1_364' title='bbox 1866 1894 1969 1951; x_wconf 86' lang='lat' dir='ltr'><strong>sibi</strong></span> <span class='ocrx_word' id='word_1_365' title='bbox 1998 1894 2278 1952; x_wconf 85' lang='lat' dir='ltr'><strong>mittentes</strong></span> <span class='ocrx_word' id='word_1_366' title='bbox 2317 1906 2666 1965; x_wconf 62' lang='lat' dir='ltr'><strong>remunerat;</strong></span> <span class='ocrx_word' id='word_1_367' title='bbox 2686 1907 2742 1955; x_wconf 93' lang='lat' dir='ltr'><strong>et</strong></span> <span class='ocrx_word' id='word_1_368' title='bbox 2774 1903 3144 1971; x_wconf 62' lang='lat' dir='ltr'><strong>quaerentibus</strong></span> <span class='ocrx_word' id='word_1_369' title='bbox 3201 1912 3262 1959; x_wconf 91' lang='lat' dir='ltr'><strong>ut</strong></span> <span class='ocrx_word' id='word_1_370' title='bbox 3305 1906 3462 1962; x_wconf 85' lang='lat' dir='ltr'><strong>inve-</strong></span> 
     </span>
    </p>
   </div>
   <div class='ocr_carea' id='block_1_51' title="bbox 1867 1984 3466 2063">
    <p class='ocr_par' dir='ltr' id='par_1_51' title="bbox 1867 1984 3466 2063">
     <span class='ocr_line' id='line_1_51' title="bbox 1867 1984 3466 2063; baseline 0.009 -25"><span class='ocrx_word' id='word_1_371' title='bbox 1867 1984 2021 2039; x_wconf 89' lang='lat' dir='ltr'><strong>niant</strong></span> <span class='ocrx_word' id='word_1_372' title='bbox 2052 1994 2298 2056; x_wconf 63' lang='lat' dir='ltr'><strong>praestat.</strong></span> <span class='ocrx_word' id='word_1_373' title='bbox 2324 1986 2431 2043; x_wconf 89' lang='lat' dir='ltr'><strong>Sed</strong></span> <span class='ocrx_word' id='word_1_374' title='bbox 2452 1989 2578 2058; x_wconf 83' lang='lat' dir='ltr'><strong>quia</strong></span> <span class='ocrx_word' id='word_1_375' title='bbox 2614 1987 2714 2045; x_wconf 92' lang='lat' dir='ltr'><strong>ﬂos</strong></span> <span class='ocrx_word' id='word_1_376' title='bbox 2733 2005 2856 2047; x_wconf 91' lang='lat' dir='ltr'><strong>esse</strong></span> <span class='ocrx_word' id='word_1_377' title='bbox 2882 2006 3117 2063; x_wconf 87' lang='lat' dir='ltr'><strong>nequeo,</strong></span> <span class='ocrx_word' id='word_1_378' title='bbox 3148 1994 3340 2051; x_wconf 84' lang='lat' dir='ltr'><strong>saltem</strong></span> <span class='ocrx_word' id='word_1_379' title='bbox 3364 2012 3466 2053; x_wconf 85' lang='lat' dir='ltr'><strong>vo-</strong></span> 
     </span>
    </p>
   </div>
   <div class='ocr_carea' id='block_1_52' title="bbox 1865 2074 3491 2153">
    <p class='ocr_par' dir='ltr' id='par_1_52' title="bbox 1865 2074 3491 2153">
     <span class='ocr_line' id='line_1_52' title="bbox 1865 2074 3491 2153; baseline 0.008 -23"><span class='ocrx_word' id='word_1_380' title='bbox 1865 2074 1972 2142; x_wconf 86' lang='lat' dir='ltr'><strong>bis,</strong></span> <span class='ocrx_word' id='word_1_381' title='bbox 1998 2090 2120 2145; x_wconf 87' lang='lat' dir='ltr'><strong>quae</strong></span> <span class='ocrx_word' id='word_1_382' title='bbox 2148 2076 2377 2133; x_wconf 81' lang='lat' dir='ltr'><strong>candida</strong></span> <span class='ocrx_word' id='word_1_383' title='bbox 2410 2079 2544 2134; x_wconf 86' lang='lat' dir='ltr'><strong>estis</strong></span> <span class='ocrx_word' id='word_1_384' title='bbox 2575 2078 2687 2135; x_wconf 90' lang='lat' dir='ltr'><strong>lilia</strong></span> <span class='ocrx_word' id='word_1_385' title='bbox 2736 2081 2882 2152; x_wconf 87' lang='lat' dir='ltr'><strong>quod</strong></span> <span class='ocrx_word' id='word_1_386' title='bbox 2911 2098 3132 2153; x_wconf 89' lang='lat' dir='ltr'><strong>possum</strong></span> <span class='ocrx_word' id='word_1_387' title='bbox 3163 2087 3491 2143; x_wconf 55' lang='lat' dir='ltr'><strong>sententia-v</strong></span> 
     </span>
    </p>
   </div>
   <div class='ocr_carea' id='block_1_53' title="bbox 1868 2167 3461 2249">
    <p class='ocr_par' dir='ltr' id='par_1_53' title="bbox 1868 2167 3461 2249">
     <span class='ocr_line' id='line_1_53' title="bbox 1868 2167 3461 2249; baseline 0.008 -29"><span class='ocrx_word' id='word_1_388' title='bbox 1868 2181 1990 2221; x_wconf 90' lang='lat' dir='ltr'><strong>rum</strong></span> <span class='ocrx_word' id='word_1_389' title='bbox 2018 2167 2209 2234; x_wconf 90' lang='lat' dir='ltr'><strong>mitto;</strong></span> <span class='ocrx_word' id='word_1_390' title='bbox 2238 2176 2295 2223; x_wconf 94' lang='lat' dir='ltr'><strong>ut</strong></span> <span class='ocrx_word' id='word_1_391' title='bbox 2313 2177 2369 2223; x_wconf 90' lang='lat' dir='ltr'><strong>et</strong></span> <span class='ocrx_word' id='word_1_392' title='bbox 2397 2171 2489 2240; x_wconf 89' lang='lat' dir='ltr'><strong>qui</strong></span> <span class='ocrx_word' id='word_1_393' title='bbox 2517 2171 2750 2227; x_wconf 86' lang='lat' dir='ltr'><strong>seminat</strong></span> <span class='ocrx_word' id='word_1_394' title='bbox 2764 2172 2919 2244; x_wconf 81' lang='lat' dir='ltr'><strong>juxta</strong></span> <span class='ocrx_word' id='word_1_395' title='bbox 2934 2173 3250 2245; x_wconf 83' lang='lat' dir='ltr'><strong>Apostolum</strong></span> <span class='ocrx_word' id='word_1_396' title='bbox 3277 2175 3461 2249; x_wconf 85' lang='lat' dir='ltr'><strong>(Joan.</strong></span> 
     </span>
    </p>
   </div>
   <div class='ocr_carea' id='block_1_54' title="bbox 1866 2258 3517 2340">
    <p class='ocr_par' dir='ltr' id='par_1_54' title="bbox 1866 2258 3517 2340">
     <span class='ocr_line' id='line_1_54' title="bbox 1866 2258 3517 2340; baseline 0.006 -25"><span class='ocrx_word' id='word_1_397' title='bbox 1866 2274 1942 2327; x_wconf 80' lang='lat' dir='ltr'><strong>tv,</strong></span> <span class='ocrx_word' id='word_1_398' title='bbox 1970 2258 2087 2332; x_wconf 74' lang='lat'><strong>56),</strong></span> <span class='ocrx_word' id='word_1_399' title='bbox 2118 2269 2174 2315; x_wconf 91' lang='lat' dir='ltr'><strong>et</strong></span> <span class='ocrx_word' id='word_1_400' title='bbox 2194 2261 2287 2332; x_wconf 91' lang='lat' dir='ltr'><strong>qui</strong></span> <span class='ocrx_word' id='word_1_401' title='bbox 2316 2262 2473 2318; x_wconf 88' lang='lat' dir='ltr'><strong>metit</strong></span> <span class='ocrx_word' id='word_1_402' title='bbox 2511 2263 2674 2319; x_wconf 86' lang='lat' dir='ltr'><strong>simul</strong></span> <span class='ocrx_word' id='word_1_403' title='bbox 2699 2267 2987 2336; x_wconf 79' lang='lat' dir='ltr'><strong>gaudeant.</strong></span> <span class='ocrx_word' id='word_1_404' title='bbox 3019 2266 3124 2323; x_wconf 88' lang='lat' dir='ltr'><strong>Sed</strong></span> <span class='ocrx_word' id='word_1_405' title='bbox 3155 2269 3280 2340; x_wconf 88' lang='lat' dir='ltr'><strong>quia</strong></span> <span class='ocrx_word' id='word_1_406' title='bbox 3303 2270 3468 2325; x_wconf 88' lang='lat' dir='ltr'><strong>semi-</strong></span> <span class='ocrx_word' id='word_1_407' title='bbox 3513 2284 3517 2291; x_wconf 81' lang='lat'><strong>&#39;</strong></span> 
     </span>
    </p>
   </div>
   <div class='ocr_carea' id='block_1_55' title="bbox 1867 2359 3466 2433">
    <p class='ocr_par' dir='ltr' id='par_1_55' title="bbox 1867 2359 3466 2433">
     <span class='ocr_line' id='line_1_55' title="bbox 1867 2359 3466 2433; baseline 0.007 -23"><span class='ocrx_word' id='word_1_408' title='bbox 1867 2370 2022 2422; x_wconf 88' lang='lat' dir='ltr'><strong>nare,</strong></span> <span class='ocrx_word' id='word_1_409' title='bbox 2065 2371 2387 2428; x_wconf 89' lang='lat' dir='ltr'><strong>magnorum</strong></span> <span class='ocrx_word' id='word_1_410' title='bbox 2417 2366 2521 2425; x_wconf 91' lang='lat' dir='ltr'><strong>est,</strong></span> <span class='ocrx_word' id='word_1_411' title='bbox 2555 2359 2763 2414; x_wconf 89' lang='lat' dir='ltr'><strong>utinam</strong></span> <span class='ocrx_word' id='word_1_412' title='bbox 2800 2360 3065 2431; x_wconf 85' lang='lat' dir='ltr'><strong>irriguum</strong></span> <span class='ocrx_word' id='word_1_413' title='bbox 3104 2362 3466 2433; x_wconf 88' lang='lat' dir='ltr'><strong>superducere</strong></span> 
     </span>
    </p>
   </div>
   <div class='ocr_carea' id='block_1_56' title="bbox 1867 2448 3464 2524">
    <p class='ocr_par' dir='ltr' id='par_1_56' title="bbox 1867 2448 3464 2524">
     <span class='ocr_line' id='line_1_56' title="bbox 1867 2448 3464 2524; baseline 0.004 -23"><span class='ocrx_word' id='word_1_414' title='bbox 1867 2461 2120 2519; x_wconf 89' lang='lat' dir='ltr'><strong>possem;</strong></span> <span class='ocrx_word' id='word_1_415' title='bbox 2145 2448 2273 2519; x_wconf 91' lang='lat' dir='ltr'><strong>quia</strong></span> <span class='ocrx_word' id='word_1_416' title='bbox 2305 2456 2434 2503; x_wconf 89' lang='lat' dir='ltr'><strong>tunc</strong></span> <span class='ocrx_word' id='word_1_417' title='bbox 2460 2449 2693 2519; x_wconf 91' lang='lat' dir='ltr'><strong>quisque</strong></span> <span class='ocrx_word' id='word_1_418' title='bbox 2715 2458 2861 2505; x_wconf 89' lang='lat' dir='ltr'><strong>recte</strong></span> <span class='ocrx_word' id='word_1_419' title='bbox 2890 2451 3141 2524; x_wconf 84' lang='lat' dir='ltr'><strong>seminat,</strong></span> <span class='ocrx_word' id='word_1_420' title='bbox 3186 2453 3228 2507; x_wconf 89' lang='lat' dir='ltr'><strong>si</strong></span> <span class='ocrx_word' id='word_1_421' title='bbox 3261 2452 3464 2508; x_wconf 90' lang='lat' dir='ltr'><strong>intelli-</strong></span> 
     </span>
    </p>
   </div>
   <div class='ocr_carea' id='block_1_57' title="bbox 1868 2536 3461 2608">
    <p class='ocr_par' dir='ltr' id='par_1_57' title="bbox 1868 2536 3461 2608">
     <span class='ocr_line' id='line_1_57' title="bbox 1868 2536 3461 2608; baseline 0.005 -18"><span class='ocrx_word' id='word_1_422' title='bbox 1868 2544 1981 2607; x_wconf 86' lang='lat' dir='ltr'><strong>gat,</strong></span> <span class='ocrx_word' id='word_1_423' title='bbox 2010 2536 2160 2607; x_wconf 89' lang='lat' dir='ltr'><strong>quid,</strong></span> <span class='ocrx_word' id='word_1_424' title='bbox 2187 2537 2444 2608; x_wconf 76' lang='lat' dir='ltr'><strong>quando,</strong></span> <span class='ocrx_word' id='word_1_425' title='bbox 2488 2546 2543 2592; x_wconf 91' lang='lat' dir='ltr'><strong>et</strong></span> <span class='ocrx_word' id='word_1_426' title='bbox 2579 2537 2669 2593; x_wconf 89' lang='lat' dir='ltr'><strong>ubi</strong></span> <span class='ocrx_word' id='word_1_427' title='bbox 2719 2538 2972 2593; x_wconf 82' lang='lat' dir='ltr'><strong>seminat.</strong></span> <span class='ocrx_word' id='word_1_428' title='bbox 3002 2539 3059 2594; x_wconf 89' lang='lat' dir='ltr'><strong>In</strong></span> <span class='ocrx_word' id='word_1_429' title='bbox 3096 2540 3250 2596; x_wconf 86' lang='lat' dir='ltr'><strong>vobis</strong></span> <span class='ocrx_word' id='word_1_430' title='bbox 3279 2551 3461 2598; x_wconf 90' lang='lat' dir='ltr'><strong>autem</strong></span> 
     </span>
    </p>
   </div>
   <div class='ocr_carea' id='block_1_58' title="bbox 1862 2626 3468 2703">
    <p class='ocr_par' dir='ltr' id='par_1_58' title="bbox 1862 2626 3468 2703">
     <span class='ocr_line' id='line_1_58' title="bbox 1862 2626 3468 2703; baseline 0.004 -22"><span class='ocrx_word' id='word_1_431' title='bbox 1862 2626 1975 2699; x_wconf 86' lang='lat' dir='ltr'><strong>jam</strong></span> <span class='ocrx_word' id='word_1_432' title='bbox 2008 2627 2338 2683; x_wconf 88' lang='lat' dir='ltr'><strong>seminatum</strong></span> <span class='ocrx_word' id='word_1_433' title='bbox 2366 2637 2450 2684; x_wconf 85' lang='lat' dir='ltr'><strong>est</strong></span> <span class='ocrx_word' id='word_1_434' title='bbox 2469 2630 2693 2685; x_wconf 89' lang='lat' dir='ltr'><strong>verbum</strong></span> <span class='ocrx_word' id='word_1_435' title='bbox 2723 2628 2870 2696; x_wconf 64' lang='lat' dir='ltr'><strong>vitae,</strong></span> <span class='ocrx_word' id='word_1_436' title='bbox 2902 2630 3161 2700; x_wconf 87' lang='lat' dir='ltr'><strong>quoniam</strong></span> <span class='ocrx_word' id='word_1_437' title='bbox 3191 2630 3291 2686; x_wconf 79' lang='lat' dir='ltr'><strong>Dei</strong></span> <span class='ocrx_word' id='word_1_438' title='bbox 3324 2633 3468 2703; x_wconf 84' lang='lat' dir='ltr'><strong>agri-</strong></span> 
     </span>
    </p>
   </div>
   <div class='ocr_carea' id='block_1_59' title="bbox 1869 2719 3470 2797">
    <p class='ocr_par' dir='ltr' id='par_1_59' title="bbox 1869 2719 3470 2797">
     <span class='ocr_line' id='line_1_59' title="bbox 1869 2719 3470 2797; baseline 0.003 -21"><span class='ocrx_word' id='word_1_439' title='bbox 1869 2719 2077 2776; x_wconf 84' lang='lat' dir='ltr'><strong>cultura</strong></span> <span class='ocrx_word' id='word_1_440' title='bbox 2120 2724 2263 2788; x_wconf 83' lang='lat' dir='ltr'><strong>estis,</strong></span> <span class='ocrx_word' id='word_1_441' title='bbox 2301 2722 2401 2777; x_wconf 89' lang='lat' dir='ltr'><strong>Dei</strong></span> <span class='ocrx_word' id='word_1_442' title='bbox 2440 2722 2724 2797; x_wconf 64' lang='lat' dir='ltr'><strong>ludiﬁcatio</strong></span> <span class='ocrx_word' id='word_1_443' title='bbox 2766 2724 2889 2778; x_wconf 81' lang='lat' dir='ltr'><strong>estis</strong></span> <span class='ocrx_word' id='word_1_444' title='bbox 2922 2722 2975 2794; x_wconf 92' lang='lat' dir='ltr'><strong>(I</strong></span> <span class='ocrx_word' id='word_1_445' title='bbox 3006 2723 3128 2778; x_wconf 87' lang='lat' dir='ltr'><strong>Cor.</strong></span> <span class='ocrx_word' id='word_1_446' title='bbox 3177 2740 3259 2792; x_wconf 87' lang='grc' dir='ltr'>ιιι,</span> <span class='ocrx_word' id='word_1_447' title='bbox 3301 2724 3381 2797; x_wconf 89' lang='grc'><strong>9),</strong></span> <span class='ocrx_word' id='word_1_448' title='bbox 3412 2733 3470 2781; x_wconf 91' lang='lat' dir='ltr'><strong>et</strong></span> 
     </span>
    </p>
   </div>
   <div class='ocr_carea' id='block_1_60' title="bbox 1870 2814 3468 2885">
    <p class='ocr_par' dir='ltr' id='par_1_60' title="bbox 1870 2814 3468 2885">
     <span class='ocr_line' id='line_1_60' title="bbox 1870 2814 3468 2885; baseline 0.002 -15"><span class='ocrx_word' id='word_1_449' title='bbox 1870 2814 1991 2870; x_wconf 90' lang='lat' dir='ltr'><strong>ideo</strong></span> <span class='ocrx_word' id='word_1_450' title='bbox 2039 2815 2307 2885; x_wconf 88' lang='lat' dir='ltr'><strong>pullulant</strong></span> <span class='ocrx_word' id='word_1_451' title='bbox 2334 2815 2389 2870; x_wconf 90' lang='lat' dir='ltr'><strong>in</strong></span> <span class='ocrx_word' id='word_1_452' title='bbox 2414 2814 2568 2871; x_wconf 86' lang='lat' dir='ltr'><strong>vost</strong></span> <span class='ocrx_word' id='word_1_453' title='bbox 2597 2815 2807 2870; x_wconf 82' lang='lat' dir='ltr'><strong>semina</strong></span> <span class='ocrx_word' id='word_1_454' title='bbox 2834 2816 3124 2884; x_wconf 86' lang='lat' dir='ltr'><strong>virtutum,</strong></span> <span class='ocrx_word' id='word_1_455' title='bbox 3168 2825 3225 2873; x_wconf 91' lang='lat' dir='ltr'><strong>et</strong></span> <span class='ocrx_word' id='word_1_456' title='bbox 3266 2818 3468 2874; x_wconf 86' lang='lat' dir='ltr'><strong>crescit</strong></span> 
     </span>
    </p>
   </div>
   <div class='ocr_carea' id='block_1_61' title="bbox 1870 2905 3468 2982">
    <p class='ocr_par' dir='ltr' id='par_1_61' title="bbox 1870 2905 3468 2982">
     <span class='ocr_line' id='line_1_61' title="bbox 1870 2905 3468 2982; baseline 0.001 -17"><span class='ocrx_word' id='word_1_457' title='bbox 1870 2924 2026 2980; x_wconf 81' lang='lat' dir='ltr'><strong>seges</strong></span> <span class='ocrx_word' id='word_1_458' title='bbox 2045 2909 2401 2981; x_wconf 90' lang='lat' dir='ltr'><strong>multiplicata</strong></span> <span class='ocrx_word' id='word_1_459' title='bbox 2424 2910 2479 2964; x_wconf 90' lang='lat' dir='ltr'><strong>in</strong></span> <span class='ocrx_word' id='word_1_460' title='bbox 2502 2909 2751 2971; x_wconf 84' lang='lat' dir='ltr'><strong>Domino.</strong></span> <span class='ocrx_word' id='word_1_461' title='bbox 2767 2905 2902 2964; x_wconf 84' lang='lat' dir='ltr'><strong>Nam</strong></span> <span class='ocrx_word' id='word_1_462' title='bbox 2917 2909 3283 2982; x_wconf 89' lang='lat' dir='ltr'><strong>virginitatem</strong></span> <span class='ocrx_word' id='word_1_463' title='bbox 3305 2925 3468 2967; x_wconf 86' lang='lat' dir='ltr'><strong>nemo</strong></span> 
     </span>
    </p>
   </div>
   <div class='ocr_carea' id='block_1_62' title="bbox 1868 3001 3470 3074">
    <p class='ocr_par' dir='ltr' id='par_1_62' title="bbox 1868 3001 3470 3074">
     <span class='ocr_line' id='line_1_62' title="bbox 1868 3001 3470 3074; baseline 0.002 -18"><span class='ocrx_word' id='word_1_464' title='bbox 1868 3003 2010 3057; x_wconf 87' lang='lat' dir='ltr'><strong>alter</strong></span> <span class='ocrx_word' id='word_1_465' title='bbox 2055 3018 2217 3074; x_wconf 91' lang='lat' dir='ltr'><strong>quam</strong></span> <span class='ocrx_word' id='word_1_466' title='bbox 2265 3001 2518 3058; x_wconf 89' lang='lat' dir='ltr'><strong>Christus</strong></span> <span class='ocrx_word' id='word_1_467' title='bbox 2547 3002 2815 3069; x_wconf 88' lang='lat' dir='ltr'><strong>seminat,</strong></span> <span class='ocrx_word' id='word_1_468' title='bbox 2859 3003 3115 3074; x_wconf 87' lang='lat' dir='ltr'><strong>quoniam</strong></span> <span class='ocrx_word' id='word_1_469' title='bbox 3159 3002 3276 3074; x_wconf 90' lang='lat' dir='ltr'><strong>ipse</strong></span> <span class='ocrx_word' id='word_1_470' title='bbox 3318 3012 3470 3060; x_wconf 87' lang='lat' dir='ltr'><strong>sator</strong></span> 
     </span>
    </p>
   </div>
   <div class='ocr_carea' id='block_1_63' title="bbox 1869 3093 3469 3163">
    <p class='ocr_par' dir='ltr' id='par_1_63' title="bbox 1869 3093 3469 3163">
     <span class='ocr_line' id='line_1_63' title="bbox 1869 3093 3469 3163; baseline -0.001 -12"><span class='ocrx_word' id='word_1_471' title='bbox 1869 3109 2053 3151; x_wconf 87' lang='lat' dir='ltr'><strong>semen</strong></span> <span class='ocrx_word' id='word_1_472' title='bbox 2096 3104 2181 3151; x_wconf 89' lang='lat' dir='ltr'><strong>est</strong></span> <span class='ocrx_word' id='word_1_473' title='bbox 2223 3102 2279 3150; x_wconf 91' lang='lat' dir='ltr'><strong>et</strong></span> <span class='ocrx_word' id='word_1_474' title='bbox 2330 3093 2557 3150; x_wconf 78' lang='lat' dir='ltr'><strong>fructus.</strong></span> <span class='ocrx_word' id='word_1_475' title='bbox 2589 3093 2765 3150; x_wconf 90' lang='lat' dir='ltr'><strong>Corda</strong></span> <span class='ocrx_word' id='word_1_476' title='bbox 2822 3109 2954 3150; x_wconf 88' lang='lat' dir='ltr'><strong>vero</strong></span> <span class='ocrx_word' id='word_1_477' title='bbox 2985 3094 3245 3163; x_wconf 80' lang='lat' dir='ltr'><strong>ﬁdelium,</strong></span> <span class='ocrx_word' id='word_1_478' title='bbox 3276 3097 3469 3151; x_wconf 85' lang='lat' dir='ltr'><strong>hortus</strong></span> 
     </span>
    </p>
   </div>
   <div class='ocr_carea' id='block_1_64' title="bbox 164 3161 1771 3256">
    <p class='ocr_par' dir='ltr' id='par_1_64' title="bbox 164 3169 1760 3242">
     <span class='ocr_line' id='line_1_64' title="bbox 164 3169 1760 3242; baseline 0 -15"><span class='ocrx_word' id='word_1_479' title='bbox 164 3171 313 3227; x_wconf 78' lang='lat' dir='ltr'><strong>ﬁlios</strong></span> <span class='ocrx_word' id='word_1_480' title='bbox 340 3171 415 3226; x_wconf 76' lang='lat' dir='ltr'><strong>ad</strong></span> <span class='ocrx_word' id='word_1_481' title='bbox 440 3171 660 3242; x_wconf 87' lang='lat' dir='ltr'><strong>superni</strong></span> <span class='ocrx_word' id='word_1_482' title='bbox 698 3170 878 3226; x_wconf 88' lang='lat' dir='ltr'><strong>Patris</strong></span> <span class='ocrx_word' id='word_1_483' title='bbox 903 3169 1221 3241; x_wconf 89' lang='lat' dir='ltr'><strong>obsequium</strong></span> <span class='ocrx_word' id='word_1_484' title='bbox 1245 3181 1527 3239; x_wconf 77' lang='lat' dir='ltr'><strong>convocat,</strong></span> <span class='ocrx_word' id='word_1_485' title='bbox 1560 3180 1616 3228; x_wconf 89' lang='lat' dir='ltr'><strong>et</strong></span> <span class='ocrx_word' id='word_1_486' title='bbox 1643 3187 1760 3237; x_wconf 87' lang='lat' dir='ltr'><strong>vos,</strong></span> 
     </span>
    </p>
   </div>
   <div class='ocr_carea' id='block_1_65' title="bbox 1872 3161 3467 3256">
    <p class='ocr_par' dir='ltr' id='par_1_65' title="bbox 1872 3184 3467 3256">
     <span class='ocr_line' id='line_1_65' title="bbox 1872 3184 3467 3256; baseline -0.002 -12"><span class='ocrx_word' id='word_1_487' title='bbox 1872 3186 2205 3251; x_wconf 86' lang='lat' dir='ltr'><strong>deliciarum,</strong></span> <span class='ocrx_word' id='word_1_488' title='bbox 2244 3199 2464 3241; x_wconf 89' lang='lat' dir='ltr'><strong>vomere</strong></span> <span class='ocrx_word' id='word_1_489' title='bbox 2514 3185 2688 3241; x_wconf 91' lang='lat' dir='ltr'><strong>sancti</strong></span> <span class='ocrx_word' id='word_1_490' title='bbox 2735 3184 3013 3256; x_wconf 84' lang='lat' dir='ltr'><strong>Evangelii</strong></span> <span class='ocrx_word' id='word_1_491' title='bbox 3074 3193 3326 3251; x_wconf 87' lang='lat' dir='ltr'><strong>exarata,</strong></span> <span class='ocrx_word' id='word_1_492' title='bbox 3374 3185 3467 3256; x_wconf 90' lang='lat' dir='ltr'><strong>qui</strong></span> 
     </span>
    </p>
   </div>
   <div class='ocr_carea' id='block_1_66' title="bbox 164 3264 1768 3338">
    <p class='ocr_par' dir='ltr' id='par_1_66' title="bbox 164 3264 1768 3338">
     <span class='ocr_line' id='line_1_66' title="bbox 164 3264 1768 3338; baseline 0 -16"><span class='ocrx_word' id='word_1_493' title='bbox 164 3282 198 3322; x_wconf 94' lang='lat' dir='ltr'><strong>o</strong></span> <span class='ocrx_word' id='word_1_494' title='bbox 219 3265 490 3338; x_wconf 77' lang='lat' dir='ltr'><strong>virgines,</strong></span> <span class='ocrx_word' id='word_1_495' title='bbox 515 3264 716 3323; x_wconf 88' lang='lat' dir='ltr'><strong>Christi</strong></span> <span class='ocrx_word' id='word_1_496' title='bbox 742 3264 809 3320; x_wconf 87' lang='lat' dir='ltr'><strong>ad</strong></span> <span class='ocrx_word' id='word_1_497' title='bbox 830 3265 1124 3323; x_wconf 86' lang='lat' dir='ltr'><strong>thalamum</strong></span> <span class='ocrx_word' id='word_1_498' title='bbox 1149 3267 1337 3322; x_wconf 70' lang='lat' dir='ltr'><strong>mterni</strong></span> <span class='ocrx_word' id='word_1_499' title='bbox 1362 3266 1526 3338; x_wconf 79' lang='lat' dir='ltr'><strong>Regis</strong></span> <span class='ocrx_word' id='word_1_500' title='bbox 1549 3267 1768 3324; x_wconf 88' lang='lat' dir='ltr'><strong>instruit</strong></span> 
     </span>
    </p>
   </div>
   <div class='ocr_carea' id='block_1_67' title="bbox 165 3352 1770 3433">
    <p class='ocr_par' dir='ltr' id='par_1_67' title="bbox 165 3352 1770 3433">
     <span class='ocr_line' id='line_1_67' title="bbox 165 3352 1770 3433; baseline 0.003 -17"><span class='ocrx_word' id='word_1_501' title='bbox 165 3352 546 3431; x_wconf 60' lang='lat' dir='ltr'><strong>etprzeparlt,</strong></span> <span class='ocrx_word' id='word_1_502' title='bbox 573 3361 670 3427; x_wconf 90' lang='lat' dir='ltr'><strong>ita,</strong></span> <span class='ocrx_word' id='word_1_503' title='bbox 710 3359 758 3415; x_wconf 88' lang='lat' dir='ltr'><strong>si</strong></span> <span class='ocrx_word' id='word_1_504' title='bbox 788 3374 969 3416; x_wconf 88' lang='lat' dir='ltr'><strong>mores</strong></span> <span class='ocrx_word' id='word_1_505' title='bbox 996 3362 1328 3417; x_wconf 87' lang='lat' dir='ltr'><strong>concordent</strong></span> <span class='ocrx_word' id='word_1_506' title='bbox 1353 3378 1569 3433; x_wconf 90' lang='lat' dir='ltr'><strong>sponso,</strong></span> <span class='ocrx_word' id='word_1_507' title='bbox 1603 3371 1660 3419; x_wconf 89' lang='lat' dir='ltr'><strong>et</strong></span> <span class='ocrx_word' id='word_1_508' title='bbox 1680 3379 1770 3422; x_wconf 88' lang='lat' dir='ltr'><strong>re-</strong></span> 
     </span>
    </p>
   </div>
   <div class='ocr_carea' id='block_1_68' title="bbox 165 3436 1771 3521">
    <p class='ocr_par' dir='ltr' id='par_1_68' title="bbox 165 3436 1771 3521">
     <span class='ocr_line' id='line_1_68' title="bbox 165 3436 1771 3521; baseline 0.004 -16"><span class='ocrx_word' id='word_1_509' title='bbox 165 3436 480 3521; x_wconf 74' lang='lat' dir='ltr'><strong>spondeant</strong></span> <span class='ocrx_word' id='word_1_510' title='bbox 517 3464 683 3520; x_wconf 88' lang='lat' dir='ltr'><strong>opera</strong></span> <span class='ocrx_word' id='word_1_511' title='bbox 713 3450 982 3507; x_wconf 90' lang='lat' dir='ltr'><strong>cantibus.</strong></span> <span class='ocrx_word' id='word_1_512' title='bbox 1011 3450 1172 3518; x_wconf 88' lang='lat' dir='ltr'><strong>Hinc,</strong></span> <span class='ocrx_word' id='word_1_513' title='bbox 1199 3451 1583 3520; x_wconf 76' lang='lat' dir='ltr'><strong>dilectissime,</strong></span> <span class='ocrx_word' id='word_1_514' title='bbox 1628 3454 1771 3513; x_wconf 88' lang='lat' dir='ltr'><strong>sicut</strong></span> 
     </span>
    </p>
   </div>
   <div class='ocr_carea' id='block_1_69' title="bbox 165 3541 1767 3613">
    <p class='ocr_par' dir='ltr' id='par_1_69' title="bbox 165 3541 1767 3613">
     <span class='ocr_line' id='line_1_69' title="bbox 165 3541 1767 3613; baseline 0.001 -15"><span class='ocrx_word' id='word_1_515' title='bbox 165 3542 320 3608; x_wconf 77' lang='lat' dir='ltr'><strong>dixi,</strong></span> <span class='ocrx_word' id='word_1_516' title='bbox 353 3541 483 3612; x_wconf 89' lang='lat' dir='ltr'><strong>quia</strong></span> <span class='ocrx_word' id='word_1_517' title='bbox 533 3556 634 3599; x_wconf 87' lang='lat' dir='ltr'><strong>nec</strong></span> <span class='ocrx_word' id='word_1_518' title='bbox 683 3542 999 3598; x_wconf 87' lang='lat' dir='ltr'><strong>harmonice</strong></span> <span class='ocrx_word' id='word_1_519' title='bbox 1029 3553 1252 3613; x_wconf 83' lang='lat' dir='ltr'><strong>cantare</strong></span> <span class='ocrx_word' id='word_1_520' title='bbox 1305 3551 1432 3599; x_wconf 88' lang='lat' dir='ltr'><strong>ante</strong></span> <span class='ocrx_word' id='word_1_521' title='bbox 1470 3544 1767 3600; x_wconf 86' lang='lat' dir='ltr'><strong>thalamum</strong></span> 
     </span>
    </p>
   </div>
   <div class='ocr_carea' id='block_1_70' title="bbox 165 3632 1770 3704">
    <p class='ocr_par' dir='ltr' id='par_1_70' title="bbox 165 3632 1770 3704">
     <span class='ocr_line' id='line_1_70' title="bbox 165 3632 1770 3704; baseline 0.002 -14"><span class='ocrx_word' id='word_1_522' title='bbox 165 3633 374 3691; x_wconf 78' lang='lat' dir='ltr'><strong>summi</strong></span> <span class='ocrx_word' id='word_1_523' title='bbox 394 3632 582 3704; x_wconf 77' lang='lat' dir='ltr'><strong>Regis,</strong></span> <span class='ocrx_word' id='word_1_524' title='bbox 614 3647 715 3690; x_wconf 86' lang='lat' dir='ltr'><strong>nec</strong></span> <span class='ocrx_word' id='word_1_525' title='bbox 737 3635 1016 3691; x_wconf 83' lang='lat' dir='ltr'><strong>exhortari</strong></span> <span class='ocrx_word' id='word_1_526' title='bbox 1047 3636 1302 3691; x_wconf 87' lang='lat' dir='ltr'><strong>convivas</strong></span> <span class='ocrx_word' id='word_1_527' title='bbox 1343 3636 1770 3694; x_wconf 90' lang='lat' dir='ltr'><strong>luculentissime</strong></span> 
     </span>
    </p>
   </div>
   <div class='ocr_carea' id='block_1_71' title="bbox 165 3724 1771 3798">
    <p class='ocr_par' dir='ltr' id='par_1_71' title="bbox 165 3724 1771 3798">
     <span class='ocr_line' id='line_1_71' title="bbox 165 3724 1771 3798; baseline 0.002 -17"><span class='ocrx_word' id='word_1_528' title='bbox 165 3741 338 3797; x_wconf 85' lang='lat' dir='ltr'><strong>queo,</strong></span> <span class='ocrx_word' id='word_1_529' title='bbox 360 3724 448 3780; x_wconf 91' lang='lat' dir='ltr'><strong>vel</strong></span> <span class='ocrx_word' id='word_1_530' title='bbox 468 3725 670 3797; x_wconf 86' lang='lat' dir='ltr'><strong>alloqui</strong></span> <span class='ocrx_word' id='word_1_531' title='bbox 700 3726 876 3783; x_wconf 87' lang='lat' dir='ltr'><strong>facete</strong></span> <span class='ocrx_word' id='word_1_532' title='bbox 902 3728 1281 3798; x_wconf 87' lang='lat' dir='ltr'><strong>coepulantes;</strong></span> <span class='ocrx_word' id='word_1_533' title='bbox 1324 3729 1379 3783; x_wconf 87' lang='lat' dir='ltr'><strong>in</strong></span> <span class='ocrx_word' id='word_1_534' title='bbox 1402 3730 1507 3785; x_wconf 90' lang='lat' dir='ltr'><strong>hoc</strong></span> <span class='ocrx_word' id='word_1_535' title='bbox 1533 3730 1675 3785; x_wconf 89' lang='lat' dir='ltr'><strong>dotis</strong></span> <span class='ocrx_word' id='word_1_536' title='bbox 1704 3731 1771 3787; x_wconf 88' lang='lat' dir='ltr'><strong>ti-</strong></span> 
     </span>
    </p>
   </div>
   <div class='ocr_carea' id='block_1_72' title="bbox 166 3804 1772 3891">
    <p class='ocr_par' dir='ltr' id='par_1_72' title="bbox 166 3804 1772 3891">
     <span class='ocr_line' id='line_1_72' title="bbox 166 3804 1772 3891; baseline 0.004 -17"><span class='ocrx_word' id='word_1_537' title='bbox 166 3820 311 3886; x_wconf 88' lang='lat' dir='ltr'><strong>tulo,</strong></span> <span class='ocrx_word' id='word_1_538' title='bbox 337 3819 556 3875; x_wconf 86' lang='lat' dir='ltr'><strong>decrevi</strong></span> <span class='ocrx_word' id='word_1_539' title='bbox 577 3827 787 3875; x_wconf 88' lang='lat' dir='ltr'><strong>tantum</strong></span> <span class='ocrx_word' id='word_1_540' title='bbox 816 3804 1071 3891; x_wconf 83' lang='lat' dir='ltr'><strong>spargere</strong></span> <span class='ocrx_word' id='word_1_541' title='bbox 1090 3821 1272 3889; x_wconf 90' lang='lat' dir='ltr'><strong>ﬂores,</strong></span> <span class='ocrx_word' id='word_1_542' title='bbox 1298 3823 1343 3878; x_wconf 88' lang='lat' dir='ltr'><strong>si</strong></span> <span class='ocrx_word' id='word_1_543' title='bbox 1364 3823 1504 3879; x_wconf 87' lang='lat' dir='ltr'><strong>forte</strong></span> <span class='ocrx_word' id='word_1_544' title='bbox 1530 3825 1772 3880; x_wconf 91' lang='lat' dir='ltr'><strong>inveniat</strong></span> 
     </span>
    </p>
   </div>
   <div class='ocr_carea' id='block_1_73' title="bbox 163 3914 1768 3989">
    <p class='ocr_par' dir='ltr' id='par_1_73' title="bbox 163 3914 1768 3989">
     <span class='ocr_line' id='line_1_73' title="bbox 163 3914 1768 3989; baseline 0.003 -21"><span class='ocrx_word' id='word_1_545' title='bbox 163 3926 359 3968; x_wconf 85' lang='lat' dir='ltr'><strong>sermo</strong></span> <span class='ocrx_word' id='word_1_546' title='bbox 380 3918 569 3968; x_wconf 88' lang='lat' dir='ltr'><strong>noster</strong></span> <span class='ocrx_word' id='word_1_547' title='bbox 591 3926 754 3983; x_wconf 91' lang='lat' dir='ltr'><strong>quem</strong></span> <span class='ocrx_word' id='word_1_548' title='bbox 775 3921 1023 3970; x_wconf 89' lang='lat' dir='ltr'><strong>nostrum</strong></span> <span class='ocrx_word' id='word_1_549' title='bbox 1052 3914 1283 3971; x_wconf 84' lang='lat' dir='ltr'><strong>delectet</strong></span> <span class='ocrx_word' id='word_1_550' title='bbox 1305 3916 1598 3989; x_wconf 86' lang='lat' dir='ltr'><strong>pulegium,</strong></span> <span class='ocrx_word' id='word_1_551' title='bbox 1625 3918 1768 3988; x_wconf 90' lang='lat' dir='ltr'><strong>quod</strong></span> 
     </span>
    </p>
   </div>
   <div class='ocr_carea' id='block_1_74' title="bbox 165 4003 1772 4078">
    <p class='ocr_par' dir='ltr' id='par_1_74' title="bbox 165 4003 1772 4078">
     <span class='ocr_line' id='line_1_74' title="bbox 165 4003 1772 4078; baseline 0.003 -19"><span class='ocrx_word' id='word_1_552' title='bbox 165 4005 294 4061; x_wconf 83' lang='lat' dir='ltr'><strong>misi</strong></span> <span class='ocrx_word' id='word_1_553' title='bbox 332 4017 435 4074; x_wconf 90' lang='lat' dir='ltr'><strong>pro</strong></span> <span class='ocrx_word' id='word_1_554' title='bbox 471 4018 699 4059; x_wconf 89' lang='lat' dir='ltr'><strong>munere</strong></span> <span class='ocrx_word' id='word_1_555' title='bbox 735 4003 872 4060; x_wconf 86' lang='lat' dir='ltr'><strong>bene</strong></span> <span class='ocrx_word' id='word_1_556' title='bbox 897 4004 1091 4071; x_wconf 87' lang='lat' dir='ltr'><strong>olenti;</strong></span> <span class='ocrx_word' id='word_1_557' title='bbox 1141 4007 1267 4077; x_wconf 90' lang='lat' dir='ltr'><strong>quia</strong></span> <span class='ocrx_word' id='word_1_558' title='bbox 1315 4008 1617 4078; x_wconf 87' lang='lat' dir='ltr'><strong>pretiosora</strong></span> <span class='ocrx_word' id='word_1_559' title='bbox 1664 4023 1772 4064; x_wconf 91' lang='lat' dir='ltr'><strong>non</strong></span> 
     </span>
    </p>
   </div>
   <div class='ocr_carea' id='block_1_75' title="bbox 161 4095 1775 4170">
    <p class='ocr_par' dir='ltr' id='par_1_75' title="bbox 161 4095 1775 4170">
     <span class='ocr_line' id='line_1_75' title="bbox 161 4095 1775 4170; baseline 0.001 -17"><span class='ocrx_word' id='word_1_560' title='bbox 161 4098 356 4162; x_wconf 82' lang='lat' dir='ltr'><strong>valeo,</strong></span> <span class='ocrx_word' id='word_1_561' title='bbox 387 4096 580 4153; x_wconf 85' lang='lat' dir='ltr'><strong>saltem</strong></span> <span class='ocrx_word' id='word_1_562' title='bbox 626 4112 736 4168; x_wconf 88' lang='lat' dir='ltr'><strong>quo</strong></span> <span class='ocrx_word' id='word_1_563' title='bbox 775 4097 922 4153; x_wconf 89' lang='lat' dir='ltr'><strong>intus</strong></span> <span class='ocrx_word' id='word_1_564' title='bbox 960 4095 1152 4170; x_wconf 86' lang='lat' dir='ltr'><strong>ﬂagret</strong></span> <span class='ocrx_word' id='word_1_565' title='bbox 1194 4098 1371 4154; x_wconf 87' lang='lat' dir='ltr'><strong>cubile</strong></span> <span class='ocrx_word' id='word_1_566' title='bbox 1418 4099 1599 4155; x_wconf 88' lang='lat' dir='ltr'><strong>cordis</strong></span> <span class='ocrx_word' id='word_1_567' title='bbox 1648 4107 1775 4155; x_wconf 89' lang='lat' dir='ltr'><strong>ante</strong></span> 
     </span>
    </p>
   </div>
   <div class='ocr_carea' id='block_1_76' title="bbox 164 4190 1777 4263">
    <p class='ocr_par' dir='ltr' id='par_1_76' title="bbox 164 4190 1777 4263">
     <span class='ocr_line' id='line_1_76' title="bbox 164 4190 1777 4263; baseline 0.002 -17"><span class='ocrx_word' id='word_1_568' title='bbox 164 4193 400 4247; x_wconf 86' lang='lat' dir='ltr'><strong>thorum</strong></span> <span class='ocrx_word' id='word_1_569' title='bbox 453 4204 732 4262; x_wconf 84' lang='lat' dir='ltr'><strong>respargo.</strong></span> <span class='ocrx_word' id='word_1_570' title='bbox 780 4190 1045 4258; x_wconf 90' lang='lat' dir='ltr'><strong>Quoniam</strong></span> <span class='ocrx_word' id='word_1_571' title='bbox 1090 4192 1156 4246; x_wconf 85' lang='lat' dir='ltr'><strong>ad</strong></span> <span class='ocrx_word' id='word_1_572' title='bbox 1191 4206 1541 4263; x_wconf 88' lang='lat' dir='ltr'><strong>quascunque</strong></span> <span class='ocrx_word' id='word_1_573' title='bbox 1586 4193 1777 4250; x_wconf 89' lang='lat' dir='ltr'><strong>oculos</strong></span> 
     </span>
    </p>
   </div>
   <div class='ocr_carea' id='block_1_77' title="bbox 166 4280 1773 4354">
    <p class='ocr_par' dir='ltr' id='par_1_77' title="bbox 166 4280 1773 4354">
     <span class='ocr_line' id='line_1_77' title="bbox 166 4280 1773 4354; baseline 0 -15"><span class='ocrx_word' id='word_1_574' title='bbox 166 4282 408 4349; x_wconf 79' lang='lat' dir='ltr'><strong>diverti,</strong></span> <span class='ocrx_word' id='word_1_575' title='bbox 434 4280 612 4338; x_wconf 88' lang='lat' dir='ltr'><strong>nullas</strong></span> <span class='ocrx_word' id='word_1_576' title='bbox 635 4281 817 4338; x_wconf 88' lang='lat' dir='ltr'><strong>inveni</strong></span> <span class='ocrx_word' id='word_1_577' title='bbox 849 4282 1045 4353; x_wconf 90' lang='lat' dir='ltr'><strong>quibus</strong></span> <span class='ocrx_word' id='word_1_578' title='bbox 1066 4282 1240 4353; x_wconf 86' lang='lat' dir='ltr'><strong>magis</strong></span> <span class='ocrx_word' id='word_1_579' title='bbox 1268 4292 1455 4338; x_wconf 89' lang='lat' dir='ltr'><strong>nostra</strong></span> <span class='ocrx_word' id='word_1_580' title='bbox 1476 4283 1773 4354; x_wconf 85' lang='lat' dir='ltr'><strong>placerent,</strong></span> 
     </span>
    </p>
   </div>
   <div class='ocr_carea' id='block_1_78' title="bbox 160 4373 1773 4448">
    <p class='ocr_par' dir='ltr' id='par_1_78' title="bbox 160 4373 1773 4448">
     <span class='ocr_line' id='line_1_78' title="bbox 160 4373 1773 4448; baseline 0.002 -19"><span class='ocrx_word' id='word_1_581' title='bbox 160 4375 360 4431; x_wconf 85' lang='lat' dir='ltr'><strong>nullas</strong></span> <span class='ocrx_word' id='word_1_582' title='bbox 374 4374 574 4446; x_wconf 86' lang='lat' dir='ltr'><strong>quibus</strong></span> <span class='ocrx_word' id='word_1_583' title='bbox 594 4373 934 4445; x_wconf 88' lang='lat' dir='ltr'><strong>potissimum</strong></span> <span class='ocrx_word' id='word_1_584' title='bbox 958 4382 1203 4430; x_wconf 89' lang='lat' dir='ltr'><strong>nostrum</strong></span> <span class='ocrx_word' id='word_1_585' title='bbox 1229 4375 1452 4430; x_wconf 90' lang='lat' dir='ltr'><strong>sudaret</strong></span> <span class='ocrx_word' id='word_1_586' title='bbox 1474 4375 1773 4448; x_wconf 87' lang='lat' dir='ltr'><strong>ingenium,</strong></span> 
     </span>
    </p>
   </div>
   <div class='ocr_carea' id='block_1_79' title="bbox 160 4467 1778 4540">
    <p class='ocr_par' dir='ltr' id='par_1_79' title="bbox 160 4467 1778 4540">
     <span class='ocr_line' id='line_1_79' title="bbox 160 4467 1778 4540; baseline 0.001 -16"><span class='ocrx_word' id='word_1_587' title='bbox 160 4469 358 4524; x_wconf 76' lang='lat' dir='ltr'><strong>nullas</strong></span> <span class='ocrx_word' id='word_1_588' title='bbox 382 4467 583 4539; x_wconf 87' lang='lat' dir='ltr'><strong>quibus</strong></span> <span class='ocrx_word' id='word_1_589' title='bbox 603 4467 777 4540; x_wconf 88' lang='lat' dir='ltr'><strong>magis</strong></span> <span class='ocrx_word' id='word_1_590' title='bbox 796 4468 1048 4523; x_wconf 88' lang='lat' dir='ltr'><strong>deberem</strong></span> <span class='ocrx_word' id='word_1_591' title='bbox 1069 4509 1084 4534; x_wconf 91' lang='lat'><strong>,</strong></span> <span class='ocrx_word' id='word_1_592' title='bbox 1108 4468 1283 4524; x_wconf 90' lang='lat' dir='ltr'><strong>nullas</strong></span> <span class='ocrx_word' id='word_1_593' title='bbox 1318 4469 1513 4539; x_wconf 86' lang='lat' dir='ltr'><strong>quibus</strong></span> <span class='ocrx_word' id='word_1_594' title='bbox 1537 4470 1640 4525; x_wconf 92' lang='lat' dir='ltr'><strong>hoc</strong></span> <span class='ocrx_word' id='word_1_595' title='bbox 1663 4486 1778 4525; x_wconf 90' lang='lat' dir='ltr'><strong>am-</strong></span> 
     </span>
    </p>
   </div>
   <div class='ocr_carea' id='block_1_80' title="bbox 1871 3274 3466 3349">
    <p class='ocr_par' dir='ltr' id='par_1_80' title="bbox 1871 3274 3466 3349">
     <span class='ocr_line' id='line_1_80' title="bbox 1871 3274 3466 3349; baseline -0.001 -16"><span class='ocrx_word' id='word_1_596' title='bbox 1871 3279 2118 3349; x_wconf 86' lang='lat' dir='ltr'><strong>quamvis</strong></span> <span class='ocrx_word' id='word_1_597' title='bbox 2140 3278 2333 3333; x_wconf 90' lang='lat' dir='ltr'><strong>hortus</strong></span> <span class='ocrx_word' id='word_1_598' title='bbox 2353 3278 2406 3331; x_wconf 90' lang='lat' dir='ltr'><strong>in</strong></span> <span class='ocrx_word' id='word_1_599' title='bbox 2429 3291 2630 3349; x_wconf 86' lang='lat' dir='ltr'><strong>genere</strong></span> <span class='ocrx_word' id='word_1_600' title='bbox 2655 3274 3042 3348; x_wconf 75' lang='lat' dir='ltr'><strong>praetendatur,</strong></span> <span class='ocrx_word' id='word_1_601' title='bbox 3070 3283 3254 3332; x_wconf 89' lang='lat' dir='ltr'><strong>tamen</strong></span> <span class='ocrx_word' id='word_1_602' title='bbox 3286 3276 3340 3331; x_wconf 93' lang='lat' dir='ltr'><strong>in</strong></span> <span class='ocrx_word' id='word_1_603' title='bbox 3367 3291 3466 3332; x_wconf 87' lang='lat' dir='ltr'><strong>vo-</strong></span> 
     </span>
    </p>
   </div>
   <div class='ocr_carea' id='block_1_81' title="bbox 1868 3366 3468 3438">
    <p class='ocr_par' dir='ltr' id='par_1_81' title="bbox 1868 3366 3468 3438">
     <span class='ocr_line' id='line_1_81' title="bbox 1868 3366 3468 3438; baseline -0.001 -14"><span class='ocrx_word' id='word_1_604' title='bbox 1868 3368 1975 3434; x_wconf 89' lang='lat' dir='ltr'><strong>bis,</strong></span> <span class='ocrx_word' id='word_1_605' title='bbox 2000 3368 2125 3438; x_wconf 88' lang='lat' dir='ltr'><strong>quia</strong></span> <span class='ocrx_word' id='word_1_606' title='bbox 2148 3367 2358 3437; x_wconf 89' lang='lat' dir='ltr'><strong>species</strong></span> <span class='ocrx_word' id='word_1_607' title='bbox 2376 3367 2509 3422; x_wconf 91' lang='lat' dir='ltr'><strong>estis</strong></span> <span class='ocrx_word' id='word_1_608' title='bbox 2530 3375 2586 3422; x_wconf 90' lang='lat' dir='ltr'><strong>et</strong></span> <span class='ocrx_word' id='word_1_609' title='bbox 2616 3367 2803 3433; x_wconf 88' lang='lat' dir='ltr'><strong>decus,</strong></span> <span class='ocrx_word' id='word_1_610' title='bbox 2828 3366 3115 3422; x_wconf 90' lang='lat' dir='ltr'><strong>conclusus</strong></span> <span class='ocrx_word' id='word_1_611' title='bbox 3140 3375 3196 3421; x_wconf 91' lang='lat' dir='ltr'><strong>et</strong></span> <span class='ocrx_word' id='word_1_612' title='bbox 3222 3367 3468 3436; x_wconf 87' lang='lat' dir='ltr'><strong>signatus</strong></span> 
     </span>
    </p>
   </div>
   <div class='ocr_carea' id='block_1_82' title="bbox 1871 3458 3469 3530">
    <p class='ocr_par' dir='ltr' id='par_1_82' title="bbox 1871 3458 3469 3530">
     <span class='ocr_line' id='line_1_82' title="bbox 1871 3458 3469 3530; baseline -0.001 -14"><span class='ocrx_word' id='word_1_613' title='bbox 1871 3461 1926 3516; x_wconf 92' lang='lat' dir='ltr'><strong>in</strong></span> <span class='ocrx_word' id='word_1_614' title='bbox 1950 3460 2180 3516; x_wconf 89' lang='lat' dir='ltr'><strong>canticis</strong></span> <span class='ocrx_word' id='word_1_615' title='bbox 2201 3459 2545 3525; x_wconf 86' lang='lat' dir='ltr'><strong>decantatur,</strong></span> <span class='ocrx_word' id='word_1_616' title='bbox 2571 3458 2640 3513; x_wconf 90' lang='lat' dir='ltr'><strong>ab</strong></span> <span class='ocrx_word' id='word_1_617' title='bbox 2664 3459 2810 3513; x_wconf 89' lang='lat' dir='ltr'><strong>omni</strong></span> <span class='ocrx_word' id='word_1_618' title='bbox 2832 3458 3077 3530; x_wconf 88' lang='lat' dir='ltr'><strong>gramine</strong></span> <span class='ocrx_word' id='word_1_619' title='bbox 3104 3458 3339 3529; x_wconf 86' lang='lat' dir='ltr'><strong>pessimo</strong></span> <span class='ocrx_word' id='word_1_620' title='bbox 3360 3458 3469 3514; x_wconf 86' lang='lat' dir='ltr'><strong>fide</strong></span> 
     </span>
    </p>
   </div>
   <div class='ocr_carea' id='block_1_83' title="bbox 1870 3551 3469 3626">
    <p class='ocr_par' dir='ltr' id='par_1_83' title="bbox 1870 3551 3469 3626">
     <span class='ocr_line' id='line_1_83' title="bbox 1870 3551 3469 3626; baseline -0.002 -16"><span class='ocrx_word' id='word_1_621' title='bbox 1870 3554 2072 3610; x_wconf 89' lang='lat' dir='ltr'><strong>Christi</strong></span> <span class='ocrx_word' id='word_1_622' title='bbox 2098 3562 2384 3626; x_wconf 88' lang='lat' dir='ltr'><strong>purgatus,</strong></span> <span class='ocrx_word' id='word_1_623' title='bbox 2407 3552 2560 3607; x_wconf 89' lang='lat' dir='ltr'><strong>verbi</strong></span> <span class='ocrx_word' id='word_1_624' title='bbox 2589 3552 2797 3607; x_wconf 90' lang='lat' dir='ltr'><strong>semine</strong></span> <span class='ocrx_word' id='word_1_625' title='bbox 2836 3561 3006 3617; x_wconf 89' lang='lat' dir='ltr'><strong>satus,</strong></span> <span class='ocrx_word' id='word_1_626' title='bbox 3042 3551 3308 3607; x_wconf 89' lang='lat' dir='ltr'><strong>castitatis</strong></span> <span class='ocrx_word' id='word_1_627' title='bbox 3352 3551 3469 3607; x_wconf 92' lang='lat' dir='ltr'><strong>lilio</strong></span> 
     </span>
    </p>
   </div>
   <div class='ocr_carea' id='block_1_84' title="bbox 1871 3640 3467 3713">
    <p class='ocr_par' dir='ltr' id='par_1_84' title="bbox 1871 3640 3467 3713">
     <span class='ocr_line' id='line_1_84' title="bbox 1871 3640 3467 3713; baseline -0.004 -9"><span class='ocrx_word' id='word_1_628' title='bbox 1871 3647 2195 3713; x_wconf 87' lang='lat' dir='ltr'><strong>decoratus,</strong></span> <span class='ocrx_word' id='word_1_629' title='bbox 2248 3644 2525 3699; x_wconf 83' lang='lat' dir='ltr'><strong>viriditate</strong></span> <span class='ocrx_word' id='word_1_630' title='bbox 2576 3644 2839 3698; x_wconf 88' lang='lat' dir='ltr'><strong>virtutum</strong></span> <span class='ocrx_word' id='word_1_631' title='bbox 2891 3654 3167 3709; x_wconf 69' lang='lat' dir='ltr'><strong>ammnus,</strong></span> <span class='ocrx_word' id='word_1_632' title='bbox 3218 3640 3467 3713; x_wconf 84' lang='lat' dir='ltr'><strong>fragrans</strong></span> 
     </span>
    </p>
   </div>
   <div class='ocr_carea' id='block_1_85' title="bbox 1871 3734 3465 3809">
    <p class='ocr_par' dir='ltr' id='par_1_85' title="bbox 1871 3734 3465 3809">
     <span class='ocr_line' id='line_1_85' title="bbox 1871 3734 3465 3809; baseline -0.005 -13"><span class='ocrx_word' id='word_1_633' title='bbox 1871 3741 2095 3797; x_wconf 89' lang='lat' dir='ltr'><strong>ﬂoribus</strong></span> <span class='ocrx_word' id='word_1_634' title='bbox 2120 3738 2485 3809; x_wconf 87' lang='lat' dir='ltr'><strong>sempiternis.</strong></span> <span class='ocrx_word' id='word_1_635' title='bbox 2520 3734 2626 3792; x_wconf 88' lang='lat' dir='ltr'><strong>Sed</strong></span> <span class='ocrx_word' id='word_1_636' title='bbox 2655 3735 2781 3806; x_wconf 88' lang='lat' dir='ltr'><strong>quia</strong></span> <span class='ocrx_word' id='word_1_637' title='bbox 2804 3736 2858 3790; x_wconf 93' lang='lat' dir='ltr'><strong>in</strong></span> <span class='ocrx_word' id='word_1_638' title='bbox 2893 3750 3001 3789; x_wconf 90' lang='lat' dir='ltr'><strong>una</strong></span> <span class='ocrx_word' id='word_1_639' title='bbox 3029 3734 3330 3805; x_wconf 87' lang='lat' dir='ltr'><strong>eademque</strong></span> <span class='ocrx_word' id='word_1_640' title='bbox 3352 3742 3465 3789; x_wconf 89' lang='lat' dir='ltr'><strong>ter-</strong></span> 
     </span>
    </p>
   </div>
   <div class='ocr_carea' id='block_1_86' title="bbox 1871 3826 3570 3902">
    <p class='ocr_par' dir='ltr' id='par_1_86' title="bbox 1871 3826 3570 3902">
     <span class='ocr_line' id='line_1_86' title="bbox 1871 3826 3570 3902; baseline -0.004 -13"><span class='ocrx_word' id='word_1_641' title='bbox 1871 3849 1934 3889; x_wconf 87' lang='lat' dir='ltr'><strong>ra</strong></span> <span class='ocrx_word' id='word_1_642' title='bbox 1972 3830 2135 3888; x_wconf 91' lang='lat' dir='ltr'><strong>simul</strong></span> <span class='ocrx_word' id='word_1_643' title='bbox 2173 3831 2343 3902; x_wconf 71' lang='lat' dir='ltr'><strong>spina:</strong></span> <span class='ocrx_word' id='word_1_644' title='bbox 2384 3838 2439 3885; x_wconf 90' lang='lat' dir='ltr'><strong>et</strong></span> <span class='ocrx_word' id='word_1_645' title='bbox 2478 3828 2590 3884; x_wconf 86' lang='lat' dir='ltr'><strong>lilia</strong></span> <span class='ocrx_word' id='word_1_646' title='bbox 2627 3828 2899 3892; x_wconf 89' lang='lat' dir='ltr'><strong>oriuntur,</strong></span> <span class='ocrx_word' id='word_1_647' title='bbox 2938 3826 3154 3883; x_wconf 88' lang='lat' dir='ltr'><strong>assidue</strong></span> <span class='ocrx_word' id='word_1_648' title='bbox 3209 3826 3468 3883; x_wconf 80' lang='lat' dir='ltr'><strong>colendus</strong></span> <span class='ocrx_word' id='word_1_649' title='bbox 3564 3849 3570 3855; x_wconf 53' lang='grc' dir='ltr'><em>π</em></span> 
     </span>
    </p>
   </div>
   <div class='ocr_carea' id='block_1_87' title="bbox 1816 3918 3462 3997">
    <p class='ocr_par' dir='ltr' id='par_1_87' title="bbox 1816 3918 3462 3997">
     <span class='ocr_line' id='line_1_87' title="bbox 1816 3918 3462 3997; baseline -0.006 -15"><span class='ocrx_word' id='word_1_650' title='bbox 1816 3976 1826 3988; x_wconf 90' lang='grc'><strong>,</strong></span> <span class='ocrx_word' id='word_1_651' title='bbox 1874 3935 1958 3982; x_wconf 89' lang='lat' dir='ltr'><strong>est</strong></span> <span class='ocrx_word' id='word_1_652' title='bbox 1985 3940 2116 3997; x_wconf 87' lang='lat' dir='ltr'><strong>ager</strong></span> <span class='ocrx_word' id='word_1_653' title='bbox 2146 3922 2346 3991; x_wconf 92' lang='lat' dir='ltr'><strong>cordis,</strong></span> <span class='ocrx_word' id='word_1_654' title='bbox 2401 3937 2471 3977; x_wconf 87' lang='lat' dir='ltr'><strong>ne</strong></span> <span class='ocrx_word' id='word_1_655' title='bbox 2495 3921 2606 3981; x_wconf 87' lang='lat' dir='ltr'><strong>lilia</strong></span> <span class='ocrx_word' id='word_1_656' title='bbox 2658 3919 2927 3976; x_wconf 88' lang='lat' dir='ltr'><strong>castitatis</strong></span> <span class='ocrx_word' id='word_1_657' title='bbox 2972 3919 3243 3975; x_wconf 66' lang='lat' dir='ltr'><strong>laedantur</strong></span> <span class='ocrx_word' id='word_1_658' title='bbox 3272 3918 3462 3988; x_wconf 86' lang='lat' dir='ltr'><strong>spinis.</strong></span> 
     </span>
    </p>
   </div>
   <div class='ocr_carea' id='block_1_88' title="bbox 1872 4010 3471 4088">
    <p class='ocr_par' dir='ltr' id='par_1_88' title="bbox 1872 4010 3471 4088">
     <span class='ocr_line' id='line_1_88' title="bbox 1872 4010 3471 4088; baseline -0.005 -15"><span class='ocrx_word' id='word_1_659' title='bbox 1872 4018 2079 4074; x_wconf 87' lang='lat' dir='ltr'><strong>Idcirco</strong></span> <span class='ocrx_word' id='word_1_660' title='bbox 2105 4017 2307 4088; x_wconf 86' lang='lat' dir='ltr'><strong>jugiter</strong></span> <span class='ocrx_word' id='word_1_661' title='bbox 2360 4029 2485 4070; x_wconf 89' lang='lat' dir='ltr'><strong>rore</strong></span> <span class='ocrx_word' id='word_1_662' title='bbox 2531 4013 2938 4084; x_wconf 79' lang='lat' dir='ltr'><strong>Scripturarum</strong></span> <span class='ocrx_word' id='word_1_663' title='bbox 2989 4010 3344 4082; x_wconf 86' lang='lat' dir='ltr'><strong>eompluenda</strong></span> <span class='ocrx_word' id='word_1_664' title='bbox 3384 4018 3471 4067; x_wconf 89' lang='lat' dir='ltr'><strong>est</strong></span> 
     </span>
    </p>
   </div>
   <div class='ocr_carea' id='block_1_89' title="bbox 1876 4103 3466 4181">
    <p class='ocr_par' dir='ltr' id='par_1_89' title="bbox 1876 4103 3466 4181">
     <span class='ocr_line' id='line_1_89' title="bbox 1876 4103 3466 4181; baseline -0.003 -19"><span class='ocrx_word' id='word_1_665' title='bbox 1876 4108 2028 4181; x_wconf 87' lang='lat' dir='ltr'><strong>gleba</strong></span> <span class='ocrx_word' id='word_1_666' title='bbox 2067 4109 2289 4164; x_wconf 84' lang='lat' dir='ltr'><strong>mentis.</strong></span> <span class='ocrx_word' id='word_1_667' title='bbox 2319 4105 2455 4161; x_wconf 85' lang='lat' dir='ltr'><strong>Nam</strong></span> <span class='ocrx_word' id='word_1_668' title='bbox 2486 4121 2578 4161; x_wconf 93' lang='lat' dir='ltr'><strong>ros</strong></span> <span class='ocrx_word' id='word_1_669' title='bbox 2614 4105 2893 4176; x_wconf 85' lang='lat' dir='ltr'><strong>virgineus</strong></span> <span class='ocrx_word' id='word_1_670' title='bbox 2915 4119 3095 4160; x_wconf 88' lang='lat' dir='ltr'><strong>sermo</strong></span> <span class='ocrx_word' id='word_1_671' title='bbox 3122 4103 3335 4159; x_wconf 90' lang='lat' dir='ltr'><strong>divinus</strong></span> <span class='ocrx_word' id='word_1_672' title='bbox 3362 4110 3466 4159; x_wconf 89' lang='lat' dir='ltr'><strong>est.</strong></span> 
     </span>
    </p>
   </div>
   <div class='ocr_carea' id='block_1_90' title="bbox 1877 4194 3473 4270">
    <p class='ocr_par' dir='ltr' id='par_1_90' title="bbox 1877 4194 3473 4270">
     <span class='ocr_line' id='line_1_90' title="bbox 1877 4194 3473 4270; baseline -0.004 -15"><span class='ocrx_word' id='word_1_673' title='bbox 1877 4202 2013 4270; x_wconf 85' lang='lat' dir='ltr'><strong>Quia</strong></span> <span class='ocrx_word' id='word_1_674' title='bbox 2048 4200 2193 4257; x_wconf 90' lang='lat' dir='ltr'><strong>sicut</strong></span> <span class='ocrx_word' id='word_1_675' title='bbox 2228 4214 2319 4255; x_wconf 91' lang='lat' dir='ltr'><strong>ros</strong></span> <span class='ocrx_word' id='word_1_676' title='bbox 2367 4198 2462 4254; x_wconf 89' lang='lat' dir='ltr'><strong>Dei</strong></span> <span class='ocrx_word' id='word_1_677' title='bbox 2490 4197 2657 4254; x_wconf 82' lang='lat' dir='ltr'><strong>verba</strong></span> <span class='ocrx_word' id='word_1_678' title='bbox 2680 4196 3034 4264; x_wconf 83' lang='lat' dir='ltr'><strong>descendunt,</strong></span> <span class='ocrx_word' id='word_1_679' title='bbox 3067 4203 3122 4251; x_wconf 90' lang='lat' dir='ltr'><strong>et</strong></span> <span class='ocrx_word' id='word_1_680' title='bbox 3146 4194 3473 4267; x_wconf 80' lang='lat' dir='ltr'><strong>refrigerant</strong></span> 
     </span>
    </p>
   </div>
   <div class='ocr_carea' id='block_1_91' title="bbox 1877 4285 3467 4363">
    <p class='ocr_par' dir='ltr' id='par_1_91' title="bbox 1877 4285 3467 4363">
     <span class='ocr_line' id='line_1_91' title="bbox 1877 4285 3467 4363; baseline -0.005 -16"><span class='ocrx_word' id='word_1_681' title='bbox 1877 4291 2039 4348; x_wconf 87' lang='lat' dir='ltr'><strong>corda</strong></span> <span class='ocrx_word' id='word_1_682' title='bbox 2066 4289 2336 4363; x_wconf 88' lang='lat' dir='ltr'><strong>virginum</strong></span> <span class='ocrx_word' id='word_1_683' title='bbox 2364 4304 2394 4343; x_wconf 90' lang='lat' dir='ltr'><strong>a</strong></span> <span class='ocrx_word' id='word_1_684' title='bbox 2424 4287 2638 4343; x_wconf 86' lang='lat' dir='ltr'><strong>fervore</strong></span> <span class='ocrx_word' id='word_1_685' title='bbox 2666 4287 2816 4342; x_wconf 82' lang='lat' dir='ltr'><strong>noxii</strong></span> <span class='ocrx_word' id='word_1_686' title='bbox 2849 4286 3066 4342; x_wconf 88' lang='lat' dir='ltr'><strong>caloris.</strong></span> <span class='ocrx_word' id='word_1_687' title='bbox 3096 4285 3349 4356; x_wconf 85' lang='lat' dir='ltr'><strong>Alioquin</strong></span> <span class='ocrx_word' id='word_1_688' title='bbox 3367 4286 3467 4340; x_wconf 53' lang='lat' dir='ltr'><strong>hac</strong></span> 
     </span>
    </p>
   </div>
   <div class='ocr_carea' id='block_1_92' title="bbox 1879 4376 3477 4454">
    <p class='ocr_par' dir='ltr' id='par_1_92' title="bbox 1879 4376 3477 4454">
     <span class='ocr_line' id='line_1_92' title="bbox 1879 4376 3477 4454; baseline -0.004 -16"><span class='ocrx_word' id='word_1_689' title='bbox 1879 4384 1972 4440; x_wconf 90' lang='lat' dir='ltr'><strong>bet</strong></span> <span class='ocrx_word' id='word_1_690' title='bbox 2000 4383 2251 4454; x_wconf 85' lang='lat' dir='ltr'><strong>voluptas</strong></span> <span class='ocrx_word' id='word_1_691' title='bbox 2274 4381 2457 4437; x_wconf 89' lang='lat' dir='ltr'><strong>carnis</strong></span> <span class='ocrx_word' id='word_1_692' title='bbox 2483 4395 2613 4436; x_wconf 89' lang='lat' dir='ltr'><strong>suos</strong></span> <span class='ocrx_word' id='word_1_693' title='bbox 2641 4378 2824 4443; x_wconf 90' lang='lat' dir='ltr'><strong>ﬂores,</strong></span> <span class='ocrx_word' id='word_1_694' title='bbox 2848 4377 3046 4448; x_wconf 89' lang='lat' dir='ltr'><strong>quibus</strong></span> <span class='ocrx_word' id='word_1_695' title='bbox 3074 4376 3215 4433; x_wconf 89' lang='lat' dir='ltr'><strong>male</strong></span> <span class='ocrx_word' id='word_1_696' title='bbox 3234 4377 3477 4433; x_wconf 88' lang='lat' dir='ltr'><strong>oblecta-</strong></span> 
     </span>
    </p>
   </div>
   <div class='ocr_carea' id='block_1_93' title="bbox 1884 4467 3477 4540">
    <p class='ocr_par' dir='ltr' id='par_1_93' title="bbox 1884 4467 3477 4540">
     <span class='ocr_line' id='line_1_93' title="bbox 1884 4467 3477 4540; baseline -0.006 -9"><span class='ocrx_word' id='word_1_697' title='bbox 1884 4485 1971 4531; x_wconf 90' lang='lat' dir='ltr'><strong>tur</strong></span> <span class='ocrx_word' id='word_1_698' title='bbox 1997 4476 2231 4529; x_wconf 89' lang='lat' dir='ltr'><strong>animus.</strong></span> <span class='ocrx_word' id='word_1_699' title='bbox 2266 4472 2420 4529; x_wconf 87' lang='lat' dir='ltr'><strong>Unde</strong></span> <span class='ocrx_word' id='word_1_700' title='bbox 2460 4471 2731 4540; x_wconf 87' lang='lat' dir='ltr'><strong>Propheta</strong></span> <span class='ocrx_word' id='word_1_701' title='bbox 2759 4468 2775 4522; x_wconf 48' lang='lat'><strong>:&#39;</strong></span> <span class='ocrx_word' id='word_1_702' title='bbox 2802 4468 2986 4523; x_wconf 80' lang='lat' dir='ltr'><strong>Omnis</strong></span> <span class='ocrx_word' id='word_1_703' title='bbox 3018 4483 3143 4522; x_wconf 87' lang='lat' dir='ltr'><strong>caro</strong></span> <span class='ocrx_word' id='word_1_704' title='bbox 3181 4467 3380 4537; x_wconf 78' lang='lat' dir='ltr'><strong>fenum,</strong></span> <span class='ocrx_word' id='word_1_705' title='bbox 3425 4476 3477 4523; x_wconf 86' lang='lat' dir='ltr'><strong>et</strong></span> 
     </span>
    </p>
   </div>
   <div class='ocr_carea' id='block_1_94' title="bbox 160 4538 3477 4636">
    <p class='ocr_par' dir='ltr' id='par_1_94' title="bbox 160 4538 3477 4636">
     <span class='ocr_line' id='line_1_94' title="bbox 160 4538 3477 4636; baseline -0.002 -17"><span class='ocrx_word' id='word_1_706' title='bbox 160 4562 316 4634; x_wconf 74' lang='lat' dir='ltr'><strong>piius</strong></span> <span class='ocrx_word' id='word_1_707' title='bbox 392 4538 721 4631; x_wconf 76' lang='lat' dir='ltr'><strong>congrueret</strong></span> <span class='ocrx_word' id='word_1_708' title='bbox 775 4576 939 4633; x_wconf 84' lang='lat' dir='ltr'><strong>quam</strong></span> <span class='ocrx_word' id='word_1_709' title='bbox 973 4561 1159 4627; x_wconf 83' lang='lat' dir='ltr'><strong>vobis,</strong></span> <span class='ocrx_word' id='word_1_710' title='bbox 1204 4538 1351 4631; x_wconf 64' lang='lat' dir='ltr'><strong>quae</strong></span> <span class='ocrx_word' id='word_1_711' title='bbox 1373 4569 1429 4617; x_wconf 86' lang='lat' dir='ltr'><strong>et</strong></span> <span class='ocrx_word' id='word_1_712' title='bbox 1482 4564 1778 4619; x_wconf 88' lang='lat' dir='ltr'><strong>secundum</strong></span> <span class='ocrx_word' id='word_1_713' title='bbox 1804 4538 1857 4600; x_wconf 80' lang='lat' dir='ltr'><strong>D</strong></span> <span class='ocrx_word' id='word_1_714' title='bbox 1884 4566 2054 4620; x_wconf 86' lang='lat' dir='ltr'><strong>omnis</strong></span> <span class='ocrx_word' id='word_1_715' title='bbox 2081 4564 2252 4636; x_wconf 82' lang='lat' dir='ltr'><strong>gloria</strong></span> <span class='ocrx_word' id='word_1_716' title='bbox 2290 4562 2404 4632; x_wconf 85' lang='lat' dir='ltr'><strong>ejus</strong></span> <span class='ocrx_word' id='word_1_717' title='bbox 2431 4538 2683 4630; x_wconf 75' lang='lat' dir='ltr'><strong>tanquam</strong></span> <span class='ocrx_word' id='word_1_718' title='bbox 2711 4560 2809 4629; x_wconf 86' lang='lat' dir='ltr'><strong>ﬂos</strong></span> <span class='ocrx_word' id='word_1_719' title='bbox 2853 4559 3004 4629; x_wconf 83' lang='lat' dir='ltr'><strong>feni;</strong></span> <span class='ocrx_word' id='word_1_720' title='bbox 3052 4559 3369 4613; x_wconf 73' lang='lat' dir='ltr'><strong>exsiccatum</strong></span> <span class='ocrx_word' id='word_1_721' title='bbox 3398 4566 3477 4612; x_wconf 87' lang='lat' dir='ltr'><strong>est</strong></span> 
     </span>
    </p>
   </div>
   <div class='ocr_carea' id='block_1_95' title="bbox 160 4650 1778 4724">
    <p class='ocr_par' dir='ltr' id='par_1_95' title="bbox 160 4650 1778 4724">
     <span class='ocr_line' id='line_1_95' title="bbox 160 4650 1778 4724; baseline -0.001 -14"><span class='ocrx_word' id='word_1_722' title='bbox 160 4650 521 4710; x_wconf 84' lang='lat' dir='ltr'><strong>nobilitatem</strong></span> <span class='ocrx_word' id='word_1_723' title='bbox 542 4652 759 4724; x_wconf 84' lang='lat' dir='ltr'><strong>generis</strong></span> <span class='ocrx_word' id='word_1_724' title='bbox 770 4650 930 4707; x_wconf 88' lang='lat' dir='ltr'><strong>ﬂores</strong></span> <span class='ocrx_word' id='word_1_725' title='bbox 946 4651 1081 4707; x_wconf 88' lang='lat' dir='ltr'><strong>estis</strong></span> <span class='ocrx_word' id='word_1_726' title='bbox 1100 4651 1376 4716; x_wconf 68' lang='lat' dir='ltr'><strong>Ecclesiae,</strong></span> <span class='ocrx_word' id='word_1_727' title='bbox 1401 4660 1456 4708; x_wconf 88' lang='lat' dir='ltr'><strong>et</strong></span> <span class='ocrx_word' id='word_1_728' title='bbox 1480 4654 1778 4709; x_wconf 87' lang='lat' dir='ltr'><strong>secundum</strong></span> 
     </span>
    </p>
   </div>
   <div class='ocr_carea' id='block_1_96' title="bbox 159 4726 1775 4815">
    <p class='ocr_par' dir='ltr' id='par_1_96' title="bbox 159 4726 1775 4815">
     <span class='ocr_line' id='line_1_96' title="bbox 159 4726 1775 4815; baseline -0.001 -13"><span class='ocrx_word' id='word_1_729' title='bbox 159 4747 475 4805; x_wconf 82' lang='lat' dir='ltr'><strong>candorem</strong></span> <span class='ocrx_word' id='word_1_730' title='bbox 500 4743 766 4800; x_wconf 87' lang='lat' dir='ltr'><strong>virtutum</strong></span> <span class='ocrx_word' id='word_1_731' title='bbox 790 4743 900 4800; x_wconf 87' lang='lat' dir='ltr'><strong>lilia</strong></span> <span class='ocrx_word' id='word_1_732' title='bbox 925 4726 1201 4815; x_wconf 54' lang='lat' dir='ltr'><strong>paradisi:</strong></span> <span class='ocrx_word' id='word_1_733' title='bbox 1212 4744 1477 4812; x_wconf 88' lang='lat' dir='ltr'><strong>Quoniam</strong></span> <span class='ocrx_word' id='word_1_734' title='bbox 1498 4760 1596 4802; x_wconf 89' lang='lat' dir='ltr'><strong>vos</strong></span> <span class='ocrx_word' id='word_1_735' title='bbox 1620 4746 1775 4813; x_wconf 91' lang='lat' dir='ltr'><strong>estis,</strong></span> 
     </span>
    </p>
   </div>
   <div class='ocr_carea' id='block_1_97' title="bbox 156 4836 1775 4911">
    <p class='ocr_par' dir='ltr' id='par_1_97' title="bbox 156 4836 1775 4911">
     <span class='ocr_line' id='line_1_97' title="bbox 156 4836 1775 4911; baseline 0.001 -18"><span class='ocrx_word' id='word_1_736' title='bbox 156 4855 292 4911; x_wconf 64' lang='lat' dir='ltr'><strong>qua</strong></span> <span class='ocrx_word' id='word_1_737' title='bbox 311 4838 503 4892; x_wconf 86' lang='lat' dir='ltr'><strong>virore</strong></span> <span class='ocrx_word' id='word_1_738' title='bbox 538 4836 828 4906; x_wconf 58' lang='lat' dir='ltr'><strong>pudicitiae,</strong></span> <span class='ocrx_word' id='word_1_739' title='bbox 854 4845 914 4892; x_wconf 83' lang='lat' dir='ltr'><strong>.et</strong></span> <span class='ocrx_word' id='word_1_740' title='bbox 948 4836 1236 4908; x_wconf 87' lang='lat' dir='ltr'><strong>splendore</strong></span> <span class='ocrx_word' id='word_1_741' title='bbox 1257 4845 1421 4893; x_wconf 60' lang='lat' dir='ltr'><strong>castae</strong></span> <span class='ocrx_word' id='word_1_742' title='bbox 1444 4838 1775 4906; x_wconf 89' lang='lat' dir='ltr'><strong>dilectionis,</strong></span> 
     </span>
    </p>
   </div>
   <div class='ocr_carea' id='block_1_98' title="bbox 156 4929 1774 5003">
    <p class='ocr_par' dir='ltr' id='par_1_98' title="bbox 156 4929 1774 5003">
     <span class='ocr_line' id='line_1_98' title="bbox 156 4929 1774 5003; baseline -0.002 -16"><span class='ocrx_word' id='word_1_743' title='bbox 156 4944 385 5003; x_wconf 83' lang='lat' dir='ltr'><strong>sponso</strong></span> <span class='ocrx_word' id='word_1_744' title='bbox 412 4938 560 4986; x_wconf 88' lang='lat' dir='ltr'><strong>serta</strong></span> <span class='ocrx_word' id='word_1_745' title='bbox 579 4929 927 5001; x_wconf 89' lang='lat' dir='ltr'><strong>componitis,</strong></span> <span class='ocrx_word' id='word_1_746' title='bbox 952 4938 1009 4985; x_wconf 92' lang='lat' dir='ltr'><strong>et</strong></span> <span class='ocrx_word' id='word_1_747' title='bbox 1036 4945 1295 4997; x_wconf 85' lang='lat' dir='ltr'><strong>coronam</strong></span> <span class='ocrx_word' id='word_1_748' title='bbox 1322 4930 1566 5001; x_wconf 89' lang='lat' dir='ltr'><strong>spineam</strong></span> <span class='ocrx_word' id='word_1_749' title='bbox 1595 4938 1774 4985; x_wconf 80' lang='lat' dir='ltr'><strong>muta-</strong></span> 
     </span>
    </p>
   </div>
   <div class='ocr_carea' id='block_1_99' title="bbox 156 5022 1782 5096">
    <p class='ocr_par' dir='ltr' id='par_1_99' title="bbox 156 5022 1782 5096">
     <span class='ocr_line' id='line_1_99' title="bbox 156 5022 1782 5096; baseline -0.001 -14"><span class='ocrx_word' id='word_1_750' title='bbox 156 5025 236 5082; x_wconf 79' lang='lat' dir='ltr'><strong>tis</strong></span> <span class='ocrx_word' id='word_1_751' title='bbox 262 5022 529 5095; x_wconf 84' lang='lat' dir='ltr'><strong>quotidie</strong></span> <span class='ocrx_word' id='word_1_752' title='bbox 563 5022 620 5078; x_wconf 90' lang='lat' dir='ltr'><strong>in</strong></span> <span class='ocrx_word' id='word_1_753' title='bbox 643 5022 872 5096; x_wconf 88' lang='lat' dir='ltr'><strong>gloriam</strong></span> <span class='ocrx_word' id='word_1_754' title='bbox 900 5023 1305 5096; x_wconf 88' lang='lat' dir='ltr'><strong>triumphantis,</strong></span> <span class='ocrx_word' id='word_1_755' title='bbox 1333 5039 1456 5096; x_wconf 64' lang='lat' dir='ltr'><strong>quae</strong></span> <span class='ocrx_word' id='word_1_756' title='bbox 1498 5039 1597 5096; x_wconf 89' lang='lat' dir='ltr'><strong>per</strong></span> <span class='ocrx_word' id='word_1_757' title='bbox 1632 5040 1782 5081; x_wconf 85' lang='lat' dir='ltr'><strong>cam-</strong></span> 
     </span>
    </p>
   </div>
   <div class='ocr_carea' id='block_1_100' title="bbox 152 5114 1784 5192">
    <p class='ocr_par' dir='ltr' id='par_1_100' title="bbox 152 5114 1784 5192">
     <span class='ocr_line' id='line_1_100' title="bbox 152 5114 1784 5192; baseline -0.001 -19"><span class='ocrx_word' id='word_1_758' title='bbox 152 5130 267 5192; x_wconf 84' lang='lat' dir='ltr'><strong>pos</strong></span> <span class='ocrx_word' id='word_1_759' title='bbox 295 5114 741 5185; x_wconf 82' lang='lat' dir='ltr'><strong>Scripturarum,</strong></span> <span class='ocrx_word' id='word_1_760' title='bbox 781 5115 1156 5172; x_wconf 86' lang='lat' dir='ltr'><strong>indesinenter</strong></span> <span class='ocrx_word' id='word_1_761' title='bbox 1184 5115 1332 5172; x_wconf 90' lang='lat' dir='ltr'><strong>velut</strong></span> <span class='ocrx_word' id='word_1_762' title='bbox 1366 5131 1498 5187; x_wconf 88' lang='lat' dir='ltr'><strong>apes</strong></span> <span class='ocrx_word' id='word_1_763' title='bbox 1522 5114 1684 5172; x_wconf 88' lang='lat' dir='ltr'><strong>ﬂores</strong></span> <span class='ocrx_word' id='word_1_764' title='bbox 1706 5115 1784 5172; x_wconf 89' lang='lat' dir='ltr'><strong>le-</strong></span> 
     </span>
    </p>
   </div>
   <div class='ocr_carea' id='block_1_101' title="bbox 148 5207 1782 5284">
    <p class='ocr_par' dir='ltr' id='par_1_101' title="bbox 148 5207 1782 5284">
     <span class='ocr_line' id='line_1_101' title="bbox 148 5207 1782 5284; baseline 0.002 -23"><span class='ocrx_word' id='word_1_765' title='bbox 148 5209 323 5284; x_wconf 77' lang='lat' dir='ltr'><strong>gitis,</strong></span> <span class='ocrx_word' id='word_1_766' title='bbox 355 5214 413 5261; x_wconf 91' lang='lat' dir='ltr'><strong>et</strong></span> <span class='ocrx_word' id='word_1_767' title='bbox 434 5219 534 5277; x_wconf 90' lang='lat' dir='ltr'><strong>per</strong></span> <span class='ocrx_word' id='word_1_768' title='bbox 557 5214 714 5277; x_wconf 89' lang='lat' dir='ltr'><strong>prata</strong></span> <span class='ocrx_word' id='word_1_769' title='bbox 733 5207 963 5263; x_wconf 88' lang='lat' dir='ltr'><strong>virentia</strong></span> <span class='ocrx_word' id='word_1_770' title='bbox 985 5222 1214 5278; x_wconf 64' lang='lat' dir='ltr'><strong>quaeque</strong></span> <span class='ocrx_word' id='word_1_771' title='bbox 1236 5208 1437 5264; x_wconf 88' lang='lat' dir='ltr'><strong>mentis</strong></span> <span class='ocrx_word' id='word_1_772' title='bbox 1457 5215 1511 5264; x_wconf 90' lang='lat' dir='ltr'><strong>et</strong></span> <span class='ocrx_word' id='word_1_773' title='bbox 1536 5208 1782 5279; x_wconf 86' lang='lat' dir='ltr'><strong>corporis</strong></span> 
     </span>
    </p>
   </div>
   <div class='ocr_carea' id='block_1_102' title="bbox 150 5298 1785 5373">
    <p class='ocr_par' dir='ltr' id='par_1_102' title="bbox 150 5298 1785 5373">
     <span class='ocr_line' id='line_1_102' title="bbox 150 5298 1785 5373; baseline 0.001 -16"><span class='ocrx_word' id='word_1_774' title='bbox 150 5300 374 5357; x_wconf 82' lang='lat' dir='ltr'><strong>labore</strong></span> <span class='ocrx_word' id='word_1_775' title='bbox 398 5298 598 5370; x_wconf 83' lang='lat' dir='ltr'><strong>pabula</strong></span> <span class='ocrx_word' id='word_1_776' title='bbox 625 5299 889 5356; x_wconf 87' lang='lat' dir='ltr'><strong>virtutum</strong></span> <span class='ocrx_word' id='word_1_777' title='bbox 930 5299 1219 5371; x_wconf 84' lang='lat' dir='ltr'><strong>colligitis;</strong></span> <span class='ocrx_word' id='word_1_778' title='bbox 1249 5302 1447 5373; x_wconf 91' lang='lat' dir='ltr'><strong>quibus</strong></span> <span class='ocrx_word' id='word_1_779' title='bbox 1484 5302 1785 5359; x_wconf 89' lang='lat' dir='ltr'><strong>reconditis</strong></span> 
     </span>
    </p>
   </div>
   <div class='ocr_carea' id='block_1_103' title="bbox 146 5391 1782 5465">
    <p class='ocr_par' dir='ltr' id='par_1_103' title="bbox 146 5391 1782 5465">
     <span class='ocr_line' id='line_1_103' title="bbox 146 5391 1782 5465; baseline 0 -14"><span class='ocrx_word' id='word_1_780' title='bbox 146 5411 224 5451; x_wconf 84' lang='lat' dir='ltr'><strong>ac</strong></span> <span class='ocrx_word' id='word_1_781' title='bbox 268 5393 333 5450; x_wconf 82' lang='lat' dir='ltr'><strong>si</strong></span> <span class='ocrx_word' id='word_1_782' title='bbox 383 5391 440 5448; x_wconf 87' lang='lat' dir='ltr'><strong>in</strong></span> <span class='ocrx_word' id='word_1_783' title='bbox 472 5391 713 5449; x_wconf 83' lang='lat' dir='ltr'><strong>alvcario</strong></span> <span class='ocrx_word' id='word_1_784' title='bbox 741 5394 926 5450; x_wconf 89' lang='lat' dir='ltr'><strong>cordis</strong></span> <span class='ocrx_word' id='word_1_785' title='bbox 955 5392 1161 5449; x_wconf 88' lang='lat' dir='ltr'><strong>Christi</strong></span> <span class='ocrx_word' id='word_1_786' title='bbox 1192 5393 1350 5449; x_wconf 89' lang='lat' dir='ltr'><strong>mella</strong></span> <span class='ocrx_word' id='word_1_787' title='bbox 1401 5395 1782 5465; x_wconf 86' lang='lat' dir='ltr'><strong>conficiantur;</strong></span> 
     </span>
    </p>
   </div>
   <div class='ocr_carea' id='block_1_104' title="bbox 1885 4650 3475 4729">
    <p class='ocr_par' dir='ltr' id='par_1_104' title="bbox 1885 4650 3475 4729">
     <span class='ocr_line' id='line_1_104' title="bbox 1885 4650 3475 4729; baseline -0.006 -18"><span class='ocrx_word' id='word_1_788' title='bbox 1885 4658 2089 4729; x_wconf 79' lang='lat' dir='ltr'><strong>fenum,</strong></span> <span class='ocrx_word' id='word_1_789' title='bbox 2123 4665 2172 4709; x_wconf 85' lang='lat' dir='ltr'><strong>et</strong></span> <span class='ocrx_word' id='word_1_790' title='bbox 2225 4654 2408 4708; x_wconf 81' lang='lat' dir='ltr'><strong>cecidit</strong></span> <span class='ocrx_word' id='word_1_791' title='bbox 2440 4654 2560 4723; x_wconf 80' lang='lat' dir='ltr'><strong>ﬂos,</strong></span> <span class='ocrx_word' id='word_1_792' title='bbox 2593 4651 2805 4706; x_wconf 85' lang='lat' dir='ltr'><strong>verbum</strong></span> <span class='ocrx_word' id='word_1_793' title='bbox 2850 4660 3025 4705; x_wconf 85' lang='lat' dir='ltr'><strong>autem</strong></span> <span class='ocrx_word' id='word_1_794' title='bbox 3055 4650 3268 4703; x_wconf 83' lang='lat' dir='ltr'><strong>Domini</strong></span> <span class='ocrx_word' id='word_1_795' title='bbox 3299 4657 3475 4703; x_wconf 82' lang='lat' dir='ltr'><strong>manet</strong></span> 
     </span>
    </p>
   </div>
   <div class='ocr_carea' id='block_1_105' title="bbox 1884 4739 3477 4818">
    <p class='ocr_par' dir='ltr' id='par_1_105' title="bbox 1884 4739 3477 4818">
     <span class='ocr_line' id='line_1_105' title="bbox 1884 4739 3477 4818; baseline -0.004 -15"><span class='ocrx_word' id='word_1_796' title='bbox 1884 4751 1939 4803; x_wconf 82' lang='lat' dir='ltr'><strong>in</strong></span> <span class='ocrx_word' id='word_1_797' title='bbox 1963 4756 2220 4803; x_wconf 69' lang='lat' dir='ltr'><strong>aeternum</strong></span> <span class='ocrx_word' id='word_1_798' title='bbox 2243 4744 2416 4818; x_wconf 87' lang='lat' dir='ltr'><strong>(Psal.</strong></span> <span class='ocrx_word' id='word_1_799' title='bbox 2451 4760 2540 4810; x_wconf 73' lang='grc' dir='ltr'>ιιι,</span> <span class='ocrx_word' id='word_1_800' title='bbox 2568 4743 2654 4813; x_wconf 82' lang='lat'><strong>6).</strong></span> <span class='ocrx_word' id='word_1_801' title='bbox 2679 4741 2829 4809; x_wconf 87' lang='lat' dir='ltr'><strong>Ideo,</strong></span> <span class='ocrx_word' id='word_1_802' title='bbox 2859 4740 3215 4806; x_wconf 55' lang='lat' dir='ltr'><strong>charissima,</strong></span> <span class='ocrx_word' id='word_1_803' title='bbox 3240 4739 3477 4797; x_wconf 85' lang='lat' dir='ltr'><strong>stabilite</strong></span> 
     </span>
    </p>
   </div>
   <div class='ocr_carea' id='block_1_106' title="bbox 1890 4832 3478 4912">
    <p class='ocr_par' dir='ltr' id='par_1_106' title="bbox 1890 4832 3478 4912">
     <span class='ocr_line' id='line_1_106' title="bbox 1890 4832 3478 4912; baseline -0.006 -16"><span class='ocrx_word' id='word_1_804' title='bbox 1890 4838 2181 4912; x_wconf 74' lang='lat' dir='ltr'><strong>1229in</strong></span> <span class='ocrx_word' id='word_1_805' title='bbox 2221 4835 2377 4894; x_wconf 88' lang='lat' dir='ltr'><strong>vobis</strong></span> <span class='ocrx_word' id='word_1_806' title='bbox 2408 4836 2565 4891; x_wconf 85' lang='lat' dir='ltr'><strong>firma</strong></span> <span class='ocrx_word' id='word_1_807' title='bbox 2616 4834 2801 4891; x_wconf 87' lang='lat' dir='ltr'><strong>radice</strong></span> <span class='ocrx_word' id='word_1_808' title='bbox 2831 4835 3058 4891; x_wconf 90' lang='lat' dir='ltr'><strong>verbum</strong></span> <span class='ocrx_word' id='word_1_809' title='bbox 3103 4832 3247 4904; x_wconf 89' lang='lat' dir='ltr'><strong>quod</strong></span> <span class='ocrx_word' id='word_1_810' title='bbox 3293 4841 3478 4888; x_wconf 87' lang='lat' dir='ltr'><strong>manet</strong></span> 
     </span>
    </p>
   </div>
   <div class='ocr_carea' id='block_1_107' title="bbox 1884 4924 3479 4999">
    <p class='ocr_par' dir='ltr' id='par_1_107' title="bbox 1884 4924 3479 4999">
     <span class='ocr_line' id='line_1_107' title="bbox 1884 4924 3479 4999; baseline -0.003 -14"><span class='ocrx_word' id='word_1_811' title='bbox 1884 4939 2043 4986; x_wconf 89' lang='lat' dir='ltr'><strong>etest</strong></span> <span class='ocrx_word' id='word_1_812' title='bbox 2074 4931 2129 4985; x_wconf 91' lang='lat' dir='ltr'><strong>in</strong></span> <span class='ocrx_word' id='word_1_813' title='bbox 2169 4937 2430 4985; x_wconf 65' lang='lat' dir='ltr'><strong>aeternum</strong></span> <span class='ocrx_word' id='word_1_814' title='bbox 2461 4927 2767 4999; x_wconf 86' lang='lat' dir='ltr'><strong>implorate,</strong></span> <span class='ocrx_word' id='word_1_815' title='bbox 2801 4934 2860 4982; x_wconf 87' lang='lat' dir='ltr'><strong>ut</strong></span> <span class='ocrx_word' id='word_1_816' title='bbox 2888 4933 3105 4981; x_wconf 87' lang='lat' dir='ltr'><strong>maneat</strong></span> <span class='ocrx_word' id='word_1_817' title='bbox 3139 4925 3194 4980; x_wconf 91' lang='lat' dir='ltr'><strong>in</strong></span> <span class='ocrx_word' id='word_1_818' title='bbox 3221 4924 3479 4980; x_wconf 88' lang='lat' dir='ltr'><strong>cordibus</strong></span> 
     </span>
    </p>
   </div>
   <div class='ocr_carea' id='block_1_108' title="bbox 1886 5015 3480 5093">
    <p class='ocr_par' dir='ltr' id='par_1_108' title="bbox 1886 5015 3480 5093">
     <span class='ocr_line' id='line_1_108' title="bbox 1886 5015 3480 5093; baseline -0.005 -14"><span class='ocrx_word' id='word_1_819' title='bbox 1886 5023 2106 5089; x_wconf 87' lang='lat' dir='ltr'><strong>vestris,</strong></span> <span class='ocrx_word' id='word_1_820' title='bbox 2137 5020 2206 5077; x_wconf 88' lang='lat' dir='ltr'><strong>de</strong></span> <span class='ocrx_word' id='word_1_821' title='bbox 2229 5034 2339 5093; x_wconf 91' lang='lat' dir='ltr'><strong>quo</strong></span> <span class='ocrx_word' id='word_1_822' title='bbox 2363 5034 2602 5092; x_wconf 66' lang='lat' dir='ltr'><strong>praesens</strong></span> <span class='ocrx_word' id='word_1_823' title='bbox 2623 5019 2867 5091; x_wconf 89' lang='lat' dir='ltr'><strong>loquitur</strong></span> <span class='ocrx_word' id='word_1_824' title='bbox 2893 5015 3139 5074; x_wconf 83' lang='lat' dir='ltr'><strong>Psalmus</strong></span> <span class='ocrx_word' id='word_1_825' title='bbox 3167 5035 3180 5071; x_wconf 89' lang='lat'><strong>:</strong></span> <span class='ocrx_word' id='word_1_826' title='bbox 3204 5016 3480 5071; x_wconf 81' lang='lat' dir='ltr'><strong>Eructavit</strong></span> 
     </span>
    </p>
   </div>
   <div class='ocr_carea' id='block_1_109' title="bbox 1887 5108 3477 5181">
    <p class='ocr_par' dir='ltr' id='par_1_109' title="bbox 1887 5108 3477 5181">
     <span class='ocr_line' id='line_1_109' title="bbox 1887 5108 3477 5181; baseline -0.004 -11"><span class='ocrx_word' id='word_1_827' title='bbox 1887 5132 1978 5171; x_wconf 88' lang='lat' dir='ltr'><strong>cor</strong></span> <span class='ocrx_word' id='word_1_828' title='bbox 2026 5126 2201 5169; x_wconf 84' lang='lat' dir='ltr'><strong>meum</strong></span> <span class='ocrx_word' id='word_1_829' title='bbox 2244 5113 2455 5169; x_wconf 84' lang='lat' dir='ltr'><strong>verbum</strong></span> <span class='ocrx_word' id='word_1_830' title='bbox 2494 5112 2709 5167; x_wconf 84' lang='lat' dir='ltr'><strong>bonum.</strong></span> <span class='ocrx_word' id='word_1_831' title='bbox 2739 5109 3127 5181; x_wconf 87' lang='lat' dir='ltr'><strong>Conquadrate</strong></span> <span class='ocrx_word' id='word_1_832' title='bbox 3154 5108 3477 5176; x_wconf 80' lang='lat' dir='ltr'><strong>fundamen-</strong></span> 
     </span>
    </p>
   </div>
   <div class='ocr_carea' id='block_1_110' title="bbox 1887 5201 3479 5277">
    <p class='ocr_par' dir='ltr' id='par_1_110' title="bbox 1887 5201 3479 5277">
     <span class='ocr_line' id='line_1_110' title="bbox 1887 5201 3479 5277; baseline -0.006 -12"><span class='ocrx_word' id='word_1_833' title='bbox 1887 5217 2026 5273; x_wconf 89' lang='lat' dir='ltr'><strong>tum,</strong></span> <span class='ocrx_word' id='word_1_834' title='bbox 2073 5208 2129 5263; x_wconf 89' lang='lat' dir='ltr'><strong>in</strong></span> <span class='ocrx_word' id='word_1_835' title='bbox 2178 5207 2437 5263; x_wconf 88' lang='lat' dir='ltr'><strong>cordibus</strong></span> <span class='ocrx_word' id='word_1_836' title='bbox 2480 5206 2814 5277; x_wconf 88' lang='lat' dir='ltr'><strong>quadratura</strong></span> <span class='ocrx_word' id='word_1_837' title='bbox 2863 5203 3163 5269; x_wconf 66' lang='lat' dir='ltr'><strong>virtutum,</strong></span> <span class='ocrx_word' id='word_1_838' title='bbox 3191 5201 3479 5272; x_wconf 89' lang='lat' dir='ltr'><strong>prudentia</strong></span> 
     </span>
    </p>
   </div>
   <div class='ocr_carea' id='block_1_111' title="bbox 1889 5297 3481 5374">
    <p class='ocr_par' dir='ltr' id='par_1_111' title="bbox 1889 5297 3481 5374">
     <span class='ocr_line' id='line_1_111' title="bbox 1889 5297 3481 5374; baseline -0.005 -14"><span class='ocrx_word' id='word_1_839' title='bbox 1889 5303 2126 5370; x_wconf 81' lang='lat' dir='ltr'><strong>scilicet,</strong></span> <span class='ocrx_word' id='word_1_840' title='bbox 2164 5301 2399 5374; x_wconf 86' lang='lat' dir='ltr'><strong>justitia,</strong></span> <span class='ocrx_word' id='word_1_841' title='bbox 2449 5307 2506 5357; x_wconf 86' lang='lat' dir='ltr'><strong>‘et</strong></span> <span class='ocrx_word' id='word_1_842' title='bbox 2535 5298 2870 5366; x_wconf 89' lang='lat' dir='ltr'><strong>fortitudine,</strong></span> <span class='ocrx_word' id='word_1_843' title='bbox 2908 5312 2973 5354; x_wconf 91' lang='lat' dir='ltr'><strong>ac</strong></span> <span class='ocrx_word' id='word_1_844' title='bbox 3012 5298 3392 5369; x_wconf 87' lang='lat' dir='ltr'><strong>temperantia,</strong></span> <span class='ocrx_word' id='word_1_845' title='bbox 3423 5297 3481 5353; x_wconf 86' lang='lat' dir='ltr'><strong>in</strong></span> 
     </span>
    </p>
   </div>
   <div class='ocr_carea' id='block_1_112' title="bbox 1892 5390 3483 5466">
    <p class='ocr_par' dir='ltr' id='par_1_112' title="bbox 1892 5390 3483 5466">
     <span class='ocr_line' id='line_1_112' title="bbox 1892 5390 3483 5466; baseline -0.003 -17"><span class='ocrx_word' id='word_1_846' title='bbox 1892 5395 2089 5466; x_wconf 89' lang='lat' dir='ltr'><strong>quibus</strong></span> <span class='ocrx_word' id='word_1_847' title='bbox 2110 5394 2263 5464; x_wconf 91' lang='lat' dir='ltr'><strong>quasi</strong></span> <span class='ocrx_word' id='word_1_848' title='bbox 2296 5394 2350 5449; x_wconf 89' lang='lat' dir='ltr'><strong>in</strong></span> <span class='ocrx_word' id='word_1_849' title='bbox 2374 5404 2541 5449; x_wconf 87' lang='lat' dir='ltr'><strong>curru</strong></span> <span class='ocrx_word' id='word_1_850' title='bbox 2571 5406 2673 5448; x_wconf 90' lang='lat' dir='ltr'><strong>suo</strong></span> <span class='ocrx_word' id='word_1_851' title='bbox 2701 5390 2952 5447; x_wconf 87' lang='lat' dir='ltr'><strong>Christus</strong></span> <span class='ocrx_word' id='word_1_852' title='bbox 2976 5391 3167 5462; x_wconf 85' lang='lat' dir='ltr'><strong>auriga</strong></span> <span class='ocrx_word' id='word_1_853' title='bbox 3194 5390 3483 5461; x_wconf 65' lang='lat' dir='ltr'><strong>praesideat</strong></span> 
     </span>
    </p>
   </div>
   <div class='ocr_carea' id='block_1_113' title="bbox 1894 5481 3482 5561">
    <p class='ocr_par' dir='ltr' id='par_1_113' title="bbox 1894 5481 3482 5561">
     <span class='ocr_line' id='line_1_113' title="bbox 1894 5481 3482 5561; baseline -0.006 -15"><span class='ocrx_word' id='word_1_854' title='bbox 1894 5498 1946 5546; x_wconf 88' lang='lat' dir='ltr'><strong>et</strong></span> <span class='ocrx_word' id='word_1_855' title='bbox 1976 5497 2131 5561; x_wconf 86' lang='lat' dir='ltr'><strong>regat</strong></span> <span class='ocrx_word' id='word_1_856' title='bbox 2169 5495 2350 5543; x_wconf 88' lang='lat' dir='ltr'><strong>motus</strong></span> <span class='ocrx_word' id='word_1_857' title='bbox 2390 5486 2571 5541; x_wconf 87' lang='lat' dir='ltr'><strong>cordis</strong></span> <span class='ocrx_word' id='word_1_858' title='bbox 2610 5485 2862 5554; x_wconf 89' lang='lat' dir='ltr'><strong>dicatque</strong></span> <span class='ocrx_word' id='word_1_859' title='bbox 2884 5483 2951 5539; x_wconf 92' lang='lat' dir='ltr'><strong>de</strong></span> <span class='ocrx_word' id='word_1_860' title='bbox 2973 5483 3129 5539; x_wconf 87' lang='lat' dir='ltr'><strong>vobis</strong></span> <span class='ocrx_word' id='word_1_861' title='bbox 3161 5500 3174 5536; x_wconf 87' lang='lat'><strong>:</strong></span> <span class='ocrx_word' id='word_1_862' title='bbox 3203 5481 3482 5553; x_wconf 81' lang='lat' dir='ltr'><strong>Equitatui</strong></span> 
     </span>
    </p>
   </div>
   <div class='ocr_carea' id='block_1_114' title="bbox 1894 5575 3477 5649">
    <p class='ocr_par' dir='ltr' id='par_1_114' title="bbox 1894 5575 3477 5649">
     <span class='ocr_line' id='line_1_114' title="bbox 1894 5575 3477 5649; baseline -0.004 -12"><span class='ocrx_word' id='word_1_863' title='bbox 1894 5599 2006 5638; x_wconf 87' lang='lat' dir='ltr'><strong>meo</strong></span> <span class='ocrx_word' id='word_1_864' title='bbox 2030 5580 2317 5635; x_wconf 84' lang='lat' dir='ltr'><strong>assimilavi</strong></span> <span class='ocrx_word' id='word_1_865' title='bbox 2355 5589 2403 5634; x_wconf 83' lang='lat' dir='ltr'><strong>te</strong></span> <span class='ocrx_word' id='word_1_866' title='bbox 2428 5580 2484 5633; x_wconf 82' lang='lat' dir='ltr'><strong>in</strong></span> <span class='ocrx_word' id='word_1_867' title='bbox 2528 5594 2711 5644; x_wconf 83' lang='lat' dir='ltr'><strong>curru,</strong></span> <span class='ocrx_word' id='word_1_868' title='bbox 2760 5576 2874 5647; x_wconf 83' lang='lat' dir='ltr'><strong>ﬁlia</strong></span> <span class='ocrx_word' id='word_1_869' title='bbox 2910 5575 3206 5631; x_wconf 76' lang='lat' dir='ltr'><strong>Pharaonis</strong></span> <span class='ocrx_word' id='word_1_870' title='bbox 3228 5575 3406 5649; x_wconf 79' lang='lat' dir='ltr'><strong>(Cant.</strong></span> <span class='ocrx_word' id='word_1_871' title='bbox 3437 5590 3477 5642; x_wconf 83' lang='grc' dir='ltr'><strong>ι,</strong></span> 
     </span>
    </p>
   </div>
   <div class='ocr_carea' id='block_1_115' title="bbox 1896 5667 3484 5745">
    <p class='ocr_par' dir='ltr' id='par_1_115' title="bbox 1896 5667 3484 5745">
     <span class='ocr_line' id='line_1_115' title="bbox 1896 5667 3484 5745; baseline -0.006 -15"><span class='ocrx_word' id='word_1_872' title='bbox 1896 5674 1971 5745; x_wconf 87' lang='lat'><strong>9).</strong></span> <span class='ocrx_word' id='word_1_873' title='bbox 2011 5672 2277 5741; x_wconf 88' lang='lat' dir='ltr'><strong>Quoniam</strong></span> <span class='ocrx_word' id='word_1_874' title='bbox 2305 5673 2422 5727; x_wconf 90' lang='lat' dir='ltr'><strong>sine</strong></span> <span class='ocrx_word' id='word_1_875' title='bbox 2446 5679 2680 5741; x_wconf 88' lang='lat' dir='ltr'><strong>quatuor</strong></span> <span class='ocrx_word' id='word_1_876' title='bbox 2708 5669 2829 5725; x_wconf 86' lang='lat' dir='ltr'><strong>istis</strong></span> <span class='ocrx_word' id='word_1_877' title='bbox 2859 5683 3133 5740; x_wconf 87' lang='lat' dir='ltr'><strong>nunquam</strong></span> <span class='ocrx_word' id='word_1_878' title='bbox 3173 5668 3313 5723; x_wconf 88' lang='lat' dir='ltr'><strong>bene</strong></span> <span class='ocrx_word' id='word_1_879' title='bbox 3341 5667 3484 5739; x_wconf 83' lang='lat' dir='ltr'><strong>regi-</strong></span> 
     </span>
    </p>
   </div>
   <div class='ocr_carea' id='block_1_116' title="bbox 1894 5758 3579 5853">
    <p class='ocr_par' dir='ltr' id='par_1_116' title="bbox 1894 5758 3579 5853">
     <span class='ocr_line' id='line_1_116' title="bbox 1894 5758 3579 5853; baseline -0.005 -31"><span class='ocrx_word' id='word_1_880' title='bbox 1894 5775 1982 5822; x_wconf 90' lang='lat' dir='ltr'><strong>tur</strong></span> <span class='ocrx_word' id='word_1_881' title='bbox 2029 5760 2655 5853; x_wconf 22' lang='lat' dir='ltr'><strong>cazterarunigvirtutuin</strong></span> <span class='ocrx_word' id='word_1_882' title='bbox 2715 5762 3022 5834; x_wconf 87' lang='lat' dir='ltr'><strong>integritas,</strong></span> <span class='ocrx_word' id='word_1_883' title='bbox 3056 5776 3237 5832; x_wconf 78' lang='lat' dir='ltr'><strong>neque</strong></span> <span class='ocrx_word' id='word_1_884' title='bbox 3282 5758 3479 5816; x_wconf 88' lang='lat' dir='ltr'><strong>funda-</strong></span> <span class='ocrx_word' id='word_1_885' title='bbox 3566 5778 3579 5789; x_wconf 52' lang='grc' dir='ltr'><strong>κ</strong></span> 
     </span>
    </p>
   </div>
   <div class='ocr_carea' id='block_1_117' title="bbox 144 5485 1789 5556">
    <p class='ocr_par' dir='ltr' id='par_1_117' title="bbox 144 5485 1789 5556">
     <span class='ocr_line' id='line_1_117' title="bbox 144 5485 1789 5556; baseline -0.001 -12"><span class='ocrx_word' id='word_1_886' title='bbox 144 5487 303 5544; x_wconf 84' lang='lat' dir='ltr'><strong>hinc</strong></span> <span class='ocrx_word' id='word_1_887' title='bbox 363 5496 585 5556; x_wconf 82' lang='lat' dir='ltr'><strong>quoque</strong></span> <span class='ocrx_word' id='word_1_888' title='bbox 629 5494 780 5542; x_wconf 85' lang='lat' dir='ltr'><strong>recte</strong></span> <span class='ocrx_word' id='word_1_889' title='bbox 840 5485 1058 5541; x_wconf 85' lang='lat' dir='ltr'><strong>canitur</strong></span> <span class='ocrx_word' id='word_1_890' title='bbox 1108 5499 1355 5556; x_wconf 89' lang='lat' dir='ltr'><strong>sponso:</strong></span> <span class='ocrx_word' id='word_1_891' title='bbox 1400 5485 1569 5552; x_wconf 82' lang='lat' dir='ltr'><strong>Quam</strong></span> <span class='ocrx_word' id='word_1_892' title='bbox 1609 5485 1789 5542; x_wconf 88' lang='lat' dir='ltr'><strong>dulcia</strong></span> 
     </span>
    </p>
   </div>
   <div class='ocr_carea' id='block_1_118' title="bbox 144 5576 1785 5653">
    <p class='ocr_par' dir='ltr' id='par_1_118' title="bbox 144 5576 1785 5653">
     <span class='ocr_line' id='line_1_118' title="bbox 144 5576 1785 5653; baseline -0.002 -16"><span class='ocrx_word' id='word_1_893' title='bbox 144 5578 431 5653; x_wconf 72' lang='lat' dir='ltr'><strong>faucibus</strong></span> <span class='ocrx_word' id='word_1_894' title='bbox 472 5578 602 5633; x_wconf 82' lang='lat' dir='ltr'><strong>meis</strong></span> <span class='ocrx_word' id='word_1_895' title='bbox 620 5576 826 5649; x_wconf 82' lang='lat' dir='ltr'><strong>eloquia</strong></span> <span class='ocrx_word' id='word_1_896' title='bbox 852 5588 945 5633; x_wconf 87' lang='lat' dir='ltr'><strong>tua</strong></span> <span class='ocrx_word' id='word_1_897' title='bbox 984 5596 1141 5649; x_wconf 81' lang='lat' dir='ltr'><strong>super</strong></span> <span class='ocrx_word' id='word_1_898' title='bbox 1177 5577 1280 5633; x_wconf 86' lang='lat' dir='ltr'><strong>mel</strong></span> <span class='ocrx_word' id='word_1_899' title='bbox 1300 5587 1348 5633; x_wconf 79' lang='lat' dir='ltr'><strong>st</strong></span> <span class='ocrx_word' id='word_1_900' title='bbox 1368 5578 1583 5649; x_wconf 69' lang='lat' dir='ltr'><strong>favum!</strong></span> <span class='ocrx_word' id='word_1_901' title='bbox 1613 5578 1785 5651; x_wconf 78' lang='lat' dir='ltr'><strong>(Paul.</strong></span> 
     </span>
    </p>
   </div>
   <div class='ocr_carea' id='block_1_119' title="bbox 143 5671 1791 5752">
    <p class='ocr_par' dir='ltr' id='par_1_119' title="bbox 143 5671 1791 5752">
     <span class='ocr_line' id='line_1_119' title="bbox 143 5671 1791 5752; baseline -0.002 -20"><span class='ocrx_word' id='word_1_902' title='bbox 143 5688 378 5738; x_wconf 72' lang='lat' dir='ltr'><strong>cxvul,</strong></span> <span class='ocrx_word' id='word_1_903' title='bbox 409 5671 561 5743; x_wconf 75' lang='grc'><strong>105.)</strong></span> <span class='ocrx_word' id='word_1_904' title='bbox 593 5671 749 5740; x_wconf 86' lang='lat' dir='ltr'><strong>Quod</strong></span> <span class='ocrx_word' id='word_1_905' title='bbox 799 5674 938 5729; x_wconf 87' lang='lat' dir='ltr'><strong>bene</strong></span> <span class='ocrx_word' id='word_1_906' title='bbox 984 5673 1236 5729; x_wconf 85' lang='lat' dir='ltr'><strong>Ezechiel</strong></span> <span class='ocrx_word' id='word_1_907' title='bbox 1265 5682 1602 5752; x_wconf 66' lang='lat' dir='ltr'><strong>prwgustans</strong></span> <span class='ocrx_word' id='word_1_908' title='bbox 1632 5689 1649 5727; x_wconf 91' lang='lat'><strong>:</strong></span> <span class='ocrx_word' id='word_1_909' title='bbox 1682 5673 1791 5728; x_wconf 82' lang='lat' dir='ltr'><strong>Fa-</strong></span> 
     </span>
    </p>
   </div>
   <div class='ocr_carea' id='block_1_120' title="bbox 140 5764 1789 5837">
    <p class='ocr_par' dir='ltr' id='par_1_120' title="bbox 140 5764 1789 5837">
     <span class='ocr_line' id='line_1_120' title="bbox 140 5764 1789 5837; baseline -0.001 -13"><span class='ocrx_word' id='word_1_910' title='bbox 140 5778 328 5826; x_wconf 65' lang='lat' dir='ltr'><strong>ctum</strong></span> <span class='ocrx_word' id='word_1_911' title='bbox 371 5771 452 5821; x_wconf 71' lang='lat' dir='ltr'><strong>est</strong></span> <span class='ocrx_word' id='word_1_912' title='bbox 476 5803 495 5833; x_wconf 86' lang='lat'><strong>,</strong></span> <span class='ocrx_word' id='word_1_913' title='bbox 543 5764 759 5836; x_wconf 86' lang='lat' dir='ltr'><strong>inquit,</strong></span> <span class='ocrx_word' id='word_1_914' title='bbox 801 5776 1061 5837; x_wconf 80' lang='lat' dir='ltr'><strong>tanquam</strong></span> <span class='ocrx_word' id='word_1_915' title='bbox 1105 5764 1208 5819; x_wconf 87' lang='lat' dir='ltr'><strong>mel</strong></span> <span class='ocrx_word' id='word_1_916' title='bbox 1242 5765 1395 5821; x_wconf 83' lang='lat' dir='ltr'><strong>dulce</strong></span> <span class='ocrx_word' id='word_1_917' title='bbox 1424 5767 1480 5820; x_wconf 84' lang='lat' dir='ltr'><strong>in</strong></span> <span class='ocrx_word' id='word_1_918' title='bbox 1516 5782 1572 5822; x_wconf 82' lang='lat' dir='ltr'><strong>os</strong></span> <span class='ocrx_word' id='word_1_919' title='bbox 1617 5783 1789 5823; x_wconf 84' lang='lat' dir='ltr'><strong>meum</strong></span> 
     </span>
    </p>
   </div>
  </div>
