4048 6352
636 268 744 328 909

1438 262 1504 318 S.
1546 259 1909 318 PASCHASII
1944 258 2294 315 RADBERTI
2327 255 2621 314 ABBATIS
2660 252 3112 313 CORBEIENSIS

3693 270 3792 330 l000

635 387 879 437 mentum
910 376 1141 442 locatur,
1168 386 1304 445 ‘quo
1332 379 1648 444 permaneat
1689 371 1918 442 quisque
1953 369 2228 424 radicatus
2253 376 2301 434 Α
2330 379 2561 437 sponsus
2589 364 2709 421 sine
2727 378 2945 436 sponsa,
2995 364 3071 418 ita
3093 378 3193 419 nec
3214 377 3398 438 sponsa
3422 371 3524 428 sine
3545 383 3794 439 commercio

636 480 692 527 et
715 469 970 525 fundatus
996 469 1049 523 in
1072 467 1166 523 illo
1196 466 1372 537 lapide
1398 464 1664 534 angulari,
1690 464 1746 517 in
1767 480 1869 534 quo
1893 464 2062 516 omnis
2083 470 2226 517 stru-

636 571 791 619 ctura
830 560 1011 616 crescit
1056 561 1111 614 in
1142 557 1387 628 templum
1414 564 1653 610 sanctum
1674 555 1728 607 in
1751 552 1977 607 Domino
2006 550 2221 622 (Ep/res.

635 671 701 721 tt,
728 655 840 726 2|).
874 655 932 709 In
973 654 1076 708 hoc
1098 652 1299 723 quippe
1327 648 1523 719 angulo
1551 647 1888 718 compaginis
1913 654 2091 701 vestra
2122 645 2215 708 ﬁde

634 745 861 802 fundata
915 744 1105 809 corda,
1132 751 1191 797 ut
1218 741 1364 796 nulla
1396 740 1806 811 Epicureorum,
1852 737 1906 792 id
1928 744 2013 791 est
2033 751 2227 791 carna-

634 836 768 894 lium
813 836 1094 892 hominum
1120 850 1227 890 vox
1257 832 1512 902 decipiat,
1556 830 1650 901 qui
1679 829 1865 885 dicunt
1908 826 2039 882 illud
2084 823 2227 896 quod

636 932 900 1003 scriptum
928 937 1013 987 est
1041 944 1056 984 :
1089 927 1410 984 Coronemus
1441 941 1535 980 nos
1581 924 1715 979 rosis
1763 931 2044 995 antequam
2077 936 2224 974 mar-

636 1036 841 1082 cescant
865 1037 886 1077 :
917 1022 1065 1078 nulla
1092 1038 1185 1077 nos
1207 1020 1420 1075 luxuria
1442 1026 1717 1089 prwtereat
1739 1056 1753 1081 ,
1786 1016 1875 1071 sed
1907 1016 1960 1069 in
1988 1012 2226 1068 omnibus

608 1114 996 1187 relinquamus
1046 1112 1198 1183 signa
1235 1109 1434 1164 latitia
1466 1117 1659 1162 nostra:
1696 1103 1847 1176 (Sap.
1896 1120 1955 1165 ll,
1982 1101 2059 1172 8).
2113 1100 2226 1156 Hoc

637 1207 846 1264 idcirco
898 1204 1151 1269 dixerim,
1184 1202 1310 1272 quia
1360 1199 1719 1272 Symmachus
1775 1198 1918 1252 hunc
1960 1195 2227 1267 psalmum

636 1315 736 1372 pro
787 1284 1013 1354 ﬂoribus
1041 1297 1430 1366 interpretatus
1471 1301 1576 1358 est,
1626 1306 1694 1346 ne
1719 1305 1816 1345 vos
1857 1288 1963 1343 ulla
1992 1288 2227 1342 liliorum

636 1390 926 1461 praesentis
953 1387 1159 1457 saeculi,
1193 1402 1288 1442 seu
1316 1384 1506 1440 Dorum
1529 1384 1803 1454 decipiant
1826 1380 2223 1445 blandimenta;

637 1497 758 1552 qum
796 1495 929 1537 sane
974 1478 1138 1535 simul
1168 1479 1222 1533 in
1247 1486 1370 1534 ortu
1400 1477 1526 1532 vita:
1567 1475 1818 1532 calcastis
1845 1481 1899 1529 et
1924 1472 2226 1543 sprevistis,

637 1574 823 1630 omnia
853 1582 1037 1628 autem
1091 1570 1409 1626 deliciarum
1440 1568 1840 1624 oblectamenta
1875 1564 2041 1620 veluti
2091 1572 2228 1619 ster-

635 1683 765 1725 cora
805 1666 1111 1738 respuistis.
1138 1663 1347 1719 Vanam
1390 1678 1605 1734 quoque
1631 1662 1895 1727 laetitiam,
1923 1672 2229 1728 vanamque

2326 467 2382 514 et
2420 457 2625 514 fozdere
2664 457 3058 528 sponsalitatis,
3093 467 3153 512 ut
3186 468 3306 529 post
3326 459 3466 518 ﬁdem
3492 469 3791 538 sponsalilatis,

2327 553 2580 624 deinceps
2601 552 2709 607 sint
2727 552 2833 607 duo
2849 552 2904 606 in
2925 566 3091 607 carne
3115 569 3238 607 una.
3256 552 3340 609 Sic
3362 558 3537 627 quippe
3551 562 3672 616 venit,
3687 564 3794 622 De“,

2328 644 2381 699 in
2424 644 2643 699 homine
2688 652 2748 698 ut
2789 643 2951 699 homo
2998 651 3145 697 esset
3178 644 3230 697 in
3270 643 3446 712 Deum,
3472 658 3608 719 atque
3632 650 3742 708 Deus
3759 664 3799 709 et

2326 735 2490 793 homo
2518 751 2658 791 unus
2698 744 2846 790 esset
2882 733 3155 799 Christus,
3181 734 3254 790 ita
3282 750 3485 793 necesse
3516 748 3609 804 est,
3644 743 3799 798 charis-

2327 827 2497 892 simze,
2529 834 2589 881 ut
2617 841 2741 882 cum
2764 834 2964 896 sponso
2992 841 3159 881 unum
3187 826 3257 881 sit
3285 826 3501 883 Ecclesia
3530 833 3803 899 quodamino-

2327 919 2415 974 do.
2441 917 2556 973 Non
2594 926 2654 973 ut
2682 918 2755 973 sit
2796 918 2961 985 Deus,
2995 918 3139 989 quod
3166 917 3405 974 Christus
3428 928 3520 986 est,
3552 923 3632 977 sed
3651 939 3733 977 una
3754 926 3805 979 sit

2328 1027 2457 1069 caro
2485 1012 2540 1067 in
2588 1012 2726 1081 ipso,
2760 1026 2927 1066 unum
2979 1025 3197 1081 corpus,
3225 1021 3472 1081 quatenus
3503 1014 3656 1069 carnis
3678 1024 3720 1069 et
3739 1016 3807 1072 Dei

2327 1103 2422 1159 ﬁat
2448 1120 2615 1160 unum
2636 1103 3047 1160 commercium.
3088 1101 3223 1170 Quia
3250 1104 3386 1159 Deus
3408 1104 3627 1159 transivit
3653 1107 3696 1160 in
3717 1122 3805 1161 ear-

2327 1212 2472 1264 nem,
2506 1198 2669 1252 homo
2714 1205 2862 1252 totus
2915 1201 3155 1251 transeat
3199 1194 3252 1249 in
3297 1195 3472 1259 Deum,
3501 1205 3549 1249 et
3574 1195 3652 1250 ﬁat
3688 1212 3808 1251 unum

2328 1304 2549 1360 corpus,
2600 1303 2816 1359 unaque
2842 1303 2995 1351 caro,
3022 1284 3272 1341 Christus
3296 1293 3349 1340 et
3387 1285 3617 1341 Ecclesia.
3639 1285 3756 1353 Quod
3776 1288 3809 1340 si

2329 1383 2402 1438 ita
2435 1381 2501 1437 de
2528 1381 2677 1435 omni
2708 1379 2953 1435 creditur
2978 1392 3229 1447 corpore,
3270 1376 3394 1446 quid
3416 1384 3556 1446 putat
3577 1374 3710 1446 Virgo
3727 1375 3810 1439 Dei,

2328 1482 2576 1530 matrona
2603 1470 2829 1537 Christi,
2875 1485 2997 1541 quae
3036 1468 3119 1524 sic
3152 1464 3370 1524 omnino
3409 1467 3461 1521 in
3508 1480 3649 1520 carne
3686 1466 3811 1521 adhuc

2327 1576 2431 1634 est,
2463 1574 2522 1622 ut
2545 1565 2657 1636 jam
2683 1565 2802 1620 sine
2827 1562 3010 1619 carnis
3032 1548 3377 1631 corruptione
3403 1559 3456 1614 in
3478 1558 3577 1613 Deo
3597 1556 3681 1612 sit?
3722 1555 3813 1624 Quae

2328 1673 2528 1731 sponso
2574 1658 2643 1714 ad
2680 1658 2950 1728 integrum
2990 1654 3104 1726 jam
3137 1651 3262 1723 jura
3289 1648 3626 1723 sponsalitatis
3660 1653 3809 1712 servat;

636 1757 865 1830 gloriam
897 1756 1058 1812 simul
1102 1754 1419 1820 ahdicastis,
1448 1763 1509 1809 ut
1554 1769 1740 1809 veram
1770 1752 1959 1816 vitam,
1990 1763 2228 1818 veraque
2256 1742 2303 1804 Β
2329 1751 2587 1823 quoniam
2620 1749 2755 1804 nihil
2796 1747 2943 1803 aliud
2982 1761 3147 1817 quam
3187 1745 3359 1816 ipsum
3401 1749 3455 1797 et
3479 1748 3668 1812 propter
3690 1738 3813 1830 ipsum

636 1848 828 1920 gaudia
856 1862 954 1919 per
976 1846 1080 1903 hoc
1108 1843 1487 1916 compendium
1514 1843 1639 1897 vitae
1668 1842 1820 1897 ocius
1848 1838 2225 1911 apprehenda-

638 1941 730 1998 tis.
760 1940 886 1996 Haec
911 1940 1055 2004 ideo,
1084 1937 1471 2001 dilectissimaa,
1506 1935 1718 1991 fortiter
1744 1932 1919 1997 fertis,
1952 1931 2080 2001 quia
2102 1945 2225 1984 sur-

638 2050 758 2091 sum
790 2034 879 2090 ubi
929 2034 1179 2090 Christus
1229 2046 1460 2102 sponsus
1509 2030 1724 2085 videtur
1760 2026 2000 2082 radicem
2048 2022 2228 2079 cordis

639 2124 864 2191 ﬁxistis;
910 2125 1166 2197 quoniam
1196 2123 1316 2179 alia:
1364 2130 1490 2178 sunt
1518 2136 1677 2186 rosae,
1704 2134 1825 2191 qua:
1851 2116 2053 2174 Christi
2103 2130 2227 2170 san-

636 2217 801 2287 guine
823 2217 969 2272 intus
993 2217 1354 2287 pinguescunt
1379 2223 1434 2270 et
1448 2214 1795 2269 rubricantur
1815 2220 1876 2265 ut
1903 2222 2116 2280 semper
2129 2206 2226 2263 Do-

637 2316 826 2374 reant;
863 2308 983 2364 aliae
1006 2324 1127 2379 qua:
1151 2307 1206 2362 in
1239 2317 1383 2363 terra
1409 2305 1740 2369 radicantur,
1773 2302 1883 2358 cito
1912 2308 1971 2355 ut
1996 2299 2226 2356 floreant

634 2408 692 2456 et
719 2399 1062 2471 postmodum
1089 2406 1359 2454 arescant.
1380 2396 1570 2453 Omnis
1588 2396 1785 2466 quippe
1808 2392 1969 2447 luxus
1994 2392 2228 2462 praescii—

635 2489 707 2545 tis
736 2489 859 2545 vita:
890 2504 1059 2560 vapor
1099 2496 1204 2554 est,
1232 2496 1289 2544 et
1317 2502 1508 2559 spuma
1533 2486 1657 2541 vani
1680 2484 1882 2557 gaudii.
1906 2482 2221 2553 Propterea,

635 2588 898 2637 matrona:
928 2580 1154 2645 Christi,
1202 2579 1487 2636 sectamini
1510 2592 1725 2648 semper
1783 2576 2012 2631 virtutes
2046 2583 2105 2629 ut
2146 2574 2226 2628 vi-

633 2682 790 2729 reant
819 2673 1043 2738 ﬂoridae,
1086 2683 1496 2761 apgeanturque
1526 2672 1637 2727 lilia
1662 2671 1952 2727 castitatis.
1988 2670 2045 2725 ln
2071 2669 2225 2740 genis

592 2754 599 2759 ί
632 2763 827 2820 rubeat
876 2779 1001 2821 rosa
1027 2754 1227 2821 Christi
1274 2765 1538 2836 sanguine
1557 2762 1835 2833 ἤθρει-εει.
1863 2762 1998 2829 Quia
2047 2759 2225 2815 omnis

631 2863 859 2910 ornatus
872 2854 1064 2920 animi,
1082 2870 1403 2925 morumque
1424 2854 1665 2926 probitas
1690 2854 1744 2908 in
1764 2852 1903 2908 facie
1917 2850 2226 2921 resplendet

630 2947 877 3018 virginis.
906 2940 1067 3014 Hinc,
1108 2963 1312 3019 quaeso,
1343 2948 1535 3018 erigite
1571 2963 1817 3019 scopum,
1846 2947 1899 3003 id
1928 2954 2013 3001 est
2041 2947 2223 3001 interi-

631 3036 838 3093 tionem
868 3038 1050 3093 cordis
1068 3035 1273 3109 jugiter
1313 3046 1440 3092 ante
1461 3037 1669 3103 oculos,
1701 3046 1757 3092 et
1785 3036 1953 3100 telos,
1973 3037 2026 3093 id
2059 3045 2145 3091 est
2163 3033 2224 3088 ﬁ-

2331 1843 2527 1912 diligit.
2557 1841 2675 1897 Jam
2706 1840 2851 1898 enim
2895 1848 3068 1895 totum
3096 1836 3330 1907 refulget
3354 1834 3405 1890 in
3434 1832 3595 1903 specie
3617 1829 3728 1900 quod
3755 1827 3812 1880 fu-

2330 1942 2511 1991 turum
2563 1932 2963 2005 repromittitur
3008 1929 3063 1985 in
3104 1943 3326 2002 genere.
3375 1926 3519 1982 Unde
3562 1924 3817 1978 necesseest

2329 2026 2655 2099 respondeat
2696 2024 2862 2096 Virgo
2910 2022 3054 2079 dotis
3086 2021 3268 2086 titulo,
3318 2015 3615 2089 respondeat
3645 2009 3815 2068 moribus

2328 2135 2563 2191 sponso,
2610 2126 2793 2175 mente
2836 2125 3001 2188 atque
3042 2123 3165 2170 actu
3193 2121 3407 2170 asserat
3435 2107 3672 2166 cmlesteru
3703 2102 3818 2156 vitam

2325 2228 2425 2285 per
2462 2220 2737 2277 naturam,
2786 2224 2949 2280 quam
3001 2213 3297 2263 consecuta
3343 2212 3425 2259 est
3456 2217 3545 2272 per
3570 2197 3818 2271 gratiam,et

2327 2315 2587 2378 sequatur
2630 2320 2829 2376 agnum
2877 2315 3211 2374 quocunque
3256 2299 3396 2356 ierit.
3446 2294 3670 2366 Sequitur
3694 2297 3819 2378 autem

2326 2397 2613 2469 virginitas
2639 2396 2852 2467 Agnum
2900 2406 3233 2464 quocunque
3286 2388 3432 2445 vadit
3470 2386 3633 2456 (Apoc.
3667 2377 3816 2469 sint).

2327 2490 2402 2545 ita
2420 2467 2622 2543 tamen
2652 2487 2697 2541 si
2726 2484 3071 2541 concordiam
3111 2483 3382 2537 virtutum
3422 2485 3606 2533 teneat.
3630 2467 3819 2539 Quoniam

2327 2578 2578 2636 Christus
2607 2579 2700 2633 Dei
2740 2577 2935 2642 virtus,
2962 2583 3018 2631 et
3040 2574 3133 2630 Dei
3159 2571 3452 2645 sapientia,
3478 2564 3743 2639 principium
3765 2564 3820 2612 est

2326 2672 2567 2729 omnium
2590 2669 2799 2740 1231
2819 2668 3051 2734 viarum,
3080 2676 3137 2721 et
3152 2666 3279 2737 ipse
3299 2662 3468 2718 virtus
3484 2657 3687 2715 omnium
3705 2651 3820 2707 virtu-

2328 2774 2467 2830 tum,
2496 2764 2620 2819 ideo
2641 2763 2734 2833 qui
2748 2770 2870 2832 post
2888 2774 3013 2815 eum
3034 2759 3115 2814 ire
3136 2758 3390 2823 festinat,
3416 2763 3470 2808 et
3487 2750 3621 2820 sequi
3634 2746 3821 2813 vultquo-

2328 2871 2540 2927 cunque
2592 2855 2809 2920 abierit,
2842 2854 3006 2910 debet
3048 2852 3296 2922 primum
3343 2848 3533 2906 mentis
3557 2837 3823 2910 incorruptio-

2326 2963 2450 3003 nem
2476 2961 2697 3003 servare
2725 2954 2889 3015 atque
2929 2944 3133 3009 carnis,
3166 2941 3371 2999 deinde
3411 2947 3690 2995 ceterarum
3706 2930 3822 2983 virtu-

2328 3049 2444 3096 tum
2478 3040 2597 3095 vias
2622 3037 2854 3110 ingredi,
2877 3036 3241 3106 cbaritasque
3267 3031 3507 3090 membra
3529 3024 3682 3084 omnia
3699 3026 3823 3077 casto-

633 3146 760 3188 nem
787 3133 956 3188 nolite
975 3131 1422 3205 negligere.Nam
1451 3134 1593 3196 τέλος
1614 3133 1739 3188 ﬁnis
1762 3133 2003 3189 omnium
2035 3147 2219 3187 rerum
2246 3110 2295 3176 (ἶ
2324 3132 2463 3189 dire.
2491 3131 2746 3203 Alioquin
2773 3130 3059 3202 virginitas
3087 3128 3301 3195 carnis,
3346 3127 3461 3183 sine
3496 3118 3685 3191 reliquis
3706 3114 3821 3205 virtu-

631 3230 735 3280 est.
768 3222 922 3280 Unde
944 3224 1001 3279 in
1049 3225 1153 3281 hoc
1195 3224 1352 3280 titulo
1378 3225 1641 3295 scriptum
1666 3235 1751 3280 est
1783 3240 1797 3279 :
1826 3224 1880 3279 in
1930 3225 2092 3279 linem
2123 3239 2222 3296 pro

632 3315 720 3372 his
749 3316 842 3387 qui
869 3315 1370 3372 commutabuntur.
1418 3316 1569 3372 Finis
1598 3326 1777 3372 autem
1808 3316 1942 3388 legis
1972 3316 2222 3373 Christus

631 3418 737 3477 est;
784 3410 853 3466 ad
890 3409 1162 3482 justitiam
1202 3412 1349 3467 omni
1372 3411 1639 3468 credenti.
1674 3410 1790 3467 Non
1813 3427 1944 3483 ergo
1970 3410 2222 3467 Christus

630 3505 760 3561 ﬁnis
783 3513 868 3561 est
907 3505 1063 3578 legis,
1114 3520 1183 3560 ne
1212 3505 1312 3572 sit;
1363 3505 1458 3562 sed
1500 3504 1625 3561 ﬁnis
1654 3505 1771 3574 ejus
1801 3514 1906 3573 est,
1936 3514 1997 3560 ut
2024 3505 2221 3561 habeat

631 3605 1066 3654 consummatam
1087 3597 1355 3669 justitiam
1381 3612 1450 3652 ex
1471 3596 1575 3654 ﬁde
1607 3597 1821 3668 1230
1839 3596 1967 3653 Jesu
1992 3595 2216 3651 Christi.

2323 3228 2487 3295 tibus,
2519 3242 2625 3283 non
2675 3226 2921 3297 sequitur
2965 3224 3191 3295 Agnum
3243 3232 3557 3295 quocunque
3591 3211 3706 3271 ierit.
3732 3204 3824 3274 Diti!

2321 3324 2508 3395 Agnus
2531 3321 2628 3378 Dei
2664 3320 2914 3377 Christus
2952 3319 3210 3375 omnium
3240 3318 3452 3374 viarum
3478 3311 3565 3369 Dei
3588 3307 3727 3364 forma
3753 3305 3822 3361 est.

2323 3417 2438 3488 ipse
2461 3416 2547 3471 via
2579 3424 2634 3471 et
2661 3402 3010 3487 principium.

2392 3508 2733 3580 Quapropter
2774 3507 2930 3578 virgo
2959 3503 3209 3572 Christi,
3249 3512 3311 3559 ut
3340 3502 3411 3559 sit
3457 3510 3659 3569 sponsa,
3696 3495 3821 3580 etse-

2321 3577 2530 3674 quatur
2550 3577 2889 3656 inomnibus
2926 3597 3015 3653 cui
3046 3612 3106 3653 se
3128 3597 3328 3663 vovit,
3354 3599 3558 3665 oportet
3590 3585 3715 3656 juxta
3732 3577 3825 3675 Apo-

633 3688 902 3757 Quoniam
931 3689 1051 3746 sine
1072 3690 1291 3747 Christo
1318 3690 1633 3763 imperfecta
1663 3700 1749 3746 est
1771 3691 1886 3757 lex;
1915 3688 2216 3760 perﬁcitur,
2321 3692 2519 3748 stolam
2548 3699 2609 3746 ut
2632 3690 2704 3746 sit
2729 3702 2897 3745 carne
2929 3703 2995 3744 ac
3024 3696 3219 3744 mente
3262 3694 3451 3745 sancta
3470 3723 3487 3750 ,
3510 3690 3561 3738 et
3583 3679 3824 3734 incontaml‘

630 3790 814 3838 autem
846 3796 945 3855 per
997 3782 1294 3849 Christum,
1323 3798 1447 3838 cum
1490 3781 1740 3838 Christus
1773 3781 1827 3836 in
1879 3780 1996 3851 lege
2036 3794 2219 3850 repro~
2321 3794 2445 3841 nata
2468 3825 2484 3851 ,
2515 3799 2585 3840 ne
2616 3782 2757 3840 forte
2785 3791 3024 3839 mentem
3050 3783 3296 3839 interius
3316 3795 3415 3852 per
3434 3793 3489 3834 se
3509 3769 3714 3832 diabolus
3728 3763 3828 3855 intui

630 3851 1117 3935 missus,'creditus
1148 3873 1461 3943 suscipitur,
1490 3883 1546 3928 et
1570 3880 1851 3944 susceptus
1881 3872 1983 3928 lide
2011 3871 2220 3942 integra
2321 3865 2637 3945 corrumpat
2655 3914 2672 3943 ,
2709 3888 2875 3945 quam
2904 3882 3149 3929 exterius
3190 3851 3343 3930 nitor
3368 3868 3543 3928 carnis
3562 3861 3725 3921 adulat.
3746 3851 3825 3908 Vir-

630 3971 866 4019 tenetur.
890 3962 1008 4019 Non
1033 3964 1178 4020 enim
1206 3966 1456 4022 Christus
1502 3966 1624 4022 ideo
1654 3965 1776 4020 ﬁnis
1804 3965 1981 4019 dictus
2010 3972 2113 4029 est,
2160 3969 2220 4016 ut
2321 3968 2499 4040 ginem
2525 3967 2670 4023 enim
2694 3965 2946 4022 Christus
2967 3964 3248 4037 integram
3276 3964 3384 4021 sibi
3411 3958 3620 4033 quaerit,
3640 3950 3710 4010 cui
3729 3945 3827 4040 Vill}

630 4051 770 4110 ineo
789 4052 1133 4111 ﬁnianturne
1157 4056 1286 4122 sint,
1310 4071 1649 4127 quaecunque
1670 4064 1874 4112 statuta
1902 4065 2030 4111 sunt
2051 4071 2080 4109 a
2107 4054 2219 4110 Deo
2321 4018 2379 4117 ξε
2407 4061 2671 4131 praebuit,
2705 4070 2767 4115 ut
2816 4018 3455 4131 sequaturuquocunque
3491 4018 3615 4110 ierit.
3629 4049 3719 4117 ipse
3748 4018 3826 4092 ιιιίῖ

628 4154 692 4201 ut
713 4146 853 4213 sint;
881 4146 979 4204 sed
1002 4146 1058 4203 in
1080 4162 1145 4204 eo
1171 4156 1227 4204 et
1244 4147 1313 4202 ad
1330 4164 1453 4203 eum
1476 4148 1794 4218 perveniant
1823 4157 1880 4203 ut
1920 4149 2056 4204 bene
2087 4147 2214 4203 sint.

628 4238 883 4313 Alioquin
907 4240 1026 4297 sine
1050 4241 1170 4312 ipso
1192 4240 1337 4296 nulla
1361 4241 1535 4297 virtus
1562 4248 1647 4296 est
1669 4249 2080 4306 consummata;
2112 4242 2218 4296 sic-

628 4339 691 4387 ut
728 4347 832 4388 nec
881 4332 1097 4389 initium
1143 4333 1307 4389 habet
1347 4332 1548 4399 virtus,
1595 4333 1641 4388 si
1681 4348 1789 4388 non
1820 4333 1889 4388 ab
1931 4333 2048 4403 ipso
2078 4332 2216 4389 inci-

627 4420 872 4493 piantur,
914 4423 1171 4492 quoniam
1214 4423 1329 4494 ipse
1369 4432 1455 4479 est
1490 4446 1526 4480 οι
1575 4433 1631 4479 et
1670 4446 1732 4490 ω,
1772 4424 1839 4479 ab
1866 4423 1982 4494 ipso
2005 4423 2219 4495 justitia

629 4512 757 4570 ﬁdei
797 4513 1155 4584 concipiatur,
1204 4526 1260 4571 et
1302 4516 1358 4570 in
1405 4516 1523 4587 ipso
1549 4529 1987 4583 consummctur;
2025 4525 2218 4574 nonut

626 4621 738 4662 non
777 4606 868 4674 sit,
914 4606 1010 4664 sed
1053 4619 1113 4662 ut
1145 4608 1386 4679 perfecta
1437 4610 1509 4665 sit
1546 4610 1603 4665 in
1641 4626 1701 4666 ea
1738 4610 1951 4680 justitia
1995 4627 2115 4682 quae
2151 4612 2219 4670 de

627 4699 769 4756 caelo
796 4700 1096 4771 prospexit.
1123 4700 1276 4757 Unde
1306 4701 1476 4758 David
1505 4702 1752 4758 eruditus
1782 4718 1812 4757 a
1856 4701 2061 4772 Spiritu
2088 4717 2217 4758 san-

628 4799 719 4847 cto
766 4790 934 4847 dicit:
966 4788 1150 4847 Omnis
1188 4794 1654 4847 consummationis
1692 4792 1797 4848 vidi
1835 4792 1993 4862 ﬁnem
2042 4791 2213 4865 (Psal.

2320 4151 2537 4224 genitus
2569 4152 2665 4207 Dei
2699 4150 2893 4217 Filius,
2933 4151 3260 4224 unigenitus
3284 4151 3452 4207 etiam
3478 4141 3685 4216 Virginis
3705 4140 3825 4190 nams-

2321 4244 2475 4301 Unus
2496 4246 2741 4301 omnium
2767 4261 3052 4301 sacrarum
3095 4246 3384 4317 virginum
3414 4253 3658 4314 Sponsus.
3686 4232 3828 4287 ⁵³⁸⁸⁸³

2320 4336 2649 4406 virginitatis
2674 4336 2903 4401 fructus,
2937 4337 3105 4394 decus
3125 4379 3141 4405 ,
3166 4347 3227 4393 et
3246 4350 3471 4399 munus,
3487 4344 3631 4404 quem
3644 4327 3829 4389 εοτνοτν

2321 4430 2446 4485 liter
2470 4437 2658 4485 sancta
2687 4430 2973 4501 virginitas
2996 4431 3235 4501 peperit,
3272 4430 3363 4487 cui
3393 4422 3678 4499 spiritaliter
3698 4413 3828 4468 sane“

2322 4522 2607 4592 virginitas
2621 4523 2795 4579 nubit.
2810 4523 2855 4577 A
2869 4539 2977 4594 quo
2992 4536 3185 4579 sancta
3201 4523 3494 4597 virginitas
3508 4502 3830 4597 fecundatur.“

2319 4624 2635 4684 perseveret
2676 4614 2912 4681 intacta,
2960 4631 2991 4669 a
3032 4630 3141 4685 quo
3171 4595 3475 4672 decoratur
3511 4619 3566 4665 ut
3596 4595 3830 4679 petillium

2320 4709 2547 4779 pulchra
2565 4749 2580 4774 ,
2603 4725 2634 4763 a
2661 4725 2769 4780 quo
2796 4719 3090 4765 coronatur
3113 4720 3175 4765 ut
3223 4718 3424 4783 regnet
3460 4699 3731 4783 perenniter
3757 4685 3831 4759 κὶα·

2318 4801 2485 4858 riosa.
2523 4802 2802 4873 Virginem
2848 4817 3060 4859 sacram
3108 4818 3215 4859 suo
3270 4803 3379 4859 sibi
3423 4796 3641 4873 gratuito
3671 4789 3832 4844 mune“

626 4900 818 4952 cxvtu,
848 4884 964 4958 66):
990 4886 1129 4954 Quia
1174 4884 1308 4941 nihil
1355 4893 1439 4941 est
1483 4887 1629 4957 quod
1670 4885 1971 4956 perfectum
2018 4886 2091 4941 sit
2125 4892 2218 4941 aut
2322 4893 2437 4963 ipse
2467 4892 2626 4959 facit,
2659 4894 2785 4964 quia
2814 4894 2999 4950 omnia
3032 4908 3389 4966 quaecunque
3414 4890 3528 4948 vult
3551 4884 3680 4943 facit.
3703 4878 3740 4933 Δ
3760 4883 3834 4943 φη

627 4991 1088 5046 consummatum,
1115 4981 1162 5038 si
1193 4996 1299 5035 non
1329 4981 1384 5036 in
1406 4979 1627 5037 Christo
1650 4981 1987 5051 perﬁciatur,
2016 4989 2076 5037 ut
2094 4996 2215 5036 ma-
2298 4985 2473 5053 ideo,
2504 4986 2668 5042 nullis
2716 4986 3148 5056 praecedentibus
3202 4986 3502 5059 virginitas
3548 4991 3684 5037 sacra
3723 4969 3841 5061 dii?"

624 5077 756 5126 neat
779 5070 835 5126 in
860 5080 1145 5127 aeternum.
1176 5071 1330 5139 Quod
1358 5073 1426 5127 ad
1455 5071 1731 5129 Christum
1760 5088 1930 5144 usque
1952 5073 2212 5139 cucurrit,
2317 5078 2528 5133 meritis
2547 5117 2562 5142 ,
2594 5085 2656 5132 ut
2692 5053 2767 5132 illi
2794 5093 3013 5149 semper.
3043 5053 3356 5149 gratiamin
3387 5075 3530 5134 actio
3565 5082 3681 5144 pura
3708 5053 3841 5119 ωτάίέ

624 5176 696 5216 ne
735 5161 853 5216 sine
876 5160 1095 5219 Christo
1138 5163 1493 5220 inveniretur.
1537 5162 1679 5220 Hinc
1707 5180 1923 5237 quoque
1966 5166 2217 5220 hortatur
2316 5169 2625 5227 humilitate
2663 5146 2943 5227 reddatur.
2977 5146 3133 5240 Quod
3165 5173 3215 5228 si
3245 5172 3489 5229 delectat
3515 5159 3639 5223 tanti
3664 5146 3838 5216 uomit!is

623 5255 918 5326 Apostolus
944 5274 956 5311 :
986 5255 1076 5312 Sic
1105 5257 1301 5312 currite
1322 5267 1378 5312 ut
1398 5259 1865 5330 comprehendatis.
1893 5257 2211 5329 Propterea,
2316 5261 2592 5333 fastigium
2609 5303 2625 5329 ,
2651 5263 2805 5335 virgo
2826 5271 3091 5334 sequatur
3110 5279 3349 5322 necesse
3372 5275 3460 5321 est
3477 5273 3607 5332 Opus
3621 5254 3838 5311 γῑτωωωο

623 5362 839 5419 sponsae
868 5347 1092 5417 Christi,
1119 5350 1480 5421 quodcunque
1505 5351 1665 5424 agitis
1687 5350 1937 5408 Christus
1966 5351 2037 5407 sit
2063 5366 2208 5407 sem-

624 5456 722 5513 per
745 5443 799 5497 iu
826 5458 1015 5509 causa,
1037 5453 1095 5499 ut
1121 5445 1171 5499 ei
1193 5444 1472 5516 placeatis,
1504 5447 1593 5501 cui
1618 5462 1714 5501 vos
1740 5445 1967 5502 vovistis
1989 5445 2042 5517 (Ι
2082 5444 2208 5500 Cor.

625 5548 701 5598 tx,
742 5533 856 5605 26).
887 5533 1333 5607 Quandoquidem
1382 5539 1554 5595 virtus
1594 5540 1878 5610 virginitas
1914 5549 2026 5595 tum
2072 5539 2211 5595 bene

624 5624 917 5684 virtutibus
960 5626 1196 5695 fulcitur,
1251 5630 1295 5685 si
1346 5631 1603 5700 quidquid
1646 5632 1758 5703 agit
1805 5632 1978 5700 virgo,
2025 5646 2211 5687 amore

628 5718 810 5786 sponsi
839 5719 921 5777 sui
952 5722 1007 5778 in
1041 5723 1223 5782 animo
1247 5724 1557 5781 decoratur.
1591 5725 1857 5794 Quoniam
1881 5726 2022 5783 sicut
2046 5738 2209 5781 nemo

2317 5362 2378 5409 ut
2405 5367 2470 5409 ex
2502 5355 2722 5410 nomine
2762 5364 3112 5412 consecretur
3140 5370 3319 5426 opus,
3368 5364 3426 5412 et
3470 5368 3536 5409 ex
3569 5358 3711 5421 opere
3735 5347 3839 5395 ωιτν

2316 5447 2532 5518 pleatur
2556 5461 2776 5505 nomen.
2804 5448 2944 5517 Quia
2974 5460 3085 5506 tam
3128 5466 3404 5524 magnum
3431 5446 3597 5506 voluit
3620 5442 3739 5499 Deus
3756 5439 3839 5487 0559

2317 5538 2520 5595 bonum
2593 5542 2954 5612 virginitatis,
3010 5552 3070 5598 ut
3122 5544 3263 5600 illud
3324 5560 3435 5601 non
3489 5537 3684 5598 aliunde
3722 5538 3838 5599 quam

2317 5649 2384 5688 ex
2411 5634 2674 5691 vocabulo
2704 5637 2992 5693 sortiretur
3034 5639 3284 5695 virtutis.
3336 5632 3662 5711 Virginitatis‘
3694 5621 3841 5697 quivi“

2305 5724 2362 5817 si
2392 5726 2516 5795 quis
2543 5726 2673 5783 velit
2702 5727 3012 5799 diligentius
3057 5731 3421 5787 considerare
3464 5718 3837 5783 vocabulum”x
