4048 6352
138 337 244 399 1001

1033 329 1395 390 EXPOSI’I‘IO
1430 330 1500 387 IN
1536 329 1869 390 PSALMUM
1901 330 2189 389 Χιινρ-
2224 330 2357 388 LIB.
2392 330 2437 387 Ι.

3253 328 3393 386 1002

135 449 328 510 virtutis
355 443 580 503 nomine
608 442 905 500 derivatur.
937 442 1102 516 Virgo
1124 447 1270 500 enim
1294 446 1494 501 dicitur
1529 446 1686 516 quasi
1714 448 1766 509 Α
1794 454 1957 502 tatem
1973 448 2208 503 custodit
2227 447 2518 509 vidualem,
2535 453 2823 518 torumque
2839 446 3245 504 immaculatum
3262 464 3394 505 con-

136 543 325 611 virago;
353 536 653 609 viraginem
699 548 831 589 vero
879 533 1161 605 Scriptura
1198 543 1385 590 sancta
1407 576 1422 600 ,
1470 551 1576 589 non
1625 536 1694 591 ob
1796 535 2055 608 jugalem.
2086 536 2237 593 Unde
2258 538 2311 592 in
2336 538 2439 592 hoc
2458 537 2648 592 eodem
2670 538 2885 592 canitur
2910 538 3123 610 1235
3146 540 3386 609 psalmo:

137 633 259 690 aliud
280 638 523 687 vocatam
548 628 810 693 insinuat,
833 626 938 682 nisi
957 627 1085 697 quia
1106 627 1174 683 de
1196 628 1313 682 viro
1330 636 1553 703 sumpta
1575 637 1690 694 est;

136 732 321 783 constat
340 736 469 777 vero
500 719 727 791 virginis
753 734 950 775 nomen
970 733 1038 774 ex
1065 718 1185 774 viro
1214 718 1559 781 descendere,
1592 719 1694 773 viri

137 825 321 882 autem,
345 812 477 870 nulli
504 813 725 869 dubium
749 811 894 883 quod
915 827 946 867 a
969 811 1169 867 virtute
1189 812 1262 867 sit
1282 812 1509 867 dictum.
1540 810 1696 877 Quod

135 911 255 966 bene
286 922 349 962 ex
377 904 610 963 Genesis
652 904 793 977 (cap.
844 917 922 971 ιι,
972 904 1065 977 25)
1114 905 1426 960 testimonio
1456 918 1699 975 compro.

135 1003 305 1067 batur;
354 1007 411 1055 et
454 986 749 1069 Apostolus
796 996 1077 1068 signanter
1111 996 1460 1052 dc~Ecclesia
1507 996 1697 1052 alludit

136 1093 299 1147 dicens
326 1109 339 1144 :
368 1089 638 1161 Despondi
661 1089 798 1142 enim
821 1104 907 1143 vos
934 1090 1028 1141 uni
1054 1088 1163 1142 viro
1180 1129 1194 1153 ,
1219 1089 1469 1158 virginem
1498 1098 1696 1142 castam

135 1185 349 1241 exhibere
363 1182 572 1238 Christo
590 1181 676 1254 (II
696 1180 820 1236 Cor.
845 1197 925 1246 χι,
944 1181 1025 1253 2).
1052 1180 1189 1249 Quia
1210 1182 1432 1236 omnino
1452 1180 1697 1237 Christus

135 1278 206 1332 vir
235 1275 410 1332 oriens
431 1275 757 1345 appellatur,
783 1287 851 1328 ex
881 1270 1038 1342 cujus
1068 1272 1240 1327 latere
1264 1281 1321 1328 et
1351 1272 1553 1328 virtute
1591 1271 1698 1327 for-

135 1378 291 1426 matur
317 1365 555 1423 Ecclesia
594 1366 645 1420 in
694 1364 799 1421 ﬁde
842 1372 899 1420 et
940 1364 1343 1429 misericordia,
1373 1364 1696 1433 desponsata

131 1460 259 1530 juxta
279 1459 596 1529 prophetam
617 1473 648 1509 a
671 1456 887 1511 Christo
910 1470 1008 1525 per
1032 1454 1377 1510 charitatcm.
1402 1453 1542 1508 Hinc
1562 1471 1696 1524 quo-

134 1569 222 1625 que
245 1550 561 1624 generaliter
586 1536 1195 1617 omnisEcclesia’jure
1239 1547 1426 1617 virgo,
1481 1545 1698 1619 1234

134 1646 242 1715 quia
269 1645 331 1701 de
357 1644 485 1717 viro]
504 1642 723 1699 Christo
755 1639 883 1696 Jesu
912 1649 1128 1710 sumpta
1163 1648 1281 1705 est,
1309 1638 1613 1709 appellatur
1640 1647 1697 1694 et.

134 1751 322 1807 sponsa.
367 1735 731 1806 Quapropter,
767 1750 867 1790 nec
909 1733 1226 1789 seductione
1270 1733 1563 1802 decipitur,
1593 1747 1695 1787 nec

1802 624 1979 680 Astilit
2010 628 2187 697 regina
2232 646 2265 681 α
2296 628 2495 682 dextris
2539 628 2643 682 tuis
2677 629 2731 683 in
2759 631 2942 683 vestitu
2973 631 3258 696 deaurato,
3289 633 3393 687 eir-

1803 718 2050 771 cumdata
2077 719 2343 772 varietate.
2376 718 2510 786 Quia
2544 719 2914 790 unusquisque
2941 720 3236 776 electorum
3262 738 3393 791 pro-

1800 811 1977 878 prium
2010 811 2174 865 habet
2203 812 2403 865 donum
2434 827 2465 865 a
2498 812 2639 878 Deo;
2675 812 2815 867 alius
2855 812 3073 887 quidem
3101 814 3212 881 sic,
3248 815 3390 872 alius

1799 919 1932 958 vero
1960 905 2073 970 sic,
2101 920 2292 959 omnes
2325 913 2506 960 tamen
2552 905 2760 975 pariter
2800 907 2854 960 in
2901 906 3062 962 ﬁnem
3082 948 3096 974 ,
3142 908 3196 963 id
3222 917 3308 965 est
3335 909 3391 965 in

1801 993 2017 1050 Christo
2038 996 2538 1063 commutabuntur,
2562 998 2634 1063 εἰη
2658 998 2856 1068 quibus
2873 997 2988 1071 ipse
3012 998 3309 1070 triumphat
3333 1010 3392 1057 et

1799 1085 1991 1140 vincit.
2018 1086 2086 1140 Et
2109 1087 2230 1142 ideo
2258 1096 2401 1143 totus
2436 1089 2524 1144 hic
2552 1089 2792 1160 psalmus
2819 1105 2883 1146 ac
2904 1092 2950 1146 si
2976 1091 3385 1163 epithalamium

1798 1178 1854 1234 in
1907 1179 2065 1236 laude
2106 1183 2289 1252 sponsi
2338 1198 2403 1238 ac
2450 1198 2661 1254 sponsae
2692 1184 3031 1239 decantatur.
3086 1185 3391 1244 lntroducit

1800 1270 1942 1326 enim
1972 1286 2231 1341 sponsum
2256 1273 2310 1328 in
2332 1274 2520 1329 orbem
2545 1283 2812 1353 terrarum
2829 1315 2845 1340 ,
2872 1285 2929 1330 et
2947 1276 3207 1332 describit
3227 1293 3390 1348 spon-

1798 1376 1913 1417 sam
1945 1363 2102 1418 valde
2137 1365 2457 1435 gloriosam,
2506 1374 2562 1420 et
2593 1366 2905 1422 decoratam
2932 1368 3254 1427 innumeris
3285 1387 3386 1425 va-

1798 1454 2050 1510 rietatum
2081 1457 2372 1513 virtutibus
2393 1500 2406 1524 ,
2438 1474 2600 1528 quam
2646 1460 2811 1514 etiam
2856 1461 2909 1514 in
2958 1458 3075 1530 ejus
3106 1464 3387 1521 dexteram

1798 1554 1983 1602 astare
2006 1556 2251 1604 testatur.
2278 1548 2488 1605 Idcirco
2510 1550 2635 1606 hinc
2655 1551 2779 1607 inde
2798 1552 2974 1608 dulcia
2991 1555 3105 1610 suis
3131 1555 3388 1626 frequen-

1798 1646 1875 1692 tat
1897 1641 2108 1695 cantica
2134 1642 2398 1697 dramatis
2417 1682 2432 1707 ,
2462 1652 2519 1697 et
2547 1659 2692 1699 nunc
2721 1661 2918 1716 sponso
2936 1689 2949 1713 ,
2978 1664 3124 1703 nunc
3148 1664 3383 1720 sponsae,

1798 1730 1953 1784 miris
1983 1740 2216 1785 exornat
2244 1733 2297 1786 in
2326 1731 2475 1787 brevi
2508 1734 2787 1801 laudibus,
2821 1752 2983 1805 quam
3015 1737 3220 1794 foedere
3247 1755 3384 1795 con-

133 1827 356 1883 violentia
388 1827 628 1882 vincitur
669 1824 973 1881 confortata
1019 1825 1075 1879 in
1114 1823 1364 1891 Christo;
1415 1839 1518 1879 nec
1562 1824 1685 1879 ullis
1713 1813 1963 1891 Bjungit
2021 1822 2366 1892 nuptiarum,
2438 1824 2714 1894 castisque
2787 1829 3063 1883 connectit
3113 1830 3383 1899 amplexi-

132 1919 542 1991 persecutionum
570 1917 858 1989 generibus
888 1925 1199 1987 superatur,
1224 1916 1353 1986 quia
1385 1916 1438 1969 in
1477 1915 1583 1970 ﬁde
1610 1914 1697 1969 in-

133 2021 277 2068 ternae
318 2011 649 2083 virginitatis
677 2010 876 2064 virtute
914 2008 1156 2065 fulcitur.
1190 2008 1267 2062 De
1309 2024 1415 2077 qua
1446 2006 1614 2061 Isaias
1644 2007 1698 2061 in

131 2118 334 2176 persona
380 2102 627 2158 Christi:
663 2100 936 2155 Habitabit
971 2099 1179 2170 juvenis
1221 2115 1338 2153 cum
1380 2101 1611 2169 virgine,
1649 2107 1697 2153 et

129 2195 408 2249 habitabant
430 2194 487 2249 in
509 2203 558 2248 te
577 2192 677 2263 filii
701 2192 777 2247 tui
800 2191 940 2263 (Isa.
972 2208 1108 2257 LXII,
1134 2192 1190 2256 5,
1215 2191 1296 2263 6).
1329 2191 1397 2246 Et
1428 2201 1487 2245 ut
1516 2198 1698 2245 osten-
1734 2230 1738 2241 .

130 2284 269 2339 deret
305 2284 554 2354 juvenem
586 2298 846 2353 sponsum
882 2297 1034 2346 esse,
1061 2290 1224 2353 atque
1247 2282 1512 2354 virginem
1537 2295 1698 2351 spon-

127 2390 252 2439 sam,
272 2382 485 2430 secutus
505 2374 754 2446 adjulxit
774 2373 961 2429 dicens
987 2392 999 2425 :
1021 2372 1063 2428 ϐ
1070 2374 1279 2428 audebit
1301 2389 1521 2443 sponsus
1543 2388 1698 2443 super
1734 2422 1735 2427 η

128 2483 350 2535 sponsam
379 2476 426 2520 et
452 2465 698 2537 gaudebit
718 2482 877 2536 super
897 2474 946 2519 te
970 2464 1113 2519 Deus
1136 2474 1277 2520 tuus.
1306 2463 1433 2519 Haec
1459 2478 1696 2535 namque

128 2560 258 2632 virgo
294 2566 470 2614 mater
511 2566 628 2623 est,
656 2558 741 2613 cui
787 2558 984 2614 dicitur
1022 2575 1035 2611 :
1069 2556 1396 2612 Habitabant
1429 2557 1485 2610 in
1522 2566 1570 2611 te
1595 2556 1697 2624 ﬁlii

129 2650 210 2702 uti.
240 2648 304 2703 Et
327 2649 446 2703 haec
481 2656 658 2703 mater
684 2648 838 2719 virgo
860 2657 945 2704 est
975 2647 1042 2703 de
1062 2662 1168 2718 qua
1218 2647 1418 2703 dicitur
1450 2664 1465 2702 :
1498 2645 1567 2700 Et
1594 2647 1695 2700 Ita-
1728 2701 1733 2705 _

130 2739 285 2794 bitabit
312 2741 531 2812 juvenis
565 2756 683 2794 cum
715 2739 931 2811 virgine.
974 2738 1102 2795 Haec
1148 2740 1303 2811 virgo
1345 2753 1544 2809 sponsa
1577 2746 1691 2804 est,

128 2830 185 2884 de
202 2846 297 2900 qua
317 2830 554 2886 dicitur:
578 2829 647 2884 Et
670 2831 913 2902 gaudebit
932 2847 1090 2902 super
1109 2847 1356 2904 sponsam
1375 2848 1547 2886 suam.
1568 2829 1696 2885 Haec

127 2931 199 2976 est
218 2922 382 2996 igitur
411 2920 657 2978 Ecclesia
686 2936 793 2977 una
822 2930 879 2978 et
905 2922 1148 2994 perfecta
1169 2923 1421 2979 columba
1448 2922 1580 2988 Dei,
1602 2937 1694 2976 ve-

128 3028 273 3085 raque
310 3013 583 3071 catholica
615 3022 811 3082 mater,
857 3023 913 3071 et
956 3030 1187 3086 sponsa,
1217 3024 1275 3072 et
1302 3015 1474 3086 virgo.
1501 3014 1692 3079 Mater,

128 3105 233 3172 quia
254 3113 513 3177 generat;
537 3107 711 3177 virgo,
737 3105 865 3176 quia
890 3106 995 3161 ﬁde
1021 3107 1331 3177 incorrupta
1358 3113 1689 3177 perseverat.

1798 1910 1918 1964 bus.

1868 2001 2228 2058 Commendat
2258 2012 2439 2059 autem
2469 2007 2703 2077 primum
2733 2007 2939 2065 Christi
2968 2012 3197 2082 gratiam
3229 2014 3284 2069 in
3314 2016 3384 2069 ti-

1799 2090 1910 2146 tulo
1932 2131 1947 2157 ,
1966 2099 2027 2146 ut
2052 2101 2222 2148 totum
2247 2110 2447 2165 sponso
2468 2098 2629 2167 capiti
2654 2099 2941 2166 tribuatur,
2962 2102 3223 2174 quidquid
3243 2119 3385 2174 prae-

1798 2185 2011 2240 dicatur
2041 2187 2095 2241 in
2125 2202 2355 2258 corpore
2404 2190 2741 2257 honestatis,
2792 2195 3049 2263 quoniam
3096 2196 3265 2265 ipsius
3305 2206 3389 2253 est

1796 2276 1951 2344 laus,
1981 2280 2123 2349 quod
2153 2282 2382 2336 contulit
2410 2298 2622 2353 sponsae
2660 2287 2828 2356 gratis
2875 2287 3046 2357 ipsius
3092 2290 3283 2346 virtus.
3318 2291 3389 2346 Et

1797 2370 1979 2424 omnia
2007 2386 2127 2440 qua:
2154 2387 2220 2426 ex
2251 2388 2313 2427 ea
2341 2373 2577 2443 gloriosa
2603 2375 2877 2443 dicuntur,
2905 2377 3022 2446 ejus
3044 2390 3171 2435 sunt
3197 2398 3386 2438 mune-

1798 2459 1875 2513 ris
1905 2459 2065 2514 dona.
2110 2460 2261 2516 Unde
2297 2463 2543 2519 dicamus
2589 2480 2809 2532 omnes,
2858 2468 3104 2524 dicamus
3129 2470 3326 2542 singuli
3369 2491 3385 2527 :

1800 2546 1925 2604 Non
1947 2551 2127 2616 nobis,
2173 2551 2431 2619 Domine,
2461 2570 2565 2609 non
2608 2557 2789 2621 nobis,
2832 2558 2924 2612 sed
2953 2559 3154 2615 nomini
3181 2571 3271 2615 tuo
3311 2563 3384 2617 da

1796 2642 2021 2713 gloriam
2049 2642 2221 2714 (Psal.
2251 2660 2383 2701 cxut
2403 2687 2418 2713 ,
2453 2647 2529 2719 l).
2560 2647 2811 2705 Profecto
2830 2652 2957 2721 quia
2977 2653 3214 2723 gratuita
3246 2644 3386 2711 sem-

1795 2748 1896 2804 per
1919 2734 2037 2804 ejus
2063 2744 2147 2791 est
2174 2745 2364 2793 sancta
2403 2737 2617 2811 largitio
2638 2781 2653 2806 ,
2681 2756 2748 2796 eo
2776 2744 2919 2812 quod
2948 2745 3174 2801 humani
3201 2748 3382 2804 meriti

1798 2825 1942 2880 nulla
1975 2842 2211 2897 unquam
2236 2830 2497 2899 praecedit
2539 2833 2777 2888 exactio.
2806 2833 2944 2902 Quia
2969 2845 3025 2892 et
3057 2837 3101 2892 si
3130 2840 3275 2909 quod
3303 2850 3387 2896 est
3422 2909 3426 2914 ‘

1797 2917 1999 2972 bonum
2032 2917 2321 2989 cujuslibet
2344 2921 2584 2978 hominis
2611 2924 2897 2992 meritum,
2928 2926 2998 2982 ab
3038 2928 3157 3000 ipso
3199 2930 3390 3001 utique

1797 3020 1883 3065 est
1898 3050 1913 3076 ,
1943 3026 1981 3065 a
1997 3026 2106 3081 quo
2131 3020 2217 3067 est
2241 3028 2392 3067 omne
2419 3012 2604 3068 datum
2624 3018 2876 3087 optimum
2894 3058 2910 3085 ,
2939 3028 2986 3074 et
3014 3038 3166 3077 omne
3189 3023 3388 3079 donum

1795 3100 2082 3171 perfectum
2110 3101 2250 3173 (Jac.
2284 3118 2324 3168 ι,
2343 3103 2433 3170 17)
2456 3120 2469 3156 :
2490 3105 2634 3174 quod
2662 3120 2761 3161 nec
2783 3106 2985 3165 habere
3007 3120 3182 3181 potest
3204 3112 3385 3178 homo,

126 3196 219 3255 Nec
260 3200 410 3256 enim
457 3199 786 3255 fecunditate
831 3199 1117 3270 virginitas
1157 3200 1545 3270 corrumpitur,
1591 3213 1693 3253 nec
1719 3188 1771 3253 C
1797 3192 1904 3247 nisi
1935 3191 2099 3247 fuerit
2148 3194 2368 3261 datum,
2406 3208 2506 3250 nec
2552 3209 2968 3266 perseveranter
3013 3201 3242 3268 habere,
3275 3205 3382 3260 nisi

126 3290 417 3361 virginitate
465 3290 767 3346 fecunditas
812 3290 1121 3360 impeditur.
1168 3290 1299 3346 Tale
1343 3305 1576 3361 namque
1609 3298 1696 3346 est
1798 3286 1865 3339 ab
1894 3286 2010 3356 ipso
2038 3285 2202 3342 fuerit
2230 3288 2581 3342 custoditum.
2617 3287 2750 3345 Hinc
2777 3306 2991 3362 quoque
3035 3303 3266 3367 etgego,
3294 3312 3384 3352 ve-

126 3383 260 3439 istius
292 3383 522 3455 virginis
541 3385 892 3449 connubium,
914 3393 973 3439 ut
992 3385 1114 3441 ideo
1138 3383 1466 3441 fecundatur
1496 3386 1565 3440 ab
1588 3386 1694 3439 hoc
1797 3377 1929 3431 stris
1954 3377 2272 3447 juvantibus
2301 3379 2540 3441 meritis,
2578 3379 2648 3435 ab
2678 3380 2794 3450 ipso
2824 3397 3006 3453 posco,
3040 3385 3195 3441 vobis
3222 3386 3383 3458 digne

124 3473 225 3529 viro
251 3475 539 3546 virginitas
556 3514 573 3541 ,
612 3474 739 3545 quia
767 3475 822 3528 in
853 3475 956 3529 hoc
984 3475 1253 3530 connubio
1277 3474 1425 3529 nulla
1455 3488 1694 3543 unquam
1796 3466 2026 3522 reddere
2049 3483 2241 3537 queam
2267 3468 2428 3537 hujus
2452 3468 2619 3524 debiti
2653 3467 3038 3539 facultatem,'a
3059 3488 3167 3542 quo
3194 3476 3382 3545 accepi

122 3573 282 3632 potest
304 3580 431 3621 esse
453 3566 759 3636 corruptio,
789 3573 845 3621 et
871 3560 1020 3621 tanta
1047 3566 1100 3621 in
1132 3567 1237 3623 hac
1266 3574 1440 3622 matre
1468 3565 1692 3635 virgini-
1721 3637 1730 3649 η
1796 3566 2054 3622 reddendi
2076 3567 2429 3621 voluntatem.
2466 3567 2653 3639 Neque
2678 3568 2823 3626 enim
2847 3573 3070 3629 reddere
3103 3576 3307 3630 vestris
3327 3577 3381 3632 in

125 3663 223 3723 tas,
246 3665 567 3729 perseverat
609 3665 667 3713 et
709 3658 1029 3730 integritas,
1062 3666 1124 3713 ut
1151 3658 1255 3714 nisi
1283 3658 1437 3729 virgo
1480 3670 1695 3726 semper
1796 3673 1886 3714 me
1926 3658 2354 3728 praecedentibus
2382 3659 2590 3715 meritis
2621 3660 2725 3716 ista
2760 3662 2953 3718 vellem
2974 3704 2989 3729 ,
3022 3664 3129 3720 nisi
3163 3666 3378 3722 miseri-

123 3760 282 3817 esset,
316 3758 497 3806 mater
523 3736 645 3807 esse
673 3765 783 3806 non
811 3760 1016 3822 posset.
1054 3750 1134 3806 Ac
1158 3741 1448 3822 propterea
1476 3749 1696 3820 spirita-
1797 3764 1922 3806 cors
1949 3750 2064 3821 ipse
2092 3750 2321 3806 donaret
2367 3758 2428 3805 ut
2469 3750 2685 3807 vellem.
2720 3753 2872 3810 Unde
2918 3755 2964 3810 si
3000 3757 3129 3825 quid
3177 3759 3233 3813 in
3280 3760 3387 3817 hoc

123 3838 231 3896 liter
258 3856 474 3911 semper
503 3840 693 3907 floret,
720 3841 847 3911 quia
877 3855 1093 3911 semper
1121 3840 1331 3896 fructus
1358 3845 1612 3910 generat,
1640 3846 1697 3894 et
1797 3856 1961 3911 opere
1990 3842 2180 3897 dixem
2197 3882 2212 3907 ,
2240 3842 2382 3912 quod
2404 3842 2616 3912 placeat
2639 3858 2707 3899 ex
2736 3845 2841 3902 hoc
2865 3854 2922 3902 et
2945 3847 3178 3903 sulliciat
3196 3852 3350 3908 vobis
3368 3893 3385 3919 ,

121 3948 228 3988 cum
253 3950 451 4005 parere
493 3934 753 4000 desierit,
808 3935 925 4005 ipsa
969 3933 1070 3989 llos
1130 3942 1186 3988 et
1231 3930 1440 3987 fructus
1481 3944 1696 4000 semper
1732 3994 1737 4005 λ
1797 3931 1909 3987 imo
1930 3932 2143 4004 placeat
2176 3940 2232 3987 et
2262 3932 2433 4002 prosit
2479 3943 2669 3991 sancto
2706 3936 2976 3994 desiderio
3006 3948 3190 3995 vestro
3211 3957 3237 4007 ;›
3273 3956 3382 3998 non

122 4028 232 4082 erit.
267 4029 479 4085 Idcirco
511 4028 705 4084 victori
735 4027 955 4085 Christo
1002 4026 1310 4098 triumphus
1355 4025 1568 4081 canitur
1595 4040 1695 4096 pro
1799 4022 1905 4078 erit
1932 4022 2260 4093 insipientize
2289 4038 2426 4091 mea:
2452 4024 2660 4091 virtus,
2687 4027 2783 4082 sed
2813 4027 3009 4084 divinm
3050 4028 3385 4088 suﬁicientiae

120 4118 328 4176 floribus
354 4129 451 4175 aut
478 4135 581 4191 pro
625 4121 711 4176 his
752 4122 845 4192 qui
873 4121 1372 4178 commutabuntur.
1419 4118 1557 4186 Quia
1602 4118 1696 4188 qui
1797 4114 2029 4170 fructus.
2054 4113 2211 4169 Sicut
2231 4128 2263 4170 e
2283 4116 2589 4180 contrario,
2622 4116 2668 4171 si
2691 4118 2820 4187 quid
2841 4119 3029 4176 dixero
3054 4120 3217 4188 forte,
3240 4124 3384 4193 quod

122 4212 610 4279 commutabantur,
663 4212 928 4270 ﬂorebunt
970 4213 1117 4269 sicut
1156 4211 1354 4268 cedrus
1401 4210 1593 4266 Libani
1640 4209 1696 4265 in
1797 4222 1903 4264 nec
1930 4208 2212 4275 subicere,
2239 4223 2341 4264 nec
2383 4210 2641 4280 prodesse
2671 4221 2863 4269 sancto
2897 4215 3070 4284 possit
3114 4218 3385 4274 desiderio

119 4304 258 4361 atriis
284 4305 542 4371 Domini,
566 4306 709 4361 unde
740 4306 936 4362 dicitur
967 4324 981 4359 :
1013 4304 1201 4361 Justus
1230 4314 1287 4359 ut
1319 4303 1498 4375 palma
1540 4304 1699 4374 ﬂore-
1797 4306 2014 4366 vestro,
2051 4313 2159 4355 non
2187 4299 2292 4355 erit
2321 4299 2515 4357 divina:
2556 4302 2893 4369 sufﬁcientia:
2917 4306 3218 4365 exiuanitio
3237 4312 3381 4374 ,,sed

121 4390 201 4458 bit,
221 4395 356 4451 sicut
379 4395 567 4450 cedrus
588 4392 775 4450 Libani
796 4394 1234 4465 multiplicabitur
1253 4393 1426 4466 (Psal.
1450 4408 1559 4461 scr,
1585 4393 1694 4465 l5).
1800 4388 2127 4460 insipientias
2151 4405 2287 4446 meae
2303 4392 2675 4461 reprehensio.
2694 4394 2926 4453 Proinde
2945 4398 3189 4455 charitas
3205 4410 3384 4457 vestra

118 4490 381 4559 Quoniam
409 4496 653 4551 omnium
701 4495 997 4551 electorum
1034 4495 1238 4561 virtus,
1269 4494 1576 4564 triumphus
1609 4500 1769 4564 est_
1801 4480 1882 4537 δίο
1943 4488 2231 4552 utrumque
2296 4490 2589 4554 ιθῐηρθτθις
2667 4500 2776 4541 ιιοη
2833 4488 3015 4544 minus
3088 4490 3144 4544 in
3226 4493 3387 4548 vobis

120 4580 430 4661 salvatoris.
460 4584 568 4654 Qui
594 4585 946 4656 triumphavit
987 4586 1041 4641 in
1088 4586 1376 4652 omnibus,
1417 4592 1473 4641 et
1519 4585 1695 4642 victor

116 4677 332 4733 exstitit.
353 4675 497 4732 Hinc
517 4692 733 4747 quoque
750 4677 864 4747 ipse
885 4677 961 4732 ait
985 4694 999 4730 :
1027 4676 1309 4746 Conﬁdite,
1335 4676 1459 4748 quia
1485 4693 1579 4748 ego
1594 4676 1693 4731 vici

114 4766 364 4821 mundum
393 4765 578 4839 (Joan.
608 4781 700 4821 xvi
721 4807 737 4832 ,
763 4765 878 4839 35).
910 4765 1142 4821 Maxime
1186 4775 1366 4822 tamen
1401 4766 1455 4821 in
1501 4766 1694 4837 praeci-

112 4857 223 4924 puis
245 4857 514 4914 Ecclesiic
535 4857 821 4925 membris;
839 4858 964 4927 quia
986 4873 1091 4913 non
1107 4858 1286 4913 minus
1301 4856 1355 4911 in
1373 4856 1694 4928 virginibus,

114 4961 266 5015 quam
296 4950 360 5005 in
387 4948 720 5021 martyribus
740 4948 990 5005 Christus
1011 4949 1184 5005 victor
1204 4963 1326 5004 esse
1346 4948 1603 5004 creditur.
1630 4948 1699 5003 Et

112 5037 226 5096 ideo
250 5056 390 5098 cum
419 5040 476 5096 in
506 5040 736 5097 diversis
774 5041 1052 5098 distribuit
1096 5040 1359 5096 membris
1386 5042 1498 5098 suis
1526 5041 1697 5096 dona-
1734 5066 1737 5067 ν

112 5132 281 5191 tiones
307 5135 619 5191 secundum
645 5133 877 5205 gratiam
894 5173 910 5199 ,
932 5147 1056 5204 quae
1081 5133 1203 5189 data
1220 5128 1311 5188 est
1329 5132 1695 5189 credentibus.
1738 5184 1741 5189 .

108 5224 378 5294 majorem
414 5220 594 5281 tamen
632 5224 936 5280 donationis
960 5225 1197 5296 gratiam
1236 5223 1291 5279 in
1320 5223 1424 5278 illis
1445 5222 1701 5279 Ecclesia:
1736 5288 1740 5292 Α

108 5317 374 5372 membris
399 5315 527 5383 dat,
551 5315 608 5372 in
629 5312 828 5386 quibus
852 5317 970 5386 ipsa
996 5315 1314 5387 spiritaliter
1337 5315 1412 5370 ita
1437 5315 1591 5383 virgo
1616 5315 1699 5370 di-

106 5403 268 5472 citur,
298 5414 369 5461 ut
404 5404 574 5461 etiam
600 5421 877 5476 corporeae
900 5406 1224 5477 virginitatis
1270 5405 1580 5476 integritate
1604 5419 1700 5474 po-

107 5495 297 5551 tiatur.
339 5495 485 5553 Nam
515 5512 615 5568 pro
644 5486 874 5554 diversis
918 5498 1284 5553 membrorum
1315 5496 1623 5561 ordinibus,
1646 5504 1703 5550 et

104 5586 385 5643 varietate
405 5586 667 5643 virtutum
687 5589 985 5644 secundum
1002 5586 1422 5644 ﬁdei-catholica:
1434 5587 1697 5658 regulam,

102 5676 296 5735 multis
341 5679 600 5736 decorata
630 5681 944 5752 speciebus,
974 5689 1119 5736 recte
1162 5682 1315 5736 varia
1356 5678 1699 5751 praedicatur,

84 5780 224 5826 ,σαεξ
249 5769 590 5842 pudicitiam,
604 5771 660 5828 in
687 5770 938 5830 omnibus
959 5781 1142 5828 servat
1161 5771 1481 5843 virginalem
1499 5812 1513 5838 ,
1538 5771 1702 5827 casti-

445 5862 723 5926 Ps'rnoc.
763 5864 958 5925 CXX.

1802 4590 1968 4646 quam
1996 4575 2051 4630 in
2097 4590 2216 4643 me,
2243 4584 2304 4632 ut
2346 4584 2401 4630 et
2448 4578 2732 4648 prudentia
2783 4591 2966 4639 vestra
3010 4586 3066 4640 in
3128 4588 3382 4642 omnibus

1802 4666 1901 4723 Dei
1924 4665 2187 4722 beneﬁcia
2215 4666 2491 4737 humiliter
2517 4680 2808 4741 agnoscat,
2834 4681 2892 4729 et
2917 4676 3178 4747 quidquid
3203 4679 3385 4735 minus

1802 4755 1968 4812 fuerit
1992 4757 2051 4812 in
2073 4757 2325 4827 eloquio,
2356 4759 2597 4817 charitas
2629 4763 2896 4833 patienter
2937 4767 3199 4839 ignoscat.
3236 4768 3383 4838 Quia

1804 4850 2035 4906 obscura
2068 4858 2194 4905 sunt
2219 4866 2341 4920 quae
2368 4852 2686 4911 disserimus
2705 4896 2721 4921 ,
2747 4866 2803 4912 et
2826 4858 3090 4916 altissima
3114 4876 3237 4934 quae
3259 4877 3387 4933 pro-

1802 4940 2075 5012 ponimus.
2119 4941 2335 5015 1236
2366 4942 2507 4999 Hinc
2548 4954 2634 5001 est
2660 4949 2805 5017 quod
2833 4950 3078 5021 sequitur
3103 4951 3158 5007 in
3189 4952 3345 5009 titulo
3367 4995 3383 5020 ,

1801 5031 2036 5102 ﬁliorum
2083 5031 2251 5088 Chore
2296 5034 2663 5108 intelligentia.
2707 5039 2962 5112 Alioquin
3004 5044 3110 5101 nisi
3150 5046 3383 5102 obscura

1803 5133 2018 5191 essent,
2047 5140 2390 5198 nequaquam
2419 5131 2522 5186 sub
2542 5130 2900 5202 intelligentia
2926 5134 3161 5192 ﬁliorum
3180 5135 3382 5205 Cbore,

1802 5217 2042 5290 psalmus
2085 5220 2154 5274 ab
2199 5220 2451 5277 omnibus
2513 5221 2899 5295 interpretibus
2942 5234 3052 5281 tam
3097 5226 3386 5299 diligenter

1804 5310 2296 5377 commendaretur,
2325 5313 2498 5384 utqui
2519 5314 2673 5370 habet
2697 5332 2851 5370 aures
2882 5316 3135 5372 audiendi
3168 5319 3375 5375 audiat.

1806 5399 2124 5472 Ubicunque
2143 5404 2286 5458 enim
2314 5404 2370 5458 in
2395 5400 2693 5476 Scripturis
2717 5407 2891 5463 sacris
2908 5392 3260 5481 intelligentia
3296 5426 3382 5467 re-

1806 5492 2055 5562 quiritur,
2086 5509 2195 5549 non
2220 5494 2434 5549 carnale
2459 5495 2660 5565 aliquid
2685 5505 2780 5551 aut
2802 5506 3078 5555 terrenum
3099 5540 3116 5567 ,
3144 5502 3240 5556 sed
3267 5504 3382 5573 spi-

1804 5588 1962 5645 ritale
1986 5595 2156 5643 totum
2185 5597 2346 5657 atque
2376 5602 2635 5642 arcanum
2664 5587 2924 5645 divinitus
2945 5594 3378 5649 commendatur.

1806 5680 1944 5737 Hinc
1971 5689 2025 5736 et
2055 5683 2107 5734 in
2140 5680 2247 5735 alio
2269 5678 2477 5750 psalmo
2506 5698 2518 5733 :
2552 5679 2681 5745 Quis
2705 5683 2913 5752 sapiens
2936 5725 2950 5748 ,
2976 5685 3180 5755 inquit,
3210 5697 3259 5741 et
3287 5704 3383 5742 cu-

1805 5771 1989 5827 stodiet
2013 5773 2145 5838 haec,
2160 5780 2209 5826 et
2227 5770 2477 5841 intelliget
2502 5772 2890 5828 misericordias
2920 5774 3174 5833 Domini?
3203 5777 3381 5849 (Psal.
