  <div class='ocr_page' id='page_1' title='image "/cluster/home/n/w/nwhite01/storage/ocr_20150623/120/hvd.32044015466923/508.png"; bbox 0 0 4048 6352; ppageno 0'>
   <div class='ocr_carea' id='block_1_1' title="bbox 161 316 3475 413">
    <p class='ocr_par' dir='ltr' id='par_1_1' title="bbox 161 316 3475 413">
     <span class='ocr_line' id='line_1_1' title="bbox 161 316 3475 413; baseline -0.006 -7"><span class='ocrx_word' id='word_1_1' title='bbox 161 345 299 407; x_wconf 67' lang='lat' dir='ltr'><strong>ams</strong></span> <span class='ocrx_word' id='word_1_2' title='bbox 1086 339 1453 400; x_wconf 72' lang='lat' dir='ltr'><strong>exeosmo</strong></span> <span class='ocrx_word' id='word_1_3' title='bbox 1491 338 1557 397; x_wconf 79' lang='lat' dir='ltr'><strong>IN</strong></span> <span class='ocrx_word' id='word_1_4' title='bbox 1594 316 1925 399; x_wconf 60' lang='lat' dir='ltr'><strong>p‘s&#39;ALuuu</strong></span> <span class='ocrx_word' id='word_1_5' title='bbox 1961 337 2149 413; x_wconf 68' lang='lat' dir='ltr'><strong>XLIV.</strong></span> <span class='ocrx_word' id='word_1_6' title='bbox 2187 367 2255 380; x_wconf 89' lang='grc'><strong>--</strong></span> <span class='ocrx_word' id='word_1_7' title='bbox 2293 337 2428 403; x_wconf 77' lang='grc' dir='ltr'><strong>ω.</strong></span> <span class='ocrx_word' id='word_1_8' title='bbox 2461 338 2506 395; x_wconf 93' lang='grc' dir='ltr'>ι.</span> <span class='ocrx_word' id='word_1_9' title='bbox 3289 337 3426 396; x_wconf 75' lang='grc' dir='ltr'><strong>ιοοθ</strong></span> <span class='ocrx_word' id='word_1_10' title='bbox 3460 384 3475 407; x_wconf 69' lang='lat'>_</span> 
     </span>
    </p>
   </div>
   <div class='ocr_carea' id='block_1_2' title="bbox 159 432 3473 526">
    <p class='ocr_par' dir='ltr' id='par_1_2' title="bbox 159 432 3473 526">
     <span class='ocr_line' id='line_1_2' title="bbox 159 432 3473 526; baseline -0.003 -8"><span class='ocrx_word' id='word_1_11' title='bbox 159 462 358 517; x_wconf 86' lang='lat' dir='ltr'><strong>tuitate</strong></span> <span class='ocrx_word' id='word_1_12' title='bbox 383 465 613 526; x_wconf 70' lang='lat' dir='ltr'><strong>retenta,</strong></span> <span class='ocrx_word' id='word_1_13' title='bbox 638 457 732 513; x_wconf 85' lang='lat' dir='ltr'><strong>ubi</strong></span> <span class='ocrx_word' id='word_1_14' title='bbox 758 456 912 512; x_wconf 84' lang='lat' dir='ltr'><strong>stella</strong></span> <span class='ocrx_word' id='word_1_15' title='bbox 936 472 971 510; x_wconf 76' lang='grc' dir='ltr'>α</span> <span class='ocrx_word' id='word_1_16' title='bbox 998 455 1150 511; x_wconf 87' lang='lat' dir='ltr'><strong>stella</strong></span> <span class='ocrx_word' id='word_1_17' title='bbox 1181 432 1375 525; x_wconf 44' lang='lat' dir='ltr'><strong>&#39;di/rert</strong></span> <span class='ocrx_word' id='word_1_18' title='bbox 1406 456 1464 508; x_wconf 84' lang='lat' dir='ltr'><strong>in</strong></span> <span class='ocrx_word' id='word_1_19' title='bbox 1505 452 1744 509; x_wconf 74' lang='lat' dir='ltr'><strong>claritate</strong></span> <span class='ocrx_word' id='word_1_20' title='bbox 1771 460 1819 518; x_wconf 79' lang='grc' dir='ltr'><strong>Α</strong></span> <span class='ocrx_word' id='word_1_21' title='bbox 1845 452 1961 523; x_wconf 84' lang='lat' dir='ltr'><strong>agri</strong></span> <span class='ocrx_word' id='word_1_22' title='bbox 1989 450 2150 509; x_wconf 89' lang='lat' dir='ltr'><strong>ﬂores</strong></span> <span class='ocrx_word' id='word_1_23' title='bbox 2174 467 2240 510; x_wconf 90' lang='lat' dir='ltr'><strong>ac</strong></span> <span class='ocrx_word' id='word_1_24' title='bbox 2256 432 2514 518; x_wconf 70' lang='lat' dir='ltr'><strong>tructum,</strong></span> <span class='ocrx_word' id='word_1_25' title='bbox 2547 450 2615 513; x_wconf 87' lang='lat' dir='ltr'><strong>de</strong></span> <span class='ocrx_word' id='word_1_26' title='bbox 2642 466 2751 523; x_wconf 91' lang='lat' dir='ltr'><strong>quo</strong></span> <span class='ocrx_word' id='word_1_27' title='bbox 2768 459 2915 507; x_wconf 87' lang='lat' dir='ltr'><strong>tanta</strong></span> <span class='ocrx_word' id='word_1_28' title='bbox 2937 452 3291 521; x_wconf 85' lang='lat' dir='ltr'><strong>odoramenta</strong></span> <span class='ocrx_word' id='word_1_29' title='bbox 3318 458 3428 514; x_wconf 77' lang='lat' dir='ltr'><strong>vir-</strong></span> <span class='ocrx_word' id='word_1_30' title='bbox 3468 518 3473 523; x_wconf 37' lang='grc'><strong>,</strong></span> 
     </span>
    </p>
   </div>
   <div class='ocr_carea' id='block_1_3' title="bbox 159 541 3425 625">
    <p class='ocr_par' dir='ltr' id='par_1_3' title="bbox 159 541 3425 625">
     <span class='ocr_line' id='line_1_3' title="bbox 159 541 3425 625; baseline -0.001 -18"><span class='ocrx_word' id='word_1_31' title='bbox 159 553 213 625; x_wconf 83' lang='grc'><strong>(1</strong></span> <span class='ocrx_word' id='word_1_32' title='bbox 254 551 383 607; x_wconf 85' lang='lat' dir='ltr'><strong>Cor.</strong></span> <span class='ocrx_word' id='word_1_33' title='bbox 414 566 507 617; x_wconf 76' lang='lat' dir='ltr'><strong>xv,</strong></span> <span class='ocrx_word' id='word_1_34' title='bbox 526 550 643 622; x_wconf 72' lang='grc'><strong>41).</strong></span> <span class='ocrx_word' id='word_1_35' title='bbox 693 548 846 604; x_wconf 84' lang='lat' dir='ltr'><strong>Unde</strong></span> <span class='ocrx_word' id='word_1_36' title='bbox 890 557 945 603; x_wconf 89' lang='lat' dir='ltr'><strong>et</strong></span> <span class='ocrx_word' id='word_1_37' title='bbox 972 546 1061 602; x_wconf 90' lang='lat' dir='ltr'><strong>hic</strong></span> <span class='ocrx_word' id='word_1_38' title='bbox 1103 545 1302 601; x_wconf 89' lang='lat' dir='ltr'><strong>dicitur</strong></span> <span class='ocrx_word' id='word_1_39' title='bbox 1349 563 1364 600; x_wconf 90' lang='lat'><strong>:</strong></span> <span class='ocrx_word' id='word_1_40' title='bbox 1408 542 1519 599; x_wconf 85' lang='lat' dir='ltr'><strong>Pro</strong></span> <span class='ocrx_word' id='word_1_41' title='bbox 1549 544 1630 599; x_wconf 86' lang='lat' dir='ltr'><strong>ln&#39;s</strong></span> <span class='ocrx_word' id='word_1_42' title='bbox 1655 544 1746 614; x_wconf 86' lang='lat' dir='ltr'><strong>qui</strong></span> <span class='ocrx_word' id='word_1_43' title='bbox 1789 600 1797 605; x_wconf 59' lang='grc'><strong>,</strong></span> <span class='ocrx_word' id='word_1_44' title='bbox 1852 551 2024 600; x_wconf 90' lang='lat' dir='ltr'><strong>tutum</strong></span> <span class='ocrx_word' id='word_1_45' title='bbox 2053 542 2286 616; x_wconf 85' lang='lat' dir='ltr'><strong>fragant,</strong></span> <span class='ocrx_word' id='word_1_46' title='bbox 2314 544 2432 616; x_wconf 90' lang='lat' dir='ltr'><strong>ipse</strong></span> <span class='ocrx_word' id='word_1_47' title='bbox 2466 557 2565 613; x_wconf 90' lang='lat' dir='ltr'><strong>per</strong></span> <span class='ocrx_word' id='word_1_48' title='bbox 2591 557 2651 599; x_wconf 88' lang='lat' dir='ltr'><strong>se</strong></span> <span class='ocrx_word' id='word_1_49' title='bbox 2671 541 2829 614; x_wconf 78' lang='lat' dir='ltr'><strong>juxta</strong></span> <span class='ocrx_word' id='word_1_50' title='bbox 2869 543 3150 600; x_wconf 92' lang='lat' dir='ltr'><strong>electionis</strong></span> <span class='ocrx_word' id='word_1_51' title='bbox 3191 548 3425 617; x_wconf 90' lang='lat' dir='ltr'><strong>gratiam</strong></span> 
     </span>
    </p>
   </div>
   <div class='ocr_carea' id='block_1_4' title="bbox 156 637 3427 713">
    <p class='ocr_par' dir='ltr' id='par_1_4' title="bbox 156 637 3427 713">
     <span class='ocr_line' id='line_1_4' title="bbox 156 637 3427 713; baseline -0 -15"><span class='ocrx_word' id='word_1_52' title='bbox 156 643 643 706; x_wconf 76' lang='lat' dir='ltr'><strong>commutabantur,</strong></span> <span class='ocrx_word' id='word_1_53' title='bbox 678 640 763 696; x_wconf 93' lang='lat' dir='ltr'><strong>vel</strong></span> <span class='ocrx_word' id='word_1_54' title='bbox 814 656 910 709; x_wconf 81' lang='lat' dir='ltr'><strong>pro</strong></span> <span class='ocrx_word' id='word_1_55' title='bbox 961 639 1214 709; x_wconf 80' lang='lat' dir='ltr'><strong>ﬂoribus;</strong></span> <span class='ocrx_word' id='word_1_56' title='bbox 1259 637 1516 707; x_wconf 87' lang='lat' dir='ltr'><strong>quoniam</strong></span> <span class='ocrx_word' id='word_1_57' title='bbox 1559 650 1749 694; x_wconf 84' lang='lat' dir='ltr'><strong>omnes</strong></span> <span class='ocrx_word' id='word_1_58' title='bbox 1849 637 2122 709; x_wconf 80' lang='lat' dir='ltr'><strong>possideat</strong></span> <span class='ocrx_word' id='word_1_59' title='bbox 2164 637 2333 693; x_wconf 90' lang='lat' dir='ltr'><strong>intus.</strong></span> <span class='ocrx_word' id='word_1_60' title='bbox 2374 637 2432 693; x_wconf 92' lang='lat' dir='ltr'><strong>ln</strong></span> <span class='ocrx_word' id='word_1_61' title='bbox 2463 653 2570 707; x_wconf 84' lang='lat' dir='ltr'><strong>quo</strong></span> <span class='ocrx_word' id='word_1_62' title='bbox 2597 652 2728 709; x_wconf 88' lang='lat' dir='ltr'><strong>agro</strong></span> <span class='ocrx_word' id='word_1_63' title='bbox 2755 637 2873 709; x_wconf 90' lang='lat' dir='ltr'><strong>ipse</strong></span> <span class='ocrx_word' id='word_1_64' title='bbox 2900 638 3028 695; x_wconf 81' lang='lat' dir='ltr'><strong>vitis</strong></span> <span class='ocrx_word' id='word_1_65' title='bbox 3069 648 3153 694; x_wconf 91' lang='lat' dir='ltr'><strong>est</strong></span> <span class='ocrx_word' id='word_1_66' title='bbox 3174 655 3327 713; x_wconf 85' lang='lat' dir='ltr'><strong>vera,</strong></span> <span class='ocrx_word' id='word_1_67' title='bbox 3359 643 3427 700; x_wconf 86' lang='lat' dir='ltr'><strong>de</strong></span> 
     </span>
    </p>
   </div>
   <div class='ocr_carea' id='block_1_5' title="bbox 157 726 3480 803">
    <p class='ocr_par' dir='ltr' id='par_1_5' title="bbox 157 726 3480 803">
     <span class='ocr_line' id='line_1_5' title="bbox 157 726 3480 803; baseline 0 -14"><span class='ocrx_word' id='word_1_68' title='bbox 157 734 436 789; x_wconf 89' lang='lat' dir='ltr'><strong>ﬂorebunt</strong></span> <span class='ocrx_word' id='word_1_69' title='bbox 458 733 515 788; x_wconf 91' lang='lat' dir='ltr'><strong>in</strong></span> <span class='ocrx_word' id='word_1_70' title='bbox 543 732 702 788; x_wconf 88' lang='lat' dir='ltr'><strong>atriis</strong></span> <span class='ocrx_word' id='word_1_71' title='bbox 726 731 919 787; x_wconf 87' lang='lat' dir='ltr'><strong>domus</strong></span> <span class='ocrx_word' id='word_1_72' title='bbox 954 730 1072 785; x_wconf 87' lang='lat' dir='ltr'><strong>Dei.</strong></span> <span class='ocrx_word' id='word_1_73' title='bbox 1101 730 1170 785; x_wconf 90' lang='lat' dir='ltr'><strong>Et</strong></span> <span class='ocrx_word' id='word_1_74' title='bbox 1204 729 1346 784; x_wconf 90' lang='lat' dir='ltr'><strong>sicut</strong></span> <span class='ocrx_word' id='word_1_75' title='bbox 1369 726 1548 785; x_wconf 77' lang='lat' dir='ltr'><strong>diﬂ‘ert</strong></span> <span class='ocrx_word' id='word_1_76' title='bbox 1591 726 1749 783; x_wconf 80' lang='lat' dir='ltr'><strong>stella</strong></span> <span class='ocrx_word' id='word_1_77' title='bbox 1849 747 1954 803; x_wconf 89' lang='lat' dir='ltr'><strong>qua</strong></span> <span class='ocrx_word' id='word_1_78' title='bbox 1982 739 2312 803; x_wconf 79' lang='lat' dir='ltr'><strong>propagatur</strong></span> <span class='ocrx_word' id='word_1_79' title='bbox 2336 733 2513 789; x_wconf 90' lang='lat' dir='ltr'><strong>omnis</strong></span> <span class='ocrx_word' id='word_1_80' title='bbox 2534 731 2773 788; x_wconf 81' lang='lat' dir='ltr'><strong>Ecclesia</strong></span> <span class='ocrx_word' id='word_1_81' title='bbox 2791 747 2912 787; x_wconf 91' lang='lat' dir='ltr'><strong>cum</strong></span> <span class='ocrx_word' id='word_1_82' title='bbox 2934 746 3216 801; x_wconf 88' lang='lat' dir='ltr'><strong>pomorum</strong></span> <span class='ocrx_word' id='word_1_83' title='bbox 3246 733 3432 790; x_wconf 77' lang='lat' dir='ltr'><strong>fructi-</strong></span> <span class='ocrx_word' id='word_1_84' title='bbox 3472 794 3480 802; x_wconf 55' lang='grc'><strong>,</strong></span> 
     </span>
    </p>
   </div>
   <div class='ocr_carea' id='block_1_6' title="bbox 161 819 3428 896">
    <p class='ocr_par' dir='ltr' id='par_1_6' title="bbox 161 819 3428 896">
     <span class='ocr_line' id='line_1_6' title="bbox 161 819 3428 896; baseline 0.001 -16"><span class='ocrx_word' id='word_1_85' title='bbox 161 825 398 887; x_wconf 83' lang='lat' dir='ltr'><strong>astella,</strong></span> <span class='ocrx_word' id='word_1_86' title='bbox 434 824 507 880; x_wconf 87' lang='lat' dir='ltr'><strong>ita</strong></span> <span class='ocrx_word' id='word_1_87' title='bbox 540 821 640 879; x_wconf 89' lang='lat' dir='ltr'><strong>ﬂos</strong></span> <span class='ocrx_word' id='word_1_88' title='bbox 662 839 692 879; x_wconf 89' lang='lat' dir='ltr'><strong>a</strong></span> <span class='ocrx_word' id='word_1_89' title='bbox 730 821 883 879; x_wconf 91' lang='lat' dir='ltr'><strong>ﬂore.</strong></span> <span class='ocrx_word' id='word_1_90' title='bbox 906 822 981 877; x_wconf 86' lang='lat' dir='ltr'><strong>ita</strong></span> <span class='ocrx_word' id='word_1_91' title='bbox 1009 830 1067 876; x_wconf 91' lang='lat' dir='ltr'><strong>ut</strong></span> <span class='ocrx_word' id='word_1_92' title='bbox 1093 820 1397 890; x_wconf 79' lang='lat' dir='ltr'><strong>virginitas,</strong></span> <span class='ocrx_word' id='word_1_93' title='bbox 1420 819 1560 889; x_wconf 88' lang='lat' dir='ltr'><strong>quod</strong></span> <span class='ocrx_word' id='word_1_94' title='bbox 1587 832 1751 891; x_wconf 61' lang='lat' dir='ltr'><strong>geneo</strong></span> <span class='ocrx_word' id='word_1_95' title='bbox 1792 868 1803 889; x_wconf 39' lang='grc' dir='ltr'>ι</span> <span class='ocrx_word' id='word_1_96' title='bbox 1850 823 1970 880; x_wconf 87' lang='lat' dir='ltr'><strong>bus.</strong></span> <span class='ocrx_word' id='word_1_97' title='bbox 2009 823 2348 893; x_wconf 86' lang='lat' dir='ltr'><strong>Quapropter</strong></span> <span class='ocrx_word' id='word_1_98' title='bbox 2366 821 2593 896; x_wconf 60' lang='lat'><strong>1250</strong></span> <span class='ocrx_word' id='word_1_99' title='bbox 2632 824 2770 879; x_wconf 84' lang='lat' dir='ltr'><strong>bene</strong></span> <span class='ocrx_word' id='word_1_100' title='bbox 2814 823 2869 878; x_wconf 91' lang='lat' dir='ltr'><strong>in</strong></span> <span class='ocrx_word' id='word_1_101' title='bbox 2895 822 3135 880; x_wconf 86' lang='lat' dir='ltr'><strong>Canticis</strong></span> <span class='ocrx_word' id='word_1_102' title='bbox 3172 840 3428 895; x_wconf 87' lang='lat' dir='ltr'><strong>sponsum</strong></span> 
     </span>
    </p>
   </div>
   <div class='ocr_carea' id='block_1_7' title="bbox 161 910 3433 995">
    <p class='ocr_par' dir='ltr' id='par_1_7' title="bbox 161 910 3433 995">
     <span class='ocr_line' id='line_1_7' title="bbox 161 910 3433 995; baseline 0.001 -25"><span class='ocrx_word' id='word_1_103' title='bbox 161 914 279 970; x_wconf 81' lang='lat' dir='ltr'><strong>rale</strong></span> <span class='ocrx_word' id='word_1_104' title='bbox 312 923 400 969; x_wconf 82' lang='lat' dir='ltr'><strong>est</strong></span> <span class='ocrx_word' id='word_1_105' title='bbox 425 913 575 969; x_wconf 90' lang='lat' dir='ltr'><strong>omni</strong></span> <span class='ocrx_word' id='word_1_106' title='bbox 606 912 861 969; x_wconf 77' lang='lat' dir='ltr'><strong>Ecclesiae</strong></span> <span class='ocrx_word' id='word_1_107' title='bbox 888 911 1195 982; x_wconf 83' lang='lat' dir='ltr'><strong>specialiter</strong></span> <span class='ocrx_word' id='word_1_108' title='bbox 1216 910 1344 966; x_wconf 90' lang='lat' dir='ltr'><strong>liliis</strong></span> <span class='ocrx_word' id='word_1_109' title='bbox 1364 911 1418 966; x_wconf 91' lang='lat' dir='ltr'><strong>in</strong></span> <span class='ocrx_word' id='word_1_110' title='bbox 1447 910 1751 982; x_wconf 77' lang='lat' dir='ltr'><strong>virginibus</strong></span> <span class='ocrx_word' id='word_1_111' title='bbox 1803 910 1815 995; x_wconf 49' lang='grc' dir='ltr'>ξ</span> <span class='ocrx_word' id='word_1_112' title='bbox 1852 914 2048 970; x_wconf 83' lang='lat' dir='ltr'><strong>invitat</strong></span> <span class='ocrx_word' id='word_1_113' title='bbox 2073 930 2270 985; x_wconf 82' lang='lat' dir='ltr'><strong>sponsa</strong></span> <span class='ocrx_word' id='word_1_114' title='bbox 2299 915 2488 972; x_wconf 87' lang='lat' dir='ltr'><strong>dicens</strong></span> <span class='ocrx_word' id='word_1_115' title='bbox 2519 933 2533 969; x_wconf 91' lang='lat'><strong>:</strong></span> <span class='ocrx_word' id='word_1_116' title='bbox 2570 913 2721 982; x_wconf 83' lang='lat' dir='ltr'><strong>Veni,</strong></span> <span class='ocrx_word' id='word_1_117' title='bbox 2766 916 2949 971; x_wconf 85' lang='lat' dir='ltr'><strong>dilecte</strong></span> <span class='ocrx_word' id='word_1_118' title='bbox 2980 918 3077 982; x_wconf 85' lang='lat' dir='ltr'><strong>mi,</strong></span> <span class='ocrx_word' id='word_1_119' title='bbox 3102 918 3433 988; x_wconf 83' lang='lat' dir='ltr'><strong>egrediamur</strong></span> 
     </span>
    </p>
   </div>
   <div class='ocr_carea' id='block_1_8' title="bbox 160 1000 3433 1083">
    <p class='ocr_par' dir='ltr' id='par_1_8' title="bbox 160 1000 3433 1083">
     <span class='ocr_line' id='line_1_8' title="bbox 160 1000 3433 1083; baseline 0.001 -24"><span class='ocrx_word' id='word_1_120' title='bbox 160 1013 537 1073; x_wconf 83' lang='lat' dir='ltr'><strong>comparetur,</strong></span> <span class='ocrx_word' id='word_1_121' title='bbox 575 1004 896 1075; x_wconf 81' lang='lat' dir='ltr'><strong>martyrium</strong></span> <span class='ocrx_word' id='word_1_122' title='bbox 933 1019 1063 1061; x_wconf 88' lang='lat' dir='ltr'><strong>vero</strong></span> <span class='ocrx_word' id='word_1_123' title='bbox 1107 1003 1247 1061; x_wconf 89' lang='lat' dir='ltr'><strong>rosis</strong></span> <span class='ocrx_word' id='word_1_124' title='bbox 1290 1002 1663 1081; x_wconf 83' lang='lat' dir='ltr'><strong>vernantibus,</strong></span> <span class='ocrx_word' id='word_1_125' title='bbox 1693 1009 1754 1057; x_wconf 88' lang='lat' dir='ltr'><strong>ut</strong></span> <span class='ocrx_word' id='word_1_126' title='bbox 1852 1005 1909 1059; x_wconf 88' lang='lat' dir='ltr'><strong>in</strong></span> <span class='ocrx_word' id='word_1_127' title='bbox 1930 1019 2138 1075; x_wconf 84' lang='lat' dir='ltr'><strong>agrum,</strong></span> <span class='ocrx_word' id='word_1_128' title='bbox 2183 1020 2565 1060; x_wconf 82' lang='lat' dir='ltr'><strong>commoremur</strong></span> <span class='ocrx_word' id='word_1_129' title='bbox 2594 1005 2649 1060; x_wconf 90' lang='lat' dir='ltr'><strong>in</strong></span> <span class='ocrx_word' id='word_1_130' title='bbox 2686 1003 2842 1070; x_wconf 84' lang='lat' dir='ltr'><strong>villis,</strong></span> <span class='ocrx_word' id='word_1_131' title='bbox 2872 1021 3024 1060; x_wconf 86' lang='lat' dir='ltr'><strong>mane</strong></span> <span class='ocrx_word' id='word_1_132' title='bbox 3048 1022 3324 1077; x_wconf 78' lang='lat' dir='ltr'><strong>surgamus</strong></span> <span class='ocrx_word' id='word_1_133' title='bbox 3363 1009 3433 1062; x_wconf 84' lang='lat' dir='ltr'><strong>ad</strong></span> 
     </span>
    </p>
   </div>
   <div class='ocr_carea' id='block_1_9' title="bbox 162 1092 3434 1173">
    <p class='ocr_par' dir='ltr' id='par_1_9' title="bbox 162 1092 3434 1173">
     <span class='ocr_line' id='line_1_9' title="bbox 162 1092 3434 1173; baseline 0 -22"><span class='ocrx_word' id='word_1_134' title='bbox 162 1094 368 1167; x_wconf 76' lang='lat' dir='ltr'><strong>singuli</strong></span> <span class='ocrx_word' id='word_1_135' title='bbox 397 1095 624 1166; x_wconf 85' lang='lat' dir='ltr'><strong>singulis</strong></span> <span class='ocrx_word' id='word_1_136' title='bbox 652 1096 784 1173; x_wconf 77' lang='lat' dir='ltr'><strong>suis</strong></span> <span class='ocrx_word' id='word_1_137' title='bbox 828 1094 1036 1166; x_wconf 80' lang='lat' dir='ltr'><strong>fulgore</strong></span> <span class='ocrx_word' id='word_1_138' title='bbox 1073 1102 1421 1163; x_wconf 65' lang='lat' dir='ltr'><strong>comquentur</strong></span> <span class='ocrx_word' id='word_1_139' title='bbox 1446 1092 1750 1163; x_wconf 84' lang='lat' dir='ltr'><strong>speciebus,</strong></span> <span class='ocrx_word' id='word_1_140' title='bbox 1818 1094 2050 1161; x_wconf 69' lang='lat' dir='ltr'><strong>joincas,</strong></span> <span class='ocrx_word' id='word_1_141' title='bbox 2098 1094 2362 1151; x_wconf 82' lang='lat' dir='ltr'><strong>videamus</strong></span> <span class='ocrx_word' id='word_1_142' title='bbox 2417 1094 2465 1150; x_wconf 90' lang='lat' dir='ltr'><strong>si</strong></span> <span class='ocrx_word' id='word_1_143' title='bbox 2513 1095 2692 1165; x_wconf 79' lang='lat' dir='ltr'><strong>ﬂoruit</strong></span> <span class='ocrx_word' id='word_1_144' title='bbox 2732 1096 2897 1160; x_wconf 87' lang='lat' dir='ltr'><strong>viaea,</strong></span> <span class='ocrx_word' id='word_1_145' title='bbox 2948 1097 2993 1150; x_wconf 88' lang='lat' dir='ltr'><strong>si</strong></span> <span class='ocrx_word' id='word_1_146' title='bbox 3038 1097 3195 1166; x_wconf 73' lang='lat' dir='ltr'><strong>flores</strong></span> <span class='ocrx_word' id='word_1_147' title='bbox 3229 1098 3434 1167; x_wconf 81' lang='lat' dir='ltr'><strong>[ructus</strong></span> 
     </span>
    </p>
   </div>
   <div class='ocr_carea' id='block_1_10' title="bbox 164 1185 1753 1255">
    <p class='ocr_par' dir='ltr' id='par_1_10' title="bbox 164 1185 1753 1255">
     <span class='ocr_line' id='line_1_10' title="bbox 164 1185 1753 1255; baseline 0.001 -14"><span class='ocrx_word' id='word_1_148' title='bbox 164 1186 244 1241; x_wconf 86' lang='lat' dir='ltr'><strong>ita</strong></span> <span class='ocrx_word' id='word_1_149' title='bbox 278 1195 339 1240; x_wconf 90' lang='lat' dir='ltr'><strong>ut</strong></span> <span class='ocrx_word' id='word_1_150' title='bbox 364 1186 735 1255; x_wconf 84' lang='lat' dir='ltr'><strong>unusquisque</strong></span> <span class='ocrx_word' id='word_1_151' title='bbox 764 1200 950 1241; x_wconf 88' lang='lat' dir='ltr'><strong>eorum</strong></span> <span class='ocrx_word' id='word_1_152' title='bbox 1002 1201 1103 1241; x_wconf 90' lang='lat' dir='ltr'><strong>suo</strong></span> <span class='ocrx_word' id='word_1_153' title='bbox 1147 1192 1204 1241; x_wconf 89' lang='lat' dir='ltr'><strong>et</strong></span> <span class='ocrx_word' id='word_1_154' title='bbox 1232 1185 1435 1241; x_wconf 86' lang='lat' dir='ltr'><strong>Christi</strong></span> <span class='ocrx_word' id='word_1_155' title='bbox 1469 1200 1753 1255; x_wconf 85' lang='lat' dir='ltr'><strong>resparsus</strong></span> 
     </span>
    </p>
   </div>
   <div class='ocr_carea' id='block_1_11' title="bbox 164 1278 1755 1348">
    <p class='ocr_par' dir='ltr' id='par_1_11' title="bbox 164 1278 1755 1348">
     <span class='ocr_line' id='line_1_11' title="bbox 164 1278 1755 1348; baseline -0.003 -13"><span class='ocrx_word' id='word_1_156' title='bbox 164 1278 458 1348; x_wconf 84' lang='lat' dir='ltr'><strong>sanguine,</strong></span> <span class='ocrx_word' id='word_1_157' title='bbox 481 1294 545 1334; x_wconf 88' lang='lat' dir='ltr'><strong>ac</strong></span> <span class='ocrx_word' id='word_1_158' title='bbox 560 1280 607 1333; x_wconf 89' lang='lat' dir='ltr'><strong>si</strong></span> <span class='ocrx_word' id='word_1_159' title='bbox 634 1293 759 1333; x_wconf 88' lang='lat' dir='ltr'><strong>rosa</strong></span> <span class='ocrx_word' id='word_1_160' title='bbox 786 1279 840 1333; x_wconf 89' lang='lat' dir='ltr'><strong>in</strong></span> <span class='ocrx_word' id='word_1_161' title='bbox 863 1278 1137 1341; x_wconf 86' lang='lat' dir='ltr'><strong>Hiericho,</strong></span> <span class='ocrx_word' id='word_1_162' title='bbox 1160 1278 1354 1333; x_wconf 86' lang='lat' dir='ltr'><strong>rubeat</strong></span> <span class='ocrx_word' id='word_1_163' title='bbox 1377 1278 1677 1348; x_wconf 88' lang='lat' dir='ltr'><strong>speciosus.</strong></span> <span class='ocrx_word' id='word_1_164' title='bbox 1699 1284 1755 1333; x_wconf 91' lang='lat' dir='ltr'><strong>et</strong></span> 
     </span>
    </p>
   </div>
   <div class='ocr_carea' id='block_1_12' title="bbox 165 1369 1758 1442">
    <p class='ocr_par' dir='ltr' id='par_1_12' title="bbox 165 1369 1758 1442">
     <span class='ocr_line' id='line_1_12' title="bbox 165 1369 1758 1442; baseline -0.002 -16"><span class='ocrx_word' id='word_1_165' title='bbox 165 1373 235 1429; x_wconf 89' lang='lat' dir='ltr'><strong>de</strong></span> <span class='ocrx_word' id='word_1_166' title='bbox 266 1370 409 1426; x_wconf 88' lang='lat' dir='ltr'><strong>bello</strong></span> <span class='ocrx_word' id='word_1_167' title='bbox 445 1386 567 1425; x_wconf 91' lang='lat' dir='ltr'><strong>cum</strong></span> <span class='ocrx_word' id='word_1_168' title='bbox 596 1369 815 1427; x_wconf 86' lang='lat' dir='ltr'><strong>Christo</strong></span> <span class='ocrx_word' id='word_1_169' title='bbox 857 1370 1015 1426; x_wconf 85' lang='lat' dir='ltr'><strong>simul</strong></span> <span class='ocrx_word' id='word_1_170' title='bbox 1050 1369 1128 1442; x_wconf 57' lang='lat' dir='ltr'><strong>,ad</strong></span> <span class='ocrx_word' id='word_1_171' title='bbox 1184 1385 1406 1439; x_wconf 73' lang='lat' dir='ltr'><strong>regnum</strong></span> <span class='ocrx_word' id='word_1_172' title='bbox 1457 1378 1614 1426; x_wconf 82' lang='lat' dir='ltr'><strong>exeat</strong></span> <span class='ocrx_word' id='word_1_173' title='bbox 1643 1369 1758 1440; x_wconf 87' lang='lat' dir='ltr'><strong>glo-</strong></span> 
     </span>
    </p>
   </div>
   <div class='ocr_carea' id='block_1_13' title="bbox 167 1460 1759 1530">
    <p class='ocr_par' dir='ltr' id='par_1_13' title="bbox 167 1460 1759 1530">
     <span class='ocr_line' id='line_1_13' title="bbox 167 1460 1759 1530; baseline -0.004 -10"><span class='ocrx_word' id='word_1_174' title='bbox 167 1463 371 1520; x_wconf 86' lang='lat' dir='ltr'><strong>riosus.</strong></span> <span class='ocrx_word' id='word_1_175' title='bbox 399 1461 697 1530; x_wconf 78' lang='lat' dir='ltr'><strong>Virginitas</strong></span> <span class='ocrx_word' id='word_1_176' title='bbox 745 1475 876 1517; x_wconf 88' lang='lat' dir='ltr'><strong>vero</strong></span> <span class='ocrx_word' id='word_1_177' title='bbox 923 1460 1157 1516; x_wconf 82' lang='lat' dir='ltr'><strong>candore</strong></span> <span class='ocrx_word' id='word_1_178' title='bbox 1194 1460 1292 1514; x_wconf 90' lang='lat' dir='ltr'><strong>lilii</strong></span> <span class='ocrx_word' id='word_1_179' title='bbox 1316 1460 1507 1515; x_wconf 86' lang='lat' dir='ltr'><strong>vestita</strong></span> <span class='ocrx_word' id='word_1_180' title='bbox 1537 1467 1759 1529; x_wconf 88' lang='lat' dir='ltr'><strong>propter</strong></span> 
     </span>
    </p>
   </div>
   <div class='ocr_carea' id='block_1_14' title="bbox 171 1552 1761 1626">
    <p class='ocr_par' dir='ltr' id='par_1_14' title="bbox 171 1552 1761 1626">
     <span class='ocr_line' id='line_1_14' title="bbox 171 1552 1761 1626; baseline -0.005 -13"><span class='ocrx_word' id='word_1_181' title='bbox 171 1557 661 1626; x_wconf 84' lang='lat' dir='ltr'><strong>incorruptionem,</strong></span> <span class='ocrx_word' id='word_1_182' title='bbox 719 1563 778 1612; x_wconf 89' lang='lat' dir='ltr'><strong>et</strong></span> <span class='ocrx_word' id='word_1_183' title='bbox 812 1554 926 1625; x_wconf 89' lang='lat' dir='ltr'><strong>ipsa</strong></span> <span class='ocrx_word' id='word_1_184' title='bbox 966 1560 1127 1609; x_wconf 82' lang='lat' dir='ltr'><strong>exeat</strong></span> <span class='ocrx_word' id='word_1_185' title='bbox 1166 1554 1331 1609; x_wconf 90' lang='lat' dir='ltr'><strong>etiam</strong></span> <span class='ocrx_word' id='word_1_186' title='bbox 1370 1552 1576 1626; x_wconf 90' lang='lat' dir='ltr'><strong>angelis</strong></span> <span class='ocrx_word' id='word_1_187' title='bbox 1620 1565 1761 1608; x_wconf 70' lang='lat' dir='ltr'><strong>coas-</strong></span> 
     </span>
    </p>
   </div>
   <div class='ocr_carea' id='block_1_15' title="bbox 172 1650 414 1719">
    <p class='ocr_par' dir='ltr' id='par_1_15' title="bbox 172 1650 414 1719">
     <span class='ocr_line' id='line_1_15' title="bbox 172 1650 414 1719; baseline -0.008 -17"><span class='ocrx_word' id='word_1_188' title='bbox 172 1650 414 1719; x_wconf 86' lang='lat' dir='ltr'><strong>quanda.</strong></span> 
     </span>
    </p>
   </div>
   <div class='ocr_carea' id='block_1_16' title="bbox 1853 1185 3434 1257">
    <p class='ocr_par' dir='ltr' id='par_1_16' title="bbox 1853 1185 3434 1257">
     <span class='ocr_line' id='line_1_16' title="bbox 1853 1185 3434 1257; baseline 0.004 -18"><span class='ocrx_word' id='word_1_189' title='bbox 1853 1185 2176 1257; x_wconf 80' lang='lat' dir='ltr'><strong>parturiunt,</strong></span> <span class='ocrx_word' id='word_1_190' title='bbox 2206 1187 2252 1241; x_wconf 96' lang='lat' dir='ltr'><strong>si</strong></span> <span class='ocrx_word' id='word_1_191' title='bbox 2270 1187 2563 1257; x_wconf 79' lang='lat' dir='ltr'><strong>ﬂoruerunt</strong></span> <span class='ocrx_word' id='word_1_192' title='bbox 2600 1185 2743 1243; x_wconf 86' lang='lat' dir='ltr'><strong>mala</strong></span> <span class='ocrx_word' id='word_1_193' title='bbox 2769 1187 2960 1257; x_wconf 84' lang='lat' dir='ltr'><strong>punica</strong></span> <span class='ocrx_word' id='word_1_194' title='bbox 3001 1186 3181 1257; x_wconf 82' lang='lat' dir='ltr'><strong>(Cant.</strong></span> <span class='ocrx_word' id='word_1_195' title='bbox 3209 1205 3285 1256; x_wconf 83' lang='grc' dir='ltr'>ιν,</span> <span class='ocrx_word' id='word_1_196' title='bbox 3338 1191 3434 1256; x_wconf 77' lang='lat' dir='ltr'><strong>l5;</strong></span> 
     </span>
    </p>
   </div>
   <div class='ocr_carea' id='block_1_17' title="bbox 1855 1278 2110 1347">
    <p class='ocr_par' dir='ltr' id='par_1_17' title="bbox 1855 1278 2110 1347">
     <span class='ocr_line' id='line_1_17' title="bbox 1855 1278 2110 1347; baseline 0.004 -15"><span class='ocrx_word' id='word_1_197' title='bbox 1855 1293 1957 1343; x_wconf 88' lang='lat' dir='ltr'><strong>vu,</strong></span> <span class='ocrx_word' id='word_1_198' title='bbox 2000 1278 2110 1347; x_wconf 85' lang='lat' dir='ltr'><strong>ll).</strong></span> 
     </span>
    </p>
   </div>
   <div class='ocr_carea' id='block_1_18' title="bbox 1861 1357 3438 1445">
    <p class='ocr_par' dir='ltr' id='par_1_18' title="bbox 1861 1357 3438 1445">
     <span class='ocr_line' id='line_1_18' title="bbox 1861 1357 3438 1445; baseline 0.003 -23"><span class='ocrx_word' id='word_1_199' title='bbox 1861 1422 1867 1427; x_wconf 86' lang='grc'><strong>,</strong></span> <span class='ocrx_word' id='word_1_200' title='bbox 1926 1366 2084 1423; x_wconf 83' lang='lat' dir='ltr'><strong>Novit</strong></span> <span class='ocrx_word' id='word_1_201' title='bbox 2138 1366 2301 1437; x_wconf 88' lang='lat' dir='ltr'><strong>igitur</strong></span> <span class='ocrx_word' id='word_1_202' title='bbox 2348 1382 2572 1438; x_wconf 90' lang='lat' dir='ltr'><strong>sponsa,</strong></span> <span class='ocrx_word' id='word_1_203' title='bbox 2625 1371 2777 1423; x_wconf 90' lang='lat' dir='ltr'><strong>novit</strong></span> <span class='ocrx_word' id='word_1_204' title='bbox 2831 1379 2887 1426; x_wconf 89' lang='lat' dir='ltr'><strong>et</strong></span> <span class='ocrx_word' id='word_1_205' title='bbox 2930 1386 3061 1427; x_wconf 89' lang='lat' dir='ltr'><strong>vera</strong></span> <span class='ocrx_word' id='word_1_206' title='bbox 3091 1371 3266 1445; x_wconf 86' lang='lat' dir='ltr'><strong>virgo,</strong></span> <span class='ocrx_word' id='word_1_207' title='bbox 3292 1357 3438 1443; x_wconf 70' lang='lat' dir='ltr'><strong>quoi</strong></span> 
     </span>
    </p>
   </div>
   <div class='ocr_carea' id='block_1_19' title="bbox 1858 1458 3441 1531">
    <p class='ocr_par' dir='ltr' id='par_1_19' title="bbox 1858 1458 3441 1531">
     <span class='ocr_line' id='line_1_19' title="bbox 1858 1458 3441 1531; baseline 0.003 -16"><span class='ocrx_word' id='word_1_208' title='bbox 1858 1474 2092 1531; x_wconf 90' lang='lat' dir='ltr'><strong>sponsus</strong></span> <span class='ocrx_word' id='word_1_209' title='bbox 2115 1458 2213 1514; x_wconf 89' lang='lat' dir='ltr'><strong>ﬂos</strong></span> <span class='ocrx_word' id='word_1_210' title='bbox 2241 1461 2417 1530; x_wconf 87' lang='lat' dir='ltr'><strong>campi</strong></span> <span class='ocrx_word' id='word_1_211' title='bbox 2442 1468 2583 1516; x_wconf 89' lang='lat' dir='ltr'><strong>totus</strong></span> <span class='ocrx_word' id='word_1_212' title='bbox 2604 1461 2750 1516; x_wconf 89' lang='lat' dir='ltr'><strong>vadit</strong></span> <span class='ocrx_word' id='word_1_213' title='bbox 2771 1461 2824 1517; x_wconf 88' lang='lat' dir='ltr'><strong>in</strong></span> <span class='ocrx_word' id='word_1_214' title='bbox 2851 1461 3108 1529; x_wconf 87' lang='lat' dir='ltr'><strong>fructum,</strong></span> <span class='ocrx_word' id='word_1_215' title='bbox 3134 1473 3190 1521; x_wconf 90' lang='lat' dir='ltr'><strong>et</strong></span> <span class='ocrx_word' id='word_1_216' title='bbox 3207 1464 3441 1523; x_wconf 83' lang='lat' dir='ltr'><strong>delecta-</strong></span> 
     </span>
    </p>
   </div>
   <div class='ocr_carea' id='block_1_20' title="bbox 1860 1549 3442 1628">
    <p class='ocr_par' dir='ltr' id='par_1_20' title="bbox 1860 1549 3442 1628">
     <span class='ocr_line' id='line_1_20' title="bbox 1860 1549 3442 1628; baseline 0.006 -24"><span class='ocrx_word' id='word_1_217' title='bbox 1860 1557 1949 1604; x_wconf 90' lang='lat' dir='ltr'><strong>tur</strong></span> <span class='ocrx_word' id='word_1_218' title='bbox 1976 1550 2030 1604; x_wconf 92' lang='lat' dir='ltr'><strong>in</strong></span> <span class='ocrx_word' id='word_1_219' title='bbox 2083 1549 2324 1605; x_wconf 88' lang='lat' dir='ltr'><strong>ﬂoribus.</strong></span> <span class='ocrx_word' id='word_1_220' title='bbox 2356 1551 2479 1606; x_wconf 91' lang='lat' dir='ltr'><strong>Ideo</strong></span> <span class='ocrx_word' id='word_1_221' title='bbox 2513 1568 2635 1607; x_wconf 92' lang='lat' dir='ltr'><strong>eum</strong></span> <span class='ocrx_word' id='word_1_222' title='bbox 2669 1565 2823 1624; x_wconf 86' lang='lat' dir='ltr'><strong>rogat</strong></span> <span class='ocrx_word' id='word_1_223' title='bbox 2867 1563 2922 1610; x_wconf 87' lang='lat' dir='ltr'><strong>et</strong></span> <span class='ocrx_word' id='word_1_224' title='bbox 2974 1555 3222 1611; x_wconf 89' lang='lat' dir='ltr'><strong>hortatur</strong></span> <span class='ocrx_word' id='word_1_225' title='bbox 3258 1559 3442 1628; x_wconf 87' lang='lat' dir='ltr'><strong>egredi</strong></span> 
     </span>
    </p>
   </div>
   <div class='ocr_carea' id='block_1_21' title="bbox 1858 1640 3443 1721">
    <p class='ocr_par' dir='ltr' id='par_1_21' title="bbox 1858 1640 3443 1721">
     <span class='ocr_line' id='line_1_21' title="bbox 1858 1640 3443 1721; baseline 0.006 -23"><span class='ocrx_word' id='word_1_226' title='bbox 1858 1640 1917 1698; x_wconf 91' lang='lat' dir='ltr'><strong>in</strong></span> <span class='ocrx_word' id='word_1_227' title='bbox 1943 1657 2151 1713; x_wconf 85' lang='lat' dir='ltr'><strong>agrum,</strong></span> <span class='ocrx_word' id='word_1_228' title='bbox 2180 1642 2448 1714; x_wconf 89' lang='lat' dir='ltr'><strong>ﬂoresque</strong></span> <span class='ocrx_word' id='word_1_229' title='bbox 2474 1645 2643 1700; x_wconf 76' lang='lat' dir='ltr'><strong>vinea:</strong></span> <span class='ocrx_word' id='word_1_230' title='bbox 2672 1646 2928 1714; x_wconf 89' lang='lat' dir='ltr'><strong>invisere,</strong></span> <span class='ocrx_word' id='word_1_231' title='bbox 2982 1650 3107 1719; x_wconf 89' lang='lat' dir='ltr'><strong>quia</strong></span> <span class='ocrx_word' id='word_1_232' title='bbox 3158 1652 3276 1706; x_wconf 91' lang='lat' dir='ltr'><strong>sine</strong></span> <span class='ocrx_word' id='word_1_233' title='bbox 3324 1651 3443 1721; x_wconf 89' lang='lat' dir='ltr'><strong>ipso</strong></span> 
     </span>
    </p>
   </div>
   <div class='ocr_carea' id='block_1_22' title="bbox 224 1728 3442 1812">
    <p class='ocr_par' dir='ltr' id='par_1_22' title="bbox 224 1728 3442 1812">
     <span class='ocr_line' id='line_1_22' title="bbox 224 1728 3442 1812; baseline 0.002 -20"><span class='ocrx_word' id='word_1_234' title='bbox 224 1728 470 1810; x_wconf 62' lang='lat'><strong>1239</strong></span> <span class='ocrx_word' id='word_1_235' title='bbox 492 1736 647 1793; x_wconf 91' lang='lat' dir='ltr'><strong>Unde</strong></span> <span class='ocrx_word' id='word_1_236' title='bbox 695 1752 819 1792; x_wconf 91' lang='lat' dir='ltr'><strong>reor</strong></span> <span class='ocrx_word' id='word_1_237' title='bbox 846 1742 1065 1793; x_wconf 86' lang='lat' dir='ltr'><strong>beatum</strong></span> <span class='ocrx_word' id='word_1_238' title='bbox 1094 1736 1353 1793; x_wconf 83' lang='lat' dir='ltr'><strong>llilarium</strong></span> <span class='ocrx_word' id='word_1_239' title='bbox 1381 1736 1434 1792; x_wconf 90' lang='lat' dir='ltr'><strong>in</strong></span> <span class='ocrx_word' id='word_1_240' title='bbox 1466 1737 1759 1807; x_wconf 86' lang='lat' dir='ltr'><strong>Evangelio</strong></span> <span class='ocrx_word' id='word_1_241' title='bbox 1864 1733 2094 1791; x_wconf 86' lang='lat' dir='ltr'><strong>fructum</strong></span> <span class='ocrx_word' id='word_1_242' title='bbox 2123 1735 2268 1792; x_wconf 83' lang='lat' dir='ltr'><strong>ferre</strong></span> <span class='ocrx_word' id='word_1_243' title='bbox 2312 1752 2420 1793; x_wconf 91' lang='lat' dir='ltr'><strong>non</strong></span> <span class='ocrx_word' id='word_1_244' title='bbox 2474 1747 2719 1807; x_wconf 90' lang='lat' dir='ltr'><strong>possunt.</strong></span> <span class='ocrx_word' id='word_1_245' title='bbox 2768 1740 3042 1796; x_wconf 88' lang='lat' dir='ltr'><strong>Promittit</strong></span> <span class='ocrx_word' id='word_1_246' title='bbox 3089 1742 3254 1798; x_wconf 89' lang='lat' dir='ltr'><strong>etiam</strong></span> <span class='ocrx_word' id='word_1_247' title='bbox 3299 1745 3442 1812; x_wconf 84' lang='lat' dir='ltr'><strong>quod</strong></span> 
     </span>
    </p>
   </div>
   <div class='ocr_carea' id='block_1_23' title="bbox 171 1821 3442 1901">
    <p class='ocr_par' dir='ltr' id='par_1_23' title="bbox 171 1821 3442 1901">
     <span class='ocr_line' id='line_1_23' title="bbox 171 1821 3442 1901; baseline 0.001 -13"><span class='ocrx_word' id='word_1_248' title='bbox 171 1833 318 1889; x_wconf 89' lang='lat' dir='ltr'><strong>eoin</strong></span> <span class='ocrx_word' id='word_1_249' title='bbox 352 1830 472 1885; x_wconf 88' lang='lat' dir='ltr'><strong>loco</strong></span> <span class='ocrx_word' id='word_1_250' title='bbox 507 1829 599 1885; x_wconf 91' lang='lat' dir='ltr'><strong>ubi</strong></span> <span class='ocrx_word' id='word_1_251' title='bbox 649 1828 726 1884; x_wconf 87' lang='lat' dir='ltr'><strong>ait</strong></span> <span class='ocrx_word' id='word_1_252' title='bbox 755 1829 1002 1886; x_wconf 81' lang='lat' dir='ltr'><strong>Salvator</strong></span> <span class='ocrx_word' id='word_1_253' title='bbox 1032 1848 1045 1883; x_wconf 89' lang='lat'><strong>:</strong></span> <span class='ocrx_word' id='word_1_254' title='bbox 1088 1824 1426 1885; x_wconf 79' lang='lat' dir='ltr'><strong>Considerate</strong></span> <span class='ocrx_word' id='word_1_255' title='bbox 1464 1830 1577 1885; x_wconf 86' lang='lat' dir='ltr'><strong>lilia</strong></span> <span class='ocrx_word' id='word_1_256' title='bbox 1622 1830 1756 1901; x_wconf 87' lang='lat' dir='ltr'><strong>agri,</strong></span> <span class='ocrx_word' id='word_1_257' title='bbox 1784 1821 1838 1882; x_wconf 87' lang='grc' dir='ltr'><strong>Β</strong></span> <span class='ocrx_word' id='word_1_258' title='bbox 1862 1828 2233 1898; x_wconf 77' lang='lat' dir='ltr'><strong>mandragorae</strong></span> <span class='ocrx_word' id='word_1_259' title='bbox 2261 1828 2376 1899; x_wconf 86' lang='lat' dir='ltr'><strong>jam</strong></span> <span class='ocrx_word' id='word_1_260' title='bbox 2407 1829 2459 1883; x_wconf 91' lang='lat' dir='ltr'><strong>in</strong></span> <span class='ocrx_word' id='word_1_261' title='bbox 2508 1831 2680 1900; x_wconf 89' lang='lat' dir='ltr'><strong>portis</strong></span> <span class='ocrx_word' id='word_1_262' title='bbox 2711 1831 2958 1887; x_wconf 86' lang='lat' dir='ltr'><strong>dederint</strong></span> <span class='ocrx_word' id='word_1_263' title='bbox 3006 1835 3226 1889; x_wconf 87' lang='lat' dir='ltr'><strong>odorem</strong></span> <span class='ocrx_word' id='word_1_264' title='bbox 3259 1850 3442 1891; x_wconf 89' lang='lat' dir='ltr'><strong>suum.</strong></span> 
     </span>
    </p>
   </div>
   <div class='ocr_carea' id='block_1_24' title="bbox 169 1901 3445 1996">
    <p class='ocr_par' dir='ltr' id='par_1_24' title="bbox 169 1901 3445 1996">
     <span class='ocr_line' id='line_1_24' title="bbox 169 1901 3445 1996; baseline 0.001 -20"><span class='ocrx_word' id='word_1_265' title='bbox 169 1923 438 1996; x_wconf 78' lang='lat' dir='ltr'><strong>quomodo</strong></span> <span class='ocrx_word' id='word_1_266' title='bbox 466 1901 702 1977; x_wconf 66' lang='lat' dir='ltr'><strong>crescunt</strong></span> <span class='ocrx_word' id='word_1_267' title='bbox 752 1920 966 1993; x_wconf 74' lang='lat' dir='ltr'><strong>(Matth.</strong></span> <span class='ocrx_word' id='word_1_268' title='bbox 1016 1938 1092 1987; x_wconf 84' lang='lat' dir='ltr'><strong>vl,</strong></span> <span class='ocrx_word' id='word_1_269' title='bbox 1146 1922 1260 1992; x_wconf 76' lang='lat'><strong>28),</strong></span> <span class='ocrx_word' id='word_1_270' title='bbox 1306 1930 1363 1977; x_wconf 93' lang='lat' dir='ltr'><strong>et</strong></span> <span class='ocrx_word' id='word_1_271' title='bbox 1397 1930 1591 1979; x_wconf 61' lang='lat' dir='ltr'><strong>caetera</strong></span> <span class='ocrx_word' id='word_1_272' title='bbox 1644 1940 1763 1992; x_wconf 71' lang='lat' dir='ltr'><strong>qua:</strong></span> <span class='ocrx_word' id='word_1_273' title='bbox 1864 1914 2017 1972; x_wconf 87' lang='lat' dir='ltr'><strong>Unde</strong></span> <span class='ocrx_word' id='word_1_274' title='bbox 2043 1932 2181 1971; x_wconf 87' lang='lat' dir='ltr'><strong>unus</strong></span> <span class='ocrx_word' id='word_1_275' title='bbox 2208 1934 2397 1975; x_wconf 83' lang='lat' dir='ltr'><strong>eorum</strong></span> <span class='ocrx_word' id='word_1_276' title='bbox 2431 1918 2612 1974; x_wconf 89' lang='lat' dir='ltr'><strong>aiebat</strong></span> <span class='ocrx_word' id='word_1_277' title='bbox 2637 1921 2728 1990; x_wconf 91' lang='lat' dir='ltr'><strong>qui</strong></span> <span class='ocrx_word' id='word_1_278' title='bbox 2759 1930 2929 1991; x_wconf 72' lang='lat' dir='ltr'><strong>porta:</strong></span> <span class='ocrx_word' id='word_1_279' title='bbox 2948 1922 3221 1988; x_wconf 85' lang='lat' dir='ltr'><strong>dicuntur,</strong></span> <span class='ocrx_word' id='word_1_280' title='bbox 3265 1925 3445 1980; x_wconf 88' lang='lat' dir='ltr'><strong>Bonus</strong></span> 
     </span>
    </p>
   </div>
   <div class='ocr_carea' id='block_1_25' title="bbox 171 2008 1783 2086">
    <p class='ocr_par' dir='ltr' id='par_1_25' title="bbox 171 2014 1762 2086">
     <span class='ocr_line' id='line_1_25' title="bbox 171 2014 1762 2086; baseline 0.003 -18"><span class='ocrx_word' id='word_1_281' title='bbox 171 2024 501 2085; x_wconf 82' lang='lat' dir='ltr'><strong>sequuntur,</strong></span> <span class='ocrx_word' id='word_1_282' title='bbox 528 2016 595 2070; x_wconf 89' lang='lat' dir='ltr'><strong>de</strong></span> <span class='ocrx_word' id='word_1_283' title='bbox 631 2014 836 2085; x_wconf 74' lang='lat' dir='ltr'><strong>angelis</strong></span> <span class='ocrx_word' id='word_1_284' title='bbox 862 2014 1064 2070; x_wconf 87' lang='lat' dir='ltr'><strong>dictum</strong></span> <span class='ocrx_word' id='word_1_285' title='bbox 1098 2014 1223 2069; x_wconf 88' lang='lat' dir='ltr'><strong>ideo</strong></span> <span class='ocrx_word' id='word_1_286' title='bbox 1252 2014 1603 2080; x_wconf 80' lang='lat' dir='ltr'><strong>intellexisse,</strong></span> <span class='ocrx_word' id='word_1_287' title='bbox 1634 2017 1762 2086; x_wconf 87' lang='lat' dir='ltr'><strong>quia</strong></span> 
     </span>
    </p>
   </div>
   <div class='ocr_carea' id='block_1_26' title="bbox 1884 2008 3447 2086">
    <p class='ocr_par' dir='ltr' id='par_1_26' title="bbox 1884 2008 3447 2083">
     <span class='ocr_line' id='line_1_26' title="bbox 1884 2008 3447 2083; baseline 0.006 -22"><span class='ocrx_word' id='word_1_288' title='bbox 1884 2008 1994 2081; x_wconf 71' lang='lat' dir='ltr'><strong>utor</strong></span> <span class='ocrx_word' id='word_1_289' title='bbox 2009 2025 2188 2065; x_wconf 86' lang='lat' dir='ltr'><strong>sumus</strong></span> <span class='ocrx_word' id='word_1_290' title='bbox 2220 2008 2329 2063; x_wconf 84' lang='lat' dir='ltr'><strong>Deo</strong></span> <span class='ocrx_word' id='word_1_291' title='bbox 2351 2010 2567 2065; x_wconf 84' lang='lat' dir='ltr'><strong>inomni</strong></span> <span class='ocrx_word' id='word_1_292' title='bbox 2593 2010 2704 2064; x_wconf 89' lang='lat' dir='ltr'><strong>loco</strong></span> <span class='ocrx_word' id='word_1_293' title='bbox 2729 2011 2812 2082; x_wconf 90' lang='lat' dir='ltr'><strong>(ll</strong></span> <span class='ocrx_word' id='word_1_294' title='bbox 2835 2011 2958 2067; x_wconf 83' lang='lat' dir='ltr'><strong>Cor.</strong></span> <span class='ocrx_word' id='word_1_295' title='bbox 2990 2028 3053 2078; x_wconf 75' lang='lat' dir='ltr'><strong>tr,</strong></span> <span class='ocrx_word' id='word_1_296' title='bbox 3082 2013 3189 2083; x_wconf 79' lang='grc'><strong>15).</strong></span> <span class='ocrx_word' id='word_1_297' title='bbox 3217 2014 3447 2070; x_wconf 79' lang='lat' dir='ltr'><strong>Verum—</strong></span> 
     </span>
    </p>
   </div>
   <div class='ocr_carea' id='block_1_27' title="bbox 171 2100 3445 2182">
    <p class='ocr_par' dir='ltr' id='par_1_27' title="bbox 171 2100 3445 2182">
     <span class='ocr_line' id='line_1_27' title="bbox 171 2100 3445 2182; baseline 0.003 -33"><span class='ocrx_word' id='word_1_298' title='bbox 171 2111 466 2182; x_wconf 64' lang='grc' dir='ltr'><strong>γίτεειιίιπε</strong></span> <span class='ocrx_word' id='word_1_299' title='bbox 500 2123 641 2178; x_wconf 61' lang='lat' dir='ltr'><strong>quae.</strong></span> <span class='ocrx_word' id='word_1_300' title='bbox 666 2108 870 2178; x_wconf 70' lang='lat' dir='ltr'><strong>angelis</strong></span> <span class='ocrx_word' id='word_1_301' title='bbox 917 2116 1280 2177; x_wconf 64' lang='lat' dir='ltr'><strong>comparatur,</strong></span> <span class='ocrx_word' id='word_1_302' title='bbox 1326 2123 1425 2177; x_wconf 68' lang='lat' dir='ltr'><strong>per</strong></span> <span class='ocrx_word' id='word_1_303' title='bbox 1447 2108 1764 2177; x_wconf 40' lang='lat' dir='ltr'><strong>numquam</strong></span> <span class='ocrx_word' id='word_1_304' title='bbox 1863 2107 2044 2154; x_wconf 89' lang='lat' dir='ltr'><strong>tamen</strong></span> <span class='ocrx_word' id='word_1_305' title='bbox 2069 2113 2227 2154; x_wconf 90' lang='lat' dir='ltr'><strong>nemo</strong></span> <span class='ocrx_word' id='word_1_306' title='bbox 2254 2100 2321 2154; x_wconf 89' lang='lat' dir='ltr'><strong>ad</strong></span> <span class='ocrx_word' id='word_1_307' title='bbox 2348 2100 2462 2156; x_wconf 69' lang='lat' dir='ltr'><strong>haec</strong></span> <span class='ocrx_word' id='word_1_308' title='bbox 2488 2100 2728 2156; x_wconf 84' lang='lat' dir='ltr'><strong>idoneus.</strong></span> <span class='ocrx_word' id='word_1_309' title='bbox 2764 2100 2872 2157; x_wconf 88' lang='lat' dir='ltr'><strong>Sed</strong></span> <span class='ocrx_word' id='word_1_310' title='bbox 2898 2118 3057 2159; x_wconf 87' lang='lat' dir='ltr'><strong>nemo</strong></span> <span class='ocrx_word' id='word_1_311' title='bbox 3071 2120 3132 2158; x_wconf 88' lang='lat' dir='ltr'><strong>se</strong></span> <span class='ocrx_word' id='word_1_312' title='bbox 3153 2103 3445 2170; x_wconf 86' lang='lat' dir='ltr'><strong>deterreat,</strong></span> 
     </span>
    </p>
   </div>
   <div class='ocr_carea' id='block_1_28' title="bbox 174 2190 3448 2272">
    <p class='ocr_par' dir='ltr' id='par_1_28' title="bbox 174 2190 3448 2272">
     <span class='ocr_line' id='line_1_28' title="bbox 174 2190 3448 2272; baseline -0.002 -17"><span class='ocrx_word' id='word_1_313' title='bbox 174 2217 325 2272; x_wconf 64' lang='lat' dir='ltr'><strong>saepe</strong></span> <span class='ocrx_word' id='word_1_314' title='bbox 347 2201 401 2255; x_wconf 88' lang='lat' dir='ltr'><strong>in</strong></span> <span class='ocrx_word' id='word_1_315' title='bbox 430 2198 727 2271; x_wconf 85' lang='lat' dir='ltr'><strong>Scripturis</strong></span> <span class='ocrx_word' id='word_1_316' title='bbox 771 2198 942 2253; x_wconf 85' lang='lat' dir='ltr'><strong>sacris</strong></span> <span class='ocrx_word' id='word_1_317' title='bbox 984 2198 1378 2268; x_wconf 65' lang='lat' dir='ltr'><strong>praeﬁguntur.</strong></span> <span class='ocrx_word' id='word_1_318' title='bbox 1412 2198 1479 2253; x_wconf 85' lang='lat' dir='ltr'><strong>Et</strong></span> <span class='ocrx_word' id='word_1_319' title='bbox 1527 2198 1650 2254; x_wconf 81' lang='lat' dir='ltr'><strong>ideo</strong></span> <span class='ocrx_word' id='word_1_320' title='bbox 1679 2198 1760 2255; x_wconf 74' lang='lat' dir='ltr'><strong>di-</strong></span> <span class='ocrx_word' id='word_1_321' title='bbox 1788 2254 1795 2259; x_wconf 27' lang='grc' dir='ltr'><strong><em>λ</em></strong></span> <span class='ocrx_word' id='word_1_322' title='bbox 1865 2205 1988 2245; x_wconf 89' lang='lat' dir='ltr'><strong>cum</strong></span> <span class='ocrx_word' id='word_1_323' title='bbox 2013 2190 2160 2245; x_wconf 86' lang='lat' dir='ltr'><strong>audit</strong></span> <span class='ocrx_word' id='word_1_324' title='bbox 2193 2190 2294 2245; x_wconf 90' lang='lat' dir='ltr'><strong>hos</strong></span> <span class='ocrx_word' id='word_1_325' title='bbox 2323 2198 2432 2270; x_wconf 74' lang='lat' dir='ltr'><strong>tam</strong></span> <span class='ocrx_word' id='word_1_326' title='bbox 2457 2193 2755 2263; x_wconf 80' lang='lat' dir='ltr'><strong>praecipuos</strong></span> <span class='ocrx_word' id='word_1_327' title='bbox 2784 2193 2841 2248; x_wconf 88' lang='lat' dir='ltr'><strong>in</strong></span> <span class='ocrx_word' id='word_1_328' title='bbox 2862 2208 2992 2263; x_wconf 88' lang='lat' dir='ltr'><strong>agro</strong></span> <span class='ocrx_word' id='word_1_329' title='bbox 3025 2194 3234 2250; x_wconf 89' lang='lat' dir='ltr'><strong>Domini</strong></span> <span class='ocrx_word' id='word_1_330' title='bbox 3254 2193 3448 2263; x_wconf 86' lang='lat' dir='ltr'><strong>ﬂorere</strong></span> 
     </span>
    </p>
   </div>
   <div class='ocr_carea' id='block_1_29' title="bbox 175 2287 1764 2359">
    <p class='ocr_par' dir='ltr' id='par_1_29' title="bbox 175 2287 1764 2359">
     <span class='ocr_line' id='line_1_29' title="bbox 175 2287 1764 2359; baseline -0.001 -13"><span class='ocrx_word' id='word_1_331' title='bbox 175 2293 333 2357; x_wconf 64' lang='lat' dir='ltr'><strong>xerit</strong></span> <span class='ocrx_word' id='word_1_332' title='bbox 358 2292 636 2357; x_wconf 85' lang='lat' dir='ltr'><strong>Dominus,</strong></span> <span class='ocrx_word' id='word_1_333' title='bbox 661 2290 801 2359; x_wconf 85' lang='lat' dir='ltr'><strong>quod</strong></span> <span class='ocrx_word' id='word_1_334' title='bbox 829 2305 920 2344; x_wconf 88' lang='lat' dir='ltr'><strong>nec</strong></span> <span class='ocrx_word' id='word_1_335' title='bbox 943 2287 1197 2345; x_wconf 86' lang='lat' dir='ltr'><strong>Salomon</strong></span> <span class='ocrx_word' id='word_1_336' title='bbox 1229 2290 1284 2343; x_wconf 85' lang='lat' dir='ltr'><strong>in</strong></span> <span class='ocrx_word' id='word_1_337' title='bbox 1306 2289 1448 2344; x_wconf 90' lang='lat' dir='ltr'><strong>omni</strong></span> <span class='ocrx_word' id='word_1_338' title='bbox 1478 2288 1645 2359; x_wconf 85' lang='lat' dir='ltr'><strong>gloria</strong></span> <span class='ocrx_word' id='word_1_339' title='bbox 1666 2304 1764 2344; x_wconf 83' lang='lat' dir='ltr'><strong>sua</strong></span> 
     </span>
    </p>
   </div>
   <div class='ocr_carea' id='block_1_30' title="bbox 175 2378 1767 2452">
    <p class='ocr_par' dir='ltr' id='par_1_30' title="bbox 175 2378 1767 2452">
     <span class='ocr_line' id='line_1_30' title="bbox 175 2378 1767 2452; baseline -0.002 -15"><span class='ocrx_word' id='word_1_340' title='bbox 175 2390 459 2452; x_wconf 79' lang='lat' dir='ltr'><strong>coopertus</strong></span> <span class='ocrx_word' id='word_1_341' title='bbox 483 2381 553 2435; x_wconf 89' lang='lat' dir='ltr'><strong>sit</strong></span> <span class='ocrx_word' id='word_1_342' title='bbox 576 2381 713 2434; x_wconf 80' lang='lat' dir='ltr'><strong>sicut</strong></span> <span class='ocrx_word' id='word_1_343' title='bbox 738 2395 899 2433; x_wconf 84' lang='lat' dir='ltr'><strong>unum</strong></span> <span class='ocrx_word' id='word_1_344' title='bbox 944 2395 1009 2433; x_wconf 80' lang='lat' dir='ltr'><strong>ea:</strong></span> <span class='ocrx_word' id='word_1_345' title='bbox 1036 2380 1148 2433; x_wconf 84' lang='lat' dir='ltr'><strong>istis</strong></span> <span class='ocrx_word' id='word_1_346' title='bbox 1175 2381 1192 2449; x_wconf 91' lang='lat'>(</span> <span class='ocrx_word' id='word_1_347' title='bbox 1203 2378 1389 2433; x_wconf 77' lang='lat' dir='ltr'><strong>Matth.</strong></span> <span class='ocrx_word' id='word_1_348' title='bbox 1435 2394 1512 2445; x_wconf 77' lang='lat' dir='ltr'><strong>vr,</strong></span> <span class='ocrx_word' id='word_1_349' title='bbox 1550 2379 1665 2451; x_wconf 72' lang='lat'><strong>29).</strong></span> <span class='ocrx_word' id='word_1_350' title='bbox 1705 2378 1767 2434; x_wconf 88' lang='lat' dir='ltr'><strong>lu</strong></span> 
     </span>
    </p>
   </div>
   <div class='ocr_carea' id='block_1_31' title="bbox 177 2468 1767 2546">
    <p class='ocr_par' dir='ltr' id='par_1_31' title="bbox 177 2468 1767 2546">
     <span class='ocr_line' id='line_1_31' title="bbox 177 2468 1767 2546; baseline -0.003 -18"><span class='ocrx_word' id='word_1_351' title='bbox 177 2474 385 2546; x_wconf 84' lang='lat' dir='ltr'><strong>quibus</strong></span> <span class='ocrx_word' id='word_1_352' title='bbox 415 2471 669 2526; x_wconf 85' lang='lat' dir='ltr'><strong>nimirum</strong></span> <span class='ocrx_word' id='word_1_353' title='bbox 697 2468 918 2524; x_wconf 87' lang='lat' dir='ltr'><strong>ﬂoribus</strong></span> <span class='ocrx_word' id='word_1_354' title='bbox 963 2469 1160 2525; x_wconf 87' lang='lat' dir='ltr'><strong>renitet</strong></span> <span class='ocrx_word' id='word_1_355' title='bbox 1182 2470 1326 2524; x_wconf 91' lang='lat' dir='ltr'><strong>intus</strong></span> <span class='ocrx_word' id='word_1_356' title='bbox 1353 2469 1502 2524; x_wconf 88' lang='lat' dir='ltr'><strong>ﬂoris</strong></span> <span class='ocrx_word' id='word_1_357' title='bbox 1528 2470 1643 2523; x_wconf 90' lang='lat' dir='ltr'><strong>veri</strong></span> <span class='ocrx_word' id='word_1_358' title='bbox 1679 2469 1767 2527; x_wconf 88' lang='lat' dir='ltr'><strong>in-</strong></span> 
     </span>
    </p>
   </div>
   <div class='ocr_carea' id='block_1_32' title="bbox 178 2561 1769 2633">
    <p class='ocr_par' dir='ltr' id='par_1_32' title="bbox 178 2561 1769 2633">
     <span class='ocr_line' id='line_1_32' title="bbox 178 2561 1769 2633; baseline -0.004 -11"><span class='ocrx_word' id='word_1_359' title='bbox 178 2564 484 2633; x_wconf 83' lang='lat' dir='ltr'><strong>corruptio.</strong></span> <span class='ocrx_word' id='word_1_360' title='bbox 512 2573 567 2617; x_wconf 90' lang='lat' dir='ltr'><strong>et</strong></span> <span class='ocrx_word' id='word_1_361' title='bbox 588 2562 929 2633; x_wconf 85' lang='lat' dir='ltr'><strong>pulchritudo</strong></span> <span class='ocrx_word' id='word_1_362' title='bbox 950 2577 1048 2631; x_wconf 90' lang='lat' dir='ltr'><strong>per</strong></span> <span class='ocrx_word' id='word_1_363' title='bbox 1076 2561 1398 2616; x_wconf 88' lang='lat' dir='ltr'><strong>cbaritatem</strong></span> <span class='ocrx_word' id='word_1_364' title='bbox 1424 2562 1649 2631; x_wconf 66' lang='lat' dir='ltr'><strong>integra.-</strong></span> <span class='ocrx_word' id='word_1_365' title='bbox 1676 2576 1769 2616; x_wconf 82' lang='lat' dir='ltr'><strong>ca-</strong></span> 
     </span>
    </p>
   </div>
   <div class='ocr_carea' id='block_1_33' title="bbox 179 2652 1793 2725">
    <p class='ocr_par' dir='ltr' id='par_1_33' title="bbox 179 2652 1793 2725">
     <span class='ocr_line' id='line_1_33' title="bbox 179 2652 1793 2725; baseline -0.004 -12"><span class='ocrx_word' id='word_1_366' title='bbox 179 2656 410 2713; x_wconf 79' lang='lat' dir='ltr'><strong>stitatis.</strong></span> <span class='ocrx_word' id='word_1_367' title='bbox 438 2655 667 2725; x_wconf 87' lang='lat' dir='ltr'><strong>Propter</strong></span> <span class='ocrx_word' id='word_1_368' title='bbox 692 2654 832 2724; x_wconf 89' lang='lat' dir='ltr'><strong>quod</strong></span> <span class='ocrx_word' id='word_1_369' title='bbox 869 2653 1027 2708; x_wconf 90' lang='lat' dir='ltr'><strong>velim</strong></span> <span class='ocrx_word' id='word_1_370' title='bbox 1058 2668 1153 2708; x_wconf 91' lang='lat' dir='ltr'><strong>vos</strong></span> <span class='ocrx_word' id='word_1_371' title='bbox 1196 2652 1570 2718; x_wconf 85' lang='lat' dir='ltr'><strong>considerare,</strong></span> <span class='ocrx_word' id='word_1_372' title='bbox 1600 2653 1793 2724; x_wconf 29' lang='lat' dir='ltr'><strong>virgis</strong></span> 
     </span>
    </p>
   </div>
   <div class='ocr_carea' id='block_1_34' title="bbox 182 2742 1772 2817">
    <p class='ocr_par' dir='ltr' id='par_1_34' title="bbox 182 2742 1772 2817">
     <span class='ocr_line' id='line_1_34' title="bbox 182 2742 1772 2817; baseline -0.003 -15"><span class='ocrx_word' id='word_1_373' title='bbox 182 2749 331 2803; x_wconf 88' lang='lat' dir='ltr'><strong>nitas</strong></span> <span class='ocrx_word' id='word_1_374' title='bbox 370 2763 535 2817; x_wconf 89' lang='lat' dir='ltr'><strong>quam</strong></span> <span class='ocrx_word' id='word_1_375' title='bbox 564 2745 827 2816; x_wconf 69' lang='lat' dir='ltr'><strong>praeclara</strong></span> <span class='ocrx_word' id='word_1_376' title='bbox 847 2746 937 2810; x_wconf 89' lang='lat' dir='ltr'><strong>sit,</strong></span> <span class='ocrx_word' id='word_1_377' title='bbox 964 2760 1086 2815; x_wconf 65' lang='lat' dir='ltr'><strong>qua:</strong></span> <span class='ocrx_word' id='word_1_378' title='bbox 1117 2745 1282 2800; x_wconf 90' lang='lat' dir='ltr'><strong>tantis</strong></span> <span class='ocrx_word' id='word_1_379' title='bbox 1311 2753 1367 2800; x_wconf 91' lang='lat' dir='ltr'><strong>et</strong></span> <span class='ocrx_word' id='word_1_380' title='bbox 1390 2744 1584 2799; x_wconf 85' lang='lat' dir='ltr'><strong>talibus</strong></span> <span class='ocrx_word' id='word_1_381' title='bbox 1610 2742 1772 2799; x_wconf 88' lang='lat' dir='ltr'><strong>attol-</strong></span> 
     </span>
    </p>
   </div>
   <div class='ocr_carea' id='block_1_35' title="bbox 1865 2282 3475 2361">
    <p class='ocr_par' dir='ltr' id='par_1_35' title="bbox 1865 2282 3475 2361">
     <span class='ocr_line' id='line_1_35' title="bbox 1865 2282 3475 2361; baseline 0.004 -24"><span class='ocrx_word' id='word_1_382' title='bbox 1865 2290 1921 2338; x_wconf 89' lang='lat' dir='ltr'><strong>et</strong></span> <span class='ocrx_word' id='word_1_383' title='bbox 1957 2282 2200 2354; x_wconf 83' lang='lat' dir='ltr'><strong>fragrare</strong></span> <span class='ocrx_word' id='word_1_384' title='bbox 2255 2292 2365 2339; x_wconf 88' lang='lat' dir='ltr'><strong>tam</strong></span> <span class='ocrx_word' id='word_1_385' title='bbox 2420 2284 2697 2341; x_wconf 81' lang='lat' dir='ltr'><strong>immensis</strong></span> <span class='ocrx_word' id='word_1_386' title='bbox 2755 2286 3014 2342; x_wconf 89' lang='lat' dir='ltr'><strong>virtutum</strong></span> <span class='ocrx_word' id='word_1_387' title='bbox 3060 2288 3475 2361; x_wconf 21' lang='lat' dir='ltr'><strong>odorameulis.)</strong></span> 
     </span>
    </p>
   </div>
   <div class='ocr_carea' id='block_1_36' title="bbox 1867 2372 3447 2450">
    <p class='ocr_par' dir='ltr' id='par_1_36' title="bbox 1867 2372 3447 2450">
     <span class='ocr_line' id='line_1_36' title="bbox 1867 2372 3447 2450; baseline 0.004 -21"><span class='ocrx_word' id='word_1_388' title='bbox 1867 2372 2005 2429; x_wconf 85' lang='lat' dir='ltr'><strong>Sunt</strong></span> <span class='ocrx_word' id='word_1_389' title='bbox 2027 2374 2224 2430; x_wconf 88' lang='lat' dir='ltr'><strong>etenim</strong></span> <span class='ocrx_word' id='word_1_390' title='bbox 2254 2374 2307 2428; x_wconf 85' lang='lat' dir='ltr'><strong>in</strong></span> <span class='ocrx_word' id='word_1_391' title='bbox 2350 2375 2467 2445; x_wconf 89' lang='lat' dir='ltr'><strong>ipso</strong></span> <span class='ocrx_word' id='word_1_392' title='bbox 2499 2376 2797 2447; x_wconf 84' lang='lat' dir='ltr'><strong>eodemque</strong></span> <span class='ocrx_word' id='word_1_393' title='bbox 2830 2392 2961 2447; x_wconf 84' lang='lat' dir='ltr'><strong>agro</strong></span> <span class='ocrx_word' id='word_1_394' title='bbox 2986 2378 3288 2450; x_wconf 83' lang='lat' dir='ltr'><strong>Evangelii,</strong></span> <span class='ocrx_word' id='word_1_395' title='bbox 3311 2380 3447 2445; x_wconf 88' lang='lat' dir='ltr'><strong>lilia,</strong></span> 
     </span>
    </p>
   </div>
   <div class='ocr_carea' id='block_1_37' title="bbox 1867 2466 3451 2539">
    <p class='ocr_par' dir='ltr' id='par_1_37' title="bbox 1867 2466 3451 2539">
     <span class='ocr_line' id='line_1_37' title="bbox 1867 2466 3451 2539; baseline 0.004 -19"><span class='ocrx_word' id='word_1_396' title='bbox 1867 2480 2029 2531; x_wconf 78' lang='lat' dir='ltr'><strong>rosae.</strong></span> <span class='ocrx_word' id='word_1_397' title='bbox 2063 2466 2267 2521; x_wconf 87' lang='lat' dir='ltr'><strong>nardus</strong></span> <span class='ocrx_word' id='word_1_398' title='bbox 2297 2474 2353 2520; x_wconf 89' lang='lat' dir='ltr'><strong>et</strong></span> <span class='ocrx_word' id='word_1_399' title='bbox 2391 2481 2604 2534; x_wconf 89' lang='lat' dir='ltr'><strong>crocus,</strong></span> <span class='ocrx_word' id='word_1_400' title='bbox 2637 2468 2975 2537; x_wconf 86' lang='lat' dir='ltr'><strong>humilesque</strong></span> <span class='ocrx_word' id='word_1_401' title='bbox 3004 2470 3177 2535; x_wconf 69' lang='lat' dir='ltr'><strong>violae,</strong></span> <span class='ocrx_word' id='word_1_402' title='bbox 3205 2486 3324 2539; x_wconf 82' lang='lat' dir='ltr'><strong>quae</strong></span> <span class='ocrx_word' id='word_1_403' title='bbox 3353 2487 3451 2527; x_wconf 90' lang='lat' dir='ltr'><strong>suo</strong></span> 
     </span>
    </p>
   </div>
   <div class='ocr_carea' id='block_1_38' title="bbox 1867 2554 3454 2627">
    <p class='ocr_par' dir='ltr' id='par_1_38' title="bbox 1867 2554 3454 2627">
     <span class='ocr_line' id='line_1_38' title="bbox 1867 2554 3454 2627; baseline 0.007 -22"><span class='ocrx_word' id='word_1_404' title='bbox 1867 2554 2092 2613; x_wconf 82' lang='lat' dir='ltr'><strong>vincunt</strong></span> <span class='ocrx_word' id='word_1_405' title='bbox 2128 2570 2422 2626; x_wconf 86' lang='lat' dir='ltr'><strong>purpuram</strong></span> <span class='ocrx_word' id='word_1_406' title='bbox 2467 2556 2610 2627; x_wconf 90' lang='lat' dir='ltr'><strong>regis</strong></span> <span class='ocrx_word' id='word_1_407' title='bbox 2656 2557 2953 2613; x_wconf 86' lang='lat' dir='ltr'><strong>muriceam</strong></span> <span class='ocrx_word' id='word_1_408' title='bbox 2992 2558 3194 2615; x_wconf 88' lang='lat' dir='ltr'><strong>colore.</strong></span> <span class='ocrx_word' id='word_1_409' title='bbox 3226 2559 3361 2615; x_wconf 88' lang='lat' dir='ltr'><strong>Sunt</strong></span> <span class='ocrx_word' id='word_1_410' title='bbox 3395 2569 3454 2617; x_wconf 91' lang='lat' dir='ltr'><strong>et</strong></span> 
     </span>
    </p>
   </div>
   <div class='ocr_carea' id='block_1_39' title="bbox 1870 2640 3452 2720">
    <p class='ocr_par' dir='ltr' id='par_1_39' title="bbox 1870 2640 3452 2720">
     <span class='ocr_line' id='line_1_39' title="bbox 1870 2640 3452 2720; baseline 0.004 -19"><span class='ocrx_word' id='word_1_411' title='bbox 1870 2647 2177 2717; x_wconf 86' lang='lat' dir='ltr'><strong>heliotropii</strong></span> <span class='ocrx_word' id='word_1_412' title='bbox 2225 2646 2403 2714; x_wconf 83' lang='lat' dir='ltr'><strong>ﬂores,</strong></span> <span class='ocrx_word' id='word_1_413' title='bbox 2448 2649 2541 2718; x_wconf 89' lang='lat' dir='ltr'><strong>qui</strong></span> <span class='ocrx_word' id='word_1_414' title='bbox 2596 2649 2839 2719; x_wconf 87' lang='lat' dir='ltr'><strong>profecto</strong></span> <span class='ocrx_word' id='word_1_415' title='bbox 2874 2640 3111 2720; x_wconf 84' lang='lat' dir='ltr'><strong>gaudent</strong></span> <span class='ocrx_word' id='word_1_416' title='bbox 3159 2654 3225 2707; x_wconf 88' lang='lat' dir='ltr'><strong>ad</strong></span> <span class='ocrx_word' id='word_1_417' title='bbox 3271 2662 3452 2709; x_wconf 87' lang='lat' dir='ltr'><strong>ortum</strong></span> 
     </span>
    </p>
   </div>
   <div class='ocr_carea' id='block_1_40' title="bbox 1871 2739 3487 2814">
    <p class='ocr_par' dir='ltr' id='par_1_40' title="bbox 1871 2739 3487 2814">
     <span class='ocr_line' id='line_1_40' title="bbox 1871 2739 3487 2814; baseline 0.006 -19"><span class='ocrx_word' id='word_1_418' title='bbox 1871 2740 2023 2806; x_wconf 86' lang='lat' dir='ltr'><strong>solis,</strong></span> <span class='ocrx_word' id='word_1_419' title='bbox 2047 2739 2200 2810; x_wconf 82' lang='lat' dir='ltr'><strong>cujus</strong></span> <span class='ocrx_word' id='word_1_420' title='bbox 2220 2740 2535 2797; x_wconf 88' lang='lat' dir='ltr'><strong>colorantur</strong></span> <span class='ocrx_word' id='word_1_421' title='bbox 2560 2741 2704 2797; x_wconf 89' lang='lat' dir='ltr'><strong>intus</strong></span> <span class='ocrx_word' id='word_1_422' title='bbox 2749 2741 2951 2798; x_wconf 81' lang='lat' dir='ltr'><strong>lorisve</strong></span> <span class='ocrx_word' id='word_1_423' title='bbox 2977 2741 3206 2814; x_wconf 86' lang='lat' dir='ltr'><strong>fulgore,</strong></span> <span class='ocrx_word' id='word_1_424' title='bbox 3264 2753 3322 2800; x_wconf 90' lang='lat' dir='ltr'><strong>et</strong></span> <span class='ocrx_word' id='word_1_425' title='bbox 3369 2760 3487 2805; x_wconf 87' lang='lat' dir='ltr'><strong>se-_</strong></span> 
     </span>
    </p>
   </div>
   <div class='ocr_carea' id='block_1_41' title="bbox 183 2832 3487 2908">
    <p class='ocr_par' dir='ltr' id='par_1_41' title="bbox 183 2832 3487 2908">
     <span class='ocr_line' id='line_1_41' title="bbox 183 2832 3487 2908; baseline -0.001 -13"><span class='ocrx_word' id='word_1_426' title='bbox 183 2839 319 2895; x_wconf 78' lang='lat' dir='ltr'><strong>titur</strong></span> <span class='ocrx_word' id='word_1_427' title='bbox 351 2838 659 2908; x_wconf 70' lang='lat' dir='ltr'><strong>praeconiis.</strong></span> <span class='ocrx_word' id='word_1_428' title='bbox 691 2837 826 2893; x_wconf 85' lang='lat' dir='ltr'><strong>Nam</strong></span> <span class='ocrx_word' id='word_1_429' title='bbox 848 2845 908 2891; x_wconf 91' lang='lat' dir='ltr'><strong>ut</strong></span> <span class='ocrx_word' id='word_1_430' title='bbox 928 2835 1106 2892; x_wconf 78' lang='lat' dir='ltr'><strong>fassus</strong></span> <span class='ocrx_word' id='word_1_431' title='bbox 1125 2852 1267 2904; x_wconf 90' lang='lat' dir='ltr'><strong>sum,</strong></span> <span class='ocrx_word' id='word_1_432' title='bbox 1300 2836 1509 2893; x_wconf 86' lang='lat' dir='ltr'><strong>duobus</strong></span> <span class='ocrx_word' id='word_1_433' title='bbox 1528 2836 1772 2892; x_wconf 78' lang='lat' dir='ltr'><strong>Ecclesia</strong></span> <span class='ocrx_word' id='word_1_434' title='bbox 1873 2841 2112 2903; x_wconf 79' lang='lat' dir='ltr'><strong>quantur</strong></span> <span class='ocrx_word' id='word_1_435' title='bbox 2132 2842 2391 2903; x_wconf 83' lang='lat' dir='ltr'><strong>quantum</strong></span> <span class='ocrx_word' id='word_1_436' title='bbox 2410 2832 2497 2897; x_wconf 77' lang='lat' dir='ltr'><strong>fas</strong></span> <span class='ocrx_word' id='word_1_437' title='bbox 2516 2842 2601 2889; x_wconf 85' lang='lat' dir='ltr'><strong>est</strong></span> <span class='ocrx_word' id='word_1_438' title='bbox 2625 2842 2748 2904; x_wconf 91' lang='lat' dir='ltr'><strong>post</strong></span> <span class='ocrx_word' id='word_1_439' title='bbox 2766 2835 3013 2905; x_wconf 88' lang='lat' dir='ltr'><strong>vestigia,</strong></span> <span class='ocrx_word' id='word_1_440' title='bbox 3037 2835 3113 2891; x_wconf 90' lang='lat' dir='ltr'><strong>ita</strong></span> <span class='ocrx_word' id='word_1_441' title='bbox 3134 2846 3192 2890; x_wconf 90' lang='lat' dir='ltr'><strong>ut</strong></span> <span class='ocrx_word' id='word_1_442' title='bbox 3211 2837 3458 2892; x_wconf 86' lang='lat' dir='ltr'><strong>nesciant</strong></span> <span class='ocrx_word' id='word_1_443' title='bbox 3482 2870 3487 2893; x_wconf 73' lang='grc' dir='ltr'><strong>ι</strong></span> 
     </span>
    </p>
   </div>
   <div class='ocr_carea' id='block_1_42' title="bbox 183 2922 3487 3003">
    <p class='ocr_par' dir='ltr' id='par_1_42' title="bbox 183 2922 3487 3003">
     <span class='ocr_line' id='line_1_42' title="bbox 183 2922 3487 3003; baseline 0.001 -18"><span class='ocrx_word' id='word_1_444' title='bbox 183 2929 518 3003; x_wconf 79' lang='lat' dir='ltr'><strong>generaliter</strong></span> <span class='ocrx_word' id='word_1_445' title='bbox 562 2929 679 2984; x_wconf 89' lang='lat' dir='ltr'><strong>istis</strong></span> <span class='ocrx_word' id='word_1_446' title='bbox 723 2936 1065 2998; x_wconf 87' lang='lat' dir='ltr'><strong>comparatur</strong></span> <span class='ocrx_word' id='word_1_447' title='bbox 1108 2925 1365 2989; x_wconf 90' lang='lat' dir='ltr'><strong>ﬂoribus,</strong></span> <span class='ocrx_word' id='word_1_448' title='bbox 1433 2941 1555 2997; x_wconf 67' lang='lat' dir='ltr'><strong>quas</strong></span> <span class='ocrx_word' id='word_1_449' title='bbox 1617 2925 1777 2982; x_wconf 88' lang='lat' dir='ltr'><strong>rubet</strong></span> <span class='ocrx_word' id='word_1_450' title='bbox 1874 2922 1978 2978; x_wconf 88' lang='lat' dir='ltr'><strong>nisi</strong></span> <span class='ocrx_word' id='word_1_451' title='bbox 1999 2922 2167 2979; x_wconf 89' lang='lat' dir='ltr'><strong>solem</strong></span> <span class='ocrx_word' id='word_1_452' title='bbox 2188 2923 2473 2993; x_wconf 87' lang='lat' dir='ltr'><strong>inspicere.</strong></span> <span class='ocrx_word' id='word_1_453' title='bbox 2498 2923 2706 2979; x_wconf 83' lang='lat' dir='ltr'><strong>Idcirco</strong></span> <span class='ocrx_word' id='word_1_454' title='bbox 2731 2940 2795 2980; x_wconf 91' lang='lat' dir='ltr'><strong>ac</strong></span> <span class='ocrx_word' id='word_1_455' title='bbox 2810 2926 2853 2981; x_wconf 91' lang='lat' dir='ltr'><strong>si</strong></span> <span class='ocrx_word' id='word_1_456' title='bbox 2873 2935 3142 2983; x_wconf 88' lang='lat' dir='ltr'><strong>noctevos</strong></span> <span class='ocrx_word' id='word_1_457' title='bbox 3160 2927 3487 2991; x_wconf 82' lang='lat' dir='ltr'><strong>clausistis,:</strong></span> 
     </span>
    </p>
   </div>
   <div class='ocr_carea' id='block_1_43' title="bbox 183 3015 3456 3089">
    <p class='ocr_par' dir='ltr' id='par_1_43' title="bbox 183 3015 3456 3089">
     <span class='ocr_line' id='line_1_43' title="bbox 183 3015 3456 3089; baseline -0 -12"><span class='ocrx_word' id='word_1_458' title='bbox 183 3019 398 3077; x_wconf 79' lang='lat' dir='ltr'><strong>Christi</strong></span> <span class='ocrx_word' id='word_1_459' title='bbox 426 3033 673 3088; x_wconf 85' lang='lat' dir='ltr'><strong>rcsparsa</strong></span> <span class='ocrx_word' id='word_1_460' title='bbox 717 3019 1010 3089; x_wconf 89' lang='lat' dir='ltr'><strong>sanguine;</strong></span> <span class='ocrx_word' id='word_1_461' title='bbox 1044 3030 1294 3089; x_wconf 85' lang='lat' dir='ltr'><strong>respersa</strong></span> <span class='ocrx_word' id='word_1_462' title='bbox 1338 3015 1472 3072; x_wconf 81' lang='lat' dir='ltr'><strong>foris</strong></span> <span class='ocrx_word' id='word_1_463' title='bbox 1498 3016 1773 3087; x_wconf 84' lang='lat' dir='ltr'><strong>intusque,</strong></span> <span class='ocrx_word' id='word_1_464' title='bbox 1875 3016 2228 3083; x_wconf 56' lang='lat' dir='ltr'><strong>charissima,</strong></span> <span class='ocrx_word' id='word_1_465' title='bbox 2254 3025 2312 3072; x_wconf 86' lang='lat' dir='ltr'><strong>ut</strong></span> <span class='ocrx_word' id='word_1_466' title='bbox 2332 3018 2400 3072; x_wconf 87' lang='lat' dir='ltr'><strong>ad</strong></span> <span class='ocrx_word' id='word_1_467' title='bbox 2431 3026 2608 3073; x_wconf 88' lang='lat' dir='ltr'><strong>ortum</strong></span> <span class='ocrx_word' id='word_1_468' title='bbox 2631 3017 2760 3075; x_wconf 91' lang='lat' dir='ltr'><strong>solis</strong></span> <span class='ocrx_word' id='word_1_469' title='bbox 2800 3020 3010 3085; x_wconf 65' lang='lat' dir='ltr'><strong>aeterni,</strong></span> <span class='ocrx_word' id='word_1_470' title='bbox 3038 3034 3166 3075; x_wconf 82' lang='lat' dir='ltr'><strong>mox</strong></span> <span class='ocrx_word' id='word_1_471' title='bbox 3205 3035 3271 3075; x_wconf 90' lang='lat' dir='ltr'><strong>ac</strong></span> <span class='ocrx_word' id='word_1_472' title='bbox 3292 3021 3338 3075; x_wconf 89' lang='lat' dir='ltr'><strong>si</strong></span> <span class='ocrx_word' id='word_1_473' title='bbox 3367 3035 3456 3077; x_wconf 91' lang='lat' dir='ltr'><strong>re-</strong></span> 
     </span>
    </p>
   </div>
   <div class='ocr_carea' id='block_1_44' title="bbox 186 3108 3491 3183">
    <p class='ocr_par' dir='ltr' id='par_1_44' title="bbox 186 3108 3491 3183">
     <span class='ocr_line' id='line_1_44' title="bbox 186 3108 3491 3183; baseline 0.001 -20"><span class='ocrx_word' id='word_1_474' title='bbox 186 3111 321 3181; x_wconf 89' lang='lat' dir='ltr'><strong>quia</strong></span> <span class='ocrx_word' id='word_1_475' title='bbox 385 3110 438 3164; x_wconf 91' lang='lat' dir='ltr'><strong>iu</strong></span> <span class='ocrx_word' id='word_1_476' title='bbox 501 3118 730 3180; x_wconf 90' lang='lat' dir='ltr'><strong>utroque</strong></span> <span class='ocrx_word' id='word_1_477' title='bbox 762 3110 1048 3165; x_wconf 89' lang='lat' dir='ltr'><strong>coccineus</strong></span> <span class='ocrx_word' id='word_1_478' title='bbox 1088 3108 1237 3165; x_wconf 90' lang='lat' dir='ltr'><strong>color</strong></span> <span class='ocrx_word' id='word_1_479' title='bbox 1271 3116 1376 3174; x_wconf 87' lang='lat' dir='ltr'><strong>est,</strong></span> <span class='ocrx_word' id='word_1_480' title='bbox 1407 3116 1465 3165; x_wconf 93' lang='lat' dir='ltr'><strong>et</strong></span> <span class='ocrx_word' id='word_1_481' title='bbox 1490 3108 1687 3164; x_wconf 89' lang='lat' dir='ltr'><strong>candet</strong></span> <span class='ocrx_word' id='word_1_482' title='bbox 1716 3115 1776 3163; x_wconf 90' lang='lat' dir='ltr'><strong>ut</strong></span> <span class='ocrx_word' id='word_1_483' title='bbox 1877 3115 2042 3175; x_wconf 82' lang='lat' dir='ltr'><strong>natae,</strong></span> <span class='ocrx_word' id='word_1_484' title='bbox 2065 3108 2194 3178; x_wconf 88' lang='lat' dir='ltr'><strong>quia</strong></span> <span class='ocrx_word' id='word_1_485' title='bbox 2222 3110 2474 3165; x_wconf 88' lang='lat' dir='ltr'><strong>tenebras</strong></span> <span class='ocrx_word' id='word_1_486' title='bbox 2507 3110 2777 3177; x_wconf 88' lang='lat' dir='ltr'><strong>nescistis,</strong></span> <span class='ocrx_word' id='word_1_487' title='bbox 2816 3111 3039 3181; x_wconf 85' lang='lat' dir='ltr'><strong>possitis</strong></span> <span class='ocrx_word' id='word_1_488' title='bbox 3061 3111 3338 3183; x_wconf 84' lang='lat' dir='ltr'><strong>suscipere</strong></span> <span class='ocrx_word' id='word_1_489' title='bbox 3374 3111 3491 3167; x_wconf 76' lang='grc' dir='ltr'><strong>ιιι-⁷</strong></span> 
     </span>
    </p>
   </div>
   <div class='ocr_carea' id='block_1_45' title="bbox 188 3183 3462 3274">
    <p class='ocr_par' dir='ltr' id='par_1_45' title="bbox 188 3183 3462 3274">
     <span class='ocr_line' id='line_1_45' title="bbox 188 3183 3462 3274; baseline 0.001 -17"><span class='ocrx_word' id='word_1_490' title='bbox 188 3202 389 3265; x_wconf 85' lang='lat' dir='ltr'><strong>lilium,</strong></span> <span class='ocrx_word' id='word_1_491' title='bbox 425 3203 494 3257; x_wconf 89' lang='lat' dir='ltr'><strong>de</strong></span> <span class='ocrx_word' id='word_1_492' title='bbox 514 3217 621 3272; x_wconf 90' lang='lat' dir='ltr'><strong>qua</strong></span> <span class='ocrx_word' id='word_1_493' title='bbox 641 3202 838 3259; x_wconf 88' lang='lat' dir='ltr'><strong>dicitur</strong></span> <span class='ocrx_word' id='word_1_494' title='bbox 874 3220 887 3256; x_wconf 90' lang='lat'><strong>:</strong></span> <span class='ocrx_word' id='word_1_495' title='bbox 930 3201 1080 3258; x_wconf 87' lang='lat' dir='ltr'><strong>Sicut</strong></span> <span class='ocrx_word' id='word_1_496' title='bbox 1103 3200 1276 3257; x_wconf 84' lang='lat' dir='ltr'><strong>lilium</strong></span> <span class='ocrx_word' id='word_1_497' title='bbox 1303 3202 1438 3256; x_wconf 90' lang='lat' dir='ltr'><strong>inter</strong></span> <span class='ocrx_word' id='word_1_498' title='bbox 1472 3202 1671 3268; x_wconf 85' lang='lat' dir='ltr'><strong>spinas,</strong></span> <span class='ocrx_word' id='word_1_499' title='bbox 1702 3202 1778 3257; x_wconf 83' lang='lat' dir='ltr'><strong>sic</strong></span> <span class='ocrx_word' id='word_1_500' title='bbox 1803 3183 1850 3249; x_wconf 70' lang='grc' dir='ltr'>Ο</span> <span class='ocrx_word' id='word_1_501' title='bbox 1880 3216 2026 3256; x_wconf 72' lang='lat' dir='ltr'><strong>men.</strong></span> <span class='ocrx_word' id='word_1_502' title='bbox 2048 3199 2194 3257; x_wconf 86' lang='lat' dir='ltr'><strong>Sunt</strong></span> <span class='ocrx_word' id='word_1_503' title='bbox 2224 3202 2426 3256; x_wconf 90' lang='lat' dir='ltr'><strong>etenim</strong></span> <span class='ocrx_word' id='word_1_504' title='bbox 2467 3216 2747 3259; x_wconf 87' lang='lat' dir='ltr'><strong>sacrarum</strong></span> <span class='ocrx_word' id='word_1_505' title='bbox 2776 3201 3183 3274; x_wconf 87' lang='lat' dir='ltr'><strong>Scripturarnm</strong></span> <span class='ocrx_word' id='word_1_506' title='bbox 3206 3203 3462 3260; x_wconf 75' lang='lat' dir='ltr'><strong>cmlcstes</strong></span> 
     </span>
    </p>
   </div>
   <div class='ocr_carea' id='block_1_46' title="bbox 188 3292 1780 3366">
    <p class='ocr_par' dir='ltr' id='par_1_46' title="bbox 188 3292 1780 3366">
     <span class='ocr_line' id='line_1_46' title="bbox 188 3292 1780 3366; baseline 0.004 -20"><span class='ocrx_word' id='word_1_507' title='bbox 188 3294 369 3347; x_wconf 78' lang='lat' dir='ltr'><strong>amica</strong></span> <span class='ocrx_word' id='word_1_508' title='bbox 417 3310 531 3347; x_wconf 84' lang='lat' dir='ltr'><strong>mea</strong></span> <span class='ocrx_word' id='word_1_509' title='bbox 579 3294 713 3348; x_wconf 85' lang='lat' dir='ltr'><strong>inter</strong></span> <span class='ocrx_word' id='word_1_510' title='bbox 736 3294 877 3364; x_wconf 84' lang='lat' dir='ltr'><strong>ﬁlias</strong></span> <span class='ocrx_word' id='word_1_511' title='bbox 910 3292 1105 3366; x_wconf 69' lang='lat' dir='ltr'><strong>.(Canl.</strong></span> <span class='ocrx_word' id='word_1_512' title='bbox 1148 3309 1210 3358; x_wconf 84' lang='lat' dir='ltr'><strong>tt,</strong></span> <span class='ocrx_word' id='word_1_513' title='bbox 1251 3293 1330 3363; x_wconf 74' lang='lat'><strong>2).</strong></span> <span class='ocrx_word' id='word_1_514' title='bbox 1375 3293 1504 3361; x_wconf 75' lang='lat' dir='ltr'><strong>Qua:</strong></span> <span class='ocrx_word' id='word_1_515' title='bbox 1534 3294 1780 3364; x_wconf 74' lang='lat' dir='ltr'><strong>quamvis</strong></span> 
     </span>
    </p>
   </div>
   <div class='ocr_carea' id='block_1_47' title="bbox 190 3381 1780 3456">
    <p class='ocr_par' dir='ltr' id='par_1_47' title="bbox 190 3381 1780 3456">
     <span class='ocr_line' id='line_1_47' title="bbox 190 3381 1780 3456; baseline 0.002 -17"><span class='ocrx_word' id='word_1_516' title='bbox 190 3386 687 3456; x_wconf 61' lang='lat' dir='ltr'><strong>impraesentiarum</strong></span> <span class='ocrx_word' id='word_1_517' title='bbox 730 3386 873 3441; x_wconf 85' lang='lat' dir='ltr'><strong>inter</strong></span> <span class='ocrx_word' id='word_1_518' title='bbox 924 3385 1093 3440; x_wconf 90' lang='lat' dir='ltr'><strong>malos</strong></span> <span class='ocrx_word' id='word_1_519' title='bbox 1133 3394 1403 3451; x_wconf 70' lang='lat' dir='ltr'><strong>versetur,</strong></span> <span class='ocrx_word' id='word_1_520' title='bbox 1449 3394 1561 3440; x_wconf 89' lang='lat' dir='ltr'><strong>tota</strong></span> <span class='ocrx_word' id='word_1_521' title='bbox 1586 3381 1780 3442; x_wconf 73' lang='lat' dir='ltr'><strong>ﬂorida</strong></span> 
     </span>
    </p>
   </div>
   <div class='ocr_carea' id='block_1_48' title="bbox 190 3476 1783 3547">
    <p class='ocr_par' dir='ltr' id='par_1_48' title="bbox 190 3476 1783 3547">
     <span class='ocr_line' id='line_1_48' title="bbox 190 3476 1783 3547; baseline 0.001 -15"><span class='ocrx_word' id='word_1_522' title='bbox 190 3486 280 3532; x_wconf 87' lang='lat' dir='ltr'><strong>est</strong></span> <span class='ocrx_word' id='word_1_523' title='bbox 319 3477 458 3547; x_wconf 80' lang='lat' dir='ltr'><strong>ipsa,</strong></span> <span class='ocrx_word' id='word_1_524' title='bbox 490 3486 545 3531; x_wconf 85' lang='lat' dir='ltr'><strong>et</strong></span> <span class='ocrx_word' id='word_1_525' title='bbox 567 3478 760 3533; x_wconf 89' lang='lat' dir='ltr'><strong>decora</strong></span> <span class='ocrx_word' id='word_1_526' title='bbox 813 3477 992 3544; x_wconf 91' lang='lat' dir='ltr'><strong>nimis,</strong></span> <span class='ocrx_word' id='word_1_527' title='bbox 1027 3476 1211 3533; x_wconf 88' lang='lat' dir='ltr'><strong>multis</strong></span> <span class='ocrx_word' id='word_1_528' title='bbox 1235 3486 1495 3534; x_wconf 78' lang='lat' dir='ltr'><strong>exornata</strong></span> <span class='ocrx_word' id='word_1_529' title='bbox 1542 3479 1783 3535; x_wconf 84' lang='lat' dir='ltr'><strong>muneri—</strong></span> 
     </span>
    </p>
   </div>
   <div class='ocr_carea' id='block_1_49' title="bbox 189 3570 1783 3642">
    <p class='ocr_par' dir='ltr' id='par_1_49' title="bbox 189 3570 1783 3642">
     <span class='ocr_line' id='line_1_49' title="bbox 189 3570 1783 3642; baseline 0.001 -14"><span class='ocrx_word' id='word_1_530' title='bbox 189 3572 317 3628; x_wconf 89' lang='lat' dir='ltr'><strong>bus.</strong></span> <span class='ocrx_word' id='word_1_531' title='bbox 343 3570 451 3626; x_wconf 86' lang='lat' dir='ltr'><strong>Sed</strong></span> <span class='ocrx_word' id='word_1_532' title='bbox 474 3573 597 3642; x_wconf 87' lang='lat' dir='ltr'><strong>quia</strong></span> <span class='ocrx_word' id='word_1_533' title='bbox 624 3572 863 3641; x_wconf 82' lang='lat' dir='ltr'><strong>scribere</strong></span> <span class='ocrx_word' id='word_1_534' title='bbox 890 3572 1102 3627; x_wconf 82' lang='lat' dir='ltr'><strong>decrevi</strong></span> <span class='ocrx_word' id='word_1_535' title='bbox 1128 3572 1197 3627; x_wconf 91' lang='lat' dir='ltr'><strong>ad</strong></span> <span class='ocrx_word' id='word_1_536' title='bbox 1227 3571 1485 3641; x_wconf 78' lang='lat' dir='ltr'><strong>virgines,</strong></span> <span class='ocrx_word' id='word_1_537' title='bbox 1518 3586 1783 3642; x_wconf 84' lang='lat' dir='ltr'><strong>verasque</strong></span> 
     </span>
    </p>
   </div>
   <div class='ocr_carea' id='block_1_50' title="bbox 193 3662 1781 3734">
    <p class='ocr_par' dir='ltr' id='par_1_50' title="bbox 193 3662 1781 3734">
     <span class='ocr_line' id='line_1_50' title="bbox 193 3662 1781 3734; baseline -0.001 -16"><span class='ocrx_word' id='word_1_538' title='bbox 193 3664 408 3727; x_wconf 85' lang='lat' dir='ltr'><strong>viduas,</strong></span> <span class='ocrx_word' id='word_1_539' title='bbox 433 3662 707 3718; x_wconf 70' lang='lat' dir='ltr'><strong>cmlestem</strong></span> <span class='ocrx_word' id='word_1_540' title='bbox 737 3663 902 3719; x_wconf 88' lang='lat' dir='ltr'><strong>vitam</strong></span> <span class='ocrx_word' id='word_1_541' title='bbox 932 3672 1175 3733; x_wconf 83' lang='lat' dir='ltr'><strong>agentes,</strong></span> <span class='ocrx_word' id='word_1_542' title='bbox 1212 3664 1673 3734; x_wconf 83' lang='lat' dir='ltr'><strong>opportunissime</strong></span> <span class='ocrx_word' id='word_1_543' title='bbox 1695 3664 1781 3717; x_wconf 89' lang='lat' dir='ltr'><strong>vi-</strong></span> 
     </span>
    </p>
   </div>
   <div class='ocr_carea' id='block_1_51' title="bbox 194 3753 1787 3825">
    <p class='ocr_par' dir='ltr' id='par_1_51' title="bbox 194 3753 1787 3825">
     <span class='ocr_line' id='line_1_51' title="bbox 194 3753 1787 3825; baseline 0.001 -16"><span class='ocrx_word' id='word_1_544' title='bbox 194 3770 320 3809; x_wconf 88' lang='lat' dir='ltr'><strong>sum</strong></span> <span class='ocrx_word' id='word_1_545' title='bbox 347 3763 452 3816; x_wconf 85' lang='lat' dir='ltr'><strong>est,</strong></span> <span class='ocrx_word' id='word_1_546' title='bbox 480 3755 643 3808; x_wconf 88' lang='lat' dir='ltr'><strong>etiam</strong></span> <span class='ocrx_word' id='word_1_547' title='bbox 668 3754 795 3824; x_wconf 90' lang='lat' dir='ltr'><strong>quia</strong></span> <span class='ocrx_word' id='word_1_548' title='bbox 843 3753 1003 3809; x_wconf 89' lang='lat' dir='ltr'><strong>ﬂores</strong></span> <span class='ocrx_word' id='word_1_549' title='bbox 1042 3754 1277 3825; x_wconf 81' lang='lat' dir='ltr'><strong>paradisi</strong></span> <span class='ocrx_word' id='word_1_550' title='bbox 1316 3763 1463 3820; x_wconf 89' lang='lat' dir='ltr'><strong>sunt,</strong></span> <span class='ocrx_word' id='word_1_551' title='bbox 1513 3763 1574 3809; x_wconf 85' lang='lat' dir='ltr'><strong>ut</strong></span> <span class='ocrx_word' id='word_1_552' title='bbox 1597 3757 1664 3809; x_wconf 87' lang='lat' dir='ltr'><strong>ad</strong></span> <span class='ocrx_word' id='word_1_553' title='bbox 1691 3770 1787 3811; x_wconf 88' lang='lat' dir='ltr'><strong>eas</strong></span> 
     </span>
    </p>
   </div>
   <div class='ocr_carea' id='block_1_52' title="bbox 195 3844 1785 3917">
    <p class='ocr_par' dir='ltr' id='par_1_52' title="bbox 195 3844 1785 3917">
     <span class='ocr_line' id='line_1_52' title="bbox 195 3844 1785 3917; baseline 0.004 -19"><span class='ocrx_word' id='word_1_554' title='bbox 195 3847 265 3907; x_wconf 84' lang='lat' dir='ltr'><strong>de</strong></span> <span class='ocrx_word' id='word_1_555' title='bbox 302 3845 487 3900; x_wconf 87' lang='lat' dir='ltr'><strong>multis</strong></span> <span class='ocrx_word' id='word_1_556' title='bbox 520 3844 823 3902; x_wconf 84' lang='lat' dir='ltr'><strong>edisseram.</strong></span> <span class='ocrx_word' id='word_1_557' title='bbox 852 3845 1092 3912; x_wconf 86' lang='lat' dir='ltr'><strong>ﬂoribus,</strong></span> <span class='ocrx_word' id='word_1_558' title='bbox 1132 3847 1188 3902; x_wconf 86' lang='lat' dir='ltr'><strong>in</strong></span> <span class='ocrx_word' id='word_1_559' title='bbox 1237 3846 1436 3917; x_wconf 75' lang='lat' dir='ltr'><strong>quibus</strong></span> <span class='ocrx_word' id='word_1_560' title='bbox 1484 3847 1785 3904; x_wconf 75' lang='lat' dir='ltr'><strong>delectatur</strong></span> 
     </span>
    </p>
   </div>
   <div class='ocr_carea' id='block_1_53' title="bbox 195 3934 1791 4006">
    <p class='ocr_par' dir='ltr' id='par_1_53' title="bbox 195 3934 1791 4006">
     <span class='ocr_line' id='line_1_53' title="bbox 195 3934 1791 4006; baseline 0.003 -17"><span class='ocrx_word' id='word_1_561' title='bbox 195 3951 453 4006; x_wconf 84' lang='lat' dir='ltr'><strong>sponsus.</strong></span> <span class='ocrx_word' id='word_1_562' title='bbox 483 3934 637 3991; x_wconf 85' lang='lat' dir='ltr'><strong>Unde</strong></span> <span class='ocrx_word' id='word_1_563' title='bbox 662 3936 901 3992; x_wconf 87' lang='lat' dir='ltr'><strong>Ecclesia</strong></span> <span class='ocrx_word' id='word_1_564' title='bbox 932 3936 984 3991; x_wconf 91' lang='lat' dir='ltr'><strong>in</strong></span> <span class='ocrx_word' id='word_1_565' title='bbox 1025 3936 1264 3992; x_wconf 86' lang='lat' dir='ltr'><strong>Canticis</strong></span> <span class='ocrx_word' id='word_1_566' title='bbox 1289 3956 1300 3990; x_wconf 92' lang='lat'>:</span> <span class='ocrx_word' id='word_1_567' title='bbox 1328 3935 1535 3993; x_wconf 83' lang='lat' dir='ltr'><strong>Fulcite</strong></span> <span class='ocrx_word' id='word_1_568' title='bbox 1566 3955 1668 4002; x_wconf 84' lang='lat' dir='ltr'><strong>me,</strong></span> <span class='ocrx_word' id='word_1_569' title='bbox 1703 3940 1791 3995; x_wconf 75' lang='lat' dir='ltr'><strong>in-</strong></span> 
     </span>
    </p>
   </div>
   <div class='ocr_carea' id='block_1_54' title="bbox 195 4027 1784 4102">
    <p class='ocr_par' dir='ltr' id='par_1_54' title="bbox 195 4027 1784 4102">
     <span class='ocr_line' id='line_1_54' title="bbox 195 4027 1784 4102; baseline 0.004 -23"><span class='ocrx_word' id='word_1_570' title='bbox 195 4027 340 4095; x_wconf 86' lang='lat' dir='ltr'><strong>quit,</strong></span> <span class='ocrx_word' id='word_1_571' title='bbox 376 4027 621 4095; x_wconf 76' lang='lat' dir='ltr'><strong>ﬂoribus,</strong></span> <span class='ocrx_word' id='word_1_572' title='bbox 663 4028 848 4099; x_wconf 76' lang='lat' dir='ltr'><strong>stipata</strong></span> <span class='ocrx_word' id='word_1_573' title='bbox 877 4044 958 4082; x_wconf 82' lang='lat' dir='ltr'><strong>me</strong></span> <span class='ocrx_word' id='word_1_574' title='bbox 986 4028 1159 4094; x_wconf 87' lang='lat' dir='ltr'><strong>malis,</strong></span> <span class='ocrx_word' id='word_1_575' title='bbox 1198 4030 1323 4100; x_wconf 80' lang='lat' dir='ltr'><strong>quia</strong></span> <span class='ocrx_word' id='word_1_576' title='bbox 1348 4046 1531 4086; x_wconf 86' lang='lat' dir='ltr'><strong>amore</strong></span> <span class='ocrx_word' id='word_1_577' title='bbox 1559 4030 1784 4102; x_wconf 86' lang='lat' dir='ltr'><strong>laugueo</strong></span> 
     </span>
    </p>
   </div>
   <div class='ocr_carea' id='block_1_55' title="bbox 197 4114 1784 4191">
    <p class='ocr_par' dir='ltr' id='par_1_55' title="bbox 197 4114 1784 4191">
     <span class='ocr_line' id='line_1_55' title="bbox 197 4114 1784 4191; baseline 0.005 -23"><span class='ocrx_word' id='word_1_578' title='bbox 197 4114 383 4191; x_wconf 78' lang='lat' dir='ltr'><strong>(Cant.</strong></span> <span class='ocrx_word' id='word_1_579' title='bbox 416 4130 473 4179; x_wconf 87' lang='grc' dir='ltr'><strong>ιι,</strong></span> <span class='ocrx_word' id='word_1_580' title='bbox 506 4116 581 4187; x_wconf 84' lang='grc'><strong>5).</strong></span> <span class='ocrx_word' id='word_1_581' title='bbox 612 4115 717 4171; x_wconf 88' lang='lat' dir='ltr'><strong>Sed</strong></span> <span class='ocrx_word' id='word_1_582' title='bbox 742 4117 869 4187; x_wconf 88' lang='lat' dir='ltr'><strong>quia</strong></span> <span class='ocrx_word' id='word_1_583' title='bbox 911 4117 1078 4172; x_wconf 90' lang='lat' dir='ltr'><strong>multa</strong></span> <span class='ocrx_word' id='word_1_584' title='bbox 1114 4116 1305 4174; x_wconf 88' lang='lat' dir='ltr'><strong>ﬂorum</strong></span> <span class='ocrx_word' id='word_1_585' title='bbox 1333 4118 1635 4176; x_wconf 75' lang='lat' dir='ltr'><strong>diﬂ‘ereutia</strong></span> <span class='ocrx_word' id='word_1_586' title='bbox 1680 4129 1784 4187; x_wconf 86' lang='lat' dir='ltr'><strong>est,</strong></span> 
     </span>
    </p>
   </div>
   <div class='ocr_carea' id='block_1_56' title="bbox 195 4206 1790 4282">
    <p class='ocr_par' dir='ltr' id='par_1_56' title="bbox 195 4206 1790 4282">
     <span class='ocr_line' id='line_1_56' title="bbox 195 4206 1790 4282; baseline 0.004 -22"><span class='ocrx_word' id='word_1_587' title='bbox 195 4207 446 4282; x_wconf 87' lang='lat' dir='ltr'><strong>orandus</strong></span> <span class='ocrx_word' id='word_1_588' title='bbox 472 4216 556 4262; x_wconf 90' lang='lat' dir='ltr'><strong>est</strong></span> <span class='ocrx_word' id='word_1_589' title='bbox 582 4206 816 4280; x_wconf 88' lang='lat' dir='ltr'><strong>Spiritus</strong></span> <span class='ocrx_word' id='word_1_590' title='bbox 842 4217 1081 4274; x_wconf 84' lang='lat' dir='ltr'><strong>sanctus,</strong></span> <span class='ocrx_word' id='word_1_591' title='bbox 1111 4217 1171 4264; x_wconf 90' lang='lat' dir='ltr'><strong>ut</strong></span> <span class='ocrx_word' id='word_1_592' title='bbox 1192 4208 1388 4279; x_wconf 86' lang='lat' dir='ltr'><strong>perﬂet</strong></span> <span class='ocrx_word' id='word_1_593' title='bbox 1410 4226 1598 4282; x_wconf 84' lang='lat' dir='ltr'><strong>agrum</strong></span> <span class='ocrx_word' id='word_1_594' title='bbox 1639 4228 1790 4269; x_wconf 85' lang='lat' dir='ltr'><strong>meu-</strong></span> 
     </span>
    </p>
   </div>
   <div class='ocr_carea' id='block_1_57' title="bbox 199 4280 1791 4373">
    <p class='ocr_par' dir='ltr' id='par_1_57' title="bbox 199 4280 1791 4373">
     <span class='ocr_line' id='line_1_57' title="bbox 199 4280 1791 4373; baseline 0.003 -20"><span class='ocrx_word' id='word_1_595' title='bbox 295 4339 340 4370; x_wconf 49' lang='lat'><strong>,.</strong></span> <span class='ocrx_word' id='word_1_596' title='bbox 368 4306 431 4353; x_wconf 91' lang='lat' dir='ltr'><strong>ut</strong></span> <span class='ocrx_word' id='word_1_597' title='bbox 472 4313 541 4353; x_wconf 77' lang='lat' dir='ltr'><strong>ex</strong></span> <span class='ocrx_word' id='word_1_598' title='bbox 593 4313 658 4354; x_wconf 90' lang='lat' dir='ltr'><strong>eo</strong></span> <span class='ocrx_word' id='word_1_599' title='bbox 704 4299 974 4370; x_wconf 77' lang='lat' dir='ltr'><strong>proﬂuunt</strong></span> <span class='ocrx_word' id='word_1_600' title='bbox 1024 4309 1266 4355; x_wconf 83' lang='lat' dir='ltr'><strong>aromata</strong></span> <span class='ocrx_word' id='word_1_601' title='bbox 1313 4280 1476 4367; x_wconf 63' lang='lat' dir='ltr'><strong>illius,</strong></span> <span class='ocrx_word' id='word_1_602' title='bbox 1517 4302 1642 4373; x_wconf 89' lang='lat' dir='ltr'><strong>quia</strong></span> <span class='ocrx_word' id='word_1_603' title='bbox 1679 4317 1791 4358; x_wconf 88' lang='lat' dir='ltr'><strong>non</strong></span> 
     </span>
    </p>
   </div>
   <div class='ocr_carea' id='block_1_58' title="bbox 199 4390 1790 4464">
    <p class='ocr_par' dir='ltr' id='par_1_58' title="bbox 199 4390 1790 4464">
     <span class='ocr_line' id='line_1_58' title="bbox 199 4390 1790 4464; baseline 0.004 -19"><span class='ocrx_word' id='word_1_604' title='bbox 199 4390 427 4445; x_wconf 84' lang='lat' dir='ltr'><strong>aliunde</strong></span> <span class='ocrx_word' id='word_1_605' title='bbox 468 4390 787 4447; x_wconf 78' lang='lat' dir='ltr'><strong>fecundatur</strong></span> <span class='ocrx_word' id='word_1_606' title='bbox 828 4393 916 4449; x_wconf 92' lang='lat' dir='ltr'><strong>hic</strong></span> <span class='ocrx_word' id='word_1_607' title='bbox 955 4409 1085 4464; x_wconf 88' lang='lat' dir='ltr'><strong>ager</strong></span> <span class='ocrx_word' id='word_1_608' title='bbox 1112 4394 1388 4460; x_wconf 78' lang='lat' dir='ltr'><strong>Ecclesiae,</strong></span> <span class='ocrx_word' id='word_1_609' title='bbox 1418 4395 1524 4451; x_wconf 89' lang='lat' dir='ltr'><strong>nisi</strong></span> <span class='ocrx_word' id='word_1_610' title='bbox 1550 4410 1614 4451; x_wconf 80' lang='lat' dir='ltr'><strong>ex</strong></span> <span class='ocrx_word' id='word_1_611' title='bbox 1644 4396 1790 4451; x_wconf 76' lang='lat' dir='ltr'><strong>iniu-</strong></span> 
     </span>
    </p>
   </div>
   <div class='ocr_carea' id='block_1_59' title="bbox 1880 3292 3461 3367">
    <p class='ocr_par' dir='ltr' id='par_1_59' title="bbox 1880 3292 3461 3367">
     <span class='ocr_line' id='line_1_59' title="bbox 1880 3292 3461 3367; baseline 0 -18"><span class='ocrx_word' id='word_1_612' title='bbox 1880 3295 1970 3350; x_wconf 88' lang='lat' dir='ltr'><strong>alii</strong></span> <span class='ocrx_word' id='word_1_613' title='bbox 1995 3294 2379 3365; x_wconf 88' lang='lat' dir='ltr'><strong>quamplurimi</strong></span> <span class='ocrx_word' id='word_1_614' title='bbox 2411 3292 2590 3359; x_wconf 86' lang='lat' dir='ltr'><strong>ﬂores,</strong></span> <span class='ocrx_word' id='word_1_615' title='bbox 2643 3295 2695 3348; x_wconf 90' lang='lat' dir='ltr'><strong>iu</strong></span> <span class='ocrx_word' id='word_1_616' title='bbox 2734 3295 2931 3364; x_wconf 89' lang='lat' dir='ltr'><strong>quibus</strong></span> <span class='ocrx_word' id='word_1_617' title='bbox 2976 3296 3281 3367; x_wconf 79' lang='lat' dir='ltr'><strong>animarum</strong></span> <span class='ocrx_word' id='word_1_618' title='bbox 3312 3295 3461 3365; x_wconf 85' lang='lat' dir='ltr'><strong>agri-</strong></span> 
     </span>
    </p>
   </div>
   <div class='ocr_carea' id='block_1_60' title="bbox 1878 3387 3461 3458">
    <p class='ocr_par' dir='ltr' id='par_1_60' title="bbox 1878 3387 3461 3458">
     <span class='ocr_line' id='line_1_60' title="bbox 1878 3387 3461 3458; baseline -0.001 -14"><span class='ocrx_word' id='word_1_619' title='bbox 1878 3388 2090 3444; x_wconf 87' lang='lat' dir='ltr'><strong>cultura</strong></span> <span class='ocrx_word' id='word_1_620' title='bbox 2111 3387 2379 3444; x_wconf 77' lang='lat' dir='ltr'><strong>formatur</strong></span> <span class='ocrx_word' id='word_1_621' title='bbox 2407 3388 2632 3458; x_wconf 90' lang='lat' dir='ltr'><strong>passim,</strong></span> <span class='ocrx_word' id='word_1_622' title='bbox 2662 3396 2717 3443; x_wconf 90' lang='lat' dir='ltr'><strong>et</strong></span> <span class='ocrx_word' id='word_1_623' title='bbox 2745 3388 3033 3443; x_wconf 89' lang='lat' dir='ltr'><strong>decoratur</strong></span> <span class='ocrx_word' id='word_1_624' title='bbox 3059 3388 3259 3444; x_wconf 85' lang='lat' dir='ltr'><strong>Christi</strong></span> <span class='ocrx_word' id='word_1_625' title='bbox 3284 3388 3461 3443; x_wconf 85' lang='lat' dir='ltr'><strong>Eccle-</strong></span> 
     </span>
    </p>
   </div>
   <div class='ocr_carea' id='block_1_61' title="bbox 1880 3478 3466 3550">
    <p class='ocr_par' dir='ltr' id='par_1_61' title="bbox 1880 3478 3466 3550">
     <span class='ocr_line' id='line_1_61' title="bbox 1880 3478 3466 3550; baseline 0.001 -17"><span class='ocrx_word' id='word_1_626' title='bbox 1880 3478 1980 3533; x_wconf 90' lang='lat' dir='ltr'><strong>sia.</strong></span> <span class='ocrx_word' id='word_1_627' title='bbox 2013 3478 2073 3534; x_wconf 89' lang='lat' dir='ltr'><strong>ln</strong></span> <span class='ocrx_word' id='word_1_628' title='bbox 2126 3478 2320 3548; x_wconf 88' lang='lat' dir='ltr'><strong>quibus</strong></span> <span class='ocrx_word' id='word_1_629' title='bbox 2371 3486 2629 3548; x_wconf 88' lang='lat' dir='ltr'><strong>operatur</strong></span> <span class='ocrx_word' id='word_1_630' title='bbox 2653 3478 2939 3550; x_wconf 89' lang='lat' dir='ltr'><strong>virginitas</strong></span> <span class='ocrx_word' id='word_1_631' title='bbox 2970 3479 3075 3534; x_wconf 90' lang='lat' dir='ltr'><strong>sibi</strong></span> <span class='ocrx_word' id='word_1_632' title='bbox 3120 3494 3369 3544; x_wconf 85' lang='lat' dir='ltr'><strong>coronas,</strong></span> <span class='ocrx_word' id='word_1_633' title='bbox 3408 3486 3466 3534; x_wconf 89' lang='lat' dir='ltr'><strong>et</strong></span> 
     </span>
    </p>
   </div>
   <div class='ocr_carea' id='block_1_62' title="bbox 1881 3568 3464 3641">
    <p class='ocr_par' dir='ltr' id='par_1_62' title="bbox 1881 3568 3464 3641">
     <span class='ocr_line' id='line_1_62' title="bbox 1881 3568 3464 3641; baseline 0.001 -17"><span class='ocrx_word' id='word_1_634' title='bbox 1881 3584 2079 3639; x_wconf 85' lang='lat' dir='ltr'><strong>sponso</strong></span> <span class='ocrx_word' id='word_1_635' title='bbox 2124 3568 2301 3625; x_wconf 89' lang='lat' dir='ltr'><strong>dulcia</strong></span> <span class='ocrx_word' id='word_1_636' title='bbox 2355 3569 2562 3625; x_wconf 66' lang='lat' dir='ltr'><strong>celein</strong></span> <span class='ocrx_word' id='word_1_637' title='bbox 2617 3584 2742 3629; x_wconf 77' lang='lat' dir='ltr'><strong>rore</strong></span> <span class='ocrx_word' id='word_1_638' title='bbox 2778 3570 3048 3641; x_wconf 87' lang='lat' dir='ltr'><strong>constipat</strong></span> <span class='ocrx_word' id='word_1_639' title='bbox 3097 3570 3275 3626; x_wconf 82' lang='lat' dir='ltr'><strong>mella.</strong></span> <span class='ocrx_word' id='word_1_640' title='bbox 3329 3570 3464 3638; x_wconf 87' lang='lat' dir='ltr'><strong>Quis</strong></span> 
     </span>
    </p>
   </div>
   <div class='ocr_carea' id='block_1_63' title="bbox 1881 3659 3464 3733">
    <p class='ocr_par' dir='ltr' id='par_1_63' title="bbox 1881 3659 3464 3733">
     <span class='ocr_line' id='line_1_63' title="bbox 1881 3659 3464 3733; baseline 0 -17"><span class='ocrx_word' id='word_1_641' title='bbox 1881 3659 2027 3716; x_wconf 88' lang='lat' dir='ltr'><strong>enim</strong></span> <span class='ocrx_word' id='word_1_642' title='bbox 2057 3661 2264 3715; x_wconf 89' lang='lat' dir='ltr'><strong>nesciat</strong></span> <span class='ocrx_word' id='word_1_643' title='bbox 2286 3661 2432 3730; x_wconf 87' lang='lat' dir='ltr'><strong>quod</strong></span> <span class='ocrx_word' id='word_1_644' title='bbox 2478 3660 2737 3729; x_wconf 85' lang='lat' dir='ltr'><strong>pudicitia</strong></span> <span class='ocrx_word' id='word_1_645' title='bbox 2775 3661 3077 3733; x_wconf 87' lang='lat' dir='ltr'><strong>virginalis,</strong></span> <span class='ocrx_word' id='word_1_646' title='bbox 3111 3677 3205 3717; x_wconf 87' lang='lat' dir='ltr'><strong>seu</strong></span> <span class='ocrx_word' id='word_1_647' title='bbox 3238 3662 3464 3716; x_wconf 85' lang='lat' dir='ltr'><strong>castitas</strong></span> 
     </span>
    </p>
   </div>
   <div class='ocr_carea' id='block_1_64' title="bbox 1885 3752 3481 3825">
    <p class='ocr_par' dir='ltr' id='par_1_64' title="bbox 1885 3752 3481 3825">
     <span class='ocr_line' id='line_1_64' title="bbox 1885 3752 3481 3825; baseline 0.001 -20"><span class='ocrx_word' id='word_1_648' title='bbox 1885 3752 2135 3815; x_wconf 86' lang='lat' dir='ltr'><strong>vidualis,</strong></span> <span class='ocrx_word' id='word_1_649' title='bbox 2164 3752 2307 3815; x_wconf 88' lang='lat' dir='ltr'><strong>aliud</strong></span> <span class='ocrx_word' id='word_1_650' title='bbox 2327 3752 2542 3822; x_wconf 89' lang='lat' dir='ltr'><strong>operari</strong></span> <span class='ocrx_word' id='word_1_651' title='bbox 2565 3767 2671 3808; x_wconf 91' lang='lat' dir='ltr'><strong>non</strong></span> <span class='ocrx_word' id='word_1_652' title='bbox 2700 3762 2921 3818; x_wconf 80' lang='lat' dir='ltr'><strong>uomat,</strong></span> <span class='ocrx_word' id='word_1_653' title='bbox 2948 3753 3050 3808; x_wconf 89' lang='lat' dir='ltr'><strong>nisi</strong></span> <span class='ocrx_word' id='word_1_654' title='bbox 3076 3753 3132 3807; x_wconf 88' lang='lat' dir='ltr'><strong>in</strong></span> <span class='ocrx_word' id='word_1_655' title='bbox 3154 3753 3352 3822; x_wconf 86' lang='lat' dir='ltr'><strong>quibus</strong></span> <span class='ocrx_word' id='word_1_656' title='bbox 3371 3752 3481 3825; x_wconf 86' lang='lat' dir='ltr'><strong>de-_</strong></span> 
     </span>
    </p>
   </div>
   <div class='ocr_carea' id='block_1_65' title="bbox 1885 3842 3466 3915">
    <p class='ocr_par' dir='ltr' id='par_1_65' title="bbox 1885 3842 3466 3915">
     <span class='ocr_line' id='line_1_65' title="bbox 1885 3842 3466 3915; baseline 0.001 -19"><span class='ocrx_word' id='word_1_657' title='bbox 1885 3843 2117 3899; x_wconf 86' lang='lat' dir='ltr'><strong>lcctatur</strong></span> <span class='ocrx_word' id='word_1_658' title='bbox 2143 3844 2405 3913; x_wconf 83' lang='lat' dir='ltr'><strong>sponsus?</strong></span> <span class='ocrx_word' id='word_1_659' title='bbox 2439 3842 2567 3899; x_wconf 86' lang='lat' dir='ltr'><strong>lude</strong></span> <span class='ocrx_word' id='word_1_660' title='bbox 2609 3852 2693 3898; x_wconf 90' lang='lat' dir='ltr'><strong>est</strong></span> <span class='ocrx_word' id='word_1_661' title='bbox 2721 3844 2863 3914; x_wconf 90' lang='lat' dir='ltr'><strong>quod</strong></span> <span class='ocrx_word' id='word_1_662' title='bbox 2890 3845 3045 3915; x_wconf 86' lang='lat' dir='ltr'><strong>quasi</strong></span> <span class='ocrx_word' id='word_1_663' title='bbox 3092 3859 3221 3914; x_wconf 88' lang='lat' dir='ltr'><strong>apes</strong></span> <span class='ocrx_word' id='word_1_664' title='bbox 3245 3853 3466 3899; x_wconf 86' lang='lat' dir='ltr'><strong>sancta-</strong></span> 
     </span>
    </p>
   </div>
   <div class='ocr_carea' id='block_1_66' title="bbox 1888 3933 3489 4007">
    <p class='ocr_par' dir='ltr' id='par_1_66' title="bbox 1888 3933 3489 4007">
     <span class='ocr_line' id='line_1_66' title="bbox 1888 3933 3489 4007; baseline 0.001 -19"><span class='ocrx_word' id='word_1_665' title='bbox 1888 3950 2006 3989; x_wconf 89' lang='lat' dir='ltr'><strong>rum</strong></span> <span class='ocrx_word' id='word_1_666' title='bbox 2031 3933 2437 4004; x_wconf 84' lang='lat' dir='ltr'><strong>Scripturarum</strong></span> <span class='ocrx_word' id='word_1_667' title='bbox 2460 3934 2685 4005; x_wconf 87' lang='lat' dir='ltr'><strong>carpitis</strong></span> <span class='ocrx_word' id='word_1_668' title='bbox 2704 3935 2885 4001; x_wconf 80' lang='lat' dir='ltr'><strong>ﬂores,</strong></span> <span class='ocrx_word' id='word_1_669' title='bbox 2908 3937 3162 4007; x_wconf 87' lang='lat' dir='ltr'><strong>quoniam</strong></span> <span class='ocrx_word' id='word_1_670' title='bbox 3186 3936 3275 4006; x_wconf 80' lang='lat' dir='ltr'><strong>qui</strong></span> <span class='ocrx_word' id='word_1_671' title='bbox 3300 3936 3489 4005; x_wconf 85' lang='lat' dir='ltr'><strong>pasci-.</strong></span> 
     </span>
    </p>
   </div>
   <div class='ocr_carea' id='block_1_67' title="bbox 1887 4023 3466 4098">
    <p class='ocr_par' dir='ltr' id='par_1_67' title="bbox 1887 4023 3466 4098">
     <span class='ocr_line' id='line_1_67' title="bbox 1887 4023 3466 4098; baseline 0.002 -19"><span class='ocrx_word' id='word_1_672' title='bbox 1887 4035 1974 4079; x_wconf 87' lang='lat' dir='ltr'><strong>tur</strong></span> <span class='ocrx_word' id='word_1_673' title='bbox 2005 4027 2141 4081; x_wconf 81' lang='lat' dir='ltr'><strong>inter</strong></span> <span class='ocrx_word' id='word_1_674' title='bbox 2173 4025 2288 4081; x_wconf 89' lang='lat' dir='ltr'><strong>lilia</strong></span> <span class='ocrx_word' id='word_1_675' title='bbox 2338 4023 2513 4096; x_wconf 86' lang='lat' dir='ltr'><strong>(Cant.</strong></span> <span class='ocrx_word' id='word_1_676' title='bbox 2539 4043 2614 4093; x_wconf 79' lang='lat' dir='ltr'><strong>vt,</strong></span> <span class='ocrx_word' id='word_1_677' title='bbox 2642 4028 2697 4098; x_wconf 75' lang='lat'><strong>2)</strong></span> <span class='ocrx_word' id='word_1_678' title='bbox 2728 4035 2871 4083; x_wconf 89' lang='lat' dir='ltr'><strong>totus</strong></span> <span class='ocrx_word' id='word_1_679' title='bbox 2895 4028 3043 4082; x_wconf 89' lang='lat' dir='ltr'><strong>vadit</strong></span> <span class='ocrx_word' id='word_1_680' title='bbox 3066 4027 3121 4082; x_wconf 90' lang='lat' dir='ltr'><strong>in</strong></span> <span class='ocrx_word' id='word_1_681' title='bbox 3146 4025 3388 4092; x_wconf 88' lang='lat' dir='ltr'><strong>ﬂoribus,</strong></span> <span class='ocrx_word' id='word_1_682' title='bbox 3412 4027 3466 4082; x_wconf 89' lang='lat' dir='ltr'><strong>in</strong></span> 
     </span>
    </p>
   </div>
   <div class='ocr_carea' id='block_1_68' title="bbox 1888 4115 3487 4189">
    <p class='ocr_par' dir='ltr' id='par_1_68' title="bbox 1888 4115 3487 4189">
     <span class='ocr_line' id='line_1_68' title="bbox 1888 4115 3487 4189; baseline 0.004 -18"><span class='ocrx_word' id='word_1_683' title='bbox 1888 4115 2112 4181; x_wconf 86' lang='lat' dir='ltr'><strong>ﬂoribus</strong></span> <span class='ocrx_word' id='word_1_684' title='bbox 2141 4116 2461 4183; x_wconf 87' lang='lat' dir='ltr'><strong>delectatur,</strong></span> <span class='ocrx_word' id='word_1_685' title='bbox 2491 4126 2548 4173; x_wconf 91' lang='lat' dir='ltr'><strong>et</strong></span> <span class='ocrx_word' id='word_1_686' title='bbox 2574 4134 2681 4175; x_wconf 90' lang='lat' dir='ltr'><strong>non</strong></span> <span class='ocrx_word' id='word_1_687' title='bbox 2729 4118 2785 4174; x_wconf 90' lang='lat' dir='ltr'><strong>in</strong></span> <span class='ocrx_word' id='word_1_688' title='bbox 2815 4118 2934 4175; x_wconf 86' lang='lat' dir='ltr'><strong>aliis</strong></span> <span class='ocrx_word' id='word_1_689' title='bbox 2964 4118 3295 4189; x_wconf 89' lang='lat' dir='ltr'><strong>quibuslibet</strong></span> <span class='ocrx_word' id='word_1_690' title='bbox 3320 4117 3487 4178; x_wconf 84' lang='lat' dir='ltr'><strong>ﬂori-.</strong></span> 
     </span>
    </p>
   </div>
   <div class='ocr_carea' id='block_1_69' title="bbox 1888 4208 3472 4278">
    <p class='ocr_par' dir='ltr' id='par_1_69' title="bbox 1888 4208 3472 4278">
     <span class='ocr_line' id='line_1_69' title="bbox 1888 4208 3472 4278; baseline 0.003 -15"><span class='ocrx_word' id='word_1_691' title='bbox 1888 4208 2010 4273; x_wconf 90' lang='lat' dir='ltr'><strong>bus,</strong></span> <span class='ocrx_word' id='word_1_692' title='bbox 2033 4208 2138 4264; x_wconf 89' lang='lat' dir='ltr'><strong>nisi</strong></span> <span class='ocrx_word' id='word_1_693' title='bbox 2160 4210 2254 4278; x_wconf 89' lang='lat' dir='ltr'><strong>qui</strong></span> <span class='ocrx_word' id='word_1_694' title='bbox 2288 4210 2342 4265; x_wconf 92' lang='lat' dir='ltr'><strong>in</strong></span> <span class='ocrx_word' id='word_1_695' title='bbox 2365 4210 2611 4268; x_wconf 87' lang='lat' dir='ltr'><strong>convalle</strong></span> <span class='ocrx_word' id='word_1_696' title='bbox 2628 4212 2947 4271; x_wconf 88' lang='lat' dir='ltr'><strong>humilitatis</strong></span> <span class='ocrx_word' id='word_1_697' title='bbox 2968 4211 3266 4269; x_wconf 91' lang='lat' dir='ltr'><strong>ﬂoruerint.</strong></span> <span class='ocrx_word' id='word_1_698' title='bbox 3288 4211 3472 4268; x_wconf 85' lang='lat' dir='ltr'><strong>Floret</strong></span> 
     </span>
    </p>
   </div>
   <div class='ocr_carea' id='block_1_70' title="bbox 1890 4298 3473 4376">
    <p class='ocr_par' dir='ltr' id='par_1_70' title="bbox 1890 4298 3473 4376">
     <span class='ocr_line' id='line_1_70' title="bbox 1890 4298 3473 4376; baseline 0.003 -23"><span class='ocrx_word' id='word_1_699' title='bbox 1890 4298 2038 4353; x_wconf 88' lang='lat' dir='ltr'><strong>enim</strong></span> <span class='ocrx_word' id='word_1_700' title='bbox 2066 4298 2348 4368; x_wconf 84' lang='lat' dir='ltr'><strong>virginitas</strong></span> <span class='ocrx_word' id='word_1_701' title='bbox 2372 4300 2426 4355; x_wconf 91' lang='lat' dir='ltr'><strong>in</strong></span> <span class='ocrx_word' id='word_1_702' title='bbox 2449 4301 3092 4376; x_wconf 70' lang='lat' dir='ltr'><strong>oonvallelacrymarum,</strong></span> <span class='ocrx_word' id='word_1_703' title='bbox 3113 4304 3242 4360; x_wconf 87' lang='lat' dir='ltr'><strong>dum</strong></span> <span class='ocrx_word' id='word_1_704' title='bbox 3258 4318 3473 4373; x_wconf 84' lang='lat' dir='ltr'><strong>semper</strong></span> 
     </span>
    </p>
   </div>
   <div class='ocr_carea' id='block_1_71' title="bbox 1892 4389 3472 4466">
    <p class='ocr_par' dir='ltr' id='par_1_71' title="bbox 1892 4389 3472 4466">
     <span class='ocr_line' id='line_1_71' title="bbox 1892 4389 3472 4466; baseline 0.004 -21"><span class='ocrx_word' id='word_1_705' title='bbox 1892 4404 1955 4445; x_wconf 88' lang='lat' dir='ltr'><strong>ea</strong></span> <span class='ocrx_word' id='word_1_706' title='bbox 1976 4389 2210 4449; x_wconf 88' lang='lat' dir='ltr'><strong>intendit</strong></span> <span class='ocrx_word' id='word_1_707' title='bbox 2236 4402 2435 4459; x_wconf 84' lang='lat' dir='ltr'><strong>mente,</strong></span> <span class='ocrx_word' id='word_1_708' title='bbox 2465 4409 2585 4463; x_wconf 71' lang='lat' dir='ltr'><strong>quae</strong></span> <span class='ocrx_word' id='word_1_709' title='bbox 2632 4394 2952 4451; x_wconf 86' lang='lat' dir='ltr'><strong>humilitatis</strong></span> <span class='ocrx_word' id='word_1_710' title='bbox 2988 4404 3135 4463; x_wconf 89' lang='lat' dir='ltr'><strong>sunt,</strong></span> <span class='ocrx_word' id='word_1_711' title='bbox 3157 4411 3280 4466; x_wconf 64' lang='lat' dir='ltr'><strong>quae</strong></span> <span class='ocrx_word' id='word_1_712' title='bbox 3303 4397 3472 4452; x_wconf 85' lang='lat' dir='ltr'><strong>casti-</strong></span> 
     </span>
    </p>
   </div>
   <div class='ocr_carea' id='block_1_72' title="bbox 200 4480 3476 4559">
    <p class='ocr_par' dir='ltr' id='par_1_72' title="bbox 200 4480 3476 4559">
     <span class='ocr_line' id='line_1_72' title="bbox 200 4480 3476 4559; baseline 0.004 -23"><span class='ocrx_word' id='word_1_713' title='bbox 200 4482 361 4557; x_wconf 78' lang='lat' dir='ltr'><strong>sione</strong></span> <span class='ocrx_word' id='word_1_714' title='bbox 384 4480 620 4555; x_wconf 87' lang='lat' dir='ltr'><strong>Spiritus</strong></span> <span class='ocrx_word' id='word_1_715' title='bbox 649 4485 841 4541; x_wconf 89' lang='lat' dir='ltr'><strong>sancti.</strong></span> <span class='ocrx_word' id='word_1_716' title='bbox 886 4486 991 4541; x_wconf 88' lang='lat' dir='ltr'><strong>Iste</strong></span> <span class='ocrx_word' id='word_1_717' title='bbox 1041 4502 1274 4557; x_wconf 89' lang='lat' dir='ltr'><strong>namque</strong></span> <span class='ocrx_word' id='word_1_718' title='bbox 1315 4502 1445 4559; x_wconf 90' lang='lat' dir='ltr'><strong>ager</strong></span> <span class='ocrx_word' id='word_1_719' title='bbox 1478 4495 1559 4544; x_wconf 87' lang='lat' dir='ltr'><strong>est</strong></span> <span class='ocrx_word' id='word_1_720' title='bbox 1585 4504 1652 4544; x_wconf 86' lang='lat' dir='ltr'><strong>ex</strong></span> <span class='ocrx_word' id='word_1_721' title='bbox 1684 4504 1793 4559; x_wconf 86' lang='lat' dir='ltr'><strong>quo</strong></span> <span class='ocrx_word' id='word_1_722' title='bbox 1818 4543 1868 4559; x_wconf 44' lang='lat' dir='ltr'><strong>ﬁ</strong></span> <span class='ocrx_word' id='word_1_723' title='bbox 1896 4482 2056 4547; x_wconf 58' lang='lat' dir='ltr'><strong>latis;</strong></span> <span class='ocrx_word' id='word_1_724' title='bbox 2085 4482 2339 4551; x_wconf 79' lang='lat' dir='ltr'><strong>quoniam</strong></span> <span class='ocrx_word' id='word_1_725' title='bbox 2369 4497 2493 4538; x_wconf 75' lang='lat' dir='ltr'><strong>eum</strong></span> <span class='ocrx_word' id='word_1_726' title='bbox 2523 4482 2711 4540; x_wconf 67' lang='lat' dir='ltr'><strong>ﬂorem</strong></span> <span class='ocrx_word' id='word_1_727' title='bbox 2738 4493 2919 4553; x_wconf 62' lang='lat' dir='ltr'><strong>Porta!</strong></span> <span class='ocrx_word' id='word_1_728' title='bbox 2943 4486 2999 4541; x_wconf 82' lang='lat' dir='ltr'><strong>in</strong></span> <span class='ocrx_word' id='word_1_729' title='bbox 3025 4495 3244 4557; x_wconf 72' lang='lat' dir='ltr'><strong>pectore</strong></span> <span class='ocrx_word' id='word_1_730' title='bbox 3268 4488 3359 4558; x_wconf 87' lang='lat' dir='ltr'><strong>qui</strong></span> <span class='ocrx_word' id='word_1_731' title='bbox 3389 4498 3476 4543; x_wconf 73' lang='lat' dir='ltr'><strong>est</strong></span> 
     </span>
    </p>
   </div>
   <div class='ocr_carea' id='block_1_73' title="bbox 200 4543 3474 4651">
    <p class='ocr_par' dir='ltr' id='par_1_73' title="bbox 200 4543 3474 4651">
     <span class='ocr_line' id='line_1_73' title="bbox 200 4543 3474 4651; baseline 0.001 -19"><span class='ocrx_word' id='word_1_732' title='bbox 200 4552 358 4633; x_wconf 75' lang='lat' dir='ltr'><strong>lsaac</strong></span> <span class='ocrx_word' id='word_1_733' title='bbox 400 4543 493 4631; x_wconf 55' lang='lat' dir='ltr'><strong>(ibt</strong></span> <span class='ocrx_word' id='word_1_734' title='bbox 511 4575 621 4631; x_wconf 81' lang='lat' dir='ltr'><strong>lilio</strong></span> <span class='ocrx_word' id='word_1_735' title='bbox 662 4595 674 4631; x_wconf 92' lang='lat'><strong>:</strong></span> <span class='ocrx_word' id='word_1_736' title='bbox 710 4576 843 4631; x_wconf 80' lang='lat' dir='ltr'><strong>Ecce</strong></span> <span class='ocrx_word' id='word_1_737' title='bbox 873 4578 1005 4631; x_wconf 89' lang='lat' dir='ltr'><strong>odor</strong></span> <span class='ocrx_word' id='word_1_738' title='bbox 1040 4578 1142 4651; x_wconf 78' lang='lat' dir='ltr'><strong>ﬁlii</strong></span> <span class='ocrx_word' id='word_1_739' title='bbox 1173 4543 1292 4645; x_wconf 69' lang='lat' dir='ltr'><strong>mei,</strong></span> <span class='ocrx_word' id='word_1_740' title='bbox 1322 4543 1458 4635; x_wconf 70' lang='lat' dir='ltr'><strong>sicut</strong></span> <span class='ocrx_word' id='word_1_741' title='bbox 1502 4543 1635 4634; x_wconf 84' lang='lat' dir='ltr'><strong>odor</strong></span> <span class='ocrx_word' id='word_1_742' title='bbox 1679 4543 1795 4651; x_wconf 42' lang='lat' dir='ltr'><strong>nigri</strong></span> <span class='ocrx_word' id='word_1_743' title='bbox 1818 4543 1871 4605; x_wconf 68' lang='grc' dir='ltr'><strong>Β</strong></span> <span class='ocrx_word' id='word_1_744' title='bbox 1899 4543 2069 4627; x_wconf 60' lang='lat' dir='ltr'><strong>lilium</strong></span> <span class='ocrx_word' id='word_1_745' title='bbox 2102 4543 2415 4629; x_wconf 40' lang='lat' dir='ltr'><strong>convallium</strong></span> <span class='ocrx_word' id='word_1_746' title='bbox 2447 4573 2625 4645; x_wconf 80' lang='lat' dir='ltr'><strong>(Cant.</strong></span> <span class='ocrx_word' id='word_1_747' title='bbox 2654 4543 2825 4646; x_wconf 52' lang='lat'><strong>11,-1),</strong></span> <span class='ocrx_word' id='word_1_748' title='bbox 2864 4584 2922 4632; x_wconf 83' lang='lat' dir='ltr'><strong>et</strong></span> <span class='ocrx_word' id='word_1_749' title='bbox 2948 4543 3145 4635; x_wconf 59' lang='lat' dir='ltr'><strong>crescit</strong></span> <span class='ocrx_word' id='word_1_750' title='bbox 3195 4578 3251 4634; x_wconf 86' lang='lat' dir='ltr'><strong>in</strong></span> <span class='ocrx_word' id='word_1_751' title='bbox 3286 4543 3474 4634; x_wconf 49' lang='lat' dir='ltr'><strong>lhortis</strong></span> 
     </span>
    </p>
   </div>
   <div class='ocr_carea' id='block_1_74' title="bbox 198 4667 1796 4741">
    <p class='ocr_par' dir='ltr' id='par_1_74' title="bbox 198 4667 1796 4741">
     <span class='ocr_line' id='line_1_74' title="bbox 198 4667 1796 4741; baseline 0.004 -20"><span class='ocrx_word' id='word_1_752' title='bbox 198 4669 367 4740; x_wconf 79' lang='lat' dir='ltr'><strong>pleni,</strong></span> <span class='ocrx_word' id='word_1_753' title='bbox 390 4684 543 4739; x_wconf 83' lang='lat' dir='ltr'><strong>quem</strong></span> <span class='ocrx_word' id='word_1_754' title='bbox 565 4669 827 4739; x_wconf 66' lang='lat' dir='ltr'><strong>benedixit</strong></span> <span class='ocrx_word' id='word_1_755' title='bbox 862 4669 1121 4724; x_wconf 85' lang='lat' dir='ltr'><strong>Dominus</strong></span> <span class='ocrx_word' id='word_1_756' title='bbox 1144 4667 1297 4741; x_wconf 86' lang='lat' dir='ltr'><strong>(Gen.</strong></span> <span class='ocrx_word' id='word_1_757' title='bbox 1328 4685 1499 4736; x_wconf 78' lang='lat' dir='ltr'><strong>xxvu,</strong></span> <span class='ocrx_word' id='word_1_758' title='bbox 1530 4670 1644 4741; x_wconf 77' lang='lat'><strong>27).</strong></span> <span class='ocrx_word' id='word_1_759' title='bbox 1676 4671 1796 4728; x_wconf 87' lang='lat' dir='ltr'><strong>Ple-</strong></span> 
     </span>
    </p>
   </div>
   <div class='ocr_carea' id='block_1_75' title="bbox 196 4759 1797 4836">
    <p class='ocr_par' dir='ltr' id='par_1_75' title="bbox 196 4759 1797 4836">
     <span class='ocr_line' id='line_1_75' title="bbox 196 4759 1797 4836; baseline 0.002 -21"><span class='ocrx_word' id='word_1_760' title='bbox 196 4777 310 4836; x_wconf 71' lang='lat' dir='ltr'><strong>nus</strong></span> <span class='ocrx_word' id='word_1_761' title='bbox 336 4769 423 4816; x_wconf 89' lang='lat' dir='ltr'><strong>est</strong></span> <span class='ocrx_word' id='word_1_762' title='bbox 448 4760 537 4815; x_wconf 88' lang='lat' dir='ltr'><strong>hic</strong></span> <span class='ocrx_word' id='word_1_763' title='bbox 571 4776 702 4829; x_wconf 61' lang='lat' dir='ltr'><strong>tmer</strong></span> <span class='ocrx_word' id='word_1_764' title='bbox 729 4759 972 4827; x_wconf 88' lang='lat' dir='ltr'><strong>ﬂoribus,</strong></span> <span class='ocrx_word' id='word_1_765' title='bbox 996 4761 1187 4831; x_wconf 88' lang='lat' dir='ltr'><strong>plenus</strong></span> <span class='ocrx_word' id='word_1_766' title='bbox 1207 4770 1424 4817; x_wconf 77' lang='lat' dir='ltr'><strong>aeternae</strong></span> <span class='ocrx_word' id='word_1_767' title='bbox 1451 4762 1575 4817; x_wconf 56' lang='lat' dir='ltr'><strong>vitae</strong></span> <span class='ocrx_word' id='word_1_768' title='bbox 1615 4763 1797 4819; x_wconf 88' lang='lat' dir='ltr'><strong>odori-</strong></span> 
     </span>
    </p>
   </div>
   <div class='ocr_carea' id='block_1_76' title="bbox 198 4851 1795 4923">
    <p class='ocr_par' dir='ltr' id='par_1_76' title="bbox 198 4851 1795 4923">
     <span class='ocr_line' id='line_1_76' title="bbox 198 4851 1795 4923; baseline 0.001 -16"><span class='ocrx_word' id='word_1_769' title='bbox 198 4854 332 4923; x_wconf 77' lang='lat' dir='ltr'><strong>bus,</strong></span> <span class='ocrx_word' id='word_1_770' title='bbox 354 4852 421 4919; x_wconf 80' lang='lat' dir='ltr'><strong>in</strong></span> <span class='ocrx_word' id='word_1_771' title='bbox 454 4865 567 4920; x_wconf 85' lang='lat' dir='ltr'><strong>quo</strong></span> <span class='ocrx_word' id='word_1_772' title='bbox 590 4851 848 4906; x_wconf 87' lang='lat' dir='ltr'><strong>nimirum</strong></span> <span class='ocrx_word' id='word_1_773' title='bbox 901 4854 1189 4909; x_wconf 86' lang='lat' dir='ltr'><strong>thesaurus</strong></span> <span class='ocrx_word' id='word_1_774' title='bbox 1235 4852 1326 4909; x_wconf 88' lang='lat' dir='ltr'><strong>ille</strong></span> <span class='ocrx_word' id='word_1_775' title='bbox 1367 4853 1714 4910; x_wconf 84' lang='lat' dir='ltr'><strong>absconditus</strong></span> <span class='ocrx_word' id='word_1_776' title='bbox 1738 4854 1795 4923; x_wconf 77' lang='lat' dir='ltr'><strong>in</strong></span> 
     </span>
    </p>
   </div>
   <div class='ocr_carea' id='block_1_77' title="bbox 196 4941 1797 5015">
    <p class='ocr_par' dir='ltr' id='par_1_77' title="bbox 196 4941 1797 5015">
     <span class='ocr_line' id='line_1_77' title="bbox 196 4941 1797 5015; baseline 0.004 -18"><span class='ocrx_word' id='word_1_777' title='bbox 196 4941 506 5015; x_wconf 77' lang='lat' dir='ltr'><strong>Evangelia</strong></span> <span class='ocrx_word' id='word_1_778' title='bbox 538 4942 828 5011; x_wconf 85' lang='lat' dir='ltr'><strong>invenitur,</strong></span> <span class='ocrx_word' id='word_1_779' title='bbox 870 4959 968 5015; x_wconf 90' lang='lat' dir='ltr'><strong>pro</strong></span> <span class='ocrx_word' id='word_1_780' title='bbox 994 4959 1100 5015; x_wconf 89' lang='lat' dir='ltr'><strong>quo</strong></span> <span class='ocrx_word' id='word_1_781' title='bbox 1135 4944 1321 5000; x_wconf 81' lang='lat' dir='ltr'><strong>ﬁdeles</strong></span> <span class='ocrx_word' id='word_1_782' title='bbox 1351 4946 1533 5001; x_wconf 88' lang='lat' dir='ltr'><strong>omnia</strong></span> <span class='ocrx_word' id='word_1_783' title='bbox 1554 4947 1797 5005; x_wconf 83' lang='lat' dir='ltr'><strong>vendunt</strong></span> 
     </span>
    </p>
   </div>
   <div class='ocr_carea' id='block_1_78' title="bbox 201 5033 1793 5109">
    <p class='ocr_par' dir='ltr' id='par_1_78' title="bbox 201 5033 1793 5109">
     <span class='ocr_line' id='line_1_78' title="bbox 201 5033 1793 5109; baseline 0.004 -20"><span class='ocrx_word' id='word_1_784' title='bbox 201 5051 329 5105; x_wconf 76' lang='lat' dir='ltr'><strong>sua,</strong></span> <span class='ocrx_word' id='word_1_785' title='bbox 360 5035 456 5105; x_wconf 89' lang='lat' dir='ltr'><strong>qui</strong></span> <span class='ocrx_word' id='word_1_786' title='bbox 477 5033 593 5103; x_wconf 78' lang='lat' dir='ltr'><strong>ejus</strong></span> <span class='ocrx_word' id='word_1_787' title='bbox 622 5051 808 5092; x_wconf 89' lang='lat' dir='ltr'><strong>amore</strong></span> <span class='ocrx_word' id='word_1_788' title='bbox 851 5038 1154 5108; x_wconf 86' lang='lat' dir='ltr'><strong>rapiuntur,</strong></span> <span class='ocrx_word' id='word_1_789' title='bbox 1202 5045 1257 5092; x_wconf 90' lang='lat' dir='ltr'><strong>et</strong></span> <span class='ocrx_word' id='word_1_790' title='bbox 1291 5039 1596 5109; x_wconf 89' lang='lat' dir='ltr'><strong>relinquent</strong></span> <span class='ocrx_word' id='word_1_791' title='bbox 1627 5039 1793 5096; x_wconf 85' lang='lat' dir='ltr'><strong>etiam</strong></span> 
     </span>
    </p>
   </div>
   <div class='ocr_carea' id='block_1_79' title="bbox 202 5129 1798 5201">
    <p class='ocr_par' dir='ltr' id='par_1_79' title="bbox 202 5129 1798 5201">
     <span class='ocr_line' id='line_1_79' title="bbox 202 5129 1798 5201; baseline 0.003 -17"><span class='ocrx_word' id='word_1_792' title='bbox 202 5140 260 5201; x_wconf 82' lang='lat' dir='ltr'><strong>et</strong></span> <span class='ocrx_word' id='word_1_793' title='bbox 291 5130 526 5200; x_wconf 86' lang='lat' dir='ltr'><strong>seipsos,</strong></span> <span class='ocrx_word' id='word_1_794' title='bbox 550 5136 607 5184; x_wconf 93' lang='lat' dir='ltr'><strong>ut</strong></span> <span class='ocrx_word' id='word_1_795' title='bbox 643 5130 710 5185; x_wconf 89' lang='lat' dir='ltr'><strong>ad</strong></span> <span class='ocrx_word' id='word_1_796' title='bbox 750 5145 915 5184; x_wconf 88' lang='lat' dir='ltr'><strong>unum</strong></span> <span class='ocrx_word' id='word_1_797' title='bbox 960 5131 1280 5201; x_wconf 89' lang='lat' dir='ltr'><strong>perveniant</strong></span> <span class='ocrx_word' id='word_1_798' title='bbox 1328 5129 1537 5198; x_wconf 87' lang='lat' dir='ltr'><strong>ﬂorem,</strong></span> <span class='ocrx_word' id='word_1_799' title='bbox 1590 5131 1683 5201; x_wconf 88' lang='lat' dir='ltr'><strong>qui</strong></span> <span class='ocrx_word' id='word_1_800' title='bbox 1729 5132 1798 5189; x_wconf 85' lang='lat' dir='ltr'><strong>de</strong></span> 
     </span>
    </p>
   </div>
   <div class='ocr_carea' id='block_1_80' title="bbox 208 5217 1800 5292">
    <p class='ocr_par' dir='ltr' id='par_1_80' title="bbox 208 5217 1800 5292">
     <span class='ocr_line' id='line_1_80' title="bbox 208 5217 1800 5292; baseline 0.001 -19"><span class='ocrx_word' id='word_1_801' title='bbox 208 5221 397 5290; x_wconf 77' lang='lat' dir='ltr'><strong>seipso</strong></span> <span class='ocrx_word' id='word_1_802' title='bbox 412 5219 488 5272; x_wconf 89' lang='lat' dir='ltr'><strong>ait</strong></span> <span class='ocrx_word' id='word_1_803' title='bbox 500 5219 557 5272; x_wconf 90' lang='lat' dir='ltr'><strong>in</strong></span> <span class='ocrx_word' id='word_1_804' title='bbox 573 5218 815 5274; x_wconf 87' lang='lat' dir='ltr'><strong>Canticis</strong></span> <span class='ocrx_word' id='word_1_805' title='bbox 838 5236 852 5273; x_wconf 90' lang='lat'><strong>:</strong></span> <span class='ocrx_word' id='word_1_806' title='bbox 871 5217 983 5290; x_wconf 85' lang='lat' dir='ltr'><strong>Ego</strong></span> <span class='ocrx_word' id='word_1_807' title='bbox 1004 5221 1104 5289; x_wconf 79' lang='lat' dir='ltr'><strong>ﬂos</strong></span> <span class='ocrx_word' id='word_1_808' title='bbox 1120 5220 1314 5292; x_wconf 85' lang='lat' dir='ltr'><strong>campi,</strong></span> <span class='ocrx_word' id='word_1_809' title='bbox 1342 5230 1389 5275; x_wconf 85' lang='lat' dir='ltr'><strong>et</strong></span> <span class='ocrx_word' id='word_1_810' title='bbox 1404 5220 1574 5275; x_wconf 78' lang='lat' dir='ltr'><strong>lilium</strong></span> <span class='ocrx_word' id='word_1_811' title='bbox 1587 5220 1800 5275; x_wconf 80' lang='lat' dir='ltr'><strong>conual-</strong></span> 
     </span>
    </p>
   </div>
   <div class='ocr_carea' id='block_1_81' title="bbox 204 5304 1802 5383">
    <p class='ocr_par' dir='ltr' id='par_1_81' title="bbox 204 5304 1802 5383">
     <span class='ocr_line' id='line_1_81' title="bbox 204 5304 1802 5383; baseline 0.006 -24"><span class='ocrx_word' id='word_1_812' title='bbox 204 5308 339 5360; x_wconf 84' lang='lat' dir='ltr'><strong>lium</strong></span> <span class='ocrx_word' id='word_1_813' title='bbox 362 5304 543 5374; x_wconf 86' lang='lat' dir='ltr'><strong>(Cant.</strong></span> <span class='ocrx_word' id='word_1_814' title='bbox 563 5307 703 5377; x_wconf 68' lang='lat'><strong>11,1).</strong></span> <span class='ocrx_word' id='word_1_815' title='bbox 719 5306 1074 5381; x_wconf 84' lang='lat' dir='ltr'><strong>Cujusitaque</strong></span> <span class='ocrx_word' id='word_1_816' title='bbox 1086 5310 1261 5381; x_wconf 85' lang='lat' dir='ltr'><strong>campi</strong></span> <span class='ocrx_word' id='word_1_817' title='bbox 1276 5309 1576 5367; x_wconf 83' lang='lat' dir='ltr'><strong>fecunditas</strong></span> <span class='ocrx_word' id='word_1_818' title='bbox 1587 5326 1802 5383; x_wconf 79' lang='lat' dir='ltr'><strong>semper</strong></span> 
     </span>
    </p>
   </div>
   <div class='ocr_carea' id='block_1_82' title="bbox 209 5396 1800 5472">
    <p class='ocr_par' dir='ltr' id='par_1_82' title="bbox 209 5396 1800 5472">
     <span class='ocr_line' id='line_1_82' title="bbox 209 5396 1800 5472; baseline 0.004 -21"><span class='ocrx_word' id='word_1_819' title='bbox 209 5412 335 5451; x_wconf 84' lang='lat' dir='ltr'><strong>cum</strong></span> <span class='ocrx_word' id='word_1_820' title='bbox 384 5396 496 5451; x_wconf 87' lang='lat' dir='ltr'><strong>Deo</strong></span> <span class='ocrx_word' id='word_1_821' title='bbox 519 5411 639 5452; x_wconf 78' lang='lat' dir='ltr'><strong>esse</strong></span> <span class='ocrx_word' id='word_1_822' title='bbox 665 5396 884 5454; x_wconf 88' lang='lat' dir='ltr'><strong>dicitur.</strong></span> <span class='ocrx_word' id='word_1_823' title='bbox 913 5398 990 5454; x_wconf 90' lang='lat' dir='ltr'><strong>De</strong></span> <span class='ocrx_word' id='word_1_824' title='bbox 1016 5415 1125 5470; x_wconf 90' lang='lat' dir='ltr'><strong>quo</strong></span> <span class='ocrx_word' id='word_1_825' title='bbox 1162 5400 1292 5456; x_wconf 87' lang='lat' dir='ltr'><strong>alibi</strong></span> <span class='ocrx_word' id='word_1_826' title='bbox 1329 5400 1386 5455; x_wconf 88' lang='lat' dir='ltr'><strong>in</strong></span> <span class='ocrx_word' id='word_1_827' title='bbox 1404 5400 1643 5472; x_wconf 85' lang='lat' dir='ltr'><strong>psalmo,</strong></span> <span class='ocrx_word' id='word_1_828' title='bbox 1675 5415 1800 5457; x_wconf 85' lang='lat' dir='ltr'><strong>cum</strong></span> 
     </span>
    </p>
   </div>
   <div class='ocr_carea' id='block_1_83' title="bbox 208 5486 1799 5562">
    <p class='ocr_par' dir='ltr' id='par_1_83' title="bbox 208 5486 1799 5562">
     <span class='ocr_line' id='line_1_83' title="bbox 208 5486 1799 5562; baseline 0.004 -21"><span class='ocrx_word' id='word_1_829' title='bbox 208 5486 598 5557; x_wconf 78' lang='lat' dir='ltr'><strong>descripsisset</strong></span> <span class='ocrx_word' id='word_1_830' title='bbox 625 5488 771 5559; x_wconf 90' lang='lat' dir='ltr'><strong>quod</strong></span> <span class='ocrx_word' id='word_1_831' title='bbox 808 5489 990 5544; x_wconf 86' lang='lat' dir='ltr'><strong>omnia</strong></span> <span class='ocrx_word' id='word_1_832' title='bbox 1030 5506 1150 5562; x_wconf 75' lang='lat' dir='ltr'><strong>quae</strong></span> <span class='ocrx_word' id='word_1_833' title='bbox 1175 5491 1301 5546; x_wconf 64' lang='grc' dir='ltr'><strong>ω)ιί</strong></span> <span class='ocrx_word' id='word_1_834' title='bbox 1328 5505 1397 5548; x_wconf 90' lang='lat' dir='ltr'><strong>ac</strong></span> <span class='ocrx_word' id='word_1_835' title='bbox 1448 5499 1607 5547; x_wconf 71' lang='lat' dir='ltr'><strong>terrae</strong></span> <span class='ocrx_word' id='word_1_836' title='bbox 1650 5500 1799 5561; x_wconf 88' lang='lat' dir='ltr'><strong>sunt,</strong></span> 
     </span>
    </p>
   </div>
   <div class='ocr_carea' id='block_1_84' title="bbox 196 5578 1800 5659">
    <p class='ocr_par' dir='ltr' id='par_1_84' title="bbox 196 5578 1800 5659">
     <span class='ocr_line' id='line_1_84' title="bbox 196 5578 1800 5659; baseline 0.007 -29"><span class='ocrx_word' id='word_1_837' title='bbox 196 5592 310 5659; x_wconf 58' lang='lat' dir='ltr'><strong>sua</strong></span> <span class='ocrx_word' id='word_1_838' title='bbox 338 5585 545 5655; x_wconf 78' lang='lat' dir='ltr'><strong>essent,</strong></span> <span class='ocrx_word' id='word_1_839' title='bbox 576 5587 625 5633; x_wconf 86' lang='lat' dir='ltr'><strong>et</strong></span> <span class='ocrx_word' id='word_1_840' title='bbox 642 5578 1008 5650; x_wconf 73' lang='lat' dir='ltr'><strong>pulchritudo,</strong></span> <span class='ocrx_word' id='word_1_841' title='bbox 1024 5578 1226 5653; x_wconf 83' lang='lat' dir='ltr'><strong>inquit,</strong></span> <span class='ocrx_word' id='word_1_842' title='bbox 1250 5583 1580 5655; x_wconf 79' lang='lat' dir='ltr'><strong>agrisemper</strong></span> <span class='ocrx_word' id='word_1_843' title='bbox 1599 5598 1800 5643; x_wconf 72' lang='lat' dir='ltr'><strong>mecum</strong></span> 
     </span>
    </p>
   </div>
   <div class='ocr_carea' id='block_1_85' title="bbox 200 5665 1802 5744">
    <p class='ocr_par' dir='ltr' id='par_1_85' title="bbox 200 5665 1802 5744">
     <span class='ocr_line' id='line_1_85' title="bbox 200 5665 1802 5744; baseline 0.005 -19"><span class='ocrx_word' id='word_1_844' title='bbox 200 5679 286 5725; x_wconf 65' lang='lat' dir='ltr'><strong>est</strong></span> <span class='ocrx_word' id='word_1_845' title='bbox 303 5665 480 5739; x_wconf 87' lang='lat' dir='ltr'><strong>(Psal.</strong></span> <span class='ocrx_word' id='word_1_846' title='bbox 504 5685 654 5737; x_wconf 73' lang='lat' dir='ltr'><strong>ms,</strong></span> <span class='ocrx_word' id='word_1_847' title='bbox 675 5671 787 5742; x_wconf 78' lang='lat' dir='ltr'><strong>ll).</strong></span> <span class='ocrx_word' id='word_1_848' title='bbox 802 5672 918 5740; x_wconf 87' lang='lat' dir='ltr'><strong>Quo</strong></span> <span class='ocrx_word' id='word_1_849' title='bbox 939 5672 1183 5741; x_wconf 79' lang='lat' dir='ltr'><strong>profecto</strong></span> <span class='ocrx_word' id='word_1_850' title='bbox 1195 5672 1386 5743; x_wconf 89' lang='lat' dir='ltr'><strong>liquet,</strong></span> <span class='ocrx_word' id='word_1_851' title='bbox 1402 5675 1506 5730; x_wconf 88' lang='lat' dir='ltr'><strong>etsi</strong></span> <span class='ocrx_word' id='word_1_852' title='bbox 1528 5673 1802 5744; x_wconf 76' lang='lat' dir='ltr'><strong>possideat</strong></span> 
     </span>
    </p>
   </div>
   <div class='ocr_carea' id='block_1_86' title="bbox 198 5746 1800 5837">
    <p class='ocr_par' dir='ltr' id='par_1_86' title="bbox 198 5746 1800 5837">
     <span class='ocr_line' id='line_1_86' title="bbox 198 5746 1800 5837; baseline 0.007 -25"><span class='ocrx_word' id='word_1_853' title='bbox 198 5746 403 5813; x_wconf 57' lang='lat' dir='ltr'><strong>omnia</strong></span> <span class='ocrx_word' id='word_1_854' title='bbox 450 5774 549 5830; x_wconf 87' lang='lat' dir='ltr'><strong>per</strong></span> <span class='ocrx_word' id='word_1_855' title='bbox 592 5762 891 5833; x_wconf 72' lang='lat' dir='ltr'><strong>maiestatis</strong></span> <span class='ocrx_word' id='word_1_856' title='bbox 926 5780 1037 5821; x_wconf 72' lang='lat' dir='ltr'><strong>sua:</strong></span> <span class='ocrx_word' id='word_1_857' title='bbox 1083 5765 1405 5830; x_wconf 86' lang='lat' dir='ltr'><strong>dominium,</strong></span> <span class='ocrx_word' id='word_1_858' title='bbox 1459 5766 1604 5837; x_wconf 86' lang='lat' dir='ltr'><strong>quod</strong></span> <span class='ocrx_word' id='word_1_859' title='bbox 1641 5767 1800 5837; x_wconf 82' lang='lat' dir='ltr'><strong>hujus</strong></span> 
     </span>
    </p>
   </div>
   <div class='ocr_carea' id='block_1_87' title="bbox 1708 5856 1747 5926">
    <p class='ocr_par' dir='ltr' id='par_1_87' title="bbox 1708 5856 1747 5926">
     <span class='ocr_line' id='line_1_87' title="bbox 1708 5856 1747 5926; baseline 0 0"><span class='ocrx_word' id='word_1_860' title='bbox 1708 5856 1747 5926; x_wconf 64' lang='grc' dir='ltr'><strong>ι</strong></span> 
     </span>
    </p>
   </div>
   <div class='ocr_carea' id='block_1_88' title="bbox 1899 4662 3477 4737">
    <p class='ocr_par' dir='ltr' id='par_1_88' title="bbox 1899 4662 3477 4737">
     <span class='ocr_line' id='line_1_88' title="bbox 1899 4662 3477 4737; baseline 0.004 -19"><span class='ocrx_word' id='word_1_861' title='bbox 1899 4662 2218 4723; x_wconf 88' lang='lat' dir='ltr'><strong>deliciarum</strong></span> <span class='ocrx_word' id='word_1_862' title='bbox 2245 4678 2384 4733; x_wconf 76' lang='lat' dir='ltr'><strong>quos</strong></span> <span class='ocrx_word' id='word_1_863' title='bbox 2411 4662 2613 4721; x_wconf 81' lang='lat' dir='ltr'><strong>irrorat</strong></span> <span class='ocrx_word' id='word_1_864' title='bbox 2661 4664 2895 4736; x_wconf 77' lang='lat' dir='ltr'><strong>Spiritus</strong></span> <span class='ocrx_word' id='word_1_865' title='bbox 2944 4679 3184 4727; x_wconf 87' lang='lat' dir='ltr'><strong>sanctus.</strong></span> <span class='ocrx_word' id='word_1_866' title='bbox 3233 4668 3337 4737; x_wconf 83' lang='lat' dir='ltr'><strong>Qui</strong></span> <span class='ocrx_word' id='word_1_867' title='bbox 3366 4670 3477 4725; x_wconf 85' lang='lat' dir='ltr'><strong>sint</strong></span> 
     </span>
    </p>
   </div>
   <div class='ocr_carea' id='block_1_89' title="bbox 1898 4754 3479 4828">
    <p class='ocr_par' dir='ltr' id='par_1_89' title="bbox 1898 4754 3479 4828">
     <span class='ocr_line' id='line_1_89' title="bbox 1898 4754 3479 4828; baseline 0.003 -19"><span class='ocrx_word' id='word_1_868' title='bbox 1898 4762 2077 4809; x_wconf 89' lang='lat' dir='ltr'><strong>autem</strong></span> <span class='ocrx_word' id='word_1_869' title='bbox 2117 4754 2259 4809; x_wconf 91' lang='lat' dir='ltr'><strong>horti</strong></span> <span class='ocrx_word' id='word_1_870' title='bbox 2286 4754 2622 4823; x_wconf 88' lang='lat' dir='ltr'><strong>deliciarum,</strong></span> <span class='ocrx_word' id='word_1_871' title='bbox 2655 4756 2770 4827; x_wconf 90' lang='lat' dir='ltr'><strong>ipse</strong></span> <span class='ocrx_word' id='word_1_872' title='bbox 2800 4774 3032 4828; x_wconf 82' lang='lat' dir='ltr'><strong>sponsus</strong></span> <span class='ocrx_word' id='word_1_873' title='bbox 3056 4761 3391 4819; x_wconf 83' lang='lat' dir='ltr'><strong>demonstrat</strong></span> <span class='ocrx_word' id='word_1_874' title='bbox 3420 4761 3479 4816; x_wconf 35' lang='lat' dir='ltr'><strong>in.</strong></span> 
     </span>
    </p>
   </div>
   <div class='ocr_carea' id='block_1_90' title="bbox 1898 4842 3476 4921">
    <p class='ocr_par' dir='ltr' id='par_1_90' title="bbox 1898 4842 3476 4921">
     <span class='ocr_line' id='line_1_90' title="bbox 1898 4842 3476 4921; baseline 0.008 -24"><span class='ocrx_word' id='word_1_875' title='bbox 1898 4842 2137 4911; x_wconf 67' lang='lat' dir='ltr'><strong>Cantiois</strong></span> <span class='ocrx_word' id='word_1_876' title='bbox 2161 4861 2175 4898; x_wconf 88' lang='lat'><strong>:</strong></span> <span class='ocrx_word' id='word_1_877' title='bbox 2202 4842 2403 4901; x_wconf 80' lang='lat' dir='ltr'><strong>Hortus</strong></span> <span class='ocrx_word' id='word_1_878' title='bbox 2427 4846 2706 4904; x_wconf 85' lang='lat' dir='ltr'><strong>conclusus</strong></span> <span class='ocrx_word' id='word_1_879' title='bbox 2727 4865 2880 4911; x_wconf 80' lang='lat' dir='ltr'><strong>soror</strong></span> <span class='ocrx_word' id='word_1_880' title='bbox 2898 4866 3014 4907; x_wconf 80' lang='lat' dir='ltr'><strong>mea</strong></span> <span class='ocrx_word' id='word_1_881' title='bbox 3040 4867 3253 4921; x_wconf 84' lang='lat' dir='ltr'><strong>sponsa,</strong></span> <span class='ocrx_word' id='word_1_882' title='bbox 3288 4852 3476 4909; x_wconf 71' lang='lat' dir='ltr'><strong>hortus</strong></span> 
     </span>
    </p>
   </div>
   <div class='ocr_carea' id='block_1_91' title="bbox 1897 4933 3475 5015">
    <p class='ocr_par' dir='ltr' id='par_1_91' title="bbox 1897 4933 3475 5015">
     <span class='ocr_line' id='line_1_91' title="bbox 1897 4933 3475 5015; baseline 0.008 -29"><span class='ocrx_word' id='word_1_883' title='bbox 1897 4933 2195 5000; x_wconf 83' lang='lat' dir='ltr'><strong>conclusus,</strong></span> <span class='ocrx_word' id='word_1_884' title='bbox 2228 4934 2346 5005; x_wconf 82' lang='lat' dir='ltr'><strong>fons</strong></span> <span class='ocrx_word' id='word_1_885' title='bbox 2368 4936 2607 5007; x_wconf 79' lang='lat' dir='ltr'><strong>signatus</strong></span> <span class='ocrx_word' id='word_1_886' title='bbox 2638 4938 2815 5010; x_wconf 79' lang='lat' dir='ltr'><strong>(Cant.</strong></span> <span class='ocrx_word' id='word_1_887' title='bbox 2865 4957 2942 5007; x_wconf 80' lang='lat' dir='ltr'><strong>tv,</strong></span> <span class='ocrx_word' id='word_1_888' title='bbox 2971 4941 3095 5013; x_wconf 73' lang='lat'><strong>12);</strong></span> <span class='ocrx_word' id='word_1_889' title='bbox 3142 4957 3209 4997; x_wconf 90' lang='lat' dir='ltr'><strong>eo</strong></span> <span class='ocrx_word' id='word_1_890' title='bbox 3246 4942 3394 5015; x_wconf 86' lang='lat' dir='ltr'><strong>quod</strong></span> <span class='ocrx_word' id='word_1_891' title='bbox 3422 4943 3475 4998; x_wconf 89' lang='lat' dir='ltr'><strong>in</strong></span> 
     </span>
    </p>
   </div>
   <div class='ocr_carea' id='block_1_92' title="bbox 1897 5023 3480 5105">
    <p class='ocr_par' dir='ltr' id='par_1_92' title="bbox 1897 5023 3480 5105">
     <span class='ocr_line' id='line_1_92' title="bbox 1897 5023 3480 5105; baseline 0.007 -26"><span class='ocrx_word' id='word_1_892' title='bbox 1897 5024 2071 5081; x_wconf 89' lang='lat' dir='ltr'><strong>hortis</strong></span> <span class='ocrx_word' id='word_1_893' title='bbox 2132 5023 2437 5094; x_wconf 69' lang='lat' dir='ltr'><strong>huiusmodi</strong></span> <span class='ocrx_word' id='word_1_894' title='bbox 2491 5028 2586 5085; x_wconf 91' lang='lat' dir='ltr'><strong>Dei</strong></span> <span class='ocrx_word' id='word_1_895' title='bbox 2635 5029 2897 5101; x_wconf 90' lang='lat' dir='ltr'><strong>impressa</strong></span> <span class='ocrx_word' id='word_1_896' title='bbox 2951 5032 3241 5103; x_wconf 85' lang='lat' dir='ltr'><strong>signaculis</strong></span> <span class='ocrx_word' id='word_1_897' title='bbox 3297 5033 3480 5105; x_wconf 85' lang='lat' dir='ltr'><strong>imago</strong></span> 
     </span>
    </p>
   </div>
   <div class='ocr_carea' id='block_1_93' title="bbox 1900 5118 3475 5205">
    <p class='ocr_par' dir='ltr' id='par_1_93' title="bbox 1900 5118 3475 5205">
     <span class='ocr_line' id='line_1_93' title="bbox 1900 5118 3475 5205; baseline -0.001 -26"><span class='ocrx_word' id='word_1_898' title='bbox 1900 5128 2155 5179; x_wconf 81' lang='lat' dir='ltr'><strong>servatur</strong></span> <span class='ocrx_word' id='word_1_899' title='bbox 2177 5118 2441 5187; x_wconf 84' lang='lat' dir='ltr'><strong>involuta,</strong></span> <span class='ocrx_word' id='word_1_900' title='bbox 2479 5121 2835 5181; x_wconf 84' lang='lat' dir='ltr'><strong>sincerissimi</strong></span> <span class='ocrx_word' id='word_1_901' title='bbox 2858 5122 3026 5180; x_wconf 85' lang='lat' dir='ltr'><strong>fontis</strong></span> <span class='ocrx_word' id='word_1_902' title='bbox 3062 5123 3206 5180; x_wconf 85' lang='lat' dir='ltr'><strong>unda</strong></span> <span class='ocrx_word' id='word_1_903' title='bbox 3234 5123 3475 5205; x_wconf 80' lang='lat' dir='ltr'><strong>perfusa.</strong></span> 
     </span>
    </p>
   </div>
   <div class='ocr_carea' id='block_1_94' title="bbox 1902 5211 3478 5287">
    <p class='ocr_par' dir='ltr' id='par_1_94' title="bbox 1902 5211 3478 5287">
     <span class='ocr_line' id='line_1_94' title="bbox 1902 5211 3478 5287; baseline 0.004 -21"><span class='ocrx_word' id='word_1_904' title='bbox 1902 5211 1979 5267; x_wconf 89' lang='lat' dir='ltr'><strong>De</strong></span> <span class='ocrx_word' id='word_1_905' title='bbox 2031 5226 2142 5282; x_wconf 86' lang='lat' dir='ltr'><strong>quo</strong></span> <span class='ocrx_word' id='word_1_906' title='bbox 2196 5212 2401 5269; x_wconf 81' lang='lat' dir='ltr'><strong>dictum</strong></span> <span class='ocrx_word' id='word_1_907' title='bbox 2445 5222 2531 5270; x_wconf 90' lang='lat' dir='ltr'><strong>est</strong></span> <span class='ocrx_word' id='word_1_908' title='bbox 2577 5215 2650 5271; x_wconf 90' lang='lat' dir='ltr'><strong>ad</strong></span> <span class='ocrx_word' id='word_1_909' title='bbox 2715 5215 2979 5272; x_wconf 89' lang='lat' dir='ltr'><strong>Patrem:</strong></span> <span class='ocrx_word' id='word_1_910' title='bbox 3017 5214 3283 5282; x_wconf 64' lang='lat' dir='ltr'><strong>Quoniam</strong></span> <span class='ocrx_word' id='word_1_911' title='bbox 3335 5217 3478 5287; x_wconf 79' lang='lat' dir='ltr'><strong>apud</strong></span> 
     </span>
    </p>
   </div>
   <div class='ocr_carea' id='block_1_95' title="bbox 1904 5306 3482 5382">
    <p class='ocr_par' dir='ltr' id='par_1_95' title="bbox 1904 5306 3482 5382">
     <span class='ocr_line' id='line_1_95' title="bbox 1904 5306 3482 5382; baseline 0.006 -23"><span class='ocrx_word' id='word_1_912' title='bbox 1904 5313 1952 5359; x_wconf 86' lang='lat' dir='ltr'><strong>te</strong></span> <span class='ocrx_word' id='word_1_913' title='bbox 1999 5315 2075 5362; x_wconf 86' lang='lat' dir='ltr'><strong>est</strong></span> <span class='ocrx_word' id='word_1_914' title='bbox 2132 5306 2252 5375; x_wconf 78' lang='lat' dir='ltr'><strong>fans</strong></span> <span class='ocrx_word' id='word_1_915' title='bbox 2302 5307 2421 5367; x_wconf 69' lang='lat' dir='ltr'><strong>vita</strong></span> <span class='ocrx_word' id='word_1_916' title='bbox 2464 5306 2638 5379; x_wconf 82' lang='lat' dir='ltr'><strong>(Psal.</strong></span> <span class='ocrx_word' id='word_1_917' title='bbox 2688 5324 2870 5376; x_wconf 76' lang='lat' dir='ltr'><strong>xxxv,</strong></span> <span class='ocrx_word' id='word_1_918' title='bbox 2924 5310 3036 5380; x_wconf 74' lang='lat' dir='ltr'><strong>l2).</strong></span> <span class='ocrx_word' id='word_1_919' title='bbox 3091 5308 3193 5378; x_wconf 78' lang='lat' dir='ltr'><strong>Qui</strong></span> <span class='ocrx_word' id='word_1_920' title='bbox 3234 5308 3482 5382; x_wconf 64' lang='lat' dir='ltr'><strong>profectae</strong></span> 
     </span>
    </p>
   </div>
   <div class='ocr_carea' id='block_1_96' title="bbox 1911 5398 3482 5476">
    <p class='ocr_par' dir='ltr' id='par_1_96' title="bbox 1911 5398 3482 5476">
     <span class='ocr_line' id='line_1_96' title="bbox 1911 5398 3482 5476; baseline -0.004 -6"><span class='ocrx_word' id='word_1_921' title='bbox 1911 5398 2119 5472; x_wconf 71' lang='grc'><strong>1241</strong></span> <span class='ocrx_word' id='word_1_922' title='bbox 2152 5398 2276 5459; x_wconf 87' lang='lat' dir='ltr'><strong>fons</strong></span> <span class='ocrx_word' id='word_1_923' title='bbox 2298 5401 2437 5458; x_wconf 86' lang='lat' dir='ltr'><strong>bene</strong></span> <span class='ocrx_word' id='word_1_924' title='bbox 2466 5401 2520 5457; x_wconf 90' lang='lat' dir='ltr'><strong>in</strong></span> <span class='ocrx_word' id='word_1_925' title='bbox 2549 5404 2713 5463; x_wconf 78' lang='lat' dir='ltr'><strong>corde</strong></span> <span class='ocrx_word' id='word_1_926' title='bbox 2748 5402 2981 5474; x_wconf 76' lang='lat' dir='ltr'><strong>virginis</strong></span> <span class='ocrx_word' id='word_1_927' title='bbox 3017 5404 3262 5476; x_wconf 66' lang='lat' dir='ltr'><strong>signium</strong></span> <span class='ocrx_word' id='word_1_928' title='bbox 3303 5404 3482 5463; x_wconf 82' lang='lat' dir='ltr'><strong>oritur</strong></span> 
     </span>
    </p>
   </div>
   <div class='ocr_carea' id='block_1_97' title="bbox 1905 5489 3482 5563">
    <p class='ocr_par' dir='ltr' id='par_1_97' title="bbox 1905 5489 3482 5563">
     <span class='ocr_line' id='line_1_97' title="bbox 1905 5489 3482 5563; baseline 0.005 -18"><span class='ocrx_word' id='word_1_929' title='bbox 1905 5499 1961 5545; x_wconf 88' lang='lat' dir='ltr'><strong>et</strong></span> <span class='ocrx_word' id='word_1_930' title='bbox 1981 5489 2104 5545; x_wconf 85' lang='lat' dir='ltr'><strong>ﬂuit</strong></span> <span class='ocrx_word' id='word_1_931' title='bbox 2119 5489 2346 5562; x_wconf 80' lang='lat' dir='ltr'><strong>jugiter,</strong></span> <span class='ocrx_word' id='word_1_932' title='bbox 2377 5498 2439 5546; x_wconf 89' lang='lat' dir='ltr'><strong>ut</strong></span> <span class='ocrx_word' id='word_1_933' title='bbox 2457 5490 2648 5563; x_wconf 84' lang='lat' dir='ltr'><strong>irriget</strong></span> <span class='ocrx_word' id='word_1_934' title='bbox 2673 5492 2956 5553; x_wconf 73' lang='lat' dir='ltr'><strong>universos</strong></span> <span class='ocrx_word' id='word_1_935' title='bbox 2978 5493 3297 5555; x_wconf 79' lang='lat' dir='ltr'><strong>deliciarum</strong></span> <span class='ocrx_word' id='word_1_936' title='bbox 3317 5492 3482 5558; x_wconf 71' lang='lat' dir='ltr'><strong>ilum</strong></span> 
     </span>
    </p>
   </div>
   <div class='ocr_carea' id='block_1_98' title="bbox 1903 5580 3484 5657">
    <p class='ocr_par' dir='ltr' id='par_1_98' title="bbox 1903 5580 3484 5657">
     <span class='ocr_line' id='line_1_98' title="bbox 1903 5580 3484 5657; baseline 0.006 -19"><span class='ocrx_word' id='word_1_937' title='bbox 1903 5588 1958 5638; x_wconf 92' lang='lat' dir='ltr'><strong>et</strong></span> <span class='ocrx_word' id='word_1_938' title='bbox 1977 5580 2465 5655; x_wconf 71' lang='lat' dir='ltr'><strong>fructusparadisi,</strong></span> <span class='ocrx_word' id='word_1_939' title='bbox 2488 5582 2543 5639; x_wconf 91' lang='lat' dir='ltr'><strong>id</strong></span> <span class='ocrx_word' id='word_1_940' title='bbox 2561 5590 2649 5651; x_wconf 74' lang='lat' dir='ltr'><strong>est</strong></span> <span class='ocrx_word' id='word_1_941' title='bbox 2660 5582 3173 5655; x_wconf 39' lang='lat' dir='ltr'><strong>beliotropiieﬂoces,</strong></span> <span class='ocrx_word' id='word_1_942' title='bbox 3188 5586 3484 5657; x_wconf 61' lang='lat' dir='ltr'><strong>Aequitius</strong></span> 
     </span>
    </p>
   </div>
   <div class='ocr_carea' id='block_1_99' title="bbox 1905 5657 3578 5747">
    <p class='ocr_par' dir='ltr' id='par_1_99' title="bbox 1905 5657 3578 5747">
     <span class='ocr_line' id='line_1_99' title="bbox 1905 5657 3578 5747; baseline 0.004 -16"><span class='ocrx_word' id='word_1_943' title='bbox 1905 5675 2174 5741; x_wconf 76' lang='lat' dir='ltr'><strong>dixeram,</strong></span> <span class='ocrx_word' id='word_1_944' title='bbox 2199 5676 2292 5746; x_wconf 87' lang='lat' dir='ltr'><strong>qui</strong></span> <span class='ocrx_word' id='word_1_945' title='bbox 2312 5676 2562 5733; x_wconf 84' lang='lat' dir='ltr'><strong>nesciunt</strong></span> <span class='ocrx_word' id='word_1_946' title='bbox 2588 5677 2835 5747; x_wconf 83' lang='lat' dir='ltr'><strong>aspicere</strong></span> <span class='ocrx_word' id='word_1_947' title='bbox 2852 5677 2957 5737; x_wconf 81' lang='lat' dir='ltr'><strong>nisi</strong></span> <span class='ocrx_word' id='word_1_948' title='bbox 2981 5678 3150 5739; x_wconf 79' lang='lat' dir='ltr'><strong>solem</strong></span> <span class='ocrx_word' id='word_1_949' title='bbox 3170 5678 3479 5744; x_wconf 78' lang='lat' dir='ltr'><strong>Christum;</strong></span> <span class='ocrx_word' id='word_1_950' title='bbox 3559 5657 3578 5675; x_wconf 75' lang='grc'><em>’</em></span> 
     </span>
    </p>
   </div>
   <div class='ocr_carea' id='block_1_100' title="bbox 1905 5758 3481 5839">
    <p class='ocr_par' dir='ltr' id='par_1_100' title="bbox 1905 5758 3481 5839">
     <span class='ocr_line' id='line_1_100' title="bbox 1905 5758 3481 5839; baseline 0.003 -17"><span class='ocrx_word' id='word_1_951' title='bbox 1905 5767 2152 5828; x_wconf 72' lang='lat' dir='ltr'><strong>nesciunt</strong></span> <span class='ocrx_word' id='word_1_952' title='bbox 2177 5767 2414 5839; x_wconf 84' lang='lat' dir='ltr'><strong>gaudere</strong></span> <span class='ocrx_word' id='word_1_953' title='bbox 2456 5767 2558 5823; x_wconf 90' lang='lat' dir='ltr'><strong>nisi</strong></span> <span class='ocrx_word' id='word_1_954' title='bbox 2603 5769 2670 5824; x_wconf 90' lang='lat' dir='ltr'><strong>de</strong></span> <span class='ocrx_word' id='word_1_955' title='bbox 2709 5758 2957 5825; x_wconf 72' lang='lat' dir='ltr'><strong>claritate</strong></span> <span class='ocrx_word' id='word_1_956' title='bbox 2986 5778 3043 5824; x_wconf 88' lang='lat' dir='ltr'><strong>et</strong></span> <span class='ocrx_word' id='word_1_957' title='bbox 3068 5768 3245 5829; x_wconf 79' lang='lat' dir='ltr'><strong>calore</strong></span> <span class='ocrx_word' id='word_1_958' title='bbox 3277 5769 3435 5827; x_wconf 85' lang='lat' dir='ltr'><strong>Verbi</strong></span> <span class='ocrx_word' id='word_1_959' title='bbox 3466 5790 3481 5827; x_wconf 86' lang='lat'><strong>;</strong></span> 
     </span>
    </p>
   </div>
  </div>
