4048 6352
1769 207 1888 225 οδνν

629 302 769 358 1007

1437 299 1494 354 S.
1535 293 1896 354 PASCHASII
1931 291 2282 372 RADBERTI
2320 290 2613 348 ABBATIS
2649 288 3099 349 CORBEIENSIS

3676 305 3775 368 l008

628 418 702 474 ita
749 425 808 471 ut
853 414 1036 471 videas
1088 413 1144 467 in
1195 408 1422 468 meridie
1459 410 1700 480 ejusdem
1745 408 1894 464 ﬂoris
1937 408 2210 463 orbiculos
2237 412 2284 472 Α
2313 403 2658 466 convolastis,
2676 417 2949 473 unamque
2973 414 3208 472 praeesse
3233 403 3614 480 vobiselegistis;
3641 429 3783 487 quate.

627 519 883 566 extensos
907 519 964 564 et
992 507 1266 570 dilatatos,
1317 507 1369 560 in
1414 515 1620 567 tantum
1668 512 1726 558 ut
1768 517 1932 574 gyrus
1967 501 2206 569 ejusdem

626 607 788 661 latior
813 605 867 658 in
883 603 1016 658 orbe
1042 617 1202 671 quam
1226 601 1297 654 sit
1313 615 1424 669 pra“:
1445 598 1640 671 gaudio
1661 597 1924 651 videatur.
1943 594 2208 665 Expansis

588 687 590 690 ’
625 693 861 750 ﬂosculis
909 700 1068 762 putes
1108 707 1202 745 eos
1242 690 1446 745 sentire
1490 704 1555 744 ac
1601 687 1773 743 laetari
1817 702 1928 757 pra:
1962 686 2206 741 claritate

581 778 864 854 Numinis.
906 785 1178 840 Fortassis
1207 799 1337 854 ergo
1366 782 1530 837 sentit
1558 789 1769 842 natura,
1803 778 2050 848 quamvis
2080 791 2204 832 sen-

625 895 744 934 sum
793 894 896 932 non
943 875 1141 930 habeat
1187 875 1478 938 sentiendi,
1515 882 1569 927 et
1619 871 1917 941 interrogat
1965 869 2093 924 illud
2140 870 2208 925 de

624 971 863 1027 Canticis
883 989 896 1024 :
916 967 1015 1023 Ubi
1036 969 1227 1039 pascis,
1245 967 1330 1020 ubi
1352 967 1510 1020 cubas
1526 966 1658 1019 .’Cui
1684 965 1946 1020 diciturin
1969 965 2202 1018 meridie.

624 1057 693 1111 Et
721 1058 846 1128 quia
885 1059 937 1111 in
987 1058 1211 1111 meridie
1259 1073 1488 1127 sponsus
1533 1057 1774 1126 pascitur
1813 1056 1957 1110 inter
1999 1056 2107 1111 lilia
2151 1064 2206 1110 ct

570 1143 589 1208 ,λ’
625 1149 911 1201 umbratur
943 1149 995 1201 in
1031 1148 1203 1201 hortis
1229 1147 1567 1209 deliciarum,
1599 1143 1723 1212 jure
1761 1144 1921 1200 ﬂores
1944 1149 2203 1199 virtutum

583 1228 595 1236 “
623 1239 1015 1294 ofﬁciosissime
1045 1254 1102 1294 se
1127 1240 1369 1309 pandunt
1391 1248 1445 1292 ct
1476 1239 1786 1303 dilatantur,
1822 1249 1878 1293 ut
1907 1239 2206 1308 suscipiant

624 1333 889 1403 fulgorem
944 1333 1058 1386 veri
1111 1331 1262 1397 solis,
1311 1342 1367 1386 et
1411 1332 1801 1387 confoveantur
1847 1333 1991 1387 intus
2027 1334 2206 1388 calore

623 1422 810 1477 Verbi.
839 1423 1042 1477 Idcirco
1069 1437 1390 1493 quocunque
1419 1421 1659 1494 gyraudo
1697 1422 1774 1476 sol
1816 1423 1982 1487 vadit,
2014 1437 2072 1476 se
2119 1423 2204 1475 in-

621 1512 850 1577 clinant,
875 1529 1106 1582 eumque
1129 1529 1343 1584 semper
1368 1514 1681 1582 inspiciunt,
1703 1513 2025 1568 humilitatis
2048 1514 2203 1568 obse-

621 1609 752 1680 quio
773 1617 827 1662 et
848 1602 958 1678 prae
980 1608 1175 1680 gaudio
1193 1608 1526 1664 exsultantes
1551 1607 1968 1678 quodammodo,
1991 1624 2207 1679 semper

621 1700 795 1753 tensis
827 1699 1034 1752 alarum
1086 1699 1328 1770 remigiis
1355 1700 1582 1753 adorare
1610 1698 1890 1764 videntur;
1925 1699 1999 1753 ita
2045 1708 2103 1754 ut
2150 1700 2204 1754 in

2309 514 2412 554 nus
2443 499 2508 552 ad
2542 499 2716 552 instar
2743 511 2951 561 earum,
2978 496 3104 566 quia
3137 498 3204 551 de
3228 511 3319 552 ore
3352 503 3641 568 prudentium
3664 513 3782 569 mella

2307 592 2624 662 procedunt,
2681 592 2792 646 Deo
2843 588 2994 645 favos
3046 598 3102 645 et
3151 589 3372 646 fructum
3431 596 3540 650 vita:
3583 601 3783 659 reddatis.

2307 685 2447 741 Vere
2477 683 2773 738 alvearium
2802 683 3118 738 monasticae
3140 683 3420 755 disciplina:
3448 687 3554 755 jure
3581 691 3652 746 hic
3674 694 3786 752 locus

2306 787 2552 841 vocatur,
2581 792 2690 846 quo
2713 784 2916 830 aeterna
2939 775 3188 831 clausura
3212 792 3306 832 vos
3327 779 3602 848 obserastis,
3625 800 3679 839 ne
3700 787 3790 843 ullis

2308 867 2627 923 insidiarum
2680 865 2962 920 fraudibus
3005 876 3188 921 castra
3216 867 3468 923 violentur
3491 869 3679 929 Domino
3701 891 3790 932 con-

2308 971 2540 1016 secrata.
2558 958 2651 1012 Est
2674 957 2857 1029 igitur,
2873 966 2932 1012 ut
2955 957 3030 1012 ita
3057 957 3253 1024 fatear,
3267 959 3524 1029 plusquam
3545 962 3791 1031 alvearium,

2306 1051 2432 1122 quia
2459 1065 2722 1119 nusquam
2747 1058 2799 1104 et
2827 1066 3102 1120 nunquam
3126 1051 3317 1105 exinde
3331 1048 3794 1124 alicubi'vagandoﬂo-

2307 1158 2394 1197 res
2414 1142 2612 1213 legitis,
2636 1158 2756 1211 quae
2774 1143 2919 1197 intus
2941 1153 3250 1198 sanctarum
3271 1144 3632 1215 Scripturarum
3651 1149 3798 1206 indesi-

2307 1244 2498 1288 nenter
2542 1232 2792 1287 tnelliﬂua
2823 1249 3049 1303 quaeque
3075 1235 3312 1306 carpitis,
3338 1237 3422 1291 ubi
3458 1247 3676 1294 nectarco
3710 1257 3797 1297 rore

2307 1324 2471 1378 corda
2487 1333 2666 1378 vestra
2683 1323 2921 1392 Spiritus
2935 1334 3156 1380 sanctus
3180 1325 3664 1398 inebriat,jubarque
3679 1330 3800 1386 divini

2307 1415 2529 1469 luminis
2572 1414 2850 1485 perfundit
2874 1425 2929 1471 et
2957 1417 3212 1472 illustrat.
3248 1417 3347 1473 Ubi
3390 1420 3514 1474 nihil
3540 1420 3660 1476 aliud
3684 1438 3799 1491 quam

2307 1510 2504 1566 coelum
2547 1510 2836 1580 respicitis,
2867 1511 2990 1580 quia
3026 1511 3092 1565 ad
3138 1512 3242 1567 hoc
3277 1528 3639 1582 carnem,qu:e
3657 1531 3801 1568 concu-

2305 1603 2458 1674 piscit
2492 1605 2740 1659 adversus
2773 1606 3016 1675 spiritum
3046 1604 3248 1678 (Galat.
3279 1623 3332 1671 v,
3359 1608 3459 1677 l7),
3487 1610 3624 1678 quasi
3640 1624 3802 1664 carcere

2311 1694 2612 1760 clausistis,
2642 1704 2702 1751 ut
2729 1695 2867 1751 liber
2888 1697 3100 1750 animus
3125 1698 3367 1767 pervolet
3394 1699 3479 1753 ubi
3503 1714 3698 1770 sponsus
3713 1700 3806 1755 abiit

618 1807 870 1861 vespere,
903 1807 1025 1846 ctnn
1073 1808 1132 1847 se
1179 1791 1255 1846 sol
1293 1791 1598 1856 abduxerit,
1630 1799 1681 1845 et
1713 1807 1744 1845 a
1775 1791 1988 1847 fervore
2027 1807 2208 1848 cessa-
2234 1789 2282 1850 B
2311 1788 2608 1843 secundum
2643 1788 3055 1853 humanitatem,
3083 1797 3137 1844 et
3165 1789 3316 1844 sedet
3343 1805 3372 1843 a
3402 1791 3589 1845 dextris
3623 1791 3712 1845 Dei.
3736 1790 3804 1846 Ubi

617 1882 759 1937 verit
797 1877 1019 1948 caloris,
1069 1881 1326 1952 paulatim
1363 1889 1418 1936 et
1459 1881 1558 1950 ipsi
1598 1880 1758 1938 ﬂores
1783 1897 1840 1937 se
1868 1882 2131 1954 colligant
2152 1892 2209 1938 et

617 1973 888 2042 recipiant
930 1986 1050 2027 sese
1094 1973 1148 2026 in
1195 1987 1382 2038 unum,
1433 1988 1638 2042 suoque
1665 1989 1728 2028 ac
1754 1974 1799 2028 si
1835 1975 1888 2028 in
1936 1974 2205 2040 cubiculo,

620 2079 716 2118 sua
762 2063 1087 2118 concludant
1135 2063 1356 2129 intima;
1403 2063 1448 2118 si
1495 2063 1765 2133 quomodo
1811 2065 2103 2120 exhibeant
2151 2081 2209 2121 se

619 2155 752 2210 solis
799 2156 1100 2211 absentiam
1133 2155 1277 2210 ferre
1318 2171 1424 2210 non
1469 2170 1649 2225 posse,
1700 2165 1760 2212 ut
1808 2156 2006 2211 clausis
2051 2157 2208 2212 ostiis

619 2256 833 2302 tantum
891 2248 1109 2319 lugeant
1160 2263 1272 2317 pra:
1325 2263 1560 2304 mterore
1621 2248 1675 2302 in
1735 2256 1894 2303 nocte
1945 2257 2206 2318 quantum

619 2343 835 2413 gavisos
885 2357 941 2396 se
971 2357 1083 2412 prae
1115 2341 1311 2414 gaudio
1358 2341 1412 2395 in
1461 2341 1548 2395 die
1595 2341 1762 2396 fuisse
1813 2348 2203 2398 monstrarunt.

621 2432 756 2487 llinc
783 2447 978 2502 sponsa
1011 2433 1064 2486 in
1095 2431 1337 2487 Canticis
1367 2449 1379 2484 :
1414 2430 1482 2485 lu
1509 2429 1700 2485 lectulo
1738 2447 1852 2485 meo
1881 2432 1937 2484 in
1969 2431 2205 2484 noctibus

617 2523 834 2594 qua'siri
876 2509 1233 2594 quem'diligit
1269 2523 1448 2576 anima
1479 2538 1592 2576 mea
1633 2519 1811 2591 (Cant.
1845 2537 1928 2588 ιιι,
1957 2523 2031 2592 l).
2062 2521 2208 2590 Quo-

618 2613 763 2668 niam
813 2628 973 2668 verus
1028 2627 1180 2668 amor
1229 2628 1440 2684 sponsa:
1492 2629 1598 2667 non
1650 2613 1860 2682 patitur
1906 2613 2206 2668 absentiam

617 2702 801 2771 sponsi
832 2703 1101 2758 sustinere
1135 2703 1252 2768 sui;
1287 2702 1382 2758 sed
1415 2701 1555 2756 infra
1588 2701 1786 2758 cubilia
1812 2702 2012 2766 cordis,
2045 2716 2205 2771 quem

616 2794 790 2849 oculis
819 2809 924 2848 non
955 2802 1136 2864 potest
1165 2795 1429 2864 aspicere,
1465 2794 1570 2850 ﬂde
1598 2803 1655 2851 et
1694 2794 1968 2851 desiderio
2004 2794 2209 2866 jugiter

618 2895 803 2940 mente
832 2887 1128 2940 meditatur
1157 2895 1364 2941 tenere.

691 2975 798 3030 Sed
841 2976 965 3046 quia
1013 2976 1177 3032 incidi
1205 2978 1258 3031 in
1284 2986 1469 3048 partes
1497 2977 1656 3047 hujus
1696 2978 1878 3047 ﬂoris,
1910 2995 1981 3035 ne
2020 2980 2208 3036 videar

616 3067 920 3138 virginibus
943 3067 1254 3138 importune
1297 3069 1566 3140 ingerere,
1597 3085 1716 3138 quae
1739 3086 1844 3125 non
1871 3070 2126 3142 leguntur
2152 3072 2204 3126 in

618 3158 819 3212 divinis
854 3158 1070 3222 litteris,
1105 3160 1219 3229 ipsa
1257 3169 1452 3214 natura
1481 3161 1638 3215 docet
1676 3177 1796 3231 quae
1835 3164 2204 3234 suggerimus;
2236 3151 2282 3214 C

619 3248 876 3317 quoniam
919 3247 1074 3316 juxta
1116 3251 1432 3320 Apostolum
1475 3251 1649 3322 (Rom.
1677 3269 1718 3316 ι,
1753 3253 1846 3325 20)
1879 3269 1976 3324 per
1999 3271 2061 3310 ea
2089 3271 2210 3326 qua:

618 3339 762 3394 facta
787 3351 912 3394 sunt
934 3341 1208 3398 intellecta
1231 3345 1654 3415 conspiciuntur.
1679 3345 1795 3401 Non
1818 3347 1962 3402 enim
1988 3349 2208 3404 elaboro

618 3441 804 3488 nostra
858 3443 916 3487 ut
972 3434 1208 3489 habeant
1267 3445 1372 3489 tam
1429 3437 1770 3507 splendorem
1817 3440 2001 3505 verbi,
2045 3456 2207 3510 quam

620 3540 874 3580 sensuum
897 3524 1223 3598 elegantiam
1248 3536 1304 3582 et
1322 3537 1572 3582 ornatum
1601 3529 1983 3601 intelligentia.
2003 3531 2208 3588 Idcirco

619 3631 726 3669 non
775 3616 1006 3672 adhibeo
1051 3619 1380 3674 ornatricem
1422 3619 1682 3674 facierunt
1713 3621 2101 3692 eloquentiam,
2150 3632 2209 3679 ut

621 3707 845 3778 pulchra
876 3708 948 3763 sit
989 3717 1045 3762 et
1084 3708 1369 3764 laudabilis
1399 3720 1584 3766 nostra
1614 3713 1819 3780 oratio;
1867 3715 1960 3768 sed
2001 3724 2208 3770 tantum

618 3798 763 3866 quod
782 3797 956 3868 possit
982 3798 1185 3854 illicere
1208 3815 1435 3869 sponsas
1449 3800 1692 3868 juniores
1717 3804 1768 3858 in
1791 3819 1977 3860 amore
2002 3806 2205 3875 Sponsi,

617 3896 675 3942 et
723 3887 1066 3943 dilectionem
1128 3891 1497 3960 sponsalitatis
1557 3908 1777 3964 augere.
1835 3895 1969 3962 Quia
2029 3912 2208 3952 sermo

619 3978 807 4033 senilis
851 3993 1070 4048 pressus
1116 3991 1174 4036 et
1210 3983 1426 4052 gravis,
1458 3999 1558 4040 nec
1588 3997 1834 4056 comptus
1861 3988 2021 4041 debet
2064 4004 2203 4051 esse,

620 4072 740 4128 sine
762 4075 1103 4129 concinentia
1127 4077 1441 4142 verborum,
1470 4086 1525 4132 et
1547 4087 1828 4133 venustate
1859 4080 2203 4134 urbanitatis.

617 4165 732 4220 lmo
761 4178 1022 4233 maturus,
1047 4171 1309 4239 sapientia
1330 4169 1572 4236 ﬂoridus,
1595 4187 1693 4241 per
1707 4170 1970 4239 judicium
1993 4189 2208 4243 quoque

617 4258 905 4327 probitatis
949 4259 1214 4326 collatus,
1266 4260 1458 4330 plenus
1509 4260 1722 4333 1242
1774 4263 2050 4328 veritatis,
2084 4263 2207 4320 fuco

617 4365 828 4418 purus,
887 4360 1168 4406 senectute
1234 4351 1466 4421 dignus,
1531 4351 1881 4408 honorabilis.
1939 4353 2205 4421 Quoniam

619 4439 775 4512 longe
797 4441 943 4495 aliud
972 4451 1088 4508 est,
1117 4458 1240 4499 cum
1278 4452 1400 4514 post
1424 4459 1646 4515 germen
1678 4445 1981 4513 pubertatis
2013 4444 2208 4500 ﬂorere

619 4530 811 4601 incipit
849 4531 1142 4599 juventus,
1174 4534 1396 4599 viridis,
1429 4535 1696 4590 illustrata
1725 4537 2034 4604 coloribus;
2063 4537 2208 4594 aliud
2239 4525 2288 4586 D

619 4638 744 4679 cum
771 4640 974 4680 annosa
1005 4637 1259 4682 senectus
1285 4628 1443 4699 longe
1470 4629 1560 4684 diu
1591 4628 1815 4702 fatigata
1843 4630 2046 4696 labore,
2077 4647 2208 4702 pro-

617 4714 819 4772 fectum
873 4719 1103 4788 requirit
1155 4719 1365 4775 salutis.
1425 4720 1557 4788 Qua:
1602 4720 1648 4775 si
1696 4721 1887 4777 aliena:
1931 4723 2107 4776 aetatis
2150 4738 2210 4779 se

620 4806 860 4876 phaleris
887 4824 1155 4865 exornare
1197 4809 1456 4875 voluerit,
1489 4811 1666 4866 ridere
1712 4810 1987 4867 videbitur
2036 4814 2211 4884 magis

619 4914 783 4969 quam
821 4916 1108 4971 perorare;
1145 4903 1288 4957 unde
1324 4902 1590 4958 ridebitur
1615 4902 1796 4972 potius
1830 4918 1992 4973 quam
2032 4903 2207 4958 hone-

618 4992 871 5048 stabitur.
1507 4975 1516 4988 ἱ

693 5083 830 5140 Hinc
857 5100 1040 5156 quaso
1076 5103 1144 5142 ne
1169 5086 1358 5142 videar
1385 5089 1540 5144 vobis
1586 5089 1885 5160 improbus,
1917 5091 1960 5144 si
1997 5089 2206 5144 obtem-

621 5193 882 5246 paravero
924 5177 1216 5248 juvenibus
1259 5189 1318 5234 ut
1362 5181 1552 5252 loquar
1591 5183 1658 5236 de
1701 5181 1952 5248 ﬂoribus;
1987 5184 2112 5253 quia
2149 5185 2202 5238 in

619 5269 726 5325 hoc
751 5271 989 5326 carmine
1035 5279 1207 5326 totum
1240 5273 1453 5327 canitur
1481 5288 1580 5343 pro
1607 5273 1731 5328 liliis
1776 5283 1831 5328 et
1868 5274 2111 5340 ﬂoribus,
2147 5285 2206 5330 ut

622 5361 838 5417 discant
863 5362 980 5417 veri
1006 5360 1170 5418 ﬂores
1191 5363 1389 5418 Christi
1422 5379 1546 5418 cum
1569 5363 1788 5419 Christo
1817 5365 2041 5420 versari.
2068 5365 2204 5420 Nam

623 5454 749 5510 inde
773 5462 860 5509 est
894 5455 1038 5524 quod
1067 5456 1222 5525 quasi
1271 5470 1400 5526 apes
1441 5464 1752 5510 sanctarum
1803 5455 2206 5527 Scripturarum

625 5561 849 5616 campos
893 5547 1324 5617 perlustrantes,
1366 5563 1474 5604 non
1522 5547 1695 5604 solum
1741 5563 1985 5621 sponso,
2018 5566 2208 5607 verum

625 5638 790 5692 etiam
847 5640 1120 5695 vobismet
1169 5649 1225 5694 et
1271 5642 1522 5698 omnibus
1572 5642 1917 5700 melliﬂcatis.
1969 5645 2050 5700 Ad
2106 5647 2209 5700 hoc

627 5725 823 5803 quippe
872 5745 936 5786 ac
985 5731 1030 5788 si
1077 5730 1144 5786 ad
1194 5732 1487 5788 alvearium
1529 5732 1732 5789 Christi
1772 5750 1839 5791 ex
1865 5737 2011 5791 omni
2054 5747 2210 5807 parte

2310 1878 2559 1948 quamvis
2588 1893 2780 1932 novem
2811 1878 3066 1932 dicantur
3091 1878 3314 1935 ordines
3350 1878 3664 1950 angelorum;
3688 1878 3805 1932 millia

2309 1970 2538 2026 millium
2581 1972 2876 2036 assistunt,
2927 1973 3122 2042 quibus
3164 1972 3344 2028 nullus
3390 1982 3470 2029 est
3514 1979 3808 2034 numerus,et

2309 2063 2643 2126 ministrant,
2676 2063 2897 2119 Daniele
2928 2073 3063 2120 teste
3105 2065 3249 2136 (cap.
3284 2081 3382 2132 vn,
3421 2065 3524 2137 ll),
3555 2066 3704 2121 decies
3721 2079 3807 2120 cen-

2310 2163 2434 2209 tena
2464 2154 2654 2219 millia,
2685 2163 2906 2226 propter
2935 2171 3030 2211 eos
3059 2157 3151 2226 qui
3181 2157 3548 2212 hmreditatem
3569 2165 3673 2211 sunt
3696 2169 3807 2209 acce-

2309 2246 2476 2318 pturi.
2544 2244 2643 2300 Ubi
2696 2245 2863 2315 judes
2921 2247 3293 2318 apostolorum
3345 2249 3534 2303 chorus
3584 2248 3629 2302 in
3675 2261 3809 2302 eorum

2309 2338 2547 2394 exsultat
2595 2340 2909 2405 consortio,
2960 2349 3016 2394 et
3062 2351 3366 2413 martyrum
3412 2342 3692 2397 candidatus
3726 2355 3810 2395 cum

2310 2430 2529 2485 coronis
2555 2429 2810 2484 decantat
2839 2431 3146 2497 exercitus;
3177 2433 3271 2488 ubi
3311 2432 3700 2504 patriarcharum
3725 2430 3812 2484 tuba

2307 2522 2557 2593 praecinit
2591 2530 2648 2577 et
2683 2522 3070 2592 prophetarum
3096 2523 3362 2593 providus
3390 2515 3649 2593 respondet
3680 2534 3812 2575 nume-

2311 2630 2404 2669 rus
2441 2631 2455 2667 :
2499 2615 2625 2684 quia
2674 2629 2795 2683 qua:
2841 2628 2938 2684 per
2981 2628 3075 2668 eos
3125 2603 3400 2684 promissa
3441 2621 3573 2677 sunt,
3620 2609 3814 2680 completa

2309 2706 2490 2762 omnia
2540 2713 2863 2761 cunctorum
2905 2705 3020 2778 jam
3074 2705 3395 2776 releguntur
3447 2705 3724 2775 aspectibus.
3762 2699 3814 2752 lbi

2310 2798 2510 2854 etenim
2558 2806 2868 2852 sanctorum
2921 2797 3302 2853 confessorum
3348 2798 3458 2853 suis
3504 2811 3594 2867 pro
3635 2790 3816 2865 plebibus

2311 2889 2634 2958 deprecatur
2661 2897 2884 2944 senatus
2911 2889 3051 2944 infra
3073 2897 3284 2944 aeterna
3315 2891 3504 2962 gaudia
3528 2887 3731 2943 stolatas.
3764 2879 3817 2934 lbi

2311 2981 2606 3052 hymnidici
2661 2994 2971 3038 sanctorum
3035 2983 3315 3054 virginum
3361 2983 3548 3046 chori,
3596 2994 3695 3034 cum
3738 2973 3818 3029 suis

2311 3077 2627 3131 victricibus
2677 3075 2912 3146 palmis,
2963 3085 3276 3146 sequuntur
3321 3077 3525 3147 Agnum
3573 3080 3819 3142 quocunque

2313 3170 2480 3234 vadit,
2507 3178 2563 3224 et
2587 3170 2878 3224 decantant
2906 3169 2960 3223 in
2997 3170 3258 3240 organis,
3314 3185 3434 3241 qua:
3483 3164 3670 3238 1243
3709 3171 3818 3216 nemo

2312 3270 2490 3331 potest
2517 3263 2720 3328 dicere,
2754 3262 2857 3317 nisi
2883 3263 2975 3332 qui
3005 3278 3128 3317 cum
3160 3263 3302 3334 ipsis
3329 3271 3615 3332 sequuntur
3639 3258 3681 3311 in
3707 3253 3817 3307 albis.

2311 3351 2389 3407 lbi
2435 3352 2804 3408 ctelihatorum
2852 3362 2908 3407 et
2955 3353 3250 3408 viduarum
3281 3351 3640 3409 consociantur
3661 3354 3818 3416 greges;

2312 3443 2385 3499 ibi
2414 3443 2821 3515 conjngatorum
2851 3442 3382 3516 conjugatarumque
3409 3451 3584 3500 sancta
3613 3440 3824 3493 decoratur

2311 3535 2572 3602 societas;
2631 3536 2701 3590 ibi
2754 3535 2930 3606 pusilli
2978 3552 3102 3592 cum
3151 3537 3396 3609 magnis,
3449 3543 3502 3591 et
3548 3531 3679 3587 turba
3708 3535 3822 3596 quam

2311 3643 2472 3682 nemo
2521 3635 2702 3698 potest
2757 3628 3125 3693 dinumerare,
3173 3629 3520 3684 Alleluiatica
3571 3639 3655 3694 per
3693 3627 3827 3675 omnes

2309 3716 2460 3771 vicos
2497 3714 2613 3784 ejus
2659 3716 2815 3772 valde
2862 3716 3268 3788 gratulabunda
3319 3718 3511 3790 gaudia
3549 3712 3688 3770 canit.
3726 3707 3825 3761 [nter

2309 3823 2447 3878 quos
2475 3823 2600 3864 cum
2625 3823 2780 3864 mens
2807 3807 2983 3865 fidelis
3007 3811 3345 3883 quandoque
3374 3809 3573 3880 rapitur
3604 3820 3662 3860 ex
3682 3798 3831 3858 deside-

2311 3902 2414 3967 rio,
2470 3901 2604 3956 fides
2658 3916 2780 3972 quae
2829 3896 3228 3973 speranddrum
3285 3901 3579 3960 substantia
3619 3904 3713 3958 est,
3748 3891 3828 3944 hac

2308 3989 2553 4063 profecto
2588 4006 2692 4046 non
2719 3999 2872 4046 extra
2907 4007 2967 4047 se
2995 3993 3194 4059 cernit,
3230 3996 3332 4050 sed
3366 3994 3510 4048 inter
3535 3987 3690 4045 cordis
3723 3979 3830 4037 cubi-

2309 4081 2400 4145 lia,
2432 4099 2551 4151 qua:
2575 4098 2682 4138 non
2706 4083 2977 4147 videntur,
2999 4085 3125 4154 quia
3147 4085 3202 4139 in
3235 4084 3354 4140 Deo
3380 4091 3522 4147 sunt,
3554 4076 3700 4134 credit
3718 4080 3830 4138 alque

2309 4173 2558 4243 intelligit
2577 4175 2734 4245 juxta
2753 4173 3077 4229 munditiam
3103 4178 3316 4243 cordis,
3347 4187 3407 4232 et
3430 4173 3594 4244 diligit
3612 4167 3833 4223 universa;

2308 4281 2432 4321 cum
2464 4267 2660 4336 quibus
2684 4267 2915 4338 quisque
2945 4277 3127 4323 mente
3147 4283 3281 4324 cum
3318 4277 3432 4332 est,
3458 4273 3582 4338 puto
3604 4256 3721 4331 illi"d
3743 4265 3835 4307 ωδ·

2308 4373 2471 4427 quam
2502 4358 2648 4413 solus
2670 4366 2786 4424 est;
2817 4373 2941 4413 cum
2966 4373 3095 4414 vero
3124 4360 3243 4430 agit
3267 4375 3396 4429 quae
3424 4363 3606 4429 agunt,
3629 4353 3838 4415 nun‘l“am

2311 4451 2540 4506 otiosus.
2571 4451 2637 4505 Et
2657 4452 2702 4506 si
2727 4452 2927 4522 quieris
2949 4452 3078 4522 quid
3101 4463 3292 4523 agant,
3313 4452 3493 4516 Beati,
3520 4444 3675 4516 inquit
3699 4431 3836 4493 David.

2313 4545 2402 4616 qui
2435 4544 2672 4599 habitant
2699 4546 2756 4600 in
2781 4545 2938 4601 domo
2961 4557 3074 4613 tua,
3104 4545 3360 4610 Domine,
3400 4545 3456 4598 in
3484 4537 3668 4598 secuta
3685 4523 3843 4588 βιαιο·

2315 4652 2431 4689 rum
2479 4635 2776 4691 laudabunt
2805 4646 2854 4690 te
2886 4634 3060 4708 (Psal.
3096 4653 3340 4702 Lxxxm,
3372 4635 3451 4707 5).
3487 4629 3631 4701 Quod
3658 4624 3697 4680 si
3721 4622 3842 4675 inter-

2313 4728 2518 4799 pellare
2563 4728 2795 4783 voluerit
2841 4707 3141 4799 quemlibet
3195 4743 3397 4785 eorum
3423 4769 3438 4794 ,
3487 4724 3570 4780 vel
3623 4707 3850 4789 quem“

2314 4828 2646 4881 sanctorum,
2671 4819 2828 4874 adest
2848 4819 3106 4875 continuo
3130 4819 3186 4873 in
3209 4835 3282 4875 eo
3307 4819 3406 4889 qui
3433 4814 3627 4883 ubique
3647 4814 3743 4866 est;
3761 4807 3846 4853 ω·

2313 4925 2422 4980 quo
2450 4918 2507 4965 et
2542 4924 2642 4965 nos
2668 4924 2886 4980 semper
2922 4925 3141 4976 omnes,
3178 4911 3315 4980 quia
3342 4911 3401 4963 in
3427 4924 3489 4963 eo
3522 4902 3745 4960 vivimus.
3768 4903 3849 4944 Μ·

2315 5018 2496 5057 ventur
2526 5011 2573 5056 et
2601 5019 2783 5057 sumus
2805 5001 2945 5075 (Act.
2978 5017 3112 5068 xvu,
3140 5001 3258 5072 28).
3293 5000 3408 5058 Sed
3439 4999 3598 5055 aliter
3621 5003 3726 5062 culti
3745 4996 3794 5039 ⁸ο
3812 4982 3850 5030 εί

2311 5111 2432 5150 cum
2461 5095 2664 5151 sanctis
2693 5074 2900 5161 sumus,
2938 5095 2983 5150 si
3013 5110 3076 5150 ea
3112 5095 3399 5166 diligimus
3429 5107 3551 5164 quas
3577 5085 3791 5156 diligunt.
3815 5074 3852 5127 ei

2312 5185 2525 5255 agimus
2545 5185 2722 5240 devoti
2738 5184 2805 5239 ad
2827 5185 3051 5256 gloriam
3071 5186 3366 5241 etlaudem
3385 5184 3557 5254 ipsius
3580 5190 3687 5249 qua:
3704 5171 3850 5239 agunt:

2313 5276 2471 5332 aliter
2492 5291 2622 5332 vero
2639 5293 2760 5332 cum
2792 5292 2977 5332 coram
3022 5277 3193 5334 oculis
3234 5277 3364 5347 ejus
3416 5286 3631 5344 semper
3656 5263 3740 5322 sub
3772 5258 3856 5328 ἱνεο

2312 5378 2368 5426 et
2392 5370 2444 5424 in
2481 5371 2617 5439 ipso,
2661 5369 2752 5424 ubi
2789 5369 2873 5426 vel
2903 5370 2993 5426 ubi
3025 5386 3238 5426 sumus.
3282 5369 3446 5438 Quod
3476 5367 3522 5422 si
3555 5362 3699 5418 aliter
3733 5358 3854 5422 (ιιιθι

2309 5459 2444 5514 velit
2471 5461 2586 5531 ipse
2629 5459 2878 5516 volumus
2908 5468 3002 5516 aut
3044 5462 3294 5533 agimus,
3332 5455 3527 5531 procul
3567 5449 3717 5509 dubio
3739 5441 3856 5533 Ιοῠξθ

2313 5551 2382 5607 ab
2410 5529 2507 5606 illo
2527 5567 2745 5618 sumus,
2791 5553 2845 5608 in
2892 5529 3154 5622 quantum
3183 5529 3491 5608 dissimiles
3520 5557 3711 5603 sumus.
3743 5529 3856 5590 UB“

2314 5645 2556 5715 quotidie
2602 5645 2656 5700 in
2702 5645 2950 5702 oratione
2992 5656 3141 5704 recte
3176 5645 3421 5702 dicimus
3454 5661 3468 5697 :
3506 5639 3627 5696 Fiat
3668 5629 3855 5690 uolunta!

2315 5749 2437 5805 tua;
2458 5741 2589 5794 sicut
2617 5741 2673 5794 in
2699 5739 2825 5794 calo
2848 5748 2895 5794 et
2921 5741 2977 5794 in
3001 5750 3141 5795 terra
3165 5737 3390 5812 (Matth.
3425 5752 3504 5801 Vl,
3535 5730 3638 5801 10).
