4048 6352
203 317 334 373 l009
1087 354 1089 356 -
1121 306 1488 367 EXPOSITIO
1528 307 1592 363 IN
1635 303 1790 364 PSA!

1893 307 1964 364 ΞΜ
2005 305 2187 362 XLIV.
2230 339 2300 350 --
2338 307 2464 363 LIB.
2505 303 2545 362 l.
3321 304 3457 367 1010

262 432 390 487 Haec
421 429 626 495 omnia,
662 440 783 497 quae
811 423 1051 496 profecto
1087 425 1362 480 credibilia
1391 423 1523 478 ﬁdes
1561 422 1770 493 pandit,
1802 427 1851 485 Α
1880 430 2088 476 ctorum
2122 421 2432 486 multorum,
2466 419 2860 489 multarumque
2886 417 3154 492 virginum
3187 420 3460 492 coluntur,

193 542 319 596 spes
354 525 472 581 adit
511 536 630 594 quae
667 521 771 576 ﬁde
804 519 1100 574 creduntur
1140 527 1195 572 et
1241 517 1536 588 praesumit.
1590 514 1776 569 Pulsat
1880 529 2000 585 qua:
2041 515 2154 569 suis
2196 513 2439 570 excubiis
2483 529 2548 567 au
2586 511 2797 566 laudem
2829 511 2924 567 Dei
2954 521 3159 568 vestras
3187 512 3463 571 illustrant
3500 513 3502 518 ’

193 634 325 674 vero
367 622 782 689 perseveranter
824 613 1098 677 charitas,
1138 611 1310 666 donec
1351 625 1540 680 preces
1567 617 1622 664 ct
1652 617 1774 663 vota

194 713 343 766 intus
372 723 559 766 coram
593 720 804 762 summo
834 706 977 768 Deo,
1008 719 1301 773 coramque
1327 704 1530 759 sanctis
1549 701 1796 759 θίγω-αι..

194 802 350 860 Unde
377 817 486 856 non
522 799 680 865 redit,
711 797 884 854 donec
904 812 1026 852 cum
1049 797 1129 852 eis
1152 812 1290 867 quos
1318 795 1641 866 interpellat,
1674 795 1778 850 ﬁde

193 910 302 950 nou
332 893 458 948 ﬁcta
489 893 780 961 impetrata
808 896 1065 959 reportet.
1100 887 1299 944 Verum
1340 887 1464 957 quia
1506 901 1603 941 vos
1646 886 1777 941 tales

193 1000 345 1050 esse,
381 984 748 1048 charissima,
789 981 953 1047 novi,
1000 980 1428 1050 quotiescunque
1477 977 1776 1034 oratorium

190 1079 368 1134 beata:
395 1077 577 1132 Maria:
611 1075 849 1146 Virginis
871 1083 1051 1128 mente
1081 1074 1374 1144 ingredior,
1403 1072 1605 1127 scalam
1633 1071 1777 1126 illam

189 1169 362 1226 Iacob
390 1179 628 1226 erectam
657 1153 835 1235 video,
869 1183 967 1239 per
990 1184 1152 1238 quam
1183 1167 1540 1222 ascendentes
1566 1166 1633 1220 ad
1659 1181 1776 1231 vos,

191 1261 693 1331 descendentesque
718 1259 941 1331 angelos
967 1259 1188 1314 minime
1215 1258 1414 1324 ditﬁdo,
1439 1274 1547 1330 quo
1580 1258 1631 1312 in
1663 1257 1780 1312 loco

193 1353 415 1408 domum
450 1352 542 1406 Dei
570 1360 890 1421 portamque
925 1349 1048 1405 ραςΙὶ
1086 1364 1206 1405 esse
1247 1366 1352 1405 non
1381 1349 1614 1418 ambigo.
1649 1347 1780 1403 Pro-

191 1452 379 1512 pterea
407 1450 464 1498 et
486 1442 532 1497 si
565 1443 630 1496 de
657 1441 742 1496 his
781 1441 982 1512 aliquid
1018 1441 1248 1495 dixerim
1289 1454 1647 1510 supernarum
1679 1439 1784 1493 vir-

193 1545 369 1590 tutum
411 1533 666 1599 ﬁoribus,
701 1533 826 1603 quia
867 1532 1010 1587 cives
1043 1546 1232 1587 eorum
1259 1532 1423 1595 estis,
1457 1529 1650 1586 melius
1687 1544 1782 1584 vos

193 1638 420 1686 eatenus
477 1629 616 1683 scire
668 1641 771 1681 usu
822 1625 1332 1696 contemplationis,
1386 1639 1549 1694 quam
1600 1638 1781 1678 sermo

192 1720 412 1790 explere
439 1720 632 1789 possit,
668 1717 852 1773 credo.
895 1717 1182 1783 Quoniam,
1226 1716 1423 1786 quibus
1445 1715 1593 1769 omni
1619 1714 1783 1769 devo-

1880 609 2112 680 vigilias,
2153 617 2209 664 et
2234 608 2544 664 custodiunt
2581 618 2776 663 castra.
3507 633 3511 668 ξ

1952 699 2091 767 Quid
2135 699 2281 753 enim
2320 697 2463 753 aliud
2492 709 2594 764 est,
2627 699 2982 764 charissimac,
3023 699 3215 757 domus
3243 701 3360 758 haec
3406 703 3462 760 in
3512 709 3514 712 ’

1881 809 1987 864 qua
2019 792 2236 862 degitis,
2269 807 2434 862 quam
2462 802 2638 846 castra
2664 789 2781 855 Dei,
2806 801 2859 846 et
2889 791 3071 847 schola
3093 792 3261 848 divini
3291 793 3464 848 servi-

1882 883 1966 948 tii,
1997 881 2210 937 ofﬁcina
2234 881 2516 946 virtutum,
2549 882 2713 936 turris
2737 890 2954 937 aeterna:
2969 883 3461 952 contemplationis,
3505 891 3509 898 '

1882 975 2126 1031 custodia
2196 983 2468 1046 perpetua:
2532 975 2845 1030 castitatis?
2901 974 3026 1030 Ideo
3105 990 3236 1046 ergo
3316 982 3466 1030 recte

1887 1067 2099 1140 1245
2124 1077 2323 1132 castra,
2346 1067 2472 1138 quia
2496 1075 2694 1121 castra.
2715 1065 2822 1121 Nec
2855 1065 3147 1131 immerito,
3171 1065 3298 1135 quia
3327 1080 3462 1120 con-

1881 1160 2119 1217 versatio
2150 1169 2349 1226 vestra,
2396 1159 2587 1214 militia
2627 1158 2865 1214 caelestis
2916 1168 3000 1212 cst
3038 1157 3369 1227 disciplinm;
3409 1167 3466 1211 et

1851 1265 2053 1325 genus
2099 1252 2455 1307 fortissimum
2496 1251 2883 1306 monachorum
2934 1249 3024 1304 ubi
3060 1249 3340 1321 virginitas
3366 1264 3463 1303 ex-

1850 1359 1852 1364 ·
1885 1343 2051 1408 cellit,
2096 1353 2151 1397 et
2176 1342 2500 1413 frequentia,
2527 1350 2750 1414 propter
2768 1341 3026 1396 excubias
3055 1341 3249 1396 summi
3283 1341 3464 1411 llegis,

1885 1435 2143 1491 discurrit
2171 1435 2506 1506 angelorum.
2546 1433 2649 1490 Ubi
2686 1434 2938 1490 videlicet
2984 1434 3226 1505 invigilat
3267 1435 3468 1489 chorus

1886 1527 2085 1582 divinis
2114 1527 2383 1591 laudibus,
2427 1536 2482 1581 et
2510 1527 2772 1598 prospicit
2809 1527 2859 1581 si
2905 1543 3009 1596 qua
3055 1527 3188 1582 hora
3238 1542 3468 1597 sponsus

1885 1619 2093 1683 veniat,
2127 1628 2185 1672 ut
2230 1618 2436 1688 paratis
2472 1618 2833 1689 lampadibus,
2867 1634 2988 1674 cum
3035 1633 3101 1674 eo
3151 1617 3218 1673 ad
3252 1619 3469 1689 nuptias

1888 1709 2002 1780 (ubi
2041 1709 2155 1779 jam
2182 1709 2366 1765 ascita:
2403 1709 2560 1781 estis)
2595 1710 2756 1781 digne
2796 1706 3008 1765 intrare
3038 1711 3279 1780 possitis.
3325 1709 3466 1766 Hinc

195 1811 342 1865 tione
391 1809 516 1864 ﬁdei
565 1807 956 1877 charitatisque
999 1808 1194 1861 ardore
1218 1805 1331 1874 jam
1362 1806 1558 1862 vincta:
1594 1804 1648 1858 in
1672 1819 1783 1860 θαι·
1810 1798 2085 1872 Bjugiter
2138 1799 2566 1874 symphonizatis
2605 1802 2856 1858 laudibus
2898 1804 3013 1859 haec
3062 1804 3181 1858 aula
3218 1804 3467 1870 resultat,

193 1902 423 1958 lestibus
450 1901 614 1966 estis,
643 1915 781 1970 quos
821 1899 1186 1955 indesinenter
1227 1895 1604 1967 interpellatis;
1657 1911 1780 1951 cum

193 1995 392 2064 quibus
420 1993 690 2062 colloquia
719 1993 885 2059 intus,
917 2000 972 2047 et
1001 2007 1192 2064 preces
1224 1991 1336 2046 Deo
1363 1987 1600 2052 offertis,
1632 1989 1784 2060 igno-

195 2101 318 2141 rare
351 2099 691 2154 nequaquam
713 2083 959 2154 potestis.
988 2082 1183 2137 Certus
1211 2097 1331 2136 sum
1353 2084 1497 2151 quod
1520 2081 1785 2136 charitate

194 2177 474 2231 vobiscum
520 2172 737 2247 1244
769 2184 930 2240 sunt,
964 2174 1106 2229 inter
1151 2189 1306 2244 quos,
1353 2174 1480 2228 licet
1532 2175 1583 2228 in
1622 2172 1785 2227 terris

197 2266 398 2332 adhuc,
444 2277 501 2320 ut
546 2266 678 2331 dixi,
711 2275 892 2320 mente
937 2264 1051 2334 jam
1088 2281 1330 2332 sursum,
1367 2281 1530 2320 unum
1559 2265 1785 2320 Alleluia

200 2357 406 2422 dicitis,
435 2372 704 2426 unamque
728 2356 956 2428 gloriam
985 2357 1144 2428 digne
1172 2356 1421 2411 Trinitati
1452 2358 1562 2412 Deo
1588 2357 1789 2427 persol-

199 2449 344 2504 vitis.
374 2447 511 2504 Hinc
541 2449 837 2520 gratiarum
884 2449 1047 2514 actio,
1076 2448 1216 2515 laus,
1244 2457 1300 2504 et
1325 2449 1501 2504 honor
1540 2448 1782 2504 oﬂ'ertur.

197 2539 264 2595 Et
297 2540 421 2596 ideo
442 2555 627 2610 quaeso
650 2555 718 2595 ne
741 2539 991 2594 videatur
1017 2541 1167 2595 vobis
1188 2540 1342 2596 locus
1372 2541 1476 2596 iste
1499 2549 1784 2612 angustus,

197 2631 288 2686 ubi
327 2646 426 2688 vos
470 2631 762 2697 clausistis,
795 2632 1152 2698 charissima,
1185 2632 1443 2702 quoniam
1495 2632 1684 2703 ingens
1732 2643 1788 2688 et

198 2737 394 2794 magna
422 2721 618 2777 domus
663 2722 756 2777 Dei
797 2729 881 2778 est
929 2723 998 2777 ad
1042 2738 1206 2794 quam
1239 2721 1484 2778 intrastis
1516 2740 1529 2775 :
1564 2738 1785 2793 magna,

199 2813 446 2884 inquam,
490 2813 615 2884 quia
662 2828 769 2868 non
813 2814 978 2869 habet
1025 2814 1567 2870 consummationem.
1619 2813 1788 2869 Nemo

197 2906 534 2972 mortalium,
566 2907 656 2976 qui
697 2921 817 2962 eam
842 2906 1058 2976 penitus
1082 2915 1141 2960 ut
1167 2915 1252 2962 est
1277 2906 1455 2962 valeat
1481 2915 1787 2977 penetrare,

199 2997 292 3052 ubi
315 2997 464 3053 Deus
489 2997 709 3052 claritas
733 3005 816 3052 est
842 3005 897 3051 et
920 2997 1128 3052 inﬁnita
1155 2999 1446 3069 possessio.
1465 2999 1636 3066 Quam
1661 3014 1790 3054 sane

198 3087 422 3144 domum
472 3087 708 3144 Joannes
749 3089 1108 3160 conspiciens,
1138 3090 1227 3144 vix
1257 3089 1445 3145 saltem
1496 3105 1615 3162 quae
1655 3092 1788 3145 vidit

1889 1892 2016 1958 hinc
2051 1893 2192 1963 quod
2223 1893 2456 1964 gemitus
2485 1903 2664 1949 vester
2696 1895 2908 1950 divinas
2940 1896 3117 1966 pulsat
3159 1898 3226 1951 ad
3265 1913 3468 1962 aures;

1886 1982 2014 2038 hinc
2034 1982 2175 2053 quod
2203 2000 2232 2038 a
2261 1983 2494 2040 maxillis
2524 1985 2776 2057 lacrymae
2801 1995 3052 2058 surgunt,
3075 1986 3229 2056 juxta
3278 1987 3469 2043 Hiere-

1887 2074 2075 2139 miam,
2105 2083 2501 2146 penetrantque
2523 2077 2725 2144 caelos;
2754 2077 2880 2132 hinc
2921 2082 3065 2148 quod
3105 2079 3309 2149 jejunia
3349 2096 3473 2135 car-

1887 2181 2011 2220 nem
2045 2176 2354 2233 macerant;
2386 2169 2530 2238 quod
2578 2169 2796 2225 alllictio
2824 2173 2990 2228 robur
3033 2183 3314 2228 extenuat.
3363 2173 3472 2230 Ista

1889 2257 2053 2327 igitur
2078 2267 2160 2313 est
2205 2259 2559 2332 intelligentia
2592 2261 2824 2316 ﬁliorum
2865 2263 3064 2330 Chore,
3112 2265 3253 2320 istud
3284 2266 3469 2321 erudi-

1888 2348 2050 2403 tionis
2105 2350 2395 2415 canticum,
2447 2351 2601 2421 juxta
2652 2351 2997 2420 Hebraicum,
3055 2372 3182 2411 nam
3251 2356 3474 2412 Melchil

1889 2441 2031 2509 apud
2078 2456 2172 2496 eos
2210 2443 2560 2496 eruditionem
2596 2443 2680 2498 vel
2709 2445 3071 2500 doctissimum
3114 2457 3290 2503 sonat.
3320 2447 3470 2504 ldida

1888 2531 2170 2600 antiquum
2200 2548 2396 2587 nomen
2425 2543 2510 2589 est
2533 2532 2858 2601 Salomonis,
2890 2537 3034 2606 quod
3058 2547 3166 2592 tam
3192 2539 3472 2608 paciﬁcum

1889 2640 2051 2694 quam
2073 2633 2127 2679 et
2153 2625 2403 2679 dilectum
2431 2635 2608 2683 sonat.
2638 2627 2762 2684 ldeo
2795 2629 2847 2683 in
2891 2629 2999 2686 ﬁne
3030 2630 3170 2685 tituli
3198 2630 3472 2686 concludi-

1891 2725 1998 2782 tur,
2050 2716 2382 2772 Eruditionis
2426 2718 2699 2773 Canticum
2753 2723 3125 2788 amantissimi,
3180 2723 3325 2793 quod
3379 2722 3474 2778 Se-

1889 2811 2168 2881 ptuaginta
2197 2829 2292 2882 pro
2323 2812 2511 2867 dilecto
2540 2829 2800 2884 posuere;
2834 2815 2960 2885 quia
3009 2814 3232 2872 Graacus
3281 2816 3474 2872 ablati-

1893 2918 2016 2956 vum
2053 2919 2160 2958 non
2192 2903 2375 2958 habet.
2421 2904 2527 2959 Sed
2565 2907 2708 2975 quod
2755 2908 2882 2962 dicit
2911 2909 3183 2964 canticum
3211 2909 3470 2964 amantis-

1890 2993 2034 3058 simi,
2073 3009 2239 3047 unum
2291 3003 2373 3049 est
2419 3009 2482 3050 ac
2520 2995 2566 3049 si
2608 2996 2770 3062 dicat,
2820 2999 3140 3054 eruditionis
3188 2998 3470 3055 Canticum

1891 3082 2250 3139 dilectissimi.
2307 3085 2479 3141 Porro
2519 3088 2752 3144 eruditio
2807 3099 2862 3145 et
2921 3091 3278 3164 intelligentia
3335 3091 3472 3148 nihil

195 3180 375 3251 potuit
427 3195 704 3236 enarrare.
749 3181 830 3235 Ad
883 3195 1043 3252 quam
1092 3197 1266 3252 usque
1313 3181 1512 3237 Paulus
1565 3191 1781 3253 raptus,
1814 3173 1861 3238 C
1891 3173 2068 3230 diﬂ'ert
2097 3176 2149 3230 in
2180 3193 2364 3243 sensu,
2386 3179 2541 3249 juxta
2569 3180 2700 3234 illud
2731 3199 2743 3234 :
2775 3180 2842 3235 Et
2881 3199 3042 3249 nunc,
3084 3173 3243 3254 reges,
3272 3184 3470 3239 intelli-

197 3271 452 3342 quamvis
476 3271 585 3326 dux
618 3271 813 3337 Verbi,
838 3286 902 3328 ea
928 3288 1048 3342 qum
1081 3273 1286 3328 audivit
1311 3273 1488 3330 fassus
1514 3285 1616 3340 est,
1643 3275 1784 3344 quod

196 3377 306 3418 non
333 3362 498 3418 liceat
537 3363 741 3418 homini
772 3363 917 3432 loqui
949 3363 1032 3435 (11
1069 3362 1193 3419 Cor.
1227 3381 1324 3431 xu,
1355 3366 1432 3437 4).
1465 3365 1672 3422 Idcirco
1699 3365 1784 3420 di-

196 3451 449 3508 latamini
477 3454 663 3519 corde,
682 3469 892 3525 Sponsa:
920 3454 1143 3519 Christi,
1171 3455 1468 3512 dilatamini
1494 3474 1510 3523 ;
1539 3466 1594 3514 et
1623 3457 1788 3512 nolite

196 3559 325 3600 cum
348 3543 655 3600 inﬁdelibus
681 3547 1059 3617 coangustari!
1087 3547 1213 3618 quia
1243 3563 1436 3620 magna
1467 3549 1786 3614 estdomus,

197 3637 464 3708 etingens
487 3640 778 3710 possessio,
805 3656 926 3710 qua:
954 3642 1107 3697 vobis
1139 3657 1207 3697 ex
1238 3643 1364 3698 dote
1397 3643 1790 3712 debetur;qute

199 3746 305 3786 nec
333 3732 526 3802 spatiis
558 3732 798 3789 locorum
840 3734 1184 3800 terminatur,
1217 3751 1319 3790 nec
1348 3735 1455 3790 ﬁne
1487 3744 1791 3805 temporum

199 3823 492 3880 clauditur.
524 3824 933 3884 Sulliciatvobis
961 3827 1372 3883 cohabitatioad
1402 3827 1792 3883 necessitatem

201 3927 573 3990 naturaque
593 3935 690 3976 vos
719 3921 958 3990 suscepit
987 3921 1053 3976 de
1079 3920 1282 3976 mundo
1315 3935 1378 3974 ac
1417 3921 1460 3975 si
1514 3919 1794 3977 columbas

201 4010 452 4064 volantes
465 4009 532 4064 ad
547 4010 764 4066 ctelum.
783 4011 920 4079 Quia
936 4011 988 4065 in
1003 4008 1365 4078 mundojuxta
1381 4010 1696 4082 Apostolum
1714 4012 1796 4066 ni-

203 4101 283 4155 hil
312 4101 459 4156 aliud
487 4118 650 4172 quam
689 4102 1132 4172 concupiscentia
1161 4101 1439 4158 oculorum
1467 4110 1522 4156 et
1544 4101 1796 4172 superbia

201 4193 397 4263 vitzeu
413 4195 574 4250 Joan.
592 4211 653 4261 ιι,
673 4195 782 4268 l6).
800 4195 1040 4252 Sulliciat
1065 4196 1401 4252 solummodo
1426 4196 1550 4266 quia
1574 4196 1674 4252 soli
1689 4197 1799 4252 Deo

203 4287 439 4350 vacatis,
458 4288 548 4343 ubi
572 4296 628 4344 et
649 4289 1032 4345 necessitatem
1044 4287 1358 4345 suﬂicientia
1378 4304 1482 4344 non
1497 4289 1733 4354 excedit,
1747 4297 1802 4345 et

201 4377 506 4432 necessitas
519 4375 852 4434 suﬁicientiaa
864 4381 1079 4434 modum
1097 4393 1203 4434 non
1215 4378 1422 4434 adimit.
1439 4376 1800 4434 Sullioitenim

201 4482 407 4524 census
428 4469 675 4540 exiguus,
699 4469 791 4525 cui
813 4477 1016 4524 aeterna
1061 4469 1332 4540 possessio
1380 4468 1527 4524 solus
1550 4477 1633 4524 est
1660 4469 1802 4524 Deus

1887 3271 2011 3338 gite,
2057 3269 2342 3324 erudimini
2377 3271 2468 3341 qui
2500 3272 2758 3341 judicatis
2799 3283 2995 3329 terram
3040 3275 3210 3347 (Psal.
3260 3294 3321 3344 υ,
3356 3277 3466 3349 10).

1888 3357 2024 3424 Quia
2058 3374 2188 3413 vera
2234 3360 2588 3432 intelligentia
2619 3362 2834 3433 plenam
2879 3364 3038 3420 ail'ert
3074 3367 3470 3436 eruditionem;

1889 3451 2048 3506 sicuti
2074 3461 2130 3507 et
2174 3467 2297 3507 vera
2325 3455 2557 3532 eruditio
2589 3456 2998 3526 intelligentiam
3030 3460 3132 3513 viri
3159 3461 3467 3529 prudentis.

1888 3540 1968 3595 Ac
1987 3557 2084 3612 per
2113 3543 2239 3604 hoc,
2281 3552 2341 3598 ut
2372 3544 2484 3599 dixi
2504 3547 2665 3615 paulo
2691 3549 2958 3618 superius,
3008 3551 3324 3621 mysterium
3357 3552 3466 3607 hu-

1885 3631 1977 3703 jus
2006 3636 2201 3690 cantici
2231 3636 2490 3693 lectorem
2521 3625 2821 3710 spiritalem
2844 3643 3074 3714 requirit
3101 3652 3156 3699 et
3181 3644 3464 3701 intentum.

1893 3724 2144 3798 Alioquin
2168 3727 2258 3782 ubi
2290 3729 2515 3799 simplex
2546 3741 2841 3788 estsensus
2861 3744 2917 3790 et
2947 3744 3192 3806 apertus,
3215 3737 3344 3807 quid
3372 3753 3468 3793 ne-

1894 3834 2047 3875 cesse
2083 3829 2202 3874 erat
2240 3821 2550 3883 audientem
2595 3828 2916 3894 prmmoneri
2969 3828 3136 3884 verbo
3179 3829 3474 3902 intelligen-

1897 3911 2006 3978 tiae,
2037 3920 2091 3966 et
2111 3912 2216 3967 dici
2233 3913 2299 3968 ad
2321 3929 2446 3968 eum
2472 3929 2486 3968 :
2512 3914 2616 3981 Qui
2641 3917 2794 3971 habet
2815 3935 2969 3974 aures
2993 3922 3270 3988 audiendi,
3288 3923 3473 3977 audiat

1899 4001 2113 4074 (Matth.
2148 4020 2225 4070 x1,
2273 4005 2398 4076 l5)?
2435 4005 2768 4065 Eruditiouis
2799 4024 3016 4081 quoque
3065 4013 3336 4069 canticum
3389 4029 3476 4070 ca-

1895 4096 2046 4152 nitur
2075 4099 2450 4156 amantissimo
2471 4109 2529 4156 et
2568 4101 2785 4167 dilecto,
2818 4107 3036 4161 canitur
3063 4107 3254 4164 victori
3288 4118 3342 4162 et
3377 4125 3476 4180 pro

1902 4191 2204 4262 triumpho;
2231 4193 2444 4248 canitur
2455 4203 2634 4251 autem
2655 4213 2753 4268 pro
2768 4196 2992 4256 ﬂoribus
3011 4209 3068 4256 et
3090 4200 3240 4269 liliis,
3261 4203 3478 4258 canitur

1901 4291 1956 4339 et
1981 4299 2080 4353 pro
2109 4285 2193 4339 his
2223 4286 2317 4354 qui
2373 4288 2870 4345 commutabuutur.
2907 4291 3056 4349 Unde
3085 4309 3186 4350 nec
3206 4295 3478 4352 immerito
3563 4353 3566 4362 ,

1905 4375 2046 4431 sicut
2071 4378 2330 4446 praemisi,
2362 4394 2393 4432 a
2439 4381 2642 4436 sanctis
2670 4381 2923 4440 Patribus
2951 4386 3355 4457 epithalamium
3385 4405 3480 4445 vo.

1907 4475 2079 4520 catur.
2122 4466 2538 4536 Epithalamium
2572 4487 2805 4542 namque
2846 4477 3081 4544 primum
3129 4494 3160 4533 a
3190 4477 3480 4536 Salomone

205 4559 361 4632 (Luc.
394 4574 454 4623 x,
479 4558 591 4632 42).
610 4558 776 4615 Maria
820 4575 1054 4631 namque
1082 4561 1338 4631 optimam
1367 4569 1574 4631 partem
1601 4560 1792 4632 elegit,
1821 4541 1876 4602 Ι)
1901 4555 1955 4610 in
2001 4555 2216 4611 laudem
2240 4557 2442 4614 Christi
2481 4569 2536 4614 et
2563 4541 2821 4619 Ecclesia:
2846 4541 3206 4637 compositum
3254 4585 3375 4626 esse
3405 4571 3482 4625 le-

205 4652 338 4707 dum
368 4650 710 4707 solummodo
739 4651 951 4708 Domini
981 4653 1154 4708 tenuit
1175 4654 1360 4723 pedes,
1391 4669 1529 4724 quos
1542 4653 1798 4726 lacrymis

203 4741 430 4811 rigavit.
456 4741 562 4797 Sed
584 4751 639 4797 et
655 4741 749 4798 Dei
767 4743 1023 4814 genitrix,
1046 4742 1200 4813 cujus
1220 4746 1444 4801 obtentu
1469 4746 1690 4802 servitio
1704 4761 1800 4802 vos

207 4831 306 4887 Dei
332 4833 580 4900 vovistis,
609 4850 716 4889 non
739 4833 918 4906 ampla
936 4836 1186 4906 quaesivit
1213 4838 1492 4908 praetoria,
1515 4838 1732 4909 quando
1746 4839 1802 4895 in

207 4925 516 4981 diversorio
561 4926 767 4982 nullum
815 4928 1006 4984 habuit
1049 4929 1248 4996 locum,
1279 4930 1384 4985 nisi
1425 4929 1799 5001 iumentorum

207 5018 570 5090 praesepium,
601 5035 708 5090 quo
739 5020 1021 5077 reclinavit
1058 5022 1229 5078 Deum
1277 5023 1618 5080 infantulum.
1659 5024 1801 5096 Apo-

210 5109 339 5164 stoli
389 5107 446 5164 in
498 5124 720 5166 carcere
765 5111 1134 5170 collaudantes
1176 5113 1346 5170 Deum
1399 5116 1800 5173 exaudiuntur:

213 5212 424 5269 quanto
454 5203 624 5272 magis
653 5216 768 5270 vos,
799 5219 930 5276 grex
955 5203 1196 5272 Christi,
1225 5221 1407 5262 coram
1439 5207 1642 5264 sanctis
1668 5208 1808 5264 alta-

216 5292 370 5347 ribus
422 5292 695 5349 conﬁdere
741 5294 979 5360 debetis,
1028 5296 1123 5352 ubi
1176 5297 1332 5354 beata
1383 5307 1440 5354 et
1479 5298 1807 5355 venerabilis

221 5380 383 5454 Virgo
434 5393 724 5439 veneratur
769 5394 824 5440 et
868 5386 1095 5454 colitur,
1145 5402 1306 5457 super
1349 5390 1547 5446 choros
1593 5389 1803 5445 elevata

216 5474 497 5544 augelicos
521 5477 535 5530 !
566 5475 694 5543 Quae
730 5493 831 5548 pro
855 5479 1013 5534 vobis
1043 5495 1228 5535 coram
1258 5497 1470 5536 summo
1497 5483 1608 5536 Deo
1638 5483 1806 5538 inter-

218 5568 454 5631 cedens,
486 5576 693 5624 vestras
735 5572 1078 5627 commendat
1119 5573 1395 5630 orationes
1418 5584 1475 5630 ct
1497 5574 1654 5631 oﬁ‘ert
1680 5587 1807 5630 vota

219 5660 588 5735 lacrymarum
619 5673 946 5735 vestrarum,
971 5685 1110 5739 quas
1133 5669 1457 5740 multiplices
1496 5671 1802 5727 indesinen-

217 5763 306 5811 ter
328 5756 560 5812 funditis
592 5759 705 5814 suis
728 5774 852 5816 cum
883 5762 1155 5831 precibus.
1197 5762 1298 5819 Ubi
1332 5774 1388 5820 et
1429 5765 1651 5837 pignora
1685 5781 1808 5821 sau-

1901 4651 2094 4723 gimus.
2120 4651 2249 4706 Inde
2268 4653 2557 4710 saeculares
2575 4656 2680 4710 viri
2717 4657 2934 4714 demum
2965 4676 3064 4716 sua
3109 4670 3327 4720 traxere
3365 4665 3482 4720 dra-

1903 4751 2068 4809 inata,
2101 4750 2369 4813 quatenus
2418 4745 2473 4800 in
2518 4747 2722 4818 nuptiis
2765 4749 2834 4805 ob
2882 4752 3146 4829 honorem
3188 4755 3370 4824 sponsi
3419 4771 3485 4812 ac

1903 4849 2116 4905 sponsae
2139 4844 2265 4892 ante
2295 4836 2590 4895 thalamum
2625 4841 2750 4898 hinc
2794 4843 2919 4900 inde
2968 4846 3210 4903 vicissim
3261 4863 3482 4904 carmen

1905 4923 2082 4982 laudis
2113 4929 2488 4987 decantarent.
2519 4932 2624 4990 Sed
2664 4945 2721 4990 et
2757 4937 2949 5004 David,
2992 4939 3086 5010 qui
3129 4947 3275 4996 totus
3313 4941 3484 4997 fertur

1907 5020 2147 5076 musicus
2199 5019 2386 5090 fuisse,
2443 5025 2497 5081 in
2551 5027 2656 5084 hoc
2710 5030 2919 5100 psalmo
2974 5033 3210 5103 praetulit
3254 5033 3481 5091 formam

1877 5111 2070 5183 -hujus
2100 5115 2380 5174 dramatis.
2422 5119 2489 5174 Et
2530 5120 2652 5177 ideo
2692 5140 2798 5178 non
2831 5141 2889 5181 se
2935 5126 3132 5193 solum,
3178 5136 3274 5206 aut
3321 5145 3486 5185 unum

1909 5211 2314 5281 prophetarum,
2367 5213 2461 5270 sed
2516 5230 2733 5273 omnem
2763 5219 2986 5274 chorum
3035 5220 3265 5278 ﬁliorum
3313 5222 3488 5277 Cbore

1913 5309 2196 5357 canentem
2237 5304 2437 5372 simul;
2477 5315 2533 5361 et
2571 5323 2824 5379 sponsum
2867 5312 2934 5366 ab
2959 5320 3166 5368 :eterno
3211 5315 3279 5368 de
3324 5315 3488 5371 corde

1909 5392 2088 5449 Patris
2138 5397 2402 5466 genitum,
2445 5399 2748 5454 venientem
2795 5403 2862 5456 ad
2903 5405 3118 5472 nuptias
3168 5406 3486 5461 introducit.

1913 5487 2128 5560 1246
2147 5489 2410 5546 Dilectum
2437 5501 2616 5547 autem
2634 5508 2776 5560 cum,
2803 5505 2856 5549 et
2883 5498 3000 5553 sine
3026 5499 3136 5554 ullo
3159 5501 3490 5556 additamen-

1915 5589 1990 5641 to.
2015 5583 2099 5636 vel
2146 5585 2578 5638 amantissimum
2612 5595 2768 5640 vocat
2801 5607 2812 5642 :
2843 5591 2968 5659 quia
3001 5592 3054 5646 in
3085 5595 3490 5663 comparatione

1911 5670 2048 5743 ejus,
2080 5671 2203 5742 jure
2255 5675 2435 5732 nullus
2477 5675 2706 5734 dilectus
2751 5683 3009 5737 creditur.
3063 5683 3166 5751 Qui
3223 5695 3411 5756 tropus
3459 5701 3490 5740 a

1912 5766 2284 5834 grammaticis
2317 5769 2695 5826 antonomasia
2733 5771 2952 5841 dicitur,
2991 5777 3143 5847 quasi
3185 5777 3431 5848 quaedam
3459 5792 3492 5833 a
