4048 6352
618 269 751 335 1011

1426 266 1485 321 s.
1523 250 1879 325 pascuis“
1918 266 2268 323 nassum:
2307 265 2598 322 seems
2633 266 3088 326 consususrs

3735 276 3853 338 1012

618 386 782 442 rebus
810 384 1231 456 coguominatio,
1265 393 1323 440 et
1350 360 1557 456 preprii
1587 385 1823 441 nominis
1843 383 2194 455 signiﬁcatio-
2220 387 2273 447 Α
2299 381 2538 438 tionabili
2568 391 2820 438 creatura
2846 382 3173 454 diligendus,
3202 397 3311 438 una
3337 397 3461 440 cum
3491 379 3653 440 Patre
3677 394 3731 442 et
3748 386 3853 460 Spi.

619 494 742 535 nem
771 479 1019 545 trahens,
1062 478 1189 534 dum
1235 494 1464 550 persona
1507 479 1762 550 quazlibet
1786 479 1862 534 ita
1891 478 2075 549 aliquo
2098 492 2194 536 ex-

616 572 761 626 cellit
786 572 1071 637 vocabulo,
1108 581 1168 627 ut
1194 572 1375 629 nullus
1403 572 1541 628 alter
1583 573 1918 644 intelligatur
1952 588 2116 643 quam
2145 572 2195 629 is

578 720 590 735 α
617 662 682 716 de
707 678 814 735 quo
839 662 1058 719 dicitur.
1093 663 1179 718 Fit
1202 664 1351 719 enim
1393 664 1579 721 multis
1625 665 1800 737 modis
1847 680 2010 736 quam
2054 677 2197 734 saepe

613 755 779 810 etiam
820 761 877 809 et
923 753 978 808 in
1030 753 1228 809 divinis
1264 753 1564 825 Scripturis
1604 773 1617 809 :
1655 764 1842 825 utpote
1885 755 1941 810 in
1980 754 2197 810 Psalmo

614 860 778 909 nono,
805 845 871 898 de
894 844 1110 900 occultis
1132 844 1256 914 ﬁlii,
1298 844 1471 900 solum
1497 845 1666 901 ﬁlium
1693 845 1885 901 volens
1909 844 2198 902 ostendere

580 919 932 992 :Christum:
966 936 1033 991 Et
1058 937 1126 992 de
1173 934 1419 993 Joanne:
1448 934 1552 991 Hic
1591 946 1668 992 est
1717 936 2010 1007 discipulus
2042 953 2196 1009 quem

615 1031 863 1102 diligebat
884 1030 1038 1085 Iesus
1057 1031 1237 1102 (Joan.
1264 1047 1375 1094 sn,
1405 1032 1496 1099 7):
1522 1046 1627 1086 non
1655 1033 1799 1100 quod
1829 1040 1884 1086 et
1910 1030 2049 1087 alios
2083 1046 2196 1086 non

615 1122 896 1194 diligeret;
921 1122 1012 1178 sed
1029 1123 1153 1194 quia
1177 1139 1299 1179 eum
1322 1124 1593 1194 praecipue
1612 1131 1665 1177 el
1680 1140 1791 1193 pra:
1810 1122 2061 1178 omnibus
2080 1123 2199 1178 dili-

614 1215 795 1285 gebat.
828 1214 921 1270 Sic
941 1229 1153 1285 quoque
1173 1222 1229 1269 et
1258 1214 1310 1269 in
1330 1215 1433 1269 hoc
1454 1214 1572 1269 loco
1584 1214 1866 1269 Canticum
1888 1228 1986 1284 pro
2004 1212 2199 1268 dilecto

612 1309 699 1363 vel
755 1309 1130 1365 amantissimo
1172 1310 1398 1375 dicitur;
1446 1312 1573 1381 quia
1621 1311 1723 1366 etsi
1763 1309 1854 1364 alii
1903 1309 2199 1381 diliguntur

612 1410 832 1472 propter
854 1402 1157 1472 adoptionis
1176 1405 1431 1474 gratiam,
1452 1404 1544 1459 hic
1569 1419 1696 1461 vero
1711 1411 1931 1474 propter
1954 1403 2200 1475 proprie-

614 1499 783 1547 tatem
800 1492 1145 1549 naturm.Non
1162 1495 1304 1564 quod
1316 1494 1557 1550 exterius
1568 1494 1837 1565 acceperit
1855 1503 1916 1549 ut
1927 1493 2200 1565 diligibilis

615 1594 789 1648 esset;
819 1584 912 1639 sed
934 1584 1049 1655 ipse
1072 1584 1126 1640 in
1157 1601 1216 1641 se
1246 1585 1450 1641 habens
1473 1594 1669 1641 natura
1696 1595 1755 1640 ut
1776 1585 2006 1641 dilectus
2028 1592 2195 1640 esset.

588 1674 751 1743 .Quia
781 1684 967 1732 sancta
992 1677 1259 1733 naturalis
1289 1679 1491 1744 unitas,
1519 1688 1577 1734 et
1597 1679 1904 1749 mqualitas,
1928 1687 1983 1734 et
2005 1678 2190 1734 chari-

2300 472 2406 526 ritu
2439 482 2628 528 sancto
2650 474 3013 529 venerandus.

2367 565 2577 621 Interea
2596 566 2710 636 ipse
2736 566 2884 622 solus
2904 566 3048 622 Deus
3068 582 3171 637 pro
3191 566 3503 622 hominibus
3525 567 3684 624 homo
3702 566 3856 627 laetus

2291 654 2415 726 jure
2436 655 2584 711 solus
2612 656 2753 711 inter
2783 657 3032 713 homines
3061 657 3259 712 dicitur
3282 656 3514 712 dilectus
3540 666 3595 712 et
3621 661 3857 717 amantis-

2297 750 2469 806 simus
2496 765 2608 820 prae
2634 751 2930 807 omnibus:
2972 761 3029 807 et
3070 752 3197 822 quia
3235 750 3432 807 Psalmi
3468 751 3656 807 titulus
3692 754 3857 818 est,iu

2298 860 2407 916 quo
2436 847 2501 901 de
2529 846 2646 915 ipso
2686 854 2742 901 et
2790 862 2989 917 sponsa
3029 848 3267 912 canitur,
3297 856 3447 903 recte
3472 849 3678 919 absque
3703 850 3857 907 antli-

2298 951 2425 1007 guo,
2460 953 2555 1007 pro
2585 936 2772 992 dilecto
2808 938 2895 994 vel
2931 939 3292 992 amantissimo
3324 938 3658 1001 inscribitur.
3694 948 3753 994 ut
3778 955 3857 996 ne-

2298 1042 2390 1082 mo
2418 1028 2621 1098 absque
2658 1043 2724 1083 eo
2762 1029 3031 1084 amandus
3068 1030 3135 1084 ab
3163 1044 3359 1099 sponsa
3406 1030 3735 1098 requiratur,
3773 1032 3855 1087 sed

2298 1138 2676 1193 quemcunque
2702 1139 2898 1193 sponsa
2942 1122 3145 1179 Christi
3177 1123 3462 1188 amaverit,
3494 1132 3590 1178 aut
3634 1124 3746 1193 ipse
3783 1125 3859 1189 sit,

2300 1222 2393 1269 aut
2429 1214 2484 1269 in
2530 1215 2666 1283 ipso,
2714 1223 2809 1269 aut
2832 1224 3056 1285 propter
3086 1215 3285 1285 ipsum,
3315 1222 3377 1268 ut
3403 1228 3596 1268 omnes
3624 1214 3678 1268 in
3700 1215 3858 1269 chari-

2300 1312 2410 1359 tate
2464 1304 2675 1377 1247
2731 1321 2897 1360 unum
2955 1306 3085 1359 sint.
3135 1305 3289 1361 Unde
3333 1304 3861 1373 Apostolus:ch

2299 1394 2511 1451 Domini
2563 1398 2726 1452 nostri
2753 1396 2883 1453 Iesu
2928 1395 3146 1463 Christi,
3180 1397 3380 1468 inquit,
3407 1407 3457 1452 et
3484 1398 3715 1455 clamitas
3758 1398 3859 1464 Dei,

2299 1498 2349 1543 et
2408 1492 2809 1544 communicatio
2873 1489 3103 1560 Spiritus
3153 1492 3341 1554 sancti,
3371 1491 3438 1545 sit
3477 1508 3599 1545 cum
3649 1492 3862 1547 omnibus

2300 1580 2445 1635 vobis
2490 1580 2575 1651 (11
2606 1581 2729 1635 Cor.
2758 1578 2882 1648 xm,
2918 1582 3028 1654 l5).
3062 1582 3192 1650 Quae
3222 1584 3479 1639 nimirum
3520 1585 3863 1640 communica-

2303 1673 2401 1738 tio,
2432 1688 2621 1729 omncs
2650 1690 2816 1729 unum
2866 1676 2920 1731 in
2968 1689 3036 1730 eo
3085 1675 3215 1730 facit
3256 1676 3346 1730 cui
3395 1678 3859 1733 communieantur.

582 1774 723 1853 ‘tas,
759 1768 1008 1836 unitatis,
1055 1784 1161 1825 non
1196 1769 1413 1826 aliunde
1449 1786 1611 1840 quam
1642 1787 1673 1825 a
1703 1786 1762 1826 se
1788 1772 1954 1827 habet
1985 1779 2046 1825 ut
2070 1770 2196 1826 dili-
2226 1752 2272 1812 Β
2303 1765 2472 1822 Porro
2521 1766 2573 1821 in
2607 1766 2878 1823 Triuitate
2915 1768 3052 1823 nihil
3081 1758 3357 1839 discrepat
3386 1769 3717 1833 dilectionis,
3757 1771 3861 1839 quia

613 1868 787 1930 gatur,
832 1861 974 1915 sicut
1001 1862 1220 1932 adoptio
1259 1877 1447 1917 eorum
1496 1878 1634 1932 quos
1690 1865 1931 1934 adoptat.
1992 1861 2051 1916 ln
2106 1861 2195 1916 illa

614 1954 811 2025 quippe
859 1955 1161 2011 substantia
1209 1956 1492 2012 Trinitatis
1518 1957 1701 2012 unitas
1728 1965 1814 2012 est
1863 1957 1917 2012 in
1964 1955 2193 2027 origine,

590 2045 895 2114 qmqualitas
942 2046 998 2100 in
1046 2045 1227 2116 prole;
1277 2047 1334 2102 in
1384 2048 1648 2103 charitate
1695 2057 1874 2103 autem
1924 2047 2103 2102 Patris
2140 2055 2198 2102 et

615 2134 761 2199 Filii,
793 2137 1018 2193 unitatis
1051 2137 1483 2208 aaqualitatisque
1528 2140 1856 2195 communio.
1894 2139 2019 2194 Ideo
2046 2137 2194 2192 nulla

615 2233 698 2279 est
754 2226 944 2282 divisio
1000 2228 1244 2296 unitatis,
1294 2229 1388 2285 sed
1438 2230 1701 2286 naturalis
1756 2230 1975 2286 dilectio
2030 2231 2196 2284 totius

617 2317 936 2387 maiestatis.
970 2312 1206 2374 Dilectus
1255 2330 1339 2375 est
1384 2320 1546 2393 igitur
1575 2322 1689 2377 Deo
1725 2320 1875 2375 Patri
1905 2336 1969 2375 ac
1997 2321 2040 2375 si
2071 2332 2196 2389 pro-

614 2410 784 2479 prius,
817 2410 883 2466 de
904 2428 1011 2482 quo
1033 2412 1146 2483 ipse
1174 2413 1228 2467 in
1252 2413 1580 2485 Evangelio:
1610 2413 1710 2469 Hic
1731 2424 1806 2468 est
1830 2413 2000 2468 Filius
2027 2430 2192 2482 meus,

614 2501 808 2571 inquit,
840 2505 1079 2572 dilectus,
1117 2506 1170 2561 in
1192 2524 1298 2580 quo
1327 2492 1451 2564 bene
1476 2509 1787 2580 complacuit
1813 2508 2029 2575 (Matth.
2060 2522 2192 2574 xvn,

615 2594 690 2665 5).
724 2595 891 2652 Isaias
933 2598 986 2652 in
1023 2599 1247 2655 Cantico
1272 2619 1285 2655 :
1310 2599 1569 2668 Cantabo,
1601 2603 1795 2673 inquit,
1824 2602 2012 2657 dilecto
2056 2619 2193 2669 meo,

613 2703 876 2760 canticum
905 2706 1131 2775 patrueli
1161 2723 1274 2762 meo
1318 2708 1479 2763 vinea:
1506 2725 1637 2762 sum.
1671 2709 1748 2762 Ac
1774 2708 1998 2761 deinde:
2035 2705 2193 2762 Vinea

614 2810 759 2879 facta
792 2821 865 2866 est
908 2810 1098 2867 dilecto
1131 2813 1187 2867 in
1222 2829 1386 2868 cornu
1430 2814 1485 2869 in
1519 2812 1635 2868 loco
1665 2812 1810 2868 uberi
1837 2812 1970 2884 (Isa.
2019 2829 2071 2878 γ,
2115 2802 2191 2885 l).

596 2912 745 2977 Quae
776 2912 1031 2966 nimirum
1060 2913 1215 2967 vinea
1261 2913 1502 2970 Ecclesia
1538 2913 1738 2969 Christi
1768 2925 1868 2979 est,
1902 2930 2021 2985 quae
2052 2914 2193 2969 facta

616 3022 697 3065 ost
730 3028 928 3083 sponsa
956 3014 1116 3069 unico
1145 3025 1199 3069 et
1222 3014 1418 3071 dilecto
1439 3013 1568 3070 ﬁlio.
1592 3016 1974 3072 Verumtamen
2003 3024 2058 3072 et
2078 3017 2192 3086 ipsa

617 3112 833 3175 dilecta,
878 3113 971 3169 scd
998 3124 1221 3186 propter
1244 3130 1367 3169 eum
1398 3115 1489 3186 qui
1520 3116 1890 3171 reconciliavit
1917 3132 2036 3172 eam
2066 3117 2191 3185 sibi,
2222 3115 2267 3177 C

615 3220 668 3264 ct
694 3212 893 3282 eripuit
936 3216 1003 3270 ab
1046 3214 1123 3268 ira
1170 3215 1535 3273 damnationis
1559 3226 1619 3271 ut
1657 3226 1802 3273 esset
1828 3218 2042 3274 dilecta.
2075 3220 2191 3291 Ipse

606 3312 744 3364 'vero
793 3327 891 3383 per
929 3328 987 3369 se
1025 3314 1273 3381 dilectus,
1308 3316 1434 3387 quia
1487 3332 1518 3371 a
1572 3327 1768 3373 natura
1815 3319 1976 3385 ﬁlius,
2011 3321 2084 3375 ita
2132 3331 2193 3378 ut

616 3428 773 3467 nemo
826 3413 879 3467 in
930 3417 1337 3486 comparatione
1373 3417 1492 3490 ejus
1522 3414 1649 3486 jure
1687 3419 1922 3477 dilectus
1949 3423 2186 3480 dicatur.

2302 1860 2584 1929 aequalitas
2612 1861 2777 1916 chara
2808 1869 2862 1916 et
2889 1876 2997 1916 una
3037 1868 3151 1918 est:
3182 1862 3365 1917 unitas
3409 1878 3541 1918 vero
3575 1861 3791 1932 aequalis
3818 1858 3864 1917 et

2302 1949 2496 2005 chara.
2531 1951 2737 2006 Deinde
2782 1952 3022 2007 Charitas
3050 1952 3276 2021 aequalis
3315 1962 3479 2022 atque
3517 1969 3625 2007 una
3663 1962 3863 2007 natura-

2301 2041 2446 2108 liter,
2489 2050 2546 2098 et
2593 2043 3094 2113 incomparabiliter
3120 2054 3453 2113 perseverat.
3497 2044 3568 2098 Et
3611 2045 3735 2099 ideo
3759 2044 3861 2113 quia

2302 2136 2444 2191 Deus
2471 2135 2635 2192 Pater
2660 2137 2939 2207 proprium
2971 2138 3223 2193 mittebat
3250 2137 3447 2194 Filium
3473 2139 3529 2193 in
3571 2139 3788 2201 mundo,
3815 2145 3863 2191 at

2301 2248 2397 2287 sua
2438 2234 2639 2288 virtute
2666 2234 2770 2288 sibi
2794 2248 3047 2303 sponsam
3078 2232 3301 2289 duceret
3331 2235 3472 2287 inter
3497 2233 3745 2287 homines
3773 2231 3863 2301 ipse

2300 2323 2442 2378 Deus
2501 2324 2693 2389 homo;
2761 2324 2981 2394 dignum
3050 2323 3150 2378 fuit
3208 2325 3263 2379 in
3324 2332 3674 2379 sacramento
3739 2321 3855 2375 tituli

2298 2414 2490 2484 psalmi
2517 2413 2677 2482 hujus
2702 2417 2846 2486 quod
2874 2416 3155 2486 prtemisit,
3181 2416 3273 2487 qui
3298 2416 3364 2471 de
3387 2417 3593 2486 nuptiis
3614 2420 3861 2477 cantatur,

2299 2507 2572 2562 canticum
2620 2523 2720 2578 pro
2770 2509 2989 2574 dilecto,
3041 2508 3125 2563 vel
3177 2510 3450 2564 canticum
3500 2506 3863 2572 amantissimi,

2299 2608 2566 2669 quatenus
2595 2615 2693 2669 per
2725 2602 2829 2656 hoc
2856 2601 3011 2670 plena
3041 2601 3259 2657 dilectio
3285 2604 3706 2657 commendetur
3730 2600 3861 2661 Filii;

2301 2692 2390 2760 qui
2430 2691 2509 2746 sic
2541 2692 2768 2747 dilectus
2794 2694 3000 2763 absque
3019 2693 3395 2749 additamenta
3421 2694 3649 2757 dicitur,
3672 2701 3729 2746 ut
3768 2693 3866 2762 ipse

2301 2785 2448 2841 solus
2500 2786 2835 2860 intelligatur
2880 2788 3148 2845 dilectus:
3181 2790 3235 2843 in
3280 2805 3390 2860 quo
3437 2789 3741 2860 diliguntur
3788 2787 3865 2856 qui

2302 2878 2481 2933 dilecti
2515 2888 2661 2945 sunt,
2689 2888 2746 2935 et
2793 2881 2846 2935 in
2893 2897 2997 2950 quo
3044 2882 3155 2937 Deo
3186 2881 3332 2936 Patri
3354 2882 3494 2937 bene
3520 2879 3862 2951 complacuit;

2301 2972 2374 3026 ita
2402 2980 2463 3026 ut
2492 2973 2545 3027 in
2574 2987 2641 3028 eo
2670 2974 2866 3044 reliqui
2905 2988 3096 3029 omnes
3148 2974 3418 3044 placeant,
3451 2990 3594 3045 quos
3628 2974 3727 3029 sibi
3758 2972 3867 3027 ado-

2297 3065 2471 3133 ptavit
2514 3065 2567 3119 in
2621 3065 2778 3120 ﬁlios.
2824 3065 2919 3121 llis
2963 3068 3037 3122 ita
3074 3067 3141 3123 de
3171 3067 3329 3122 titulo
3376 3068 3700 3139 praemissis,
3728 3076 3784 3120 ut
3809 3065 3866 3121 ad

2299 3155 2571 3209 canticum
2599 3165 2657 3210 et
2683 3156 2751 3211 ad
2779 3172 2843 3212 ca
2871 3172 2989 3228 qua:
3012 3167 3139 3214 sunt
3164 3160 3393 3232 mystica
3425 3159 3695 3215 accedere
3712 3148 3863 3228 possit

2299 3249 2533 3316 animus,
2571 3248 2841 3307 ﬁniendus
2881 3260 2966 3308 est
3014 3252 3150 3309 liber
3191 3256 3421 3325 primus,
3475 3264 3531 3309 et
3570 3253 3863 3310 exorandus

2299 3338 2535 3409 Spiritus
2563 3350 2803 3407 sanctus,
2836 3352 2896 3397 ut
2925 3357 2990 3401 eo
3019 3344 3399 3402 describantur
3421 3346 3566 3418 stle
3612 3348 3668 3403 in
3713 3343 3867 3403 cordi-

2295 3429 2400 3485 bus
2420 3432 2648 3501 nostris,
2679 3448 2787 3505 quo
2811 3445 3053 3493 reserata
3083 3445 3209 3494 sunt
3236 3438 3443 3495 sanctis
3479 3437 3581 3495 Dei
3614 3435 3866 3511 prophetis

613 3512 742 3569 Jurc
773 3514 936 3584 igitur
960 3515 1075 3586 ipse
1104 3517 1158 3572 in
1198 3516 1368 3575 Deum
1407 3527 1464 3576 et
1484 3519 1797 3587 Dominum,
1828 3521 1897 3577 ab
1924 3525 2075 3580 omni
2102 3540 2190 3581 ra-
2294 3525 2566 3583 omnibus.

620 3676 3843 3722 ._______________________________

593 3851 606 3891 υ
1442 3942 1457 3955 ι
1763 3839 2060 3921 LIBER
2154 3834 2715 3925 SECUNDUS.

686 4065 941 4134 Quamvis
969 4065 1037 4124 de
1061 4066 1287 4126 occultis
1318 4078 1375 4128 et
1401 4070 1650 4128 obscuris
1688 4070 1779 4127 diu
1830 4070 2188 4143 mitumque,
2296 4073 2657 4132 obscur-amur
2680 4082 2735 4132 et
2762 4075 3105 4143 involvimur,
3136 4078 3244 4135 nisi
3268 4089 3534 4151 quantum
3557 4082 3746 4138 divina
3766 4096 3864 4151 pie-

616 4159 767 4228 virgo
792 4156 1015 4226 Christi,
1042 4168 1334 4217 tractatum
1356 4162 1460 4229 sit,
1496 4177 1604 4218 non
1627 4162 1763 4217 adeo
1791 4178 1822 4217 a
1850 4163 2008 4220 nobis
2036 4163 2190 4234 igno-
2294 4175 2383 4225 tas
2405 4169 2563 4226 nobis
2587 4184 2837 4226 reserare
2862 4171 3112 4243 dignatur
3132 4173 3591 4246 qualitercumque
3613 4187 3675 4233 ut
3696 4192 3866 4248 capesse

616 4254 790 4308 rantia
836 4254 1057 4327 depulsa
1107 4265 1208 4321 est,
1246 4271 1315 4313 ne
1351 4255 1555 4312 eisdem
1591 4270 1808 4326 semper
1853 4255 2189 4312 involvamur
2290 4259 2591 4328 possimus.
2623 4258 2761 4315 Hinc
2781 4275 2997 4332 quoque
3038 4262 3149 4317 Deo
3191 4266 3638 4335 gratulabundus
3689 4268 3870 4339 gratias

615 4349 886 4415 obscuris,
909 4349 1011 4404 nisi
1041 4358 1302 4421 quantum
1350 4348 1683 4406 illustramur
1714 4349 1908 4421 gratia.
1946 4350 2188 4418 Quapro-
2214 4406 2267 4431 ἢ
2290 4351 2537 4408 referens
2550 4352 2663 4408 Deo
2691 4353 2884 4424 agebat
2913 4371 2926 4408 :
2960 4354 3168 4410 Incerta
3186 4366 3237 4411 et
3257 4359 3465 4414 occulta
3485 4362 3870 4431 sapientiwtun‘

615 4448 734 4510 pter
761 4440 978 4511 quidam
1008 4438 1331 4513 philosophi,
1355 4457 1480 4497 cum
1499 4449 1682 4499 essent
1703 4442 1823 4497 sine
1848 4442 1978 4508 Deo,
2004 4441 2187 4497 omnia
2215 4438 2267 4467 ν
2291 4443 2647 4509 manifestam
2668 4444 2797 4499 mihi
2828 4442 3000 4515 (Psal.
3034 4462 3086 4509 ι,
3115 4444 3191 4517 8).
3220 4446 3430 4514 Quibus
3456 4449 3683 4506 duobus
3703 4460 3866 4505 noster

617 4535 776 4590 dubia
803 4548 925 4590 esse
949 4533 1225 4591 dixerunt.
1257 4534 1363 4591 Alii
1394 4548 1526 4594 vero
1555 4536 1660 4594 hoc
1685 4536 1842 4609 longe
1863 4551 1896 4591 a
1918 4551 1979 4591 se
2006 4551 2188 4592 remo-
2292 4533 2523 4587 nimium
2577 4533 2902 4589 obscuratur
2936 4535 3167 4602 animus,
3202 4536 3333 4591 dum
3360 4548 3675 4594 occurrunt
3709 4536 3863 4598 nobis

616 4635 804 4683 ventes
833 4636 1294 4697 prtesumpserunt
1340 4643 1402 4684 se
1438 4629 1583 4685 scire
1602 4642 1725 4699 quae
1749 4629 2082 4684 nesciebant.
2125 4628 2192 4693 Et
2288 4638 2400 4680 non
2430 4622 2603 4679 solum
2624 4639 2745 4693 quo:
2771 4624 2977 4678 occulta
2999 4634 3143 4689 sunt,
3159 4640 3350 4681 verum
3378 4627 3552 4683 etiam
3571 4645 3697 4699 qua:
3718 4628 3869 4683 incer-

616 4721 737 4775 ideo
780 4725 933 4773 recte
970 4732 1098 4790 pars
1135 4718 1377 4774 scientiae
1417 4734 1540 4776 esse
1582 4720 1802 4787 dicitur,
1854 4719 1995 4775 scire
2042 4718 2187 4790 quod
2292 4723 2370 4770 ta.
2400 4713 2471 4769 Ut
2499 4723 2650 4784 puta,
2687 4714 2814 4769 dum
2838 4714 3108 4785 quispiam
3137 4716 3245 4771 iter
3281 4717 3475 4774 volens
3512 4735 3706 4790 agere,
3748 4719 3871 4772 inter

617 4809 851 4865 nescias.
891 4807 1023 4878 Quae
1061 4817 1242 4864 tamen
1271 4810 1592 4877 nescientis,
1622 4810 1744 4877 ideo
1784 4809 2013 4865 scientia
2036 4824 2193 4864 voca-
2290 4806 2501 4862 medias
2551 4806 2731 4862 noctis
2778 4807 3051 4870 tenebras,
3110 4808 3166 4863 in
3209 4810 3486 4879 quoddam
3539 4812 3869 4883 quadriviml

622 4910 749 4954 tur:
791 4900 919 4971 quia
965 4909 1020 4956 et
1066 4901 1112 4955 si
1144 4914 1271 4971 pars
1298 4899 1540 4955 scientia:
1580 4900 1877 4956 nescientia
1919 4907 2021 4963 est,
2052 4899 2194 4954 scire
2294 4895 2534 4960 devenit,
2572 4895 2756 4951 sciens
2785 4897 2898 4967 jam
2926 4898 3058 4967 quid
3100 4898 3174 4952 sit
3211 4899 3323 4965 via,
3374 4902 3643 4957 nesciens
3691 4902 3870 4957 ibidem

614 4991 757 5059 quod
800 4991 1013 5046 nescias
1047 5008 1061 5046 :
1105 4990 1273 5046 multo
1314 4990 1485 5061 magis
1527 4999 1614 5046 est
1656 4999 1835 5046 tamen
1865 4991 2190 5061 ignorantia,
2295 4995 2475 5044 tamen
2500 4987 2663 5042 ullam
2685 4977 2769 5042 vel
2788 4989 3037 5043 semitam
3056 5002 3199 5054 esse,
3225 4992 3569 5048 obscuritate
3592 4993 3869 5050 involutus.

617 5080 699 5135 vel
730 5081 774 5136 si
805 5083 1016 5138 nescias
1038 5083 1167 5153 quid
1194 5098 1421 5152 quaeras.
1462 5083 1599 5138 Hinc
1623 5083 1843 5152 quidam
1875 5083 1978 5138 tria
2000 5084 2196 5140 obscu-
2294 5078 2464 5141 Facto
2488 5087 2673 5134 autem
2721 5093 2901 5145 mane.
2938 5080 3083 5149 quod
3110 5080 3384 5136 occultum
3422 5092 3552 5137 erat
3586 5084 3709 5152 jam
3741 5084 3873 5138 dcte-

618 5190 801 5229 rorum
858 5174 1112 5231 dixerunt
1160 5191 1280 5231 esse
1318 5191 1536 5246 genera.
1584 5174 1830 5242 Quorum
1888 5190 2056 5230 unum
2106 5182 2195 5231 est
2286 5177 2441 5227 ctum
2481 5178 2565 5227 est
2597 5188 2611 5225 :
2643 5172 2736 5227 sed
2778 5170 3047 5227 incertum
3072 5172 3123 5227 ei
3160 5182 3350 5239 restat,
3377 5188 3552 5244 quam
3585 5175 3871 5248 apprehen-

617 5268 832 5337 quando
868 5283 957 5323 res
979 5268 1159 5324 sensui
1199 5275 1366 5337 patet,
1392 5266 1486 5322 sed
1514 5266 1698 5335 animo
1732 5265 1861 5336 quid
1889 5266 1963 5321 sit
1993 5266 2194 5321 obscu-
2294 5262 2428 5317 dere
2458 5261 2655 5319 debeat
2680 5262 2825 5318 viam
2863 5277 2929 5317 es
2962 5263 3234 5329 omnibus,
3258 5264 3346 5320 vel
3372 5279 3483 5334 quo
3524 5267 3738 5323 ducant
3777 5267 3868 5321 sin-

620 5370 736 5409 rum
759 5365 859 5411 est.
880 5354 1120 5412 Alterum
1149 5372 1279 5412 vero
1300 5365 1401 5421 est,
1434 5355 1523 5410 ubi
1550 5370 1639 5410 res
1658 5355 1839 5411 animo
1853 5363 2066 5426 pateret
2088 5354 2195 5421 nia?
2294 5352 2454 5423 gulae.
2478 5353 2522 5408 A
2543 5353 2741 5422 quibus
2759 5352 2969 5409 duobus
3006 5354 3269 5425 propheta
3289 5355 3558 5413 liberatus
3583 5360 3873 5420 erroribus.

617 5447 799 5502 sensui
861 5447 1219 5504 clauderetur.
1257 5447 1428 5502 Porro
1482 5446 1701 5501 tertium
1750 5447 2194 5502 obseurissimum
2288 5443 2401 5514 jam
2430 5446 2541 5500 Deo
2568 5446 2773 5514 gratias
2797 5443 2983 5511 refert,
3006 5446 3099 5515 qui
3127 5446 3176 5501 ei
3208 5448 3581 5517 inspiraverat
3602 5450 3873 5511 divinitus,

610 5528 1000 5611 comprobatur
1028 5556 1170 5605 esse,
1213 5540 1426 5610 quando
1442 5520 1556 5595 'res
1595 5538 1849 5610 quaelibet
1885 5554 1987 5594 nec
2034 5553 2193 5597 sensu
2295 5536 2441 5606 quod
2466 5537 2730 5592 incertqu
2760 5544 2879 5591 erat
2918 5545 2975 5591 et
3003 5538 3273 5593 occultum
3306 5539 3525 5594 saeculis
3560 5551 3623 5596 et
3661 5554 3876 5611 genera-

620 5632 852 5701 capitur,
879 5648 981 5689 nec
1009 5633 1190 5687 animo
1212 5632 1545 5704 intelligitur,
1572 5646 1672 5687 nec
1695 5630 1905 5686 ratione
1930 5630 2015 5685 vel
2043 5631 2088 5684 si
2110 5638 2196 5686 est
2298 5628 2551 5693 tionibus,
2585 5628 2725 5684 sicut
2753 5629 2807 5683 in
2834 5629 2937 5683 hoc
2961 5629 3309 5699 epithalamio
3328 5630 3612 5701 virginum
3644 5632 3876 5687 declara-

625 5724 1110 5797 comprehenditnr.
1136 5724 1252 5794 Quo
1278 5739 1407 5780 sane
1433 5740 1631 5798 genere
1666 5724 1720 5780 in
1761 5723 1943 5780 multis
1978 5723 2198 5798 1248
2301 5731 2407 5779 tur.
2442 5721 2597 5778 Unde
2623 5729 2839 5795 oportet
2862 5728 2917 5776 et
2944 5736 3065 5792 nos,
3098 5722 3434 5781 charissima:
3482 5726 3709 5801 gratias
3728 5730 3883 5805 agam
