4048 6352
148 336 313 401 ,1015

1097 333 1460 391 EXPOSITIO
1497 335 1565 390 1N
1600 334 1933 392 PSALMUM
1972 335 2154 391 XLIV.
2196 366 2257 376 —
2302 335 2427 393 LIB.
2466 336 2521 391 ιι.

3300 337 3436 392 1014

167 448 437 506 Salvatori
461 446 596 512 Deo,
640 447 731 517 qui
762 460 861 501 nos
888 446 955 501 de
990 447 1155 502 tantis
1179 448 1379 519 eripuit
1410 449 1665 510 tenebris,
1696 456 1751 503 et
1777 454 1824 513 Α
1857 448 1908 500 ni
1936 448 2044 517 regi
2083 449 2172 523 qui
2224 448 2346 519 fecit
2389 450 2597 519 nuptias
2642 448 2753 517 ﬁlio
2776 465 2871 503 suo
2918 448 3129 518 (Matth.
3182 465 3316 513 uti,
3357 450 3435 523 2).

165 543 236 598 ad
274 555 461 597 veram
502 539 756 610 perduxit
780 537 975 592 lucem.
1017 535 1119 604 Qui
1144 553 1249 592 non
1278 537 1451 591 solum
1480 552 1539 593 se
1572 536 1749 601 lucem

170 631 415 690 ostendit
436 608 635 687 visibili
672 630 725 683 in
763 629 944 698 specie
978 628 1228 683 sensibus
1268 627 1470 683 nostris
1503 646 1516 681 :
1560 608 1750 683 verum

164 729 229 780 et‘
253 722 445 779 oculos
464 721 645 776 cordis
660 721 817 775 intus
843 719 1189 783 illuminavit,
1225 727 1363 774 utex
1396 720 1608 793 integro
1631 735 1751 790 qua:

165 813 383 869 occulta
415 820 572 867 erant
612 820 668 866 et
712 813 946 867 obscura
1001 812 1218 867 deitatis
1272 812 1553 883 mysteria,
1596 800 1752 871 nobis

167 903 462 959 manifesta
505 904 718 959 ﬁerent.
757 902 896 958 Hinc
936 917 1151 973 quoque
1199 902 1365 958 Isaias
1391 913 1447 959 et
1475 904 1589 976 ipse
1615 921 1751 977 gau-

166 994 305 1050 dens
355 994 688 1057 illuminatus
728 994 907 1049 aiebat
942 1012 955 1048 :
990 993 1068 1047 Tu
1112 1012 1164 1049 es
1212 994 1352 1049 Deus
1393 996 1749 1063 absconditus,

165 1085 312 1139 Deus
358 1084 548 1153 Israel,
601 1096 649 1141 et
690 1104 785 1142 nos
830 1086 1183 1141 nesciebamus
1222 1096 1270 1141 te
1308 1087 1599 1159 (Isa.xr.v,
1638 1087 1749 1162 15).

166 1176 276 1231 Sed
329 1184 384 1230 et
438 1186 565 1232 tunc
592 1172 808 1246 quando
848 1178 954 1234 ista
984 1179 1236 1233 dicebant
1273 1194 1304 1235 a
1355 1179 1464 1235 Deo
1505 1180 1752 1252 inspirati

165 1266 466 1337 prophetae,
505 1266 659 1324 valde
697 1267 927 1335 obscura
974 1277 1131 1323 erant
1190 1278 1246 1323 et
1298 1268 1509 1325 occulta
1564 1289 1576 1323 :
1624 1271 1751 1340 quia

152 1369 285 1425 qua:
323 1355 711 1426 praedestinata
748 1366 908 1412 erant
936 1358 1174 1412 nondum
1203 1368 1362 1414 erant
1405 1359 1568 1415 rebus
1600 1375 1747 1415 com-

165 1446 315 1516 pleta
347 1456 401 1501 et
431 1449 801 1504 manifestata.
840 1450 974 1505 Erat
1017 1450 1236 1520 quidem
1286 1451 1428 1506 Deus
1485 1450 1649 1509 Pater
1698 1463 1754 1507 et

162 1538 339 1593 Filius
381 1548 437 1595 et
483 1539 985 1613 Spiritussanctns,
1016 1545 1108 1597 sed
1139 1543 1264 1613 quia
1301 1551 1621 1598 sanctorum
1663 1543 1750 1599 via

164 1631 407 1685 nondum
433 1640 549 1685 erat
573 1632 855 1702 propalata
884 1631 1069 1703 (Hebr.
1108 1648 1183 1699 ιιι,
1213 1633 1291 1705 8').
1315 1631 1457 1687 Deus
1487 1632 1749 1698 Trinitas,

149 1719 268 1772 ’nisi
299 1735 329 1772 a
361 1720 566 1789 paucis,
609 1721 826 1790 penitus
871 1720 1242 1791 ignorabatur.
1271 1722 1424 1777 Unde
1456 1723 1596 1777 sicut
1622 1722 1753 1776 dicit

1852 536 1999 605 Quas
2044 539 2230 608 itaque
2280 538 2515 608 nuptias,
2565 538 2609 594 si
2655 538 3060 605 animadvertis,
3102 539 3288 594 hocin
3321 539 3439 607 loco

1850 630 2107 701 primum,
2159 631 2404 687 invenies
2436 640 2594 701 pacto
2638 630 2880 696 fmderis,
2924 646 3031 686 non
3080 632 3201 686 dico
3241 632 3438 689 subar-

1854 725 2064 791 rhatas,
2099 740 2284 785 verum
2314 726 2501 791 etiam,
2536 741 2599 781 ac
2627 726 2670 781 si
2705 726 2758 780 iu
2790 725 2985 782 tabulis
3014 728 3268 782 connubii
3305 743 3439 783 cou-

1854 818 2089 887 scriptas
2122 817 2252 875 :ubi
2285 817 2428 873 Deus
2462 816 2624 871 Pater
2644 816 2908 884 Verbum,
2956 820 3097 888 quod
3143 819 3198 873 in
3244 820 3437 889 princi-

1853 908 1943 978 pio
1973 919 2111 975 erat,
2153 921 2436 966 eructasse
2473 926 2572 969 suo
2610 910 2675 964 dc
2704 911 2867 965 corde
2907 910 3060 975 dicit,
3109 919 3167 964 ut
3202 912 3437 975 Verbum

1855 1015 1984 1055 caro
2001 999 2170 1057 ﬁeret.
2196 999 2292 1055 Cui
2310 1000 2553 1073 proiecto
2568 999 2768 1064 Verbo,
2790 1000 2998 1056 scilicet
3019 1000 3156 1055 Filio
3182 1016 3281 1057 suo
3303 1001 3437 1072 regi,

1855 1092 1994 1146 dicta
2024 1089 2281 1160 majestas
2312 1107 2407 1146 sua
2439 1107 2626 1161 opera,
2652 1101 2702 1146 et
2734 1091 2936 1146 indicat
2966 1107 3084 1158 qua:
3108 1092 3280 1146 ﬁenda
3315 1099 3442 1147 sunt

1854 1198 1950 1252 per
1977 1183 2151 1253 ipsum
2186 1184 2461 1239 universa.
2498 1182 2649 1249 Quod
2680 1198 2803 1238 cum
2835 1183 3010 1249 audis,
3037 1183 3189 1254 virgo
3214 1181 3439 1250 Christi,

1855 1270 2070 1327 Patrem
2097 1272 2234 1327 Filio
2257 1290 2354 1329 suo
2372 1273 2502 1345 regi,
2520 1289 2586 1327 ex
2601 1272 2817 1343 eloquio
2840 1273 3162 1343 prophetali,
3193 1273 3433 1329 indicare

1854 1361 2071 1416 virtutis
2105 1378 2216 1417 sua:
2258 1380 2455 1433 0;:cra,
2496 1366 2735 1437 cogitare
2767 1375 3002 1437 oportet,
3044 1366 3187 1436 quod
3215 1366 3329 1437 ipse
3370 1366 3442 1422 sit

1855 1450 2030 1505 scriba
2059 1450 2249 1520 velox;
2283 1455 2541 1509 caelorum
2566 1455 2709 1510 enim
2735 1466 3048 1511 reserantur
3077 1472 3297 1522 arcana,
3334 1473 3439 1512 non

1855 1541 1954 1608 illi,
1986 1543 2080 1597 sed
2116 1545 2329 1601 saeculis
2363 1547 2707 1612 abscondita,
2744 1548 2833 1618 qui
2873 1547 3073 1618 profert
3101 1549 3165 1600 de
3197 1549 3439 1602 thesauro

1855 1652 1950 1689 suo
1984 1653 2114 1691 nova
2144 1647 2188 1690 et
2217 1649 2384 1692 vetera
2415 1638 2631 1709 (Matth.
2657 1656 2776 1702 xui,
2804 1639 2915 1713 5:2).
2944 1640 3047 1694 Sed
3084 1641 3211 1711 quia
3235 1641 3439 1707 scriba,
3477 1650 3489 1661 '

1856 1728 2102 1797 quamvis
2126 1729 2658 1817 velocissimus,‘sine
2681 1733 2891 1788 calamo
2919 1742 3011 1788 aut
3040 1734 3179 1805 style
3202 1735 3441 1790 scribere

154 1810 457 1880 Apostolus
483 1831 496 1865 :
538 1809 669 1865 Cum
699 1816 1053 1883 cognovissent
1087 1812 1251 1867 Deum
1282 1831 1373 1885 per
1388 1832 1446 1868 ea
1464 1832 1581 1886 qua:
1608 1813 1752 1884 facta
1782 1811 1829 1875 Β
1855 1834 1975 1889 quae
2009 1820 2158 1875 audit
2187 1838 2292 1875 non
2329 1823 2495 1887 valet,
2522 1809 2787 1880 continuo
2833 1825 3170 1881 subinfertur
3199 1843 3263 1882 ac
3297 1828 3340 1881 si
3365 1844 3433 1882 ex

156 1914 305 1971 sunt,
365 1920 470 1959 non
517 1905 651 1959 sicut
703 1905 873 1960 Deum
926 1906 1377 1977 gloriﬁcaverunt,
1429 1918 1518 1961 aut
1551 1910 1750 1978 gratias

156 2005 398 2065 egerunt,
427 1996 516 2049 sed
540 2006 860 2051 evanuerunt
887 1998 940 2050 in
964 1999 1369 2069 coyitationibus
1382 2000 1489 2054 suis
1507 1999 1678 2073 (Rom.
1706 2017 1749 2067 ι,

162 2084 275 2154 21).
318 2084 473 2139 Viam
504 2101 626 2155 qure
660 2085 910 2141 Christus
954 2096 1056 2152 est,
1091 2088 1233 2143 viam
1274 2089 1482 2145 scilicet
1516 2091 1751 2148 civitatis

161 2176 286 2240 Dei,
329 2175 518 2246 utique
568 2178 636 2231 ad
670 2192 832 2247 quam
882 2178 1177 2244 tendimus,
1243 2195 1353 2234 non
1399 2179 1745 2236 invenerunt.

160 2268 463 2339 Pmpterea
494 2276 553 2323 nt
577 2277 745 2323 totam
774 2271 1095 2326 emundaret
1136 2271 1421 2327 stultitiam
1448 2274 1628 2329 cordis
1654 2290 1750 2330 no—

154 2362 263 2417 stri
295 2362 473 2417 divina
505 2362 703 2434 pietas,
736 2364 895 2435 longe
922 2372 1045 2436 post
1068 2382 1188 2435 quae
1217 2365 1545 2422 dicebantur
1575 2369 1750 2424 adim-

154 2453 353 2525 plevit,
388 2463 448 2509 ut
484 2455 662 2510 omnis
695 2456 1002 2512 obscuritas
1039 2457 1351 2526 pelleretur,
1392 2470 1645 2530 essetque
1691 2460 1747 2515 in

154 2558 265 2599 uno
291 2544 598 2616 eodemque
639 2546 859 2602 Christo
900 2548 1041 2618 quod
1084 2549 1257 2605 oculis
1297 2567 1572 2617 cerneres,
1604 2550 1746 2623 quod

154 2650 321 2693 manu
366 2637 639 2709 palpares,
690 2648 745 2695 et
781 2643 925 2711 quod
953 2652 1134 2696 mente
1163 2644 1521 2715 intelligeres;
1566 2634 1640 2698 ita
1691 2654 1749 2700 ut

155 2731 408 2801 palpares
453 2730 728 2786 hominem
773 2741 827 2787 et
873 2733 1203 2803 intelligeres
1222 2735 1414 2790 Deum.
1444 2735 1584 2791 Hinc
1607 2752 1743 2806 quo-

154 2839 263 2894 que
288 2823 532 2880 Joannes
562 2824 784 2880 aiebat:
819 2824 887 2879 Et
933 2843 1119 2881 manus
1160 2837 1353 2883 nostra:
1393 2836 1745 2882 tractaverunt

152 2918 217 2972 de
245 2919 408 2973 verba
440 2921 558 2973 vitm
582 2918 630 2983 (Ι
660 2918 825 2974 Joan.
853 2934 892 2998 I,
922 2919 996 2991 l).

221 3012 400 3066 Audis
448 3011 634 3083 igitur,
693 3014 821 3083 quia
879 3028 1073 3068 manus
1125 3012 1311 3085 palpat
1375 3017 1745 3086 apostolorum

157 3102 385 3176 1259
410 3102 648 3160 Verbum
669 3103 837 3159 vitm?
868 3102 968 3160 Ubi
998 3113 1178 3158 autem
1210 3120 1405 3160 manus
1446 3114 1644 3161 tractat
1691 3114 1745 3161 et

1855 1929 1986 1967 voce
2018 1912 2217 1978 Patris,
2259 1915 2439 1985 lingua
2481 1933 2595 1971 mea
2634 1918 2888 1981 calamus,
2929 1918 3010 1971 vel
3050 1919 3219 1990 stylus
3261 1919 3438 1989 juxta,

1854 2004 2203 2069 chraicum,
2237 2007 2477 2062 velociter
2504 2009 2796 2064 scribentis.
2842 2010 3058 2081 1250
3086 2010 3291 2077 Quibus
3318 2028 3441 2081 pro-

1853 2097 1997 2153 fecto
2024 2098 2201 2154 verbis
2227 2099 2359 2153 nihil
2389 2100 2533 2155 aliud
2563 2116 2775 2172 sponsae
2803 2111 2971 2156 restat
2996 2104 3252 2172 cogitare,
3278 2118 3439 2173 quam

1853 2188 1920 2242 de
1951 2187 2154 2244 foedere
2201 2190 2529 2260 nuptiarum,
2575 2207 2693 2260 qua:
2724 2209 2998 2262 nunquam
3036 2194 3272 2263 legitime
3324 2195 3442 2251 sine.

1854 2284 1979 2337 dote
2026 2284 2333 2338 ﬁrmantur.
2392 2285 2618 2350 Idcirco,
2659 2287 3030 2342 sacratissima
3091 2303 3267 2352 soror,
3316 2303 3438 2343 cum

1852 2376 2008 2429 audis
2030 2375 2206 2429 Patris
2233 2376 2490 2430 dictantis
2521 2376 2755 2448 linguam
2787 2378 3055 2434 calamum
3084 2394 3205 2433 esse
3247 2379 3441 2437 scriba:

1851 2466 2111 2521 velociter
2140 2468 2449 2531 scribentis,
2474 2468 2615 2521 scias
2648 2483 2808 2522 unam
2841 2483 2962 2524 esse
2994 2478 3247 2523 naturam
3275 2469 3438 2522 trium

1850 2574 2227 2635 personarum,
2277 2577 2508 2630 quorum
2546 2578 2648 2615 una
2696 2570 2777 2616 est
2823 2564 3015 2629 virtus,
3047 2579 3261 2633 unaque
3309 2578 3436 2632 ope.

1851 2652 2014 2717 ratio,
2056 2664 2116 2705 ut
2163 2652 2264 2711 iste
2306 2654 2606 2721 virginibus
2634 2654 3008 2710 conscribatur
3033 2654 3245 2711 libellus
3275 2655 3433 2711 dotis.

1849 2738 1909 2797 In
1939 2756 2046 2810 quo
2082 2740 2313 2811 primum
2343 2742 2483 2796 unde
2523 2759 2692 2814 genus
2738 2745 2899 2798 ducat
2927 2760 3157 2815 Sponsus
3206 2746 3437 2800 ostendi-

1850 2839 1973 2895 tur;
1999 2829 2234 2887 Vcrbum
2264 2832 2329 2886 de
2355 2833 2517 2887 corde
2541 2833 2738 2900 Patris,
2788 2835 3017 2890 Verbum
3043 2837 3185 2905 quod
3208 2837 3260 2891 in
3291 2837 3438 2906 priu-

1847 2922 1991 2991 cipio
2016 2930 2150 2985 erat,
2177 2923 2362 2993 utique
2397 2925 2537 2994 apud
2565 2926 2758 2992 Deum,
2788 2937 2843 2981 et
2866 2929 3009 2984 Deus
3028 2938 3147 2984 erat
3168 2929 3430 2985 Verbum.

1849 3009 1964 3069 Hoc
2000 3014 2181 3085 itaque
2228 3016 2426 3069 bonum
2462 3017 2720 3084 Verbum,
2750 3020 2892 3089 quod
2938 3022 3004 3076 de
3045 3021 3210 3077 corde
3255 3020 3434 3077 Patris

1851 3116 2161 3162 eructatum
2197 3116 2303 3171 est,
2337 3109 2571 3180 suscipe.
2605 3110 2743 3177 Quia
2771 3113 2872 3167 hoc
2892 3122 2992 3176 est,
3025 3114 3169 3182 quod
3200 3114 3315 3184 ipse
3333 3122 3436 3178 est,

157 3197 359 3264 tangit,
390 3212 609 3252 carnem
654 3197 912 3269 intellige.
948 3198 1048 3254 Ubi
1075 3197 1310 3254 Verbum
1336 3201 1510 3265 audis,
1562 3200 1616 3256 id
1661 3218 1749 3255 re-

1859 3212 1885 3251 a
1903 3213 2010 3268 quo
2041 3206 2157 3262 est;
2190 3213 2287 3268 per
2308 3199 2451 3271 quod
2477 3201 2658 3257 omnia
2684 3200 2789 3259 ista
2813 3203 2954 3259 bona
2981 3181 3125 3257 facta
3150 3181 3297 3269 sunt,
3321 3215 3440 3272 qua

155 3303 434 3359 cognosce
464 3290 607 3359 quod
637 3299 748 3343 erat
780 3291 834 3344 in
858 3289 1117 3362 principio
1149 3292 1289 3361 apud
1312 3291 1501 3359 Deum,
1531 3302 1579 3346 et
1614 3293 1753 3366 Deus

155 3390 273 3435 erat
313 3378 545 3435 Verbum
592 3378 773 3451 (Joan.
828 3397 871 3445 1,
932 3381 1008 3452 1).
1066 3380 1448 3437 Verumtamen
1501 3384 1752 3440 eumdem

157 3471 333 3527 Deum
366 3481 426 3527 et
464 3472 737 3527 hominem
779 3473 1050 3537 veraciter
1078 3488 1246 3526 unum
1290 3473 1528 3546 intellige
1560 3474 1751 3545 Deum,

155 3575 321 3637 quem
354 3579 613 3636 sponsum
644 3565 699 3620 in
741 3565 953 3636 psalmo
993 3565 1264 3637 Propheta
1314 3582 1379 3622 ac
1408 3566 1452 3621 si
1503 3567 1556 3621 in
1600 3567 1755 3625 titulo

156 3657 306 3712 dotis
332 3656 612 3723 describit,
650 3664 960 3728 sancteque
983 3655 1261 3729 coniungit
1287 3657 1560 3713 Ecclesiae.
1596 3656 1752 3729 Vide,

159 3764 374 3830 quaso,
418 3764 617 3821 sponsa
664 3749 905 3817 Christi,
961 3766 1124 3821 quam
1177 3750 1448 3807 occultum
1504 3760 1621 3807 erat
1669 3744 1755 3808 vel

160 3844 483 3908 obscurum,
521 3844 737 3914 quando
770 3841 1115 3899 nesciebatur
1148 3844 1201 3898 in
1236 3843 1545 3900 hominibus
1581 3844 1665 3900 vel
1708 3844 1755 3903 si

161 3934 311 3991 Deus
339 3944 508 4001 esset,
544 3936 649 3992 nisi
687 3937 1060 3992 tantummodo
1084 3935 1137 3991 in
1170 3934 1373 3992 Judma.
1413 3936 1562 3993 Unde
1601 3938 1752 3993 cani-

160 4036 255 4081 tur
299 4027 353 4082 in
381 4026 632 4097 psalmo:
680 4025 853 4082 Notus
890 4028 945 4081 in
975 4026 1169 4082 Judwa
1220 4027 1360 4082 Deus
1390 4022 1562 4098 (Psal.
1591 4044 1756 4113 Lxxv,

158 4116 227 4191 2)
264 4136 281 4184 ;
316 4119 369 4174 in
392 4134 499 4190 qua
527 4118 692 4175 etiam
736 4118 879 4175 Deus
908 4118 1002 4173 Dei
1044 4116 1213 4173 Filius
1248 4118 1332 4174 vel
1365 4119 1409 4172 si
1440 4128 1586 4175 esset
1607 4120 1759 4192 prius

160 4210 418 4282 ignotum
462 4218 599 4265 erat.
664 4210 783 4267 Jam
836 4225 965 4266 vero
1006 4227 1129 4265 cum
1177 4211 1375 4266 dicitur
1422 4221 1648 4282 paterna
1690 4228 1759 4269 ex

160 4316 302 4359 voce
335 4316 441 4372 per
466 4290 790 4373 Prophetam
836 4318 851 4357 :
897 4301 1169 4356 Eructavit
1214 4318 1305 4356 cor
1335 4319 1505 4357 meum
1549 4305 1760 4360 verbum

161 4398 364 4452 bonum
388 4395 565 4469 (Psat.
589 4412 736 4464 κων,
762 4398 842 4471 i),
879 4399 1145 4455 incertum
1182 4407 1302 4453 erat
1330 4397 1397 4454 de
1423 4414 1531 4470 quo
1552 4398 1760 4457 dicere-

158 4495 254 4547 tur
274 4490 475 4557 verbo,
505 4491 609 4548 nisi
639 4493 835 4563 quibus
866 4490 1310 4546 illuminabantur
1354 4492 1519 4557 oculi,
1572 4499 1631 4546 ut
1679 4494 1761 4549 in-

1855 3288 2127 3343 videntur.

1929 3379 2005 3433 De
2034 3380 2135 3434 hoc
2164 3379 2332 3449 igitur
2360 3380 2504 3437 bono
2558 3396 2657 3437 suo
2685 3382 2848 3437 verbo
2886 3381 3051 3437 Pater
3094 3382 3268 3439 dixit:
3303 3382 3442 3441 Eru-

1856 3470 2017 3525 ctavit
2056 3488 2147 3524 cor
2173 3487 2343 3525 meum
2375 3473 2583 3527 verbum
2611 3472 2823 3527 bonum.
2856 3472 2959 3528 Per
2999 3475 3141 3543 quod
3155 3474 3329 3531 solum
3358 3482 3445 3531 est

1857 3577 2019 3618 omne
2051 3561 2272 3629 bonum,
2307 3572 2361 3619 et
2395 3564 2516 3619 ideo
2540 3564 2860 3637 diligendus,
2893 3567 3018 3638 quia
3054 3569 3228 3623 bonus
3262 3578 3314 3623 et
3350 3577 3439 3624 ut-

1858 3669 2070 3723 cunque
2096 3654 2221 3710 boni
2244 3670 2364 3711 esse
2402 3670 2712 3729 possumus,
2739 3658 2809 3714 ab
2838 3659 2953 3729 ipso
2989 3668 3093 3715 est.
3120 3659 3177 3716 Si
3204 3660 3348 3717 enim
3385 3670 3444 3717 tu

1859 3747 2043 3813 homo,
2075 3747 2436 3819 quodcunque
2481 3748 2611 3803 boui
2660 3748 2925 3816 facturus,
2962 3750 3015 3809 in
3060 3751 3243 3816 corde,
3284 3760 3340 3805 et
3386 3751 3442 3807 in

1859 3839 2086 3897 consilio
2118 3839 2306 3907 habes,
2340 3839 2501 3909 quale
2524 3840 2725 3899 bonum
2760 3842 2845 3897 vel
2884 3843 3105 3912 quando
3147 3842 3241 3897 ﬁat
3279 3842 3441 3910 illud;

1861 3930 2076 4001 Quanto
2102 3932 2277 4004 magis
2309 3933 2450 3988 Deus
2476 3932 2530 3988 in
2554 3933 2653 3991 hoc
2675 3933 2836 3989 imico
2863 3948 2961 3989 suo
2982 3933 3151 3990 verbo
3176 3942 3448 3990 coaeterno

1862 4033 2037 4082 totum
2072 4026 2260 4085 habuit
2322 4025 2468 4097 quod
2525 4026 2763 4084 ﬁendum
2820 4027 2973 4084 erat?
3024 4036 3080 4083 et
3132 4028 3253 4083 ideo
3291 4026 3445 4096 juxta

1858 4121 2085 4181 Joannis
2113 4135 2331 4187 vocem;
2376 4122 2516 4193 quod
2555 4122 2754 4192 factum
2785 4131 2886 4187 est,
2916 4122 2970 4176 in
3012 4124 3127 4192 ipso
3183 4123 3288 4177 vita
3330 4130 3447 4175 erat

1864 4212 2049 4286 (Joan.
2105 4230 2143 4279 t,
2195 4215 2246 4278 3,
2280 4212 2357 4285 4).
2403 4213 2556 4271 Unde
2603 4213 2811 4271 addidit
2836 4213 2991 4284 quasi
3034 4223 3286 4284 repetens
3305 4212 3450 4284 quod

1864 4306 2079 4363 dixerat
2107 4323 2122 4362 :
2146 4306 2281 4363 Dico
2302 4323 2396 4378 ego
2425 4323 2582 4378 Opera
2616 4323 2732 4361 mea
2767 4307 2911 4377 regi;
2942 4321 3005 4362 ac
3025 4307 3071 4365 si
3098 4314 3345 4376 patenter
3371 4307 3449 4379 di-

1865 4409 1956 4456 cat
1986 4418 1998 4455 :
2032 4400 2156 4457 [deo
2176 4400 2225 4455 ei
2255 4414 2417 4469 opera
2454 4413 2577 4455 mea
2606 4399 2749 4465 dico,
2777 4413 2884 4467 qua
2928 4398 3101 4469 ipsum
3129 4397 3290 4469 genui
3319 4394 3453 4453 Vero

1866 4492 2019 4559 bum,
2051 4492 2106 4547 in
2137 4506 2247 4561 quo
2273 4500 2402 4546 sunt
2421 4489 2605 4545 omnia
2642 4505 2766 4545 mea
2787 4504 2978 4559 opera,
3006 4504 3128 4560 quae
3154 4503 3251 4560 per
3275 4489 3450 4558 ipsum

158 4593 321 4641 certa
350 4544 674 4642 certissim;
701 4572 925 4649 scirent,
966 4597 1021 4642 et
1052 4602 1172 4657 quae
1202 4585 1384 4642 futura
1409 4595 1567 4643 erant
1596 4590 1760 4646 corde
1790 4544 1843 4617 υ
1866 4599 1899 4643 a
1953 4599 2040 4638 me
2079 4583 2257 4639 tienda
2307 4590 2453 4638 sunt.
2500 4581 2753 4651 Alioquin
2787 4581 3018 4637 visibilis
3070 4589 3126 4637 et
3163 4580 3454 4637 invisibilia

157 4679 483 4734 crederent.
514 4677 620 4734 Sed
655 4678 814 4735 nobis
854 4678 976 4747 quia
1027 4687 1267 4733 reserata
1321 4687 1450 4734 sunt
1478 4678 1660 4735 omnia
1705 4687 1761 4739 et

154 4770 465 4840 completa,
516 4768 651 4824 nihil
685 4770 974 4826 obscurum
1022 4778 1231 4836 restat,
1282 4770 1419 4825 nihil
1468 4770 1758 4829 incertum.

151 4862 380 4919 Idcirco
408 4860 536 4932 quia
565 4861 788 4933 suscipit
815 4861 987 4917 ﬁdelis
1028 4862 1207 4917 anima
1259 4861 1314 4916 in
1357 4862 1461 4917 hoc
1500 4862 1763 4934 epithala—

154 4954 277 5009 mio
306 4952 537 5008 verbum
570 4953 911 5023 progenitum
958 4952 1024 5007 de
1066 4954 1231 5009 corde
1270 4952 1468 5018 Patris,
1501 4955 1764 5027 suscipiat

153 5060 376 5118 sponsa
406 5044 645 5100 libellum
673 5045 837 5112 dotis,
860 5055 915 5099 ct
940 5045 1254 5115 incorrupta
1283 5045 1577 5129 virginitas
1604 5062 1765 5116 spon-

153 5154 285 5194 sum
324 5138 393 5193 de
417 5136 623 5192 intimis
654 5137 748 5192 Dei
791 5137 893 5192 sibi
926 5138 1150 5193 missum
1175 5138 1520 5208 praecordiis.
1551 5139 1629 5193 De
1658 5154 1766 5209 quo

155 5233 341 5289 Pater
390 5233 669 5304 signanter
717 5233 792 5287 ait
839 5251 851 5287 :
905 5231 1177 5286 Eructavit
1211 5250 1299 5288 cor
1343 5250 1515 5288 meum
1556 5235 1766 5291 verbum

154 5329 392 5384 bonum.
438 5323 674 5380 Verbum
709 5325 896 5396 utique
936 5326 1161 5389 bonum,
1210 5325 1354 5395 quod
1404 5327 1459 5381 in
1507 5328 1765 5398 principio

152 5431 279 5477 erat
318 5416 467 5488 apud
498 5416 685 5482 Deum,
724 5428 768 5471 et
794 5415 933 5471 Deus
963 5425 1075 5470 erat
1124 5415 1349 5470 Verbum
1387 5415 1572 5488 (Joan.
1611 5434 1654 5485 ι,
1688 5418 1765 5489 1).

151 5510 225 5570 Et
259 5523 344 5567 ne
374 5507 613 5570 mireris,
644 5506 884 5576 prudens
911 5507 1083 5576 virgo,
1110 5506 1254 5577 quod
1283 5507 1428 5562 hunc
1458 5510 1767 5565 vocaverim

149 5604 475 5683 psalmum,
506 5598 745 5655 libellum
776 5597 938 5663 dotis,
968 5597 1023 5652 in
1060 5613 1168 5667 quo
1194 5598 1318 5651 talia
1357 5598 1589 5667 primum
1613 5616 1642 5653 a
1670 5616 1770 5655 saa-

149 5700 296 5761 culo
349 5692 665 5767 panduntur
695 5689 901 5746 hedera
946 5691 1277 5761 nuptiarum.
1318 5691 1497 5747 Habes
1537 5710 1771 5765 namque

147 5797 207 5856 ίη
248 5782 586 5857 Evangelio,
619 5783 763 5855 quod
786 5779 969 5839 Simile
994 5790 1070 5836 est
1094 5796 1310 5854 regnum
1338 5783 1585 5839 caelorum
1601 5787 1769 5842 Itami-

1867 4691 1975 4735 uon
1999 4684 2186 4731 essent
2211 4675 2265 4729 in
2292 4675 2473 4739 rebus,
2504 4673 2609 4729 nisi
2638 4674 2793 4743 prius
2820 4674 2875 4729 in
2904 4673 3073 4730 verbo
3094 4682 3279 4729 essent
3315 4691 3330 4727 :
3374 4672 3450 4727 si-

1867 4776 1959 4823 cut
1986 4777 2042 4825 et
2068 4767 2122 4821 in
2146 4776 2196 4823 te
2217 4782 2324 4823 non
2357 4775 2501 4821 esset
2529 4764 2732 4823 fabrica
2780 4780 2986 4831 rerum,
3031 4773 3122 4821 aut
3160 4778 3320 4836 opus,
3351 4763 3454 4819 nisi

1865 4862 2019 4934 prius
2063 4862 2118 4916 in
2146 4859 2373 4919 consilio
2400 4846 2565 4915 esset.
2616 4859 2785 4914 Erant
2829 4868 3013 4921 autem
3059 4857 3240 4913 omnia
3288 4871 3454 4928 opera

1868 4952 1967 5009 Dei
2014 4953 2068 5008 in
2108 4951 2287 5013 Verbo
2312 4950 2513 5016 Patris,
2558 4959 2612 5005 et
2659 4950 2900 5006 nondum
2947 4956 3105 5005 erant
3144 4962 3332 5018 opera,
3360 4946 3458 5004 sed

1868 5042 2108 5105 Verbum
2160 5049 2296 5105 erat,
2331 5041 2421 5097 cui
2451 5040 2646 5107 Pater;
2693 5041 2819 5111 quia
2849 5040 3037 5110 genuit
3068 5053 3190 5094 eum
3234 5045 3459 5094 coaeter—

1869 5150 2025 5200 num,
2056 5147 2154 5193 sua
2185 5132 2386 5196 omnia,
2414 5130 2676 5201 quidquid
2700 5131 2844 5186 istud
2870 5142 2979 5195 est,
3003 5128 3281 5185 indicavit.
3308 5127 3461 5183 Ideo-

1870 5241 1978 5303 que
1998 5240 2130 5281 sane
2158 5223 2658 5297 incomparabiliter
2698 5223 2923 5288 bonum,
2969 5220 3099 5291 quia
3129 5221 3234 5275 hoc
3282 5219 3460 5290 ipsum

1872 5320 2112 5376 Verbum
2140 5317 2286 5374 Deus
2305 5326 2416 5375 est.
2452 5316 2590 5372 Hinc
2616 5330 2837 5372 necesse
2879 5324 2968 5370 est
3005 5312 3149 5384 quod
3199 5312 3266 5368 de
3296 5311 3462 5369 corde

1877 5410 2114 5476 refulsit,
2152 5417 2211 5464 ut
2236 5409 2310 5465 ibi
2331 5424 2455 5465 eum
2485 5408 2747 5477 suscipiat
2778 5420 2994 5476 sponsa,
3045 5412 3102 5460 et
3132 5403 3461 5474 complecta—

1880 5513 1971 5561 tur
2004 5504 2184 5559 dotem
2225 5502 2418 5558 salutis
2453 5510 2690 5565 ueterum,
2742 5498 2886 5553 unde
2931 5497 2999 5552 ad
3030 5511 3132 5552 nos
3156 5503 3465 5553 eructatum

1877 5598 2048 5654 venit.
2082 5596 2216 5663 Quia
2264 5596 2407 5665 quod
2440 5595 2507 5649 de
2541 5586 2704 5649 corde
2738 5592 2958 5662 prodiit,
3010 5605 3116 5645 non
3166 5588 3270 5645 nisi
3302 5587 3466 5644 corde

1878 5700 2096 5748 tenetur
2114 5687 2200 5744 vel
2219 5689 2449 5758 capitur.
2478 5686 2685 5741 Idcirco
2716 5683 3120 5740 amantissimus
3137 5682 3307 5737 Filius
3328 5681 3436 5737 Ver

1879 5787 2119 5855 bamque
2147 5784 2350 5839 bonum
2384 5780 2453 5837 de
2481 5780 2648 5837 corde
2689 5778 2888 5845 Patris,
2919 5792 3131 5849 sponsae
3167 5776 3366 5831 missus
3398 5772 3468 5831 ad
