4048 6352
597 336 737 391 1015

1414 328 1474 384 s.
1512 322 1872 384 PASCHASII
1907 319 2253 377 RADBERTI
2287 315 2579 375 seems
2618 272 3066 372 CORBEIENSIS

3711 311 3830 367 1016

596 442 815 513 nuptias
838 437 1136 501 nuntiatur,
1184 445 1244 491 ut
1280 435 1422 491 idem
1466 433 1696 505 amplius
1724 431 1872 487 omni
1908 430 2176 486 charitate
2203 436 2255 494 Α
2279 426 2575 482 demutatio
2626 424 2925 480 divinitatis
2968 424 3084 492 ejus
3106 464 3124 491 ,
3178 423 3275 479 sed
3323 424 3601 480 miseratio
3640 426 3835 495 pietatis

597 535 652 590 in
681 532 863 589 animo
889 530 1162 601 diligatur.
1186 527 1303 582 Non
1331 527 1475 595 quod
1527 526 1670 580 Deus
1693 523 1854 579 Pater
1880 536 2174 591 corporeus

598 627 747 686 credi
770 626 983 689 debeat,
1010 631 1072 678 ut
1097 638 1212 689 cor,
1241 630 1336 676 aut
1363 632 1597 684 uterum,
1635 627 1941 688 cmteraque
1971 617 2176 673 habere

597 719 843 777 membra
888 716 1222 786 intelligatur
1252 732 1267 780 ;
1312 715 1406 769 sed
1448 725 1509 768 ut
1539 728 1638 783 per
1671 710 2029 782 corporalium
2064 710 2177 766 elli-

597 809 923 868 cientiarum
968 808 1211 873 nomina,
1242 807 1540 862 divinitatis
1586 805 1703 876 ejus
1741 819 1942 859 arcana
1989 803 2175 858 conci-

597 901 834 974 piantur.
885 898 1002 955 Non
1043 898 1188 953 enim
1249 896 1456 967 1251
1505 895 1765 951 membris
1809 894 2179 966 corporalibus

599 992 848 1050 consistit
894 991 1053 1047 Deus.
1102 989 1239 1044 Nam
1288 990 1411 1044 alibi
1459 987 1859 1059 generationem
1888 986 2007 1041 Filii
2057 1002 2178 1041 cum

597 1085 763 1141 vellet
788 1095 1236 1145 commemorare,
1278 1080 1356 1135 ait
1385 1099 1397 1134 :
1430 1079 1515 1134 Ea:
1546 1089 1693 1133 utero
1733 1088 1853 1133 ante
1902 1076 2182 1146 luciferum

598 1176 754 1248 genui
775 1186 823 1231 te
844 1173 1019 1245 (Psal.
1045 1173 1260 1243 etx,5);
1290 1180 1558 1241 quatenus
1590 1168 2006 1225 inenarrabilem
2037 1167 2182 1221 illam

599 1266 862 1337 unigeniti
906 1282 974 1322 ex
1013 1280 1070 1320 se
1116 1264 1237 1319 Filii
1267 1263 1601 1318 nativitatem
1632 1275 1698 1315 ex
1737 1259 2039 1316 divinitatis
2074 1274 2185 1313 sua:

600 1360 834 1416 veritate
862 1357 1288 1421 commendaret,
1312 1355 1378 1409 ad
1409 1353 1783 1424 intelligentiae
1815 1351 1995 1413 ﬁdem,
2024 1366 2186 1421 quem

602 1466 672 1507 ex
712 1460 870 1507 utero
912 1449 1192 1521 generavit
1235 1455 1294 1502 ut
1337 1446 1534 1502 Filium
1590 1456 1718 1501 ante
1768 1443 2080 1508 luciferum,
2130 1451 2189 1496 ut

602 1552 909 1608 aeternum;
941 1556 1100 1613 quem
1127 1556 1194 1596 ex
1235 1539 1397 1595 corde
1439 1538 1707 1594 eructavit
1734 1546 1792 1591 ut
1839 1535 2096 1591 Verbum.
2130 1534 2188 1589 In

603 1634 690 1689 his
714 1633 967 1689 omnibus
1000 1632 1212 1688 locutus
1238 1640 1323 1687 est
1352 1646 1585 1700 namque
1606 1630 1675 1686 de
1702 1628 1901 1683 divinis
1943 1627 2056 1683 suis
2099 1640 2188 1681 re-

602 1724 707 1779 bus
727 1726 1020 1780 secundum
1046 1724 1338 1778 humanam
1368 1730 1648 1776 naturam:
1674 1730 1732 1773 ut
1753 1734 1971 1774 sensum
1995 1720 2190 1774 huma-

2274 517 2380 573 fuit
2415 519 2470 573 in
2514 518 2883 587 assumptione
2929 516 3304 572 humanitatis.
3337 514 3397 572 Si
3441 516 3585 572 enim
3637 515 3836 586 Paulus,

2277 627 2399 669 cum
2429 620 2657 667 evacuat
2704 626 2769 666 ea
2812 611 2869 665 in
2920 626 2980 666 se
3024 625 3145 680 quae
3188 609 3400 681 parvuli
3446 620 3605 667 erant
3645 611 3839 680 quando

2277 701 2451 757 factus
2478 698 2562 757 est
2588 702 2693 767 vir,
2717 715 2818 755 nec
2848 708 3106 765 mutatur,
3124 714 3191 755 ne
3215 709 3309 756 aut
3342 700 3460 771 ipse
3485 699 3731 770 idemque
3749 715 3841 756 non

2279 796 2462 865 sitqui
2504 794 2702 859 fuerat,
2733 801 2789 849 et
2833 793 2978 863 quod
3006 792 3227 859 fuerat;
3267 802 3474 864 quanto
3513 794 3685 865 magis
3722 793 3843 850 Deus

2278 884 2375 940 Dei
2395 884 2561 939 Filius
2590 884 2731 938 idem
2755 883 2869 954 ipse
2890 883 3405 939 incommutabiliter
3431 890 3538 950 est,
3549 893 3845 940 cumsemet-

2280 973 2451 1044 ipsum
2503 973 2810 1039 exinanivit,
2853 972 3079 1042 formam
3108 975 3244 1028 servi
3270 973 3577 1043 accipiens?
3614 975 3844 1044 quoniam

2283 1066 2338 1121 in
2387 1074 2617 1135 utroque
2664 1065 2924 1134 integer:
2963 1065 3107 1121 Deus
3156 1074 3212 1120 et
3246 1064 3411 1121 homo
3439 1075 3545 1120 est.
3588 1064 3693 1121 Sed
3737 1069 3848 1136 quia

2287 1153 2459 1210 forma
2490 1154 2789 1209 divinitatis
2816 1154 3106 1209 invisibilis
3130 1153 3336 1209 latebat
3356 1154 3412 1208 in
3441 1154 3662 1210 homine
3685 1154 3849 1210 visibi-

2284 1247 2344 1312 li,
2390 1263 2554 1301 unum
2607 1248 2970 1317 eumdemque
3008 1261 3065 1301 se
3110 1245 3374 1302 exhibens
3410 1246 3469 1301 in
3509 1245 3685 1301 forma
3723 1247 3849 1302 servi

2286 1336 2592 1394 exinanisse
2618 1337 2686 1391 ab
2710 1336 2968 1407 Apostolo
2983 1335 3109 1405 jure
3137 1336 3485 1406 praedicatur.

2359 1430 2416 1486 ln
2443 1447 2547 1501 qua
2573 1430 2752 1501 itaque
2781 1430 2973 1493 forma,
3004 1431 3145 1486 sicut
3166 1432 3384 1486 beatum
3409 1429 3670 1486 Basilium
3688 1432 3849 1488 omnis

2289 1521 2395 1578 fert
2420 1524 2592 1595 gratia
2630 1523 2852 1590 dixisse,
2885 1538 3022 1577 nova
3045 1522 3288 1594 quaedam
3313 1521 3407 1577 Dei
3433 1522 3609 1577 virilis
3632 1523 3850 1592 operatio

2289 1616 2715 1680 monstrabatur,
2755 1614 2900 1685 quod
2937 1622 2994 1670 et
3034 1622 3213 1668 textus
3253 1613 3427 1669 sancti
3470 1613 3742 1686 Evangelii
3775 1616 3852 1671 de-

2291 1708 2465 1762 clarat
2507 1724 2679 1778 usque
2728 1708 2794 1762 ad
2846 1706 3030 1762 ﬁnem.
3063 1706 3201 1775 Quia
3252 1705 3515 1778 profecto,
3566 1708 3706 1763 sicut
3735 1723 3851 1778 pra-

605 1831 689 1871 nae
720 1828 930 1871 natura:
960 1817 1027 1871 ad
1078 1814 1200 1870 ﬁdei
1241 1814 1524 1871 scientiam
1558 1812 1833 1877 erudiret;
1863 1819 1923 1865 ut
1963 1826 2069 1865 non
2122 1824 2190 1865 ex

2306 1798 2437 1855 fatus
2490 1802 2681 1856 doctor
2728 1794 3154 1857 luculentissima
3181 1815 3248 1857 eo
3274 1801 3456 1857 allusit
3482 1803 3675 1867 verbo,
3702 1802 3853 1857 virum

605 1910 798 1974 nihilo,
831 1924 939 1964 non
969 1908 1183 1963 aliunde
1213 1907 1487 1961 videretur
1528 1920 1593 1960 ac
1615 1905 1660 1959 si
1692 1912 1908 1958 creatus
1935 1901 2189 1957 subsiste-

606 2016 688 2063 re,
718 2001 810 2056 sed
837 2015 906 2055 ex
943 2014 1003 2054 se
1029 1997 1290 2068 unigeniti
1315 1998 1397 2051 sui
1428 1995 1691 2051 naturalis
1738 1994 1995 2048 nativitas
2024 1992 2189 2047 doce-

607 2099 774 2145 retur.
795 2088 902 2144 ‘Sic
926 2088 1106 2157 itaque
1142 2088 1246 2142 hoc
1292 2088 1343 2141 in
1384 2086 1501 2141 loco
1528 2101 1658 2140 vera
1691 2083 1925 2139 essentia
1956 2080 2098 2147 Filii,
2123 2096 2191 2135 ex

608 2176 785 2231 Patris
812 2183 1008 2230 natura
1030 2173 1460 2230 commendatur.
1512 2171 1619 2225 Sed
1661 2170 1786 2240 quia
1814 2168 2074 2222 dilectum
2108 2164 2193 2219 vel

609 2266 1043 2324 amantissimum
1094 2280 1217 2320 eum
1254 2264 1485 2328 dixerat,
1526 2271 1583 2315 ut
1614 2261 1890 2331 diligatur,
1933 2267 1988 2313 et
2033 2256 2193 2328 plena

612 2362 833 2417 dilectio
888 2359 1237 2415 credentibus
1297 2356 1747 2420 commendetur,
1799 2353 2075 2431 insinuat;
2129 2366 2195 2405 eo

611 2450 846 2521 quodex
890 2449 1120 2514 intimis,
1152 2447 1513 2516 vitalibusque
1542 2445 1722 2501 cordis
1770 2444 1853 2498 sui
1897 2443 2194 2498 visceribus

610 2541 833 2595 verbum
862 2556 1041 2604 suum,
1067 2540 1210 2609 quod
1258 2540 1312 2593 in
1368 2554 1429 2593 se
1473 2552 1687 2607 semper
1720 2544 1859 2601 erat,
1896 2549 1956 2589 se
1999 2534 2198 2589 astruit

611 2640 904 2686 eructasse.
931 2628 1047 2685 Non
1059 2630 1203 2699 quod
1230 2628 1358 2684 inde
1380 2628 1669 2684 recesserit
1698 2627 1751 2680 in
1774 2639 1882 2696 quo
1908 2625 2192 2690 manebat;
2227 2620 2235 2627 “

611 2723 707 2777 sed
740 2721 867 2792 quia
897 2719 1125 2775 Verbum
1160 2736 1284 2774 caro
1320 2721 1522 2789 factum
1549 2727 1627 2774 est
1673 2718 1858 2789 (Joan.
1889 2733 1931 2783 ι,
1973 2717 2083 2787 14),
2118 2717 2198 2771 sic

614 2816 682 2870 ad
731 2829 831 2868 nos
858 2813 1027 2879 venit,
1073 2825 1132 2867 ut
1168 2814 1291 2868 inde
1319 2829 1425 2868 non
1466 2813 1764 2869 recederet.
1815 2812 1967 2868 Unde
1997 2820 2057 2865 ut
2097 2811 2199 2865 hoc

615 2909 934 2980 mysterium
957 2907 1120 2963 Pater
1142 2908 1488 2963 credentibus
1507 2908 1841 2973 ostenderet,
1873 2906 2111 2960 insinuat
2133 2906 2199 2959 de

616 3012 725 3069 quo
745 2999 956 3053 dixerat
982 2998 1167 3053 verbo.
1201 2998 1442 3052 lnsinuat
1481 2999 1625 3068 quod
1672 2998 1786 3067 ipse
1827 2998 1899 3053 sit
1933 2998 2199 3066 speciosus

618 3088 790 3159 {arma
836 3105 945 3160 prae
987 3088 1114 3159 ﬁliis
1146 3089 1414 3143 hominum
1448 3089 1671 3158 (Philip.
1714 3104 1775 3155 ll,
1803 3089 1883 3159 7),
1918 3099 1973 3143 et
2002 3090 2106 3144 hoc
2143 3089 2197 3142 in

622 3155 794 3235 forma
830 3155 999 3236 servi:
1042 3180 1194 3236 Alias
1240 3189 1419 3235 autem
1458 3155 1517 3235 in
1564 3155 1737 3235 forma
1786 3155 1905 3246 Dei,
1948 3179 2080 3234 nulli
2121 3187 2205 3234 est
2230 3155 2278 3221 c

620 3274 1016 3344 comparandus
1071 3282 1132 3329 ut
1184 3275 1397 3329 dicatur
1440 3274 1738 3344 speciosior
1805 3281 1859 3329 et
1905 3274 2201 3343 pulchrior.

620 3362 756 3430 Quia
782 3364 1080 3420 secundum
1110 3364 1450 3419 divinitatem
1492 3363 1623 3419 nulli
1651 3372 2049 3434 comparatur;
2073 3377 2207 3433 quo-

620 3453 770 3508 niam
804 3453 951 3509 nulla
986 3468 1171 3510 rerum
1209 3453 1384 3509 forma
1431 3455 1633 3525 absque
1673 3455 1904 3510 materia
1943 3462 2050 3519 est,
2096 3453 2210 3509 nisi

621 3544 822 3600 divina.
849 3543 981 3612 Quae
1020 3528 1277 3599 nimirum
1318 3543 1512 3611 forma,
1542 3561 1651 3601 non
1684 3545 1830 3601 aliud
1855 3561 2019 3616 quam
2040 3560 2208 3600 unum

621 3644 745 3702 est;
774 3644 832 3692 et
869 3636 993 3692 ideo
1014 3636 1117 3692 hoc
1136 3652 1304 3692 unum
1337 3652 1552 3708 semper
1579 3646 1665 3693 est
1704 3638 1758 3693 id
1785 3638 1929 3709 quod
1968 3644 2071 3692 est.
2103 3635 2211 3693 Ne-

623 3740 731 3796 que
752 3726 1004 3781 aceidens
1054 3726 1109 3781 in
1146 3742 1213 3783 eo
1254 3736 1357 3793 est,
1394 3743 1425 3782 a
1450 3743 1558 3798 quo
1606 3742 1737 3783 sane
1775 3742 1935 3784 omne
1954 3742 2073 3783 esse
2102 3736 2208 3784 est.

624 3814 731 3871 Sed
754 3815 883 3871 illud
910 3832 942 3871 a
970 3814 1118 3871 nullo
1166 3815 1274 3872 alio
1315 3825 1430 3883 est;
1474 3818 1682 3876 idcirco
1724 3819 1949 3873 materia
1977 3828 2034 3875 et
2060 3828 2211 3876 motu

622 3914 800 3972 caret,
835 3915 998 3976 atque
1044 3907 1100 3961 in
1139 3921 1260 3963 sese
1294 3923 1512 3979 semper
1541 3909 1893 3966 immobiliter
1918 3918 2021 3966 est.
2068 3910 2211 3966 Beli-

628 4011 736 4066 qua
765 4011 897 4052 vero
924 3996 1107 4050 omnia
1150 4010 1273 4065 qua:
1302 3998 1370 4052 ab
1392 4012 1459 4053 eo
1487 3996 1721 4053 {armata
1750 4008 1876 4054 sunt
1912 4009 1966 4054 et
2000 4009 2206 4065 creata,

626 4102 734 4142 non
763 4097 891 4143 sunt
920 4086 974 4142 id
1010 4087 1153 4157 quod
1193 4098 1351 4156 sunt;
1402 4091 1529 4160 quia
1555 4092 1973 4163 unumquodque
2020 4108 2211 4148 eorum

627 4192 745 4251 non.
766 4178 930 4234 habet
953 4194 1076 4235 esse
1098 4195 1275 4244 suum,
1311 4180 1414 4235 nisi
1438 4196 1506 4236 ex
1541 4180 1627 4235 his
1649 4196 1715 4236 ex
1727 4182 1924 4253 quibus
1957 4193 2012 4238 et
2047 4198 2078 4237 a
2103 4199 2209 4254 quo

626 4276 733 4335 est,
760 4268 814 4325 id
833 4277 916 4325 est
941 4284 1008 4325 ex
1038 4269 1285 4339 partibus
1307 4270 1441 4325 suis.
1472 4268 1765 4340 Propterea
1792 4271 1935 4327 Deus
1959 4273 2010 4327 iu
2037 4272 2212 4331 forma

629 4361 726 4417 Dei
748 4361 880 4416 nulli
912 4370 996 4416 est
1030 4362 1449 4431 comparandus,
1480 4363 1572 4433 qui
1613 4379 1721 4418 non
1750 4363 1965 4420 aliunde
1995 4379 2157 4435 quam
2179 4381 2212 4421 a

632 4468 693 4511 se
728 4461 832 4509 est.
862 4452 969 4509 Sed
992 4454 1177 4523 miseri
1228 4454 1488 4521 haeretici,
1519 4455 1612 4526 qui
1644 4455 1747 4511 hoc
1792 4457 2097 4526 persentire
2119 4466 2214 4513 aut

629 4544 932 4614 intelligere
960 4543 1183 4600 minime
1206 4544 1528 4611 voluerunt,
1568 4555 1662 4599 aut
1700 4554 2011 4616 potuerunt,
2065 4548 2211 4619 quod

629 4637 686 4692 in
713 4636 814 4690 hac
840 4633 1015 4688 forma
1042 4635 1343 4691 divinitatis
1378 4652 1487 4693 non
1531 4637 1635 4692 nisi
1660 4638 1842 4695 unitas
1870 4654 1990 4695 esse
2033 4648 2213 4711 potest

631 4727 895 4794 Trinitas,
927 4742 1034 4781 una
1070 4727 1374 4798 aequalitas,
1417 4744 1526 4783 una
1561 4730 1797 4785 essentia
1842 4731 2083 4798 deitatis,
2123 4733 2213 4789 cui

633 4830 908 4897 nunquam
942 4827 1038 4875 aut
1084 4835 1352 4891 nusquam
1389 4829 1474 4877 est
1510 4822 1657 4878 aliud
1694 4838 1835 4889 esse,
1868 4840 2031 4896 quam
2069 4827 2212 4883 idem

633 4927 850 4983 semper
871 4926 1012 4968 esse.
1034 4912 1103 4969 Et
1134 4913 1254 4968 ideo
1275 4928 1434 4969 servo
1456 4928 1553 4969 suo
1588 4914 1757 4987 Moysi
1786 4917 1862 4972 ait
1894 4934 1908 4972 :
1939 4915 2056 4988 Ego
2094 4935 2211 4973 sum

634 5004 726 5074 qui
759 5018 877 5058 sum
901 5000 1053 5072 (Gen.
1079 5018 1161 5069 nt,
1184 5003 1294 5076 l4).
1322 5002 1460 5071 Quia
1500 5004 1634 5061 nihil
1660 5016 1745 5062 est
1767 5008 1816 5062 ei
1860 5008 1967 5064 nisi
2002 5024 2218 5081 semper

637 5095 781 5149 idem
804 5109 946 5161 esse,
987 5103 1042 5150 et
1064 5095 1245 5150 omnia
1286 5111 1466 5165 posse.
1496 5095 1556 5150 In
1587 5112 1695 5167 qua
1724 5097 1898 5153 forma
1923 5098 2093 5157 Filius
2122 5101 2218 5157 Dei

638 5194 955 5258 eumesset,
989 5202 1095 5241 non
1136 5201 1234 5257 per
1277 5187 1520 5256 rapinam
1555 5186 1768 5258 1252
1798 5191 2022 5260 aequalis
2062 5194 2214 5261 Deo;

639 5279 734 5334 sed
765 5294 864 5349 per
902 5286 1152 5332 naturam
1172 5292 1313 5332 veras
1348 5278 1849 5349 nativitatis,.quia
1894 5283 2109 5352 genitus
2137 5294 2221 5341 est

639 5384 672 5423 a
716 5367 829 5441 Deo
871 5367 1054 5429 Patre,
1092 5369 1421 5439 semetipsum
1469 5370 1773 5434 exinanivit,
1824 5386 1928 5425 non
1973 5383 2031 5426 ut
2082 5375 2220 5433 alius

638 5477 803 5535 quam
834 5463 949 5532 ipse
968 5471 1131 5528 esset,
1168 5462 1265 5516 sed
1290 5469 1348 5516 ut
1368 5460 1593 5530 formam
1611 5465 1745 5517 servi
1777 5465 2036 5535 accipiens
2062 5467 2219 5537 (Plii-

643 5554 767 5626 lipp.
792 5569 852 5619 n,
881 5554 935 5624 7)
963 5565 1060 5622 pro
1091 5562 1273 5608 nostra
1321 5553 1711 5623 redemptione,
1748 5555 1890 5609 idem
1922 5559 2035 5626 ipse
2081 5558 2224 5616 Deus

645 5655 700 5700 et
729 5645 889 5699 homo
913 5654 1076 5699 esset.
1103 5643 1160 5698 ln
1179 5660 1285 5714 qua
1316 5645 1497 5714 itaque
1528 5643 1702 5699 forma
1721 5648 2000 5717 speciosus
2023 5650 2223 5706 dicitur

640 5749 759 5806 prae
784 5736 907 5792 ﬁliis
934 5736 1231 5792 hominum.
1268 5736 1398 5803 Qua:
1446 5736 1698 5793 nimirum
1748 5739 2071 5811 exinanitio,
2116 5758 2223 5799 non

2291 1894 2460 1949 Deum
2496 1895 2787 1950 ostendens
2812 1893 3039 1961 factum,
3071 1895 3126 1950 in
3159 1909 3268 1950 una
3308 1893 3612 1965 eademque
3650 1908 3855 1966 persona

2295 1989 2675 2070 sicuggemina
2710 1988 3010 2044 substantia
3037 1988 3157 2055 fuit,
3182 1988 3258 2043 ita
3291 1999 3347 2043 et
3367 1988 3589 2060 gemina
3615 1988 3853 2058 Operatio.

2292 2077 2415 2134 Una
2461 2080 2669 2134 scilicet
2709 2094 2808 2148 per
2861 2095 3022 2148 quam
3048 2093 3212 2134 verus
3260 2078 3402 2134 Deus
3442 2078 3855 2144 monstrabatur;

2294 2170 2398 2223 alia
2446 2185 2574 2224 vero
2613 2186 2710 2240 per
2753 2185 2915 2239 quam
2967 2184 3129 2224 verus
3174 2171 3356 2225 homo.
3386 2168 3543 2237 Quod
3569 2170 3856 2241 mysterium

2295 2278 2402 2316 non
2435 2263 2613 2316 minus
2642 2261 2789 2316 dictu
2813 2277 3072 2316 arcanum
3102 2270 3307 2327 manet,
3331 2277 3494 2331 quam
3527 2269 3586 2316 et
3615 2261 3859 2318 intellectu

2296 2354 2539 2425 ignotum
2572 2371 2583 2405 :
2610 2354 2753 2424 quod
2776 2354 2866 2423 qui
2895 2369 3001 2409 non
3025 2355 3264 2424 potuerit
3291 2355 3359 2409 ad
3391 2354 3662 2425 liquidum
3685 2355 3858 2409 discer-

2296 2462 2449 2513 nere,
2480 2447 2666 2501 crcdat
2696 2462 2918 2501 necesse
2941 2455 3044 2501 est.
3071 2445 3245 2501 Aliter
3270 2455 3452 2502 autem
3481 2454 3699 2502 tantum
3727 2448 3859 2502 abet-

2298 2538 2445 2592 rabit
2486 2554 2515 2591 a
2546 2551 2698 2603 vero,
2746 2547 3017 2607 quantum
3036 2535 3199 2592 fuerit
3236 2538 3548 2608 ignorantia
3578 2538 3694 2593 veri
3713 2539 3865 2593 defos-

2298 2642 2412 2694 sus,
2445 2643 2650 2697 suaque
2697 2629 3117 2698 prmsumptione
3164 2628 3441 2699 deceptus.
3505 2627 3773 2696 Quoniam
3818 2626 3866 2680 in

2300 2735 2406 2774 una
2454 2720 2755 2789 eademque
2797 2719 3026 2774 indivisa
3062 2734 3295 2789 persona
3351 2719 3579 2784 Christi,
3629 2728 3686 2775 et
3714 2719 3867 2775 divina

2300 2826 2399 2883 per
2456 2827 2645 2867 omnes
2697 2812 2922 2883 paginas
2982 2796 3207 2867 Veteris,
3246 2811 3493 2883 Novique
3560 2804 3869 2868 Testameuti

2304 2911 2678 2957 monstrantur
2716 2918 2878 2973 opera
2924 2912 2981 2958 et
3005 2903 3260 2957 humana.
3293 2903 3364 2958 Et
3392 2904 3511 2960 haec
3535 2914 3624 2960 est
3662 2920 3795 2961 nova
3826 2912 3871 2959 et

2302 2994 2591 3049 inell'abilis
2635 2996 2883 3065 quaedam
2913 2994 3084 3050 virilis
3121 2995 3216 3050 Dei
3267 2995 3484 3065 gemina
3522 2997 3784 3067 operatio,
3824 2996 3870 3049 iu

2307 3082 2479 3139 forma
2511 3085 2748 3140 hominis
2783 3086 2839 3140 in
2887 3101 2991 3154 qua
3024 3085 3299 3154 speciosus
3340 3085 3677 3157 praedicatur
3720 3087 3871 3156 benig-

2311 3178 2568 3234 nissimus
2594 3177 2753 3234 Jesus
2780 3178 3046 3236 Christus
3072 3196 3185 3251 pra:
3232 3180 3358 3236 ﬁliis
3387 3181 3702 3249 hominum,
3729 3193 3778 3237 et
3796 3182 3871 3237 be-

2310 3274 2555 3329 nedictus
2601 3276 2657 3330 in
2702 3282 2988 3331 aeternum.
3040 3262 3220 3343 Quare
3244 3286 3427 3331 autem
3478 3278 3759 3348 speciosus
3779 3291 3873 3347 pra:

2311 3366 2435 3422 ﬁliis
2476 3367 2779 3434 hominum,
2822 3378 2879 3422 et
2905 3383 3013 3423 non
3039 3383 3151 3438 pra:
3194 3368 3449 3425 omnibus
3485 3370 3700 3438 angelis
3721 3367 3872 3440 potius

2310 3460 2540 3526 dicatur,
2568 3476 2693 3515 cum
2720 3468 2871 3515 tanto
2892 3461 2965 3516 sit
2991 3459 3258 3516 excelsior
3278 3461 3507 3532 angelis,
3532 3473 3730 3532 quanto
3744 3461 3871 3529 dife-

2312 3554 2509 3607 rentius
2535 3568 2643 3623 prie
2666 3551 2774 3607 illis
2797 3568 2985 3607 nomen
3014 3552 3338 3607 [uenditauit
3376 3551 3502 3607 Filii
3525 3552 3718 3625 (Hebr.
3753 3569 3787 3618 1,
3809 3551 3872 3621 ι),

2313 3659 2423 3700 non
2451 3644 2520 3699 ab
2565 3658 2625 3699 re
2653 3644 2953 3715 quaaritur;
3006 3644 3110 3701 nisi
3152 3645 3281 3715 quia
3311 3655 3464 3715 patet
3504 3661 3709 3703 sensus
3754 3644 3874 3717 quod

2313 3733 2369 3789 in
2390 3732 2564 3788 forma
2593 3733 2828 3790 hominis
2874 3733 3065 3790 unicus
3092 3735 3185 3790 Dei
3221 3734 3398 3790 Patris
3437 3734 3610 3791 Filius
3633 3749 3877 3792 commen-

2315 3825 2474 3881 datur
2534 3826 2783 3893 futurus,
2829 3841 2899 3883 ne
2950 3827 3113 3884 homo
3153 3838 3445 3901 negaretur
3496 3830 3712 3900 angelis
3753 3843 3875 3883 com-

2313 3926 2557 3985 paratus.
2623 3916 2960 3977 Praedicatur
3019 3928 3201 3976 autem
3257 3921 3537 3992 speciosus
3598 3937 3717 3992 prae
3773 3918 3877 3974 ﬁliis

2316 4010 2618 4077 hominum,
2668 4026 2738 4066 ne
2766 4021 2861 4067 aut
2902 4028 3027 4068 eum
3076 4022 3229 4069 extra
3280 4014 3557 4071 hominem
3608 4016 3877 4077 crederes.

2319 4100 2531 4175 1353
2557 4112 2652 4157 aut
2672 4119 2836 4158 unum
2870 4105 3165 4174 quemlibet
3190 4106 3255 4162 de
3279 4108 3437 4163 turba
3466 4107 3773 4164 communis
3793 4120 3875 4177 ge-

2317 4197 2465 4251 neris
2492 4196 2815 4262 aastimares,
2862 4212 2987 4252 cum
3034 4206 3181 4253 esset
3226 4199 3388 4255 homo
3436 4200 3588 4255 inter
3640 4200 3879 4263 hominm,

2317 4285 2481 4341 etiam
2518 4300 2585 4341 ex
2610 4285 2735 4342 ﬁliis
2764 4287 3046 4343 hominum
3094 4290 3371 4371 speciosus
3414 4288 3620 4347 forma.
3677 4291 3882 4348 Verum-

2320 4383 2500 4431 tamen
2524 4377 2579 4431 in
2608 4375 2877 4435 Hebraico
2906 4379 2976 4434 ad
2998 4379 3176 4449 ipsum
3215 4380 3472 4436 dilectum
3519 4399 3710 4455 regem
3735 4383 3884 4438 victo-

2321 4480 2547 4537 remque
2598 4466 2836 4524 Verbum
2876 4468 3058 4525 Patris
3097 4469 3164 4526 de
3193 4486 3301 4540 quo
3331 4473 3520 4527 omnia
3568 4485 3715 4532 retro
3761 4473 3885 4528 dicta

2321 4572 2467 4630 sunt,
2499 4565 2654 4635 quasi
2689 4564 2842 4620 ﬁnito
2899 4565 3197 4635 prooemio,
3243 4563 3375 4621 facit
3425 4567 3518 4623 hic
3587 4566 3887 4625 narrationis

2322 4655 2629 4721 exordium,
2651 4663 2705 4710 et
2729 4653 2857 4709 facit
2877 4655 3261 4726 apostrophen,
3286 4657 3354 4711 ad
3390 4658 3578 4727 ipsum

2320 4760 2470 4800 mum
2502 4746 2971 4816 triumphatorem,
3002 4748 3086 4801 cui
3117 4749 3299 4803 omnia
3337 4749 3471 4804 dicit
3497 4765 3677 4821 opera
3716 4765 3821 4813 sua,
3844 4755 3892 4802 et

2321 4846 2609 4893 consecuta
2664 4846 2789 4892 sunt
2824 4853 3158 4909 quzecunque
3196 4839 3263 4894 de
3315 4854 3382 4895 eo
3435 4840 3591 4897 dicta
3644 4852 3786 4898 sunt.
3826 4840 3891 4894 De

2322 4927 2520 4993 Chore,
2542 4927 2737 4998 inquit,
2753 4927 3091 4998 pulchriores
3111 4927 3237 4984 ﬁliis
3266 4930 3572 4988 hominum.
3596 4933 3706 4990 Sed
3730 4946 3892 4988 mrsus

2326 5021 2586 5094 quatritnr
2605 5022 2877 5091 quomodo
2900 5020 3179 5092 pulchrior
3216 5022 3289 5076 sit
3332 5024 3551 5080 cunctis
3589 5026 3718 5081 ﬁliis
3738 5024 3892 5080 homi-

2327 5130 2475 5179 num,
2509 5113 2726 5185 quando
2754 5112 2980 5184 legimus
3009 5113 3065 5167 in
3089 5111 3268 5167 Isaia:
3314 5112 3557 5170 Vidimus
3596 5134 3717 5172 eum
3745 5126 3788 5170 et
3809 5129 3894 5168 nos

2326 5204 2548 5259 habebat
2574 5206 2795 5276 speciem
2821 5221 2983 5276 neque
3025 5205 3286 5271 decorem,
3321 5206 3412 5260 sed
3446 5206 3754 5277 despectum
3775 5209 3897 5261 siro-

2329 5312 2479 5362 rum;
2510 5298 2704 5366 species
2719 5296 2831 5365 ejus
2864 5297 3176 5350 inhonorata
3205 5305 3254 5350 et
3273 5296 3521 5364 deﬁciens
3543 5317 3581 5352 a
3601 5300 3731 5368 ﬁliis
3752 5296 3900 5351 homi-

2332 5404 2477 5453 num,
2507 5388 2662 5441 homo
2682 5389 2737 5442 in
2759 5387 2918 5458 plaga
2954 5388 3177 5458 positus,
3201 5398 3250 5441 et
3289 5389 3458 5443 sciens
3508 5390 3660 5459 ferre
3698 5390 3901 5456 inﬁrmi-

2330 5484 2488 5530 tatem
2515 5474 2651 5542 Usa.
2682 5491 2799 5543 LIII,
2826 5475 2974 5547 2,5),
2990 5492 3083 5532 seu
3108 5486 3305 5532 caetera
3320 5492 3443 5547 qua:
3458 5478 3637 5534 deillo
3660 5476 3901 5534 eoinloco

2332 5585 2363 5622 a
2422 5571 2650 5625 diversis
2696 5571 3081 5642 interpretibus
3131 5573 3544 5644 interpretatur.
3579 5573 3689 5630 Ubi
3712 5574 3756 5628 si
3782 5572 3901 5625 bene

2333 5663 2667 5730 consideras,
2693 5665 2837 5719 nulla
2862 5664 3265 5736 Scripturarum
3313 5665 3663 5720 dissonantia
3708 5672 3906 5736 genera-

2336 5761 2444 5820 tur,
2477 5759 2727 5825 quoniam
2781 5760 2850 5814 ibi
2881 5759 3123 5829 corporis
3152 5758 3483 5830 ignobilitas,
3537 5773 3657 5815 non
3704 5765 3909 5828 ρωριετ
