4048 6352
203 360 347 416 4017

1124 364 1486 422 EXPOSITIO
1523 366 1591 422 IN
1632 368 1959 426 PSALMUM
2003 371 2186 429 XLIV.
2227 405 2296 416 —-
2335 373 2461 430 LIB.
2501 375 2561 431 II.

3334 339 3470 441 iois

199 486 286 564 se,
321 470 419 524 sed
444 478 660 550 propter
705 469 936 564 ﬂagella,
985 481 1162 543 sputa,
1209 482 1264 528 et
1309 475 1512 544 alapas,
1572 488 1792 547 propter
1819 483 1869 541 Α
1895 479 2023 534 dum
2051 483 2328 550 deitatem,
2362 485 2540 550 Pater,
2572 497 2626 542 et
2664 488 2854 556 Filius,
2879 501 2934 547 et
2960 493 3194 564 Spiritus
3249 505 3470 552 sanctus

197 561 389 628 clavos
409 577 625 633 quoque
655 571 710 617 et
755 562 1035 618 irrisiones
1082 571 1244 634 atque
1289 564 1512 632 injurias
1538 567 1781 636 patibuli,

195 661 254 708 et
278 653 389 707 alia
414 652 728 725 quamplura
755 668 874 723 qua
902 655 1121 723 pertulit
1147 656 1345 724 probra
1371 657 1786 727 benignissimus

198 743 460 800 Salvator
476 753 697 816 propter
714 761 832 813 nos,
888 747 1029 801 unde
1059 761 1161 802 nec
1202 757 1482 818 reputatus
1526 758 1606 804 est
1646 751 1787 806 inter

197 835 474 890 homines.
530 834 629 890 IIic
655 850 784 890 vero
805 833 1146 906 pulchritudo
1172 837 1430 892 virtutum
1459 847 1512 893 et
1533 839 1784 897 honestas

194 927 349 992 vita,
377 941 587 981 morum
610 925 854 996 probitas
891 934 1051 996 atque
1081 926 1274 993 forma,
1297 917 1405 982 non
1421 929 1599 984 minus
1623 928 1785 999 justi-

196 1021 312 1084 tia,
345 1035 508 1090 quam
531 1029 584 1074 et
617 1018 781 1074 totius
828 1018 1088 1074 bonitatis
1136 1019 1189 1073 in
1236 1035 1302 1075 eo
1358 1020 1624 1076 laudatur.
1665 1020 1781 1076 Non

193 1115 345 1184 quod
373 1112 627 1167 divinitas
654 1111 854 1167 Christi
884 1111 1192 1168 hominibus
1219 1125 1532 1184 comparata
1580 1113 1781 1169 formo-

193 1208 312 1262 sior
335 1207 570 1274 dicatur,
595 1209 721 1278 quia
753 1208 893 1262 sicut
918 1209 1078 1278 paulo
1103 1218 1226 1264 ante
1259 1211 1515 1280 pramisi,
1543 1210 1670 1264 nulli
1698 1219 1783 1265 est

193 1301 562 1370 comparanda
582 1341 597 1366 ,
621 1301 715 1356 sed
745 1302 871 1371 quia
896 1302 946 1355 in
978 1301 1150 1356 forma
1195 1303 1337 1358 servi
1379 1313 1435 1359 et
1473 1305 1659 1358 habitu
1683 1305 1780 1358 ho-

191 1395 364 1450 minis
392 1391 597 1464 absque
624 1395 928 1464 opprobriis
963 1405 1015 1449 et
1067 1393 1283 1465 injuriis
1336 1404 1390 1450 et
1439 1397 1780 1465 passionibus

192 1488 404 1551 crucis,
435 1486 734 1556 speciosior
763 1502 873 1556 pra
922 1487 1132 1541 cunctis
1163 1486 1375 1541 refulsit
1424 1487 1730 1542 hominibus
1760 1483 1804 1541 τ’

193 1578 284 1632 ubi
314 1586 374 1633 et
400 1576 1007 1647 divinitas-resplenduit
1039 1577 1092 1632 in
1138 1576 1392 1646 operibus
1419 1577 1618 1632 clarior
1641 1578 1774 1644 sole,

190 1677 245 1724 et
269 1669 584 1724 humanitas
612 1669 775 1724 etiam
799 1669 850 1722 in
867 1667 1068 1723 eisdem
1093 1663 1435 1738 passionibus
1461 1677 1515 1724 et
1540 1670 1773 1740 injuriis,

191 1759 696 1814 misericordiarum
732 1759 904 1813 virtus
930 1775 1051 1814 esse
1092 1759 1371 1830 probatur.
1395 1760 1463 1815 Et
1504 1761 1621 1816 ideo
1653 1762 1775 1832 jure

1868 589 2028 650 unus
2055 583 2138 629 est
2163 577 2323 630 Deus.
2383 578 2481 634 Ubi
2517 588 2695 636 tantus
2725 592 2806 637 est
2841 583 3001 639 Pater
3050 588 3195 644 solus
3234 599 3470 659 quantus

1887 680 2009 719 cum
2035 666 2173 722 Filio
2210 677 2265 723 et
2304 669 2506 735 Spiritu
2556 682 2784 739 sancto;
2839 683 3130 747 tantusque
3179 688 3281 750 est,
3312 679 3462 737 solus

1864 757 2121 830 .Spiritus
2171 772 2391 816 sanctus
2421 774 2657 832 quantus
2681 781 2804 820 cum
2833 765 2991 822 Patre
3015 769 3172 824 simul
3201 785 3264 825 ac
3296 770 3457 828 Filio.

1885 849 1961 904 Ibi
1985 850 2126 904 nulla
2155 852 2220 906 de
2249 854 2418 909 tribus
2443 857 2686 924 personis
2713 857 2877 916 habet
2901 860 3108 916 duabus
3134 863 3334 933 aliquid
3369 865 3466 920 mi.

1886 953 2006 992 nus.
2041 939 2174 1006 Quia
2203 941 2253 994 in
2278 957 2597 1013 unaquaque
2624 960 2853 1015 persona
2881 949 2959 1003 sic
2979 957 3062 1004 est
3087 950 3241 1020 plena
3265 952 3463 1019 deitas,

1885 1038 1944 1082 ut
1971 1038 2026 1084 et
2059 1031 2110 1084 in
2144 1031 2314 1086 tribus
2343 1035 2588 1102 personis
2622 1051 2728 1089 una
2750 1038 2838 1102 sit,
2869 1048 2923 1092 et
2975 1040 3026 1092 in
3055 1040 3278 1111 singulis
3330 1051 3462 1098 tota.

1884 1119 1999 1176 Non
2029 1138 2157 1193 ergo
2179 1125 2350 1194 potuit
2374 1125 2625 1181 divinitas
2647 1127 2766 1182 Filii
2791 1129 3049 1200 Spiritum
3063 1142 3307 1188 sanctum
3325 1136 3467 1191 acci-

1882 1225 2028 1280 pere,
2062 1227 2184 1266 cum
2215 1213 2327 1281 ipse
2359 1213 2593 1283 Spiritus
2617 1228 2836 1272 sanctus
2861 1220 2940 1274 sic
2966 1222 3224 1288 procedat
3252 1238 3279 1274 a
3325 1221 3464 1278 Filio

1881 1305 2021 1359 sicut
2047 1306 2291 1373 procedit
2317 1315 2371 1360 et
2399 1323 2429 1360 a
2475 1307 2659 1372 Patre,
2688 1310 2875 1379 sicque
2907 1312 3063 1366 detur
3089 1328 3120 1367 a
3150 1312 3288 1368 Filio
3317 1315 3461 1370 sicut

1881 1397 2040 1449 datur
2067 1411 2096 1449 a
2121 1397 2300 1451 Patre.
2331 1397 2468 1452 Hinc
2497 1414 2708 1470 quoque
2738 1402 2827 1456 illa
2879 1413 3073 1459 natura
3119 1406 3260 1460 unde
3291 1405 3462 1476 Spiri-

1861 1547 1864 1550 ,
1883 1493 1968 1538 tus
1995 1496 2213 1542 sanctus
2228 1488 2687 1561 habetoriginem,
2706 1510 2803 1549 nec
2816 1496 2988 1563 potuit
3003 1505 3096 1551 aut
3113 1508 3456 1568 exspectare,

1879 1585 1973 1628 aut
2000 1577 2245 1646 accipere
2282 1577 2605 1650 largitatem.
2653 1583 2905 1640 Profecto
2958 1585 3194 1656 Spiritus
3239 1598 3461 1646 sanctus

1879 1674 2024 1720 totus
2049 1667 2346 1735 estPatris,
2381 1679 2524 1726 totus
2571 1682 2656 1727 est
2705 1675 2847 1738 Filii,
2879 1678 3006 1747 quia
3064 1679 3274 1751 1255
3318 1697 3459 1738 unus

1879 1757 2200 1812 naturaliter
2220 1767 2302 1813 est
2333 1758 2510 1816 Patris
2535 1771 2590 1817 et
2615 1762 2756 1818 Filii.
2792 1765 3024 1823 Proinde
3053 1771 3183 1825 nulli
3231 1772 3454 1828 dubium

188 1849 421 1921 pulcher
442 1849 494 1902 in
510 1864 689 1914 cruce,
711 1849 1000 1920 pulcherin
1023 1848 1266 1920 ﬂagellis,
1284 1850 1509 1919 pulcher
1532 1851 1583 1904 in
1606 1851 1776 1906 omni-
1804 1844 1851 1904 Β
1879 1849 2004 1919 quia
2034 1858 2176 1905 lotus
2202 1851 2267 1906 d0
2291 1852 2453 1907 Patre
2477 1856 2718 1923 procedi!
2745 1865 2802 1911 el
2847 1858 3000 1925 Filio,
3041 1869 3184 1918 lotus
3213 1864 3266 1918 in
3294 1864 3459 1920 Patre

186 1941 291 1995 bus
306 1941 377 1995 ab
389 1940 638 1995 omnibus
653 1940 1052 2010 pradicatur,et
1069 1949 1358 1996 veneratur
1371 1941 1421 1994 in
1438 1943 1648 1996 cunctis
1662 1943 1774 1998 suis

185 2035 469 2104 operibus.
497 2033 633 2100 Quia
663 2033 764 2088 etsi
791 2033 1038 2088 mirabile
1065 2043 1148 2088 est
1173 2033 1316 2104 quod
1350 2033 1504 2104 virgo
1548 2035 1613 2088 de
1666 2035 1772 2088 vir-

185 2128 316 2195 gine
340 2135 498 2180 natus
525 2133 644 2189 est,
674 2140 773 2180 nec
804 2125 980 2179 minus
1011 2125 1310 2179 mirabilius
1337 2133 1420 2178 est
1466 2125 1606 2194 quod
1631 2125 1772 2179 idem

183 2233 300 2271 non
328 2234 394 2270 ex
413 2216 672 2270 voluntate
694 2215 810 2278 viri,
834 2215 924 2269 sed
951 2231 1014 2268 ea:
1052 2214 1159 2268 Deo
1186 2222 1344 2268 natus
1390 2222 1473 2268 est
1524 2213 1703 2284 (Joan.
1728 2231 1766 2280 ι,

188 2310 324 2381 15);
353 2321 504 2364 natus
531 2310 584 2363 in
617 2309 722 2363 ﬁne
753 2308 1281 2378 temporum,quiest
1297 2308 1415 2363 sine
1437 2307 1591 2362 initio
1621 2307 1772 2379 geni-

183 2409 280 2457 tus
313 2411 440 2458 ante
463 2417 621 2458 omne
659 2410 885 2472 tempus.

258 2584 404 2638 Hinc
427 2583 590 2654 igitur
615 2592 700 2639 est
749 2583 891 2653 quod
923 2583 976 2637 in
1005 2583 1177 2637 forma
1216 2583 1358 2638 servi
1407 2581 1586 2637 omnia
1630 2581 1770 2651 inju-

183 2676 399 2730 riarum
434 2689 649 2745 genera,
679 2674 1116 2743 inlirmitatisque
1146 2675 1436 2744 susceptio,
1468 2674 1641 2728 virtus
1687 2680 1771 2728 est

180 2765 427 2836 pietatis,
479 2780 599 2834 qua
667 2765 920 2818 nimirum
973 2764 1148 2820 forma
1195 2766 1490 2834 speciosior
1531 2774 1613 2820 est
1659 2780 1770 2835 pra

179 2858 402 2912 cunctis
425 2857 701 2911 hominum
732 2856 883 2920 filiis,
916 2855 1040 2926 quia
1073 2856 1126 2908 in
1178 2870 1238 2910 ea
1277 2864 1333 2910 et
1370 2855 1548 2911 divina
1605 2855 1769 2908 reful-

179 2951 253 3006 sit
282 2950 455 3021 gloria
472 2948 786 3017 majestatis,
809 2959 864 3004 et
887 2963 1005 3018 qua
1026 2948 1376 3002 humanitatis
1406 2949 1456 3002 in
1479 2947 1692 3019 1254
1704 2963 1768 3002 eo

179 3042 409 3097 fuerunt
435 3041 668 3107 infirma,
686 3040 962 3096 autforma
976 3041 1192 3096 virtutis
1207 3039 1306 3095 fuit
1325 3081 1337 3106 ,
1355 3042 1767 3110 autexemplum

177 3133 442 3203 perfectae
457 3133 794 3199 imitationis,
808 3143 896 3188 aut
913 3133 1214 3204 triumphus
1233 3142 1427 3187 nostra
1450 3133 1656 3198 salutis,
1674 3141 1768 3188 aut

181 3235 335 3280 certe
347 3225 581 3295 pretium
605 3225 1007 3294 redemptionis,
1023 3224 1075 3278 in
1095 3225 1344 3279 omnibus
1361 3233 1540 3279 tamen
1558 3225 1766 3293 specio-
1794 3201 1840 3265 (ἶ

180 3319 296 3373 sior
309 3317 542 3380 cunctis.
557 3316 670 3385 Qua
688 3318 752 3372 de
772 3332 935 3372 causa
949 3317 1148 3372 dicitur
1161 3317 1326 3372 etiam
1339 3333 1367 3370 a
1385 3317 1587 3372 sanctis
1600 3318 1768 3387 patri-

179 3412 285 3466 bus
310 3409 568 3480 quiddam
587 3409 836 3465 habuisse
859 3411 911 3463 in
937 3409 1086 3464 vultu
1108 3420 1162 3466 et
1194 3411 1247 3464 in
1276 3410 1447 3465 oculis
1477 3411 1765 3476 sidereum,

181 3519 294 3572 quo
317 3503 580 3556 divinitus
601 3502 962 3571 permulceret
995 3502 1131 3572 pios,
1155 3513 1210 3556 et
1241 3511 1472 3558 terreret
1488 3503 1764 3570 reprobos.

181 3596 334 3649 Alias
387 3602 567 3648 autem
612 3608 952 3664 nequaquam
997 3606 1119 3646 eum
1152 3593 1334 3648 statim
1371 3594 1538 3648 secuti
1585 3601 1770 3647 essent

184 3686 418 3757 apostoli
444 3685 513 3739 ad
564 3686 722 3740 unius
750 3683 1079 3753 jussionem;
1124 3697 1224 3738 nec
1268 3683 1361 3754 qui
1409 3683 1476 3736 ad
1526 3698 1772 3753 compre-

184 3776 534 3833 hendendum
564 3791 687 3831 eum
709 3785 968 3830 venerant
1004 3774 1256 3844 prostrati
1306 3788 1429 3827 mox
1479 3772 1592 3828 sola
1641 3787 1774 3828 voce

183 3869 541 3924 corruissent.
572 3851 832 3922 Similiter
860 3866 1073 3936 quando
1097 3874 1153 3921 et
1182 3865 1248 3920 de
1285 3865 1553 3919 resticulis
1581 3863 1768 3936 ﬂagel-

182 3960 296 4015 lum
322 3959 521 4014 fecisse
543 3959 756 4030 legitur,
773 3972 1049 4027 nunquam
1075 3971 1264 4011 omnes
1291 3971 1353 4011 ac
1368 3956 1412 4011 si
1451 3956 1774 4026 potestative

184 4052 252 4106 de
282 4051 488 4120 templo
515 4050 709 4120 ejicere
732 4048 994 4118 potuisset
1046 4046 1474 4102 contradictores
1496 4054 1550 4100 et
1579 4061 1766 4116 super-

183 4143 309 4207 bos,
332 4143 377 4197 si
410 4158 515 4196 non
538 4140 737 4211 aliquid
761 4153 854 4193 eos
874 4138 1094 4194 caeleste
1123 4137 1490 4202 deterruisset,
1521 4151 1628 4207 quo
1655 4151 1777 4206 per-
1827 4141 1829 4143 ’

182 4233 328 4288 culsi
359 4232 618 4287 cederent
645 4230 1016 4286 comminanti.
1048 4229 1288 4299 Denique
1307 4237 1361 4283 et
1389 4229 1440 4282 in
1463 4225 1776 4298 supradicto

184 4325 504 4380 testimonio
525 4323 612 4379 ubi
645 4323 721 4377 ait
759 4340 773 4376 ε
817 4320 988 4376 Homo
1014 4321 1071 4376 in
1111 4320 1267 4392 plaga
1302 4320 1501 4390 positus
1531 4329 1576 4373 et
1609 4319 1776 4372 sciens

186 4418 330 4486 ferre
359 4415 750 4484 inﬁrmitatem,
777 4413 954 4468 reddit
1003 4428 1245 4477 causam,
1291 4426 1463 4483 quare
1517 4411 1621 4466 ista
1652 4427 1777 4482 per-

189 4526 385 4581 pessus
412 4510 500 4564 sit.
530 4507 690 4574 Quia,
721 4509 924 4578 inquit,
944 4509 1125 4562 avertit
1163 4507 1350 4577 faciem
1401 4522 1571 4569 suam,
1599 4505 1650 4560 id
1673 4512 1775 4570 est,

189 4603 473 4676 paululum
503 4602 702 4655 auxilio
739 4599 1036 4654 divinitatis
1066 4605 1293 4663 remoto,
1339 4612 1537 4668 corpus
1567 4593 1774 4664 injuria

191 4691 568 4764 dereliquit‘et
617 4692 964 4755 cruciatibus,
1007 4689 1242 4758 alioquin
1280 4689 1382 4743 nisi
1431 4686 1618 4742 volens
1665 4700 1775 4741 non

187 4797 495 4857 pateretur,
524 4785 614 4855 qui
646 4783 712 4837 ad
739 4783 842 4836 hoc
863 4790 1103 4835 venerat.
1157 4779 1306 4835 Unde
1351 4779 1403 4832 in
1454 4778 1554 4832 hac
1600 4775 1775 4832 forma

189 4878 363 4943 servi,
394 4891 501 4945 qua
528 4875 822 4945 speciosior
849 4881 968 4928 erat
990 4887 1101 4942 pra
1142 4871 1266 4925 filiis
1294 4871 1592 4935 hominum,
1647 4867 1778 4923 nulli

190 4968 421 5024 dubium
453 4967 705 5021 habuisse
725 4965 951 5036 gratiam
992 4961 1263 5027 diffusam,
1295 4971 1356 5015 ut
1409 4963 1590 5016 omnia
1631 4973 1779 5029 qua-

191 5076 415 5132 cunque
461 5060 623 5114 vellet
655 5069 840 5128 posset
867 5066 926 5111 ut
976 5057 1117 5111 Deus
1139 5097 1154 5121 ,
1188 5063 1244 5110 et
1294 5069 1414 5123 qua
1451 5053 1569 5129 pati
1595 5052 1781 5107 decre-

192 5154 363 5207 visset
420 5158 696 5220 pateretur
729 5157 786 5203 ut
827 5149 1014 5213 homo;
1069 5162 1174 5202 non
1217 5145 1372 5216 quasi
1428 5143 1648 5209 invitus,
1686 5140 1783 5198 sed

194 5243 354 5314 quasi
382 5251 706 5313 potestatem
733 5242 953 5303 habens,
983 5256 1089 5296 non
1128 5240 1306 5294 minus
1337 5239 1390 5293 in
1441 5229 1782 5293 omni'verbo

195 5352 364 5407 quam
389 5331 448 5388 εἰ
466 5335 521 5389 in
543 5334 690 5410 omni
715 5348 898 5404 opere.
929 5332 1066 5387 Hinc
1099 5346 1313 5400 quoque
1343 5328 1589 5400 sequitur
1618 5346 1632 5381 :
1662 5327 1783 5396 Dif-

197 5427 320 5494 fusa
343 5435 424 5480 est
445 5427 618 5496 gratia
654 5427 711 5479 in
737 5424 891 5479 labiis
917 5427 1040 5478 tuis.
1074 5423 1381 5479 Secundum
1428 5421 1656 5477 formam
1684 5422 1784 5474 hu-

201 5520 501 5584 inanitatis,
535 5521 711 5590 inqua
737 5519 941 5575 foedera
971 5525 1227 5587 pacturus
1257 5515 1583 5583 nuptiarum,
1617 5513 1780 5578 venit;

198 5613 253 5667 in
282 5629 346 5668 ea
379 5613 554 5682 gratia
580 5612 771 5682 plenus
795 5612 1058 5672 creditur,
1100 5618 1154 5663 et
1193 5623 1300 5661 non
1342 5607 1636 5659 secundum
1672 5604 1782 5657 for-

199 5712 348 5762 mam
385 5710 438 5762 in
458 5723 563 5777 qua
591 5707 811 5778 aqualis
840 5715 921 5761 est
945 5705 1110 5759 Patri.
1143 5703 1344 5770 Quiain
1370 5717 1431 5754 ea
1459 5701 1628 5754 forma
1667 5699 1787 5770 Spi-

200 5801 371 5856 ritum
417 5808 662 5856 sanetum
687 5801 933 5871 accipere
957 5813 1061 5854 non
1083 5797 1280 5867 potuit,
1324 5809 1388 5850 eo
1412 5795 1554 5864 quod
1585 5807 1783 5848 secun-
1817 5876 1820 5878 Ὺ

1878 1949 2093 1993 maneat
2113 1955 2176 1995 ac
2202 1939 2360 2005 Filio,
2391 1942 2516 2011 quia
2543 1944 2622 1998 sic
2654 1957 2832 2000 manet
2869 1957 2928 2001 ut
2963 1953 3242 2018 procedat,
3273 1954 3459 2024 sicque

1875 2030 2120 2098 procedit
2160 2040 2218 2084 ut
2268 2044 2498 2086 maneat.
2550 2033 2700 2089 Unde
2751 2039 3068 2095 naturaliter
3115 2042 3255 2098 hanc
3294 2045 3458 2101 habet

1877 2139 1998 2178 cum
2039 2125 2199 2178 Patre
2224 2141 2288 2179 ac
2322 2123 2460 2181 Filio
2486 2128 2712 2183 unitatis
2755 2129 3164 2198 plenitudinem,
3204 2142 3259 2188 et
3287 2135 3460 2203 pleni-

1875 2216 2078 2270 tudinis
2100 2218 2375 2279 unitatem,
2412 2227 2471 2273 ut
2500 2228 2643 2275 totus
2672 2237 2702 2275 a
2740 2221 2918 2287 Patre,
2952 2232 3096 2278 totus
3121 2225 3389 2281 habeatur
3425 2243 3456 2282 a

1874 2305 2011 2360 Filio
2037 2324 2051 2372 ;
2079 2323 2182 2362 non
2204 2323 2334 2378 ergo
2357 2312 2565 2380 accepit
2615 2310 2876 2380 Spiritum
2906 2324 3152 2370 sanctum
3198 2317 3456 2376 divinitas

1873 2395 2141 2451 Filiicum
2164 2414 2269 2467 qua
2306 2400 2465 2453 unius
2496 2409 2702 2454 natura
2742 2410 2846 2456 est.
2897 2402 3131 2473 Ideoque
3177 2417 3349 2461 restat
3393 2418 3458 2464 ut

1873 2487 2016 2541 Deus
2037 2488 2197 2542 homo
2227 2487 2475 2542 Christus
2529 2489 2584 2542 in
2631 2489 2803 2543 forma
2846 2492 2986 2544 servi
3016 2507 3179 2561 quam
3241 2497 3453 2564 accepit

1876 2574 2135 2645 Spiritum
2168 2588 2417 2631 sanctum
2456 2593 2554 2647 per
2601 2579 2742 2632 hanc
2778 2579 3117 2635 diffusionem
3157 2586 3451 2653 acceperit.

1873 2665 2043 2734 Quem
2070 2675 2251 2720 tamen
2285 2684 2392 2722 non
2424 2667 2491 2720 ad
2535 2683 2841 2723 mensuram
2892 2671 3165 2740 accepisse
3203 2671 3452 2743 legimus,

1871 2763 1963 2832 qui
1994 2771 2162 2816 totum
2191 2763 2418 2833 accepit.
2476 2763 2544 2816 Et
2586 2763 2706 2818 ideo
2735 2763 2927 2819 diffusa
2975 2767 3148 2835 gratia
3197 2765 3251 2820 in
3295 2767 3456 2824 labiis

1872 2852 2069 2908 Christi
2102 2853 2696 2921 plenitudincmbalmit
2744 2853 3128 2922 perfectionis;
3188 2857 3311 2925 quia
3363 2858 3454 2914 ubi

1872 2959 2125 2998 mensura
2158 2958 2263 2997 non
2293 2951 2395 3008 est,
2425 2941 2686 3012 perfectio
2706 2943 3056 3013 plenitudinis
3102 2955 3205 3000 est.
3237 2945 3453 3001 Habue-

1872 3035 2276 3103 runtsiquidem
2305 3035 2480 3088 sancti
2510 3035 2710 3090 donum
2760 3036 2967 3105 gratiae,
3011 3036 3106 3091 sed
3153 3037 3452 3093 secundum

1872 3140 2181 3179 mensuram
2214 3125 2521 3179 donationis
2546 3124 2783 3191 Christi;
2813 3124 3072 3182 Christus
3098 3136 3278 3182 autem
3312 3129 3454 3184 sicut

1871 3221 2147 3290 speciosus
2175 3220 2346 3275 forma
2387 3236 2498 3289 pra
2544 3219 2668 3275 tiliis
2715 3222 3013 3286 hominum,
3047 3224 3120 3276 ita
3159 3232 3215 3278 et
3261 3224 3453 3293 plenus

1871 3315 2039 3384 gratia
2084 3313 2324 3382 Spiritus
2372 3312 2587 3377 sancti,
2631 3328 2744 3382 pra
2795 3314 3045 3367 omnibus
3096 3314 3454 3384 participibus

1872 3409 2002 3463 suis.
2035 3406 2172 3462 Hinc
2199 3421 2412 3476 quoque
2439 3405 2674 3460 Joannes
2705 3421 2826 3461 cum
2861 3407 2926 3460 de
2953 3406 3068 3475 ipso
3091 3405 3230 3461 Filio
3267 3407 3454 3477 loque-

1872 3511 2022 3557 retur
2042 3501 2116 3554 ait
2140 3518 2155 3554 :
2187 3500 2309 3553 Non
2325 3499 2392 3552 ad
2406 3514 2703 3552 mensuram
2724 3499 2814 3551 dat
2831 3497 2972 3552 Deus
2989 3496 3248 3567 Spiritum
3265 3499 3449 3569 (Joan.

1873 3611 1957 3659 in,
1991 3595 2103 3663 54).
2128 3594 2263 3660 Quia
2291 3593 2534 3663 profecto
2581 3593 2728 3646 circa
2769 3591 2864 3645 Dei
2909 3600 3125 3646 sanctos
3149 3606 3338 3646 omnes
3386 3607 3456 3648 ex

1874 3687 2110 3744 allluenti
2161 3689 2300 3742 dono
2355 3685 2652 3740 liberalitas
2679 3684 2959 3754 largientis
2985 3693 3104 3749 est;
3133 3683 3187 3738 in
3234 3683 3454 3741 Christo

1875 3789 2054 3835 autem
2088 3779 2252 3836 totius
2278 3785 2462 3832 manet
2492 3777 2543 3830 in
2574 3783 2840 3830 aternum
2891 3774 3126 3844 Spiritus
3155 3773 3454 3844 plenitudo.

1875 3871 2081 3927 Idcirco
2103 3872 2293 3925 beatus
2319 3868 2632 3940 Apostolus,
2657 3866 2942 3921 secundant
2956 3881 3254 3920 mensuram
3279 3865 3450 3919 dona-

1877 3964 2031 4017 tionis
2059 3961 2254 4016 Christi
2275 3960 2490 4031 (Ephes.
2523 3975 2597 4024 tv,
2627 3957 2738 4027 15),
2770 3958 2901 4012 dicit
2925 3957 3186 4028 Spiritum
3205 3957 3342 4023 dari,
3371 3957 3463 4012 ubi

1878 4061 2105 4108 cateros
2157 4051 2404 4106 homines
2453 4049 2522 4103 ad
2568 4062 2876 4102 mensuram
2903 4047 3153 4117 accipere
3194 4046 3456 4125 insinuat.

1877 4144 2114 4201 Joannes
2145 4144 2211 4200 de
2232 4143 2449 4198 Christo
2477 4139 2664 4196 volens
2681 4139 2968 4194 ostendere
2990 4153 3206 4194 omnem
3229 4138 3462 4208 plenitu-

1878 4238 2058 4294 dinem
2082 4237 2269 4308 gratiae
2299 4237 2351 4290 in
2375 4250 2440 4291 eo
2462 4233 2651 4300 fuisse,
2691 4249 2796 4287 non
2817 4232 2886 4285 ad
2913 4247 3234 4298 mensuram,
3254 4230 3454 4301 inquit,

1869 4325 1974 4385 ‘dat
2009 4313 2150 4385 Deus
2176 4331 2440 4400 spiritum.
2473 4326 2627 4394 Quod
2656 4334 2711 4380 et
2760 4323 2927 4380 Isaias
2955 4331 3207 4396 patenter
3246 4321 3314 4376 de
3350 4322 3468 4392 ipso

1880 4422 2110 4492 loquens
2145 4421 2386 4475 insinuat
2416 4437 2429 4471 :
2464 4417 2533 4471 Et
2582 4416 2886 4487 requiescet,
2917 4415 3113 4484 inquit,
3164 4429 3319 4484 super
3347 4427 3469 4465 eum

1883 4513 2111 4584 Spiritus
2133 4511 2366 4574 Domini,
2395 4509 2624 4578 Spiritus
2650 4508 2922 4578 sapientia:
2941 4515 2987 4559 et
3015 4504 3326 4567 intellectus,
3351 4501 3471 4572 Spi-

1883 4607 2020 4659 ritus
2045 4603 2254 4658 consilii
2281 4611 2328 4655 et
2351 4599 2702 4670 fortitudinis,
2749 4597 2980 4667 Spiritus
3007 4597 3238 4650 scientia
3270 4604 3318 4649 et
3355 4593 3468 4663 pie-

1885 4697 2027 4760 tatis,
2058 4703 2105 4748 et
2132 4691 2344 4762 replevit
2381 4707 2499 4743 eum
2516 4687 2744 4759 Spiritus
2765 4687 2969 4741 timoris
2995 4686 3206 4740 Domini
3229 4684 3362 4756 (lsa.
3386 4699 3465 4748 ιι,

1886 4787 1942 4852 2,
1962 4786 2041 4858 5).
2083 4784 2233 4840 Unde
2247 4789 2396 4856 patet
2422 4781 2546 4850 quia
2583 4779 2794 4850 accepit
2815 4778 3068 4833 Christus
3090 4777 3317 4847 gratiam
3351 4772 3473 4843 Spi-

1889 4877 2024 4932 ritus
2047 4874 2243 4939 sancti,
2267 4865 2360 4928 sed
2385 4887 2491 4925 non
2520 4871 2588 4932 ad
2612 4885 2946 4925 mensuram.
2971 4865 3123 4934 Quod
3163 4866 3210 4920 si
3259 4864 3466 4920 homini

1887 4967 2104 5025 Christo
2135 4980 2241 5019 non
2270 4965 2338 5018 ad
2380 4977 2691 5018 mensuram
2717 4961 2866 5016 dedit
2905 4959 3198 5030 Spiritum,
3247 4969 3471 5011 necesse

1885 5070 1971 5117 est
1994 5070 2054 5114 ut
2099 5057 2453 5114 nihilominus
2496 5057 2694 5111 habeat
2746 5053 3024 5125 sapientia
3052 5060 3108 5106 et
3143 5049 3470 5114 intellectus,

1885 5149 2096 5207 consilii
2124 5159 2179 5204 et
2209 5147 2563 5212 fortitudinis,
2595 5145 2838 5201 scientia
2867 5151 2924 5198 et
2957 5141 3199 5211 pietatis.
3242 5139 3320 5193 Ac
3377 5152 3477 5207 per

1889 5245 1992 5299 hoc
2011 5257 2119 5297 non
2144 5240 2318 5296 solum
2345 5225 2412 5294 ad
2449 5238 2786 5294 divinitatem
2846 5233 2982 5303 ejus,
3009 5222 3198 5286 verum
3245 5229 3314 5284 ad
3354 5226 3478 5298 ejus

1888 5349 2101 5406 quoque
2149 5332 2544 5387 humanitatem
2575 5330 2662 5384 illa
2703 5324 3051 5398 perfectionis
3105 5322 3469 5394 prarogativa

1885 5432 2177 5496 pertineat,
2216 5441 2378 5496 quam
2399 5424 2499 5494 ipsi
2522 5422 2740 5477 Christo
2762 5421 2951 5475 beatus
2979 5418 3218 5488 assignat
3242 5415 3480 5486 Aposto-

1885 5519 1972 5574 lus
1997 5521 2217 5574 dicens:
2259 5521 2312 5571 in
2373 5531 2474 5586 quo
2524 5523 2645 5568 sunt
2696 5529 2872 5566 omnes
2906 5510 3157 5564 ‘thesauri
3205 5509 3479 5576 sapientia

1888 5621 2043 5679 atque
2063 5604 2610 5686 scientiw’nbsconditi
2647 5601 2886 5673 ~~(Coloss.
2929 5617 2991 5666 it,
3030 5599 3108 5672 5).
3144 5599 3211 5653 Et
3250 5599 3377 5668 quia
3409 5597 3478 5653 ad

1891 5718 2200 5758 mensuram
2246 5715 2350 5754 non
2399 5697 2606 5766 accepit
2654 5695 2926 5764 spiritum,
2959 5707 3148 5748 omnes
3192 5693 3478 5746 thesauros

1892 5796 2177 5866 sapientia
2207 5793 2323 5864 ejus
2349 5802 2512 5862 atque
2537 5790 2781 5848 scientia
2802 5788 3009 5845 habuit.
3039 5787 3174 5854 Quia
3205 5786 3249 5841 si
3281 5785 3328 5840 ei
3382 5783 3482 5839 ali-
