  <div class='ocr_page' id='page_1' title='image "/cluster/home/n/w/nwhite01/storage/ocr_20150623/120/hvd.32044015466923/515.png"; bbox 0 0 4048 6352; ppageno 0'>
   <div class='ocr_carea' id='block_1_1' title="bbox 618 298 756 354">
    <p class='ocr_par' dir='ltr' id='par_1_1' title="bbox 618 298 756 354">
     <span class='ocr_line' id='line_1_1' title="bbox 618 298 756 354; baseline 0 0"><span class='ocrx_word' id='word_1_1' title='bbox 618 298 756 354; x_wconf 72' lang='grc'><strong>1019</strong></span> 
     </span>
    </p>
   </div>
   <div class='ocr_carea' id='block_1_2' title="bbox 1453 256 3111 354">
    <p class='ocr_par' dir='ltr' id='par_1_2' title="bbox 1453 256 3111 354">
     <span class='ocr_line' id='line_1_2' title="bbox 1453 256 3111 354; baseline -0.002 -1"><span class='ocrx_word' id='word_1_2' title='bbox 1453 299 1512 354; x_wconf 92' lang='lat' dir='ltr'><strong>S.</strong></span> <span class='ocrx_word' id='word_1_3' title='bbox 1551 296 1908 353; x_wconf 78' lang='lat' dir='ltr'><strong>PASCHASH</strong></span> <span class='ocrx_word' id='word_1_4' title='bbox 1947 256 2297 352; x_wconf 68' lang='lat' dir='ltr'><strong>IlADBERTl</strong></span> <span class='ocrx_word' id='word_1_5' title='bbox 2335 295 2627 351; x_wconf 81' lang='lat' dir='ltr'><strong>ABBATlS</strong></span> <span class='ocrx_word' id='word_1_6' title='bbox 2663 294 3111 354; x_wconf 73' lang='lat' dir='ltr'><strong>CORBEIENSIS</strong></span> 
     </span>
    </p>
   </div>
   <div class='ocr_carea' id='block_1_3' title="bbox 3747 301 3859 363">
    <p class='ocr_par' dir='ltr' id='par_1_3' title="bbox 3747 301 3859 363">
     <span class='ocr_line' id='line_1_3' title="bbox 3747 301 3859 363; baseline 0.018 -2"><span class='ocrx_word' id='word_1_7' title='bbox 3747 301 3859 363; x_wconf 65' lang='grc'><strong>1030</strong></span> 
     </span>
    </p>
   </div>
   <div class='ocr_carea' id='block_1_4' title="bbox 619 410 3860 487">
    <p class='ocr_par' dir='ltr' id='par_1_4' title="bbox 619 410 3860 487">
     <span class='ocr_line' id='line_1_4' title="bbox 619 410 3860 487; baseline 0.001 -21"><span class='ocrx_word' id='word_1_8' title='bbox 619 413 745 483; x_wconf 91' lang='lat' dir='ltr'><strong>quid</strong></span> <span class='ocrx_word' id='word_1_9' title='bbox 803 410 920 480; x_wconf 87' lang='lat' dir='ltr'><strong>ejus</strong></span> <span class='ocrx_word' id='word_1_10' title='bbox 957 410 1312 484; x_wconf 77' lang='lat' dir='ltr'><strong>plenitudinis</strong></span> <span class='ocrx_word' id='word_1_11' title='bbox 1364 412 1556 478; x_wconf 89' lang='lat' dir='ltr'><strong>defuit,</strong></span> <span class='ocrx_word' id='word_1_12' title='bbox 1598 428 1937 482; x_wconf 85' lang='lat' dir='ltr'><strong>consequens</strong></span> <span class='ocrx_word' id='word_1_13' title='bbox 1995 421 2077 466; x_wconf 88' lang='lat' dir='ltr'><strong>est</strong></span> <span class='ocrx_word' id='word_1_14' title='bbox 2143 421 2201 464; x_wconf 89' lang='lat' dir='ltr'><strong>ut</strong></span> <span class='ocrx_word' id='word_1_15' title='bbox 2229 414 2276 472; x_wconf 83' lang='grc' dir='ltr'><strong>Α</strong></span> <span class='ocrx_word' id='word_1_16' title='bbox 2305 412 2467 463; x_wconf 78' lang='lat' dir='ltr'><strong>virtus</strong></span> <span class='ocrx_word' id='word_1_17' title='bbox 2499 429 2614 465; x_wconf 86' lang='lat' dir='ltr'><strong>mea</strong></span> <span class='ocrx_word' id='word_1_18' title='bbox 2640 411 2866 482; x_wconf 81' lang='lat' dir='ltr'><strong>(Ilabac.</strong></span> <span class='ocrx_word' id='word_1_19' title='bbox 2903 429 2984 476; x_wconf 85' lang='grc' dir='ltr'>ιιι,</span> <span class='ocrx_word' id='word_1_20' title='bbox 3008 412 3085 480; x_wconf 72' lang='lat'><strong>2).</strong></span> <span class='ocrx_word' id='word_1_21' title='bbox 3115 411 3253 468; x_wconf 85' lang='lat' dir='ltr'><strong>Ecce</strong></span> <span class='ocrx_word' id='word_1_22' title='bbox 3281 412 3410 468; x_wconf 84' lang='lat' dir='ltr'><strong>talis</strong></span> <span class='ocrx_word' id='word_1_23' title='bbox 3441 421 3728 484; x_wconf 86' lang='lat' dir='ltr'><strong>tantusque</strong></span> <span class='ocrx_word' id='word_1_24' title='bbox 3754 431 3860 487; x_wconf 86' lang='lat' dir='ltr'><strong>pro-</strong></span> 
     </span>
    </p>
   </div>
   <div class='ocr_carea' id='block_1_5' title="bbox 617 501 2193 576">
    <p class='ocr_par' dir='ltr' id='par_1_5' title="bbox 617 501 2193 576">
     <span class='ocr_line' id='line_1_5' title="bbox 617 501 2193 576; baseline 0 -19"><span class='ocrx_word' id='word_1_25' title='bbox 617 503 684 558; x_wconf 88' lang='lat' dir='ltr'><strong>ad</strong></span> <span class='ocrx_word' id='word_1_26' title='bbox 713 517 1020 558; x_wconf 81' lang='lat' dir='ltr'><strong>mensuram</strong></span> <span class='ocrx_word' id='word_1_27' title='bbox 1041 501 1255 574; x_wconf 77' lang='lat'><strong>1256</strong></span> <span class='ocrx_word' id='word_1_28' title='bbox 1276 501 1535 571; x_wconf 85' lang='lat' dir='ltr'><strong>Spiritum</strong></span> <span class='ocrx_word' id='word_1_29' title='bbox 1555 505 1830 575; x_wconf 79' lang='lat' dir='ltr'><strong>accepisse</strong></span> <span class='ocrx_word' id='word_1_30' title='bbox 1852 504 2193 576; x_wconf 70' lang='lat' dir='ltr'><strong>przcdicctur.</strong></span> 
     </span>
    </p>
   </div>
   <div class='ocr_carea' id='block_1_6' title="bbox 660 580 2198 668">
    <p class='ocr_par' dir='ltr' id='par_1_6' title="bbox 660 580 2198 668">
     <span class='ocr_line' id='line_1_6' title="bbox 660 580 2198 668; baseline -0.001 -16"><span class='ocrx_word' id='word_1_31' title='bbox 660 580 840 665; x_wconf 40' lang='lat' dir='ltr'><strong>‘Quod</strong></span> <span class='ocrx_word' id='word_1_32' title='bbox 869 597 913 652; x_wconf 89' lang='lat' dir='ltr'><strong>si</strong></span> <span class='ocrx_word' id='word_1_33' title='bbox 935 612 1121 651; x_wconf 84' lang='lat' dir='ltr'><strong>verum</strong></span> <span class='ocrx_word' id='word_1_34' title='bbox 1151 597 1283 650; x_wconf 90' lang='lat' dir='ltr'><strong>dicit</strong></span> <span class='ocrx_word' id='word_1_35' title='bbox 1325 597 1638 667; x_wconf 75' lang='lat' dir='ltr'><strong>Apostolus,</strong></span> <span class='ocrx_word' id='word_1_36' title='bbox 1679 597 1789 652; x_wconf 90' lang='lat' dir='ltr'><strong>imo</strong></span> <span class='ocrx_word' id='word_1_37' title='bbox 1837 598 1963 668; x_wconf 88' lang='lat' dir='ltr'><strong>quia</strong></span> <span class='ocrx_word' id='word_1_38' title='bbox 2014 612 2198 650; x_wconf 81' lang='lat' dir='ltr'><strong>verum</strong></span> 
     </span>
    </p>
   </div>
   <div class='ocr_carea' id='block_1_7' title="bbox 616 688 2195 760">
    <p class='ocr_par' dir='ltr' id='par_1_7' title="bbox 616 688 2195 760">
     <span class='ocr_line' id='line_1_7' title="bbox 616 688 2195 760; baseline -0.003 -16"><span class='ocrx_word' id='word_1_39' title='bbox 616 688 748 746; x_wconf 88' lang='lat' dir='ltr'><strong>dicit</strong></span> <span class='ocrx_word' id='word_1_40' title='bbox 772 689 914 760; x_wconf 88' lang='lat' dir='ltr'><strong>quod</strong></span> <span class='ocrx_word' id='word_1_41' title='bbox 940 688 988 741; x_wconf 86' lang='lat' dir='ltr'><strong>ei</strong></span> <span class='ocrx_word' id='word_1_42' title='bbox 1019 703 1121 741; x_wconf 89' lang='lat' dir='ltr'><strong>non</strong></span> <span class='ocrx_word' id='word_1_43' title='bbox 1143 688 1212 740; x_wconf 84' lang='lat' dir='ltr'><strong>ad</strong></span> <span class='ocrx_word' id='word_1_44' title='bbox 1236 705 1530 742; x_wconf 83' lang='lat' dir='ltr'><strong>mensuram</strong></span> <span class='ocrx_word' id='word_1_45' title='bbox 1562 688 1714 748; x_wconf 77' lang='lat' dir='ltr'><strong>dedit</strong></span> <span class='ocrx_word' id='word_1_46' title='bbox 1738 688 1877 742; x_wconf 89' lang='lat' dir='ltr'><strong>Dens</strong></span> <span class='ocrx_word' id='word_1_47' title='bbox 1913 688 2195 757; x_wconf 75' lang='lat' dir='ltr'><strong>Spiritum,</strong></span> 
     </span>
    </p>
   </div>
   <div class='ocr_carea' id='block_1_8' title="bbox 616 777 2201 850">
    <p class='ocr_par' dir='ltr' id='par_1_8' title="bbox 616 777 2201 850">
     <span class='ocr_line' id='line_1_8' title="bbox 616 777 2201 850; baseline -0.003 -13"><span class='ocrx_word' id='word_1_48' title='bbox 616 787 826 837; x_wconf 88' lang='lat' dir='ltr'><strong>constat</strong></span> <span class='ocrx_word' id='word_1_49' title='bbox 849 777 992 850; x_wconf 91' lang='lat' dir='ltr'><strong>quod</strong></span> <span class='ocrx_word' id='word_1_50' title='bbox 1019 791 1235 831; x_wconf 87' lang='lat' dir='ltr'><strong>omnem</strong></span> <span class='ocrx_word' id='word_1_51' title='bbox 1263 777 1653 847; x_wconf 76' lang='lat' dir='ltr'><strong>plenitudinem</strong></span> <span class='ocrx_word' id='word_1_52' title='bbox 1705 778 2006 836; x_wconf 78' lang='lat' dir='ltr'><strong>divinitatis</strong></span> <span class='ocrx_word' id='word_1_53' title='bbox 2034 779 2086 833; x_wconf 93' lang='lat' dir='ltr'><strong>in</strong></span> <span class='ocrx_word' id='word_1_54' title='bbox 2142 794 2201 834; x_wconf 91' lang='lat' dir='ltr'><strong>se</strong></span> 
     </span>
    </p>
   </div>
   <div class='ocr_carea' id='block_1_9' title="bbox 618 867 2200 938">
    <p class='ocr_par' dir='ltr' id='par_1_9' title="bbox 618 867 2200 938">
     <span class='ocr_line' id='line_1_9' title="bbox 618 867 2200 938; baseline -0.001 -14"><span class='ocrx_word' id='word_1_55' title='bbox 618 871 906 934; x_wconf 78' lang='lat' dir='ltr'><strong>habuerit;</strong></span> <span class='ocrx_word' id='word_1_56' title='bbox 935 878 988 922; x_wconf 89' lang='lat' dir='ltr'><strong>et</strong></span> <span class='ocrx_word' id='word_1_57' title='bbox 1011 868 1100 922; x_wconf 89' lang='lat' dir='ltr'><strong>ubi</strong></span> <span class='ocrx_word' id='word_1_58' title='bbox 1141 867 1294 921; x_wconf 72' lang='lat' dir='ltr'><strong>affuit</strong></span> <span class='ocrx_word' id='word_1_59' title='bbox 1319 867 1599 938; x_wconf 87' lang='lat' dir='ltr'><strong>plenitudo</strong></span> <span class='ocrx_word' id='word_1_60' title='bbox 1625 869 1866 934; x_wconf 86' lang='lat' dir='ltr'><strong>deitatis,</strong></span> <span class='ocrx_word' id='word_1_61' title='bbox 1895 869 1967 924; x_wconf 86' lang='lat' dir='ltr'><strong>ibi</strong></span> <span class='ocrx_word' id='word_1_62' title='bbox 1997 878 2053 924; x_wconf 89' lang='lat' dir='ltr'><strong>et</strong></span> <span class='ocrx_word' id='word_1_63' title='bbox 2086 870 2200 924; x_wconf 90' lang='lat' dir='ltr'><strong>vir-</strong></span> 
     </span>
    </p>
   </div>
   <div class='ocr_carea' id='block_1_10' title="bbox 602 955 2197 1029">
    <p class='ocr_par' dir='ltr' id='par_1_10' title="bbox 602 955 2197 1029">
     <span class='ocr_line' id='line_1_10' title="bbox 602 955 2197 1029; baseline -0.001 -13"><span class='ocrx_word' id='word_1_64' title='bbox 602 971 785 1016; x_wconf 80' lang='lat' dir='ltr'><strong>‘tutem</strong></span> <span class='ocrx_word' id='word_1_65' title='bbox 815 960 1055 1029; x_wconf 84' lang='lat' dir='ltr'><strong>ejusdem</strong></span> <span class='ocrx_word' id='word_1_66' title='bbox 1082 959 1382 1014; x_wconf 81' lang='lat' dir='ltr'><strong>divinitatis</strong></span> <span class='ocrx_word' id='word_1_67' title='bbox 1438 955 1656 1014; x_wconf 85' lang='lat' dir='ltr'><strong>affuisse</strong></span> <span class='ocrx_word' id='word_1_68' title='bbox 1695 959 2038 1014; x_wconf 86' lang='lat' dir='ltr'><strong>manifestum</strong></span> <span class='ocrx_word' id='word_1_69' title='bbox 2095 965 2197 1015; x_wconf 87' lang='lat' dir='ltr'><strong>est.</strong></span> 
     </span>
    </p>
   </div>
   <div class='ocr_carea' id='block_1_11' title="bbox 599 1050 2202 1122">
    <p class='ocr_par' dir='ltr' id='par_1_11' title="bbox 599 1050 2202 1122">
     <span class='ocr_line' id='line_1_11' title="bbox 599 1050 2202 1122; baseline -0.001 -15"><span class='ocrx_word' id='word_1_70' title='bbox 599 1055 910 1122; x_wconf 72' lang='lat' dir='ltr'><strong>“Propterea</strong></span> <span class='ocrx_word' id='word_1_71' title='bbox 943 1050 1171 1119; x_wconf 76' lang='lat' dir='ltr'><strong>subjecit</strong></span> <span class='ocrx_word' id='word_1_72' title='bbox 1193 1051 1239 1105; x_wconf 91' lang='lat' dir='ltr'><strong>ei</strong></span> <span class='ocrx_word' id='word_1_73' title='bbox 1279 1064 1438 1104; x_wconf 90' lang='lat' dir='ltr'><strong>omne</strong></span> <span class='ocrx_word' id='word_1_74' title='bbox 1477 1065 1637 1120; x_wconf 80' lang='lat' dir='ltr'><strong>posse</strong></span> <span class='ocrx_word' id='word_1_75' title='bbox 1667 1051 1720 1104; x_wconf 91' lang='lat' dir='ltr'><strong>in</strong></span> <span class='ocrx_word' id='word_1_76' title='bbox 1753 1052 1900 1105; x_wconf 88' lang='lat' dir='ltr'><strong>onmi</strong></span> <span class='ocrx_word' id='word_1_77' title='bbox 1926 1051 2202 1106; x_wconf 71' lang='lat' dir='ltr'><strong>voluntate</strong></span> 
     </span>
    </p>
   </div>
   <div class='ocr_carea' id='block_1_12' title="bbox 617 1140 2203 1215">
    <p class='ocr_par' dir='ltr' id='par_1_12' title="bbox 617 1140 2203 1215">
     <span class='ocr_line' id='line_1_12' title="bbox 617 1140 2203 1215; baseline -0.002 -17"><span class='ocrx_word' id='word_1_78' title='bbox 617 1161 734 1210; x_wconf 88' lang='lat' dir='ltr'><strong>sua,</strong></span> <span class='ocrx_word' id='word_1_79' title='bbox 768 1143 882 1215; x_wconf 87' lang='lat' dir='ltr'><strong>jam</strong></span> <span class='ocrx_word' id='word_1_80' title='bbox 913 1154 1087 1198; x_wconf 91' lang='lat' dir='ltr'><strong>morte</strong></span> <span class='ocrx_word' id='word_1_81' title='bbox 1135 1142 1383 1208; x_wconf 87' lang='lat' dir='ltr'><strong>devicta;</strong></span> <span class='ocrx_word' id='word_1_82' title='bbox 1434 1140 1522 1198; x_wconf 87' lang='lat' dir='ltr'><strong>ubi</strong></span> <span class='ocrx_word' id='word_1_83' title='bbox 1582 1159 1688 1198; x_wconf 90' lang='lat' dir='ltr'><strong>non</strong></span> <span class='ocrx_word' id='word_1_84' title='bbox 1719 1143 1958 1213; x_wconf 88' lang='lat' dir='ltr'><strong>adoptio,</strong></span> <span class='ocrx_word' id='word_1_85' title='bbox 1991 1159 2096 1198; x_wconf 91' lang='lat' dir='ltr'><strong>non</strong></span> <span class='ocrx_word' id='word_1_86' title='bbox 2125 1142 2203 1196; x_wconf 87' lang='lat' dir='ltr'><strong>di-</strong></span> 
     </span>
    </p>
   </div>
   <div class='ocr_carea' id='block_1_13' title="bbox 614 1234 2198 1304">
    <p class='ocr_par' dir='ltr' id='par_1_13' title="bbox 614 1234 2198 1304">
     <span class='ocr_line' id='line_1_13' title="bbox 614 1234 2198 1304; baseline -0.001 -14"><span class='ocrx_word' id='word_1_87' title='bbox 614 1237 756 1290; x_wconf 91' lang='lat' dir='ltr'><strong>visio</strong></span> <span class='ocrx_word' id='word_1_88' title='bbox 814 1236 1238 1290; x_wconf 90' lang='lat' dir='ltr'><strong>substantiarum</strong></span> <span class='ocrx_word' id='word_1_89' title='bbox 1264 1276 1279 1299; x_wconf 93' lang='lat'><strong>,</strong></span> <span class='ocrx_word' id='word_1_90' title='bbox 1321 1251 1428 1290; x_wconf 92' lang='lat' dir='ltr'><strong>non</strong></span> <span class='ocrx_word' id='word_1_91' title='bbox 1469 1235 1714 1290; x_wconf 77' lang='lat' dir='ltr'><strong>confusio</strong></span> <span class='ocrx_word' id='word_1_92' title='bbox 1738 1276 1751 1300; x_wconf 94' lang='lat'><strong>,</strong></span> <span class='ocrx_word' id='word_1_93' title='bbox 1783 1243 1874 1289; x_wconf 90' lang='lat' dir='ltr'><strong>aut</strong></span> <span class='ocrx_word' id='word_1_94' title='bbox 1904 1234 2198 1304; x_wconf 80' lang='lat' dir='ltr'><strong>permistio,</strong></span> 
     </span>
    </p>
   </div>
   <div class='ocr_carea' id='block_1_14' title="bbox 617 1323 2202 1394">
    <p class='ocr_par' dir='ltr' id='par_1_14' title="bbox 617 1323 2202 1394">
     <span class='ocr_line' id='line_1_14' title="bbox 617 1323 2202 1394; baseline 0 -16"><span class='ocrx_word' id='word_1_95' title='bbox 617 1339 723 1378; x_wconf 87' lang='lat' dir='ltr'><strong>non</strong></span> <span class='ocrx_word' id='word_1_96' title='bbox 755 1323 916 1378; x_wconf 90' lang='lat' dir='ltr'><strong>ullius</strong></span> <span class='ocrx_word' id='word_1_97' title='bbox 941 1324 1017 1378; x_wconf 91' lang='lat' dir='ltr'><strong>rei</strong></span> <span class='ocrx_word' id='word_1_98' title='bbox 1051 1323 1390 1394; x_wconf 90' lang='lat' dir='ltr'><strong>interceptio,</strong></span> <span class='ocrx_word' id='word_1_99' title='bbox 1445 1325 1540 1378; x_wconf 89' lang='lat' dir='ltr'><strong>sed</strong></span> <span class='ocrx_word' id='word_1_100' title='bbox 1587 1324 1701 1378; x_wconf 87' lang='lat' dir='ltr'><strong>sola</strong></span> <span class='ocrx_word' id='word_1_101' title='bbox 1736 1324 1920 1378; x_wconf 89' lang='lat' dir='ltr'><strong>unitas</strong></span> <span class='ocrx_word' id='word_1_102' title='bbox 1957 1339 2202 1394; x_wconf 68' lang='lat' dir='ltr'><strong>persona:</strong></span> 
     </span>
    </p>
   </div>
   <div class='ocr_carea' id='block_1_15' title="bbox 618 1413 2204 1484">
    <p class='ocr_par' dir='ltr' id='par_1_15' title="bbox 618 1413 2204 1484">
     <span class='ocr_line' id='line_1_15' title="bbox 618 1413 2204 1484; baseline -0.002 -14"><span class='ocrx_word' id='word_1_103' title='bbox 618 1413 840 1479; x_wconf 87' lang='lat' dir='ltr'><strong>Christi,</strong></span> <span class='ocrx_word' id='word_1_104' title='bbox 869 1422 923 1469; x_wconf 90' lang='lat' dir='ltr'><strong>et</strong></span> <span class='ocrx_word' id='word_1_105' title='bbox 951 1415 1253 1484; x_wconf 86' lang='lat' dir='ltr'><strong>proprietas</strong></span> <span class='ocrx_word' id='word_1_106' title='bbox 1279 1414 1620 1484; x_wconf 63' lang='lat' dir='ltr'><strong>praedicatur.</strong></span> <span class='ocrx_word' id='word_1_107' title='bbox 1645 1414 1740 1469; x_wconf 86' lang='lat' dir='ltr'><strong>Cui</strong></span> <span class='ocrx_word' id='word_1_108' title='bbox 1760 1431 1827 1468; x_wconf 78' lang='lat' dir='ltr'><strong>ex</strong></span> <span class='ocrx_word' id='word_1_109' title='bbox 1868 1422 1984 1468; x_wconf 87' lang='lat' dir='ltr'><strong>toto</strong></span> <span class='ocrx_word' id='word_1_110' title='bbox 2017 1417 2204 1469; x_wconf 81' lang='lat' dir='ltr'><strong>subest</strong></span> 
     </span>
    </p>
   </div>
   <div class='ocr_carea' id='block_1_16' title="bbox 614 1504 2206 1576">
    <p class='ocr_par' dir='ltr' id='par_1_16' title="bbox 614 1504 2206 1576">
     <span class='ocr_line' id='line_1_16' title="bbox 614 1504 2206 1576; baseline -0.001 -16"><span class='ocrx_word' id='word_1_111' title='bbox 614 1520 778 1560; x_wconf 85' lang='lat' dir='ltr'><strong>nosse</strong></span> <span class='ocrx_word' id='word_1_112' title='bbox 812 1519 969 1575; x_wconf 87' lang='lat' dir='ltr'><strong>posse</strong></span> <span class='ocrx_word' id='word_1_113' title='bbox 995 1520 1115 1576; x_wconf 69' lang='lat' dir='ltr'><strong>qua:</strong></span> <span class='ocrx_word' id='word_1_114' title='bbox 1165 1504 1261 1559; x_wconf 89' lang='lat' dir='ltr'><strong>Dei</strong></span> <span class='ocrx_word' id='word_1_115' title='bbox 1307 1514 1453 1570; x_wconf 91' lang='lat' dir='ltr'><strong>sunt,</strong></span> <span class='ocrx_word' id='word_1_116' title='bbox 1479 1505 1604 1576; x_wconf 84' lang='lat' dir='ltr'><strong>quia</strong></span> <span class='ocrx_word' id='word_1_117' title='bbox 1661 1506 1713 1559; x_wconf 90' lang='lat' dir='ltr'><strong>in</strong></span> <span class='ocrx_word' id='word_1_118' title='bbox 1744 1504 1892 1559; x_wconf 90' lang='lat' dir='ltr'><strong>nullo</strong></span> <span class='ocrx_word' id='word_1_119' title='bbox 1932 1505 2206 1559; x_wconf 75' lang='lat' dir='ltr'><strong>invenitur</strong></span> 
     </span>
    </p>
   </div>
   <div class='ocr_carea' id='block_1_17' title="bbox 618 1595 2203 1668">
    <p class='ocr_par' dir='ltr' id='par_1_17' title="bbox 618 1595 2203 1668">
     <span class='ocr_line' id='line_1_17' title="bbox 618 1595 2203 1668; baseline -0.003 -15"><span class='ocrx_word' id='word_1_120' title='bbox 618 1597 762 1653; x_wconf 82' lang='lat' dir='ltr'><strong>aliud</strong></span> <span class='ocrx_word' id='word_1_121' title='bbox 805 1613 965 1668; x_wconf 90' lang='lat' dir='ltr'><strong>quam</strong></span> <span class='ocrx_word' id='word_1_122' title='bbox 1015 1596 1180 1652; x_wconf 86' lang='lat' dir='ltr'><strong>Deus.</strong></span> <span class='ocrx_word' id='word_1_123' title='bbox 1235 1597 1462 1666; x_wconf 84' lang='lat' dir='ltr'><strong>Reliqua</strong></span> <span class='ocrx_word' id='word_1_124' title='bbox 1513 1597 1697 1651; x_wconf 85' lang='lat' dir='ltr'><strong>omnia</strong></span> <span class='ocrx_word' id='word_1_125' title='bbox 1738 1599 2003 1662; x_wconf 88' lang='lat' dir='ltr'><strong>membra,</strong></span> <span class='ocrx_word' id='word_1_126' title='bbox 2057 1605 2108 1651; x_wconf 90' lang='lat' dir='ltr'><strong>et</strong></span> <span class='ocrx_word' id='word_1_127' title='bbox 2139 1595 2203 1650; x_wconf 89' lang='lat' dir='ltr'><strong>ad</strong></span> 
     </span>
    </p>
   </div>
   <div class='ocr_carea' id='block_1_18' title="bbox 619 1688 2201 1760">
    <p class='ocr_par' dir='ltr' id='par_1_18' title="bbox 619 1688 2201 1760">
     <span class='ocr_line' id='line_1_18' title="bbox 619 1688 2201 1760; baseline -0.002 -15"><span class='ocrx_word' id='word_1_128' title='bbox 619 1706 927 1746; x_wconf 85' lang='lat' dir='ltr'><strong>mensuram</strong></span> <span class='ocrx_word' id='word_1_129' title='bbox 965 1690 1164 1745; x_wconf 85' lang='lat' dir='ltr'><strong>donum</strong></span> <span class='ocrx_word' id='word_1_130' title='bbox 1196 1689 1386 1760; x_wconf 82' lang='lat' dir='ltr'><strong>gratiae</strong></span> <span class='ocrx_word' id='word_1_131' title='bbox 1437 1688 1761 1760; x_wconf 91' lang='lat' dir='ltr'><strong>percipiunt,</strong></span> <span class='ocrx_word' id='word_1_132' title='bbox 1796 1698 1852 1744; x_wconf 90' lang='lat' dir='ltr'><strong>et</strong></span> <span class='ocrx_word' id='word_1_133' title='bbox 1897 1689 1962 1744; x_wconf 88' lang='lat' dir='ltr'><strong>dc</strong></span> <span class='ocrx_word' id='word_1_134' title='bbox 2001 1688 2201 1742; x_wconf 88' lang='lat' dir='ltr'><strong>Christi</strong></span> 
     </span>
    </p>
   </div>
   <div class='ocr_carea' id='block_1_19' title="bbox 528 1766 2276 1854">
    <p class='ocr_par' dir='ltr' id='par_1_19' title="bbox 528 1766 2276 1854">
     <span class='ocr_line' id='line_1_19' title="bbox 528 1766 2276 1854; baseline 0.001 -19"><span class='ocrx_word' id='word_1_135' title='bbox 528 1783 540 1792; x_wconf 82' lang='grc'><em>’</em></span> <span class='ocrx_word' id='word_1_136' title='bbox 613 1782 951 1853; x_wconf 88' lang='lat' dir='ltr'><strong>plenitudine</strong></span> <span class='ocrx_word' id='word_1_137' title='bbox 980 1799 1100 1838; x_wconf 89' lang='lat' dir='ltr'><strong>eam</strong></span> <span class='ocrx_word' id='word_1_138' title='bbox 1145 1783 1436 1854; x_wconf 89' lang='lat' dir='ltr'><strong>accipiunt.</strong></span> <span class='ocrx_word' id='word_1_139' title='bbox 1473 1782 1626 1838; x_wconf 89' lang='lat' dir='ltr'><strong>Unde</strong></span> <span class='ocrx_word' id='word_1_140' title='bbox 1665 1781 1993 1854; x_wconf 80' lang='lat' dir='ltr'><strong>evangelista</strong></span> <span class='ocrx_word' id='word_1_141' title='bbox 2037 1781 2202 1836; x_wconf 83' lang='lat' dir='ltr'><strong>Joan-</strong></span> <span class='ocrx_word' id='word_1_142' title='bbox 2227 1766 2276 1828; x_wconf 82' lang='grc' dir='ltr'><strong>Β</strong></span> 
     </span>
    </p>
   </div>
   <div class='ocr_carea' id='block_1_20' title="bbox 607 1867 2203 1946">
    <p class='ocr_par' dir='ltr' id='par_1_20' title="bbox 607 1867 2203 1946">
     <span class='ocr_line' id='line_1_20' title="bbox 607 1867 2203 1946; baseline 0 -18"><span class='ocrx_word' id='word_1_143' title='bbox 607 1867 714 1929; x_wconf 75' lang='grc' dir='ltr'>ἰιρε</span> <span class='ocrx_word' id='word_1_144' title='bbox 744 1891 758 1928; x_wconf 91' lang='lat'><strong>:</strong></span> <span class='ocrx_word' id='word_1_145' title='bbox 795 1873 931 1939; x_wconf 85' lang='lat' dir='ltr'><strong>Nos,</strong></span> <span class='ocrx_word' id='word_1_146' title='bbox 963 1875 1157 1945; x_wconf 89' lang='lat' dir='ltr'><strong>inquit,</strong></span> <span class='ocrx_word' id='word_1_147' title='bbox 1187 1891 1363 1928; x_wconf 87' lang='lat' dir='ltr'><strong>onmes</strong></span> <span class='ocrx_word' id='word_1_148' title='bbox 1405 1876 1468 1928; x_wconf 87' lang='lat' dir='ltr'><strong>de</strong></span> <span class='ocrx_word' id='word_1_149' title='bbox 1497 1874 1822 1944; x_wconf 85' lang='lat' dir='ltr'><strong>plenitudine</strong></span> <span class='ocrx_word' id='word_1_150' title='bbox 1865 1875 1978 1945; x_wconf 87' lang='lat' dir='ltr'><strong>ejus</strong></span> <span class='ocrx_word' id='word_1_151' title='bbox 2002 1875 2203 1946; x_wconf 80' lang='lat' dir='ltr'><strong>accepi-</strong></span> 
     </span>
    </p>
   </div>
   <div class='ocr_carea' id='block_1_21' title="bbox 615 1963 2199 2037">
    <p class='ocr_par' dir='ltr' id='par_1_21' title="bbox 615 1963 2199 2037">
     <span class='ocr_line' id='line_1_21' title="bbox 615 1963 2199 2037; baseline 0.003 -23"><span class='ocrx_word' id='word_1_152' title='bbox 615 1979 731 2016; x_wconf 89' lang='lat' dir='ltr'><strong>mus</strong></span> <span class='ocrx_word' id='word_1_153' title='bbox 753 1968 980 2034; x_wconf 77' lang='lat' dir='ltr'><strong>gratiam</strong></span> <span class='ocrx_word' id='word_1_154' title='bbox 1007 1981 1100 2034; x_wconf 88' lang='lat' dir='ltr'><strong>pro</strong></span> <span class='ocrx_word' id='word_1_155' title='bbox 1130 1967 1303 2034; x_wconf 88' lang='lat' dir='ltr'><strong>gratia</strong></span> <span class='ocrx_word' id='word_1_156' title='bbox 1334 1963 1516 2036; x_wconf 81' lang='lat' dir='ltr'><strong>(Joan.</strong></span> <span class='ocrx_word' id='word_1_157' title='bbox 1547 1981 1584 2030; x_wconf 92' lang='lat' dir='ltr'><strong>t,</strong></span> <span class='ocrx_word' id='word_1_158' title='bbox 1625 1965 1732 2037; x_wconf 83' lang='lat' dir='ltr'><strong>lG).</strong></span> <span class='ocrx_word' id='word_1_159' title='bbox 1793 1965 1890 2021; x_wconf 87' lang='lat' dir='ltr'><strong>Ubi</strong></span> <span class='ocrx_word' id='word_1_160' title='bbox 1935 1967 2092 2021; x_wconf 88' lang='lat' dir='ltr'><strong>datur</strong></span> <span class='ocrx_word' id='word_1_161' title='bbox 2117 1965 2199 2019; x_wconf 89' lang='lat' dir='ltr'><strong>in-</strong></span> 
     </span>
    </p>
   </div>
   <div class='ocr_carea' id='block_1_22' title="bbox 617 2055 2203 2128">
    <p class='ocr_par' dir='ltr' id='par_1_22' title="bbox 617 2055 2203 2128">
     <span class='ocr_line' id='line_1_22' title="bbox 617 2055 2203 2128; baseline 0.002 -20"><span class='ocrx_word' id='word_1_162' title='bbox 617 2055 804 2125; x_wconf 79' lang='lat' dir='ltr'><strong>tclligi,</strong></span> <span class='ocrx_word' id='word_1_163' title='bbox 837 2056 889 2108; x_wconf 90' lang='lat' dir='ltr'><strong>in</strong></span> <span class='ocrx_word' id='word_1_164' title='bbox 920 2055 1007 2108; x_wconf 90' lang='lat' dir='ltr'><strong>illa</strong></span> <span class='ocrx_word' id='word_1_165' title='bbox 1053 2056 1250 2124; x_wconf 86' lang='lat' dir='ltr'><strong>speciei</strong></span> <span class='ocrx_word' id='word_1_166' title='bbox 1288 2056 1463 2128; x_wconf 88' lang='lat' dir='ltr'><strong>gratia</strong></span> <span class='ocrx_word' id='word_1_167' title='bbox 1529 2073 1648 2127; x_wconf 77' lang='lat' dir='ltr'><strong>qua:</strong></span> <span class='ocrx_word' id='word_1_168' title='bbox 1700 2056 1862 2110; x_wconf 92' lang='lat' dir='ltr'><strong>datur</strong></span> <span class='ocrx_word' id='word_1_169' title='bbox 1889 2073 1988 2128; x_wconf 88' lang='lat' dir='ltr'><strong>pro</strong></span> <span class='ocrx_word' id='word_1_170' title='bbox 2028 2055 2203 2128; x_wconf 88' lang='lat' dir='ltr'><strong>gratia</strong></span> 
     </span>
    </p>
   </div>
   <div class='ocr_carea' id='block_1_23' title="bbox 607 2143 2204 2218">
    <p class='ocr_par' dir='ltr' id='par_1_23' title="bbox 607 2143 2204 2218">
     <span class='ocr_line' id='line_1_23' title="bbox 607 2143 2204 2218; baseline 0.004 -21"><span class='ocrx_word' id='word_1_171' title='bbox 607 2143 762 2208; x_wconf 78' lang='lat' dir='ltr'><strong>’fidei,</strong></span> <span class='ocrx_word' id='word_1_172' title='bbox 789 2147 1233 2215; x_wconf 89' lang='lat' dir='ltr'><strong>nouesseipsam</strong></span> <span class='ocrx_word' id='word_1_173' title='bbox 1286 2146 1678 2218; x_wconf 88' lang='lat' dir='ltr'><strong>plenitudinem</strong></span> <span class='ocrx_word' id='word_1_174' title='bbox 1728 2163 1848 2218; x_wconf 65' lang='lat' dir='ltr'><strong>quin</strong></span> <span class='ocrx_word' id='word_1_175' title='bbox 1885 2147 2077 2203; x_wconf 77' lang='lat' dir='ltr'><strong>dill‘usa</strong></span> <span class='ocrx_word' id='word_1_176' title='bbox 2119 2156 2204 2203; x_wconf 88' lang='lat' dir='ltr'><strong>est</strong></span> 
     </span>
    </p>
   </div>
   <div class='ocr_carea' id='block_1_24' title="bbox 617 2235 2203 2309">
    <p class='ocr_par' dir='ltr' id='par_1_24' title="bbox 617 2235 2203 2309">
     <span class='ocr_line' id='line_1_24' title="bbox 617 2235 2203 2309; baseline 0.004 -21"><span class='ocrx_word' id='word_1_177' title='bbox 617 2237 792 2307; x_wconf 84' lang='lat' dir='ltr'><strong>gratia</strong></span> <span class='ocrx_word' id='word_1_178' title='bbox 845 2237 897 2290; x_wconf 92' lang='lat' dir='ltr'><strong>in</strong></span> <span class='ocrx_word' id='word_1_179' title='bbox 955 2237 1112 2291; x_wconf 86' lang='lat' dir='ltr'><strong>labiis</strong></span> <span class='ocrx_word' id='word_1_180' title='bbox 1173 2235 1411 2304; x_wconf 86' lang='lat' dir='ltr'><strong>Christi,</strong></span> <span class='ocrx_word' id='word_1_181' title='bbox 1463 2238 1556 2292; x_wconf 89' lang='lat' dir='ltr'><strong>sed</strong></span> <span class='ocrx_word' id='word_1_182' title='bbox 1617 2238 2002 2309; x_wconf 84' lang='lat' dir='ltr'><strong>plenitudinem</strong></span> <span class='ocrx_word' id='word_1_183' title='bbox 2057 2239 2203 2294; x_wconf 83' lang='lat' dir='ltr'><strong>illam</strong></span> 
     </span>
    </p>
   </div>
   <div class='ocr_carea' id='block_1_25' title="bbox 617 2327 2204 2400">
    <p class='ocr_par' dir='ltr' id='par_1_25' title="bbox 617 2327 2204 2400">
     <span class='ocr_line' id='line_1_25' title="bbox 617 2327 2204 2400; baseline 0.003 -18"><span class='ocrx_word' id='word_1_184' title='bbox 617 2343 780 2398; x_wconf 90' lang='lat' dir='ltr'><strong>quam</strong></span> <span class='ocrx_word' id='word_1_185' title='bbox 825 2327 1098 2398; x_wconf 90' lang='lat' dir='ltr'><strong>accipiunt</strong></span> <span class='ocrx_word' id='word_1_186' title='bbox 1149 2344 1355 2395; x_wconf 89' lang='lat' dir='ltr'><strong>omnes,</strong></span> <span class='ocrx_word' id='word_1_187' title='bbox 1407 2340 1462 2383; x_wconf 88' lang='lat' dir='ltr'><strong>et</strong></span> <span class='ocrx_word' id='word_1_188' title='bbox 1503 2329 1842 2400; x_wconf 86' lang='lat' dir='ltr'><strong>adempletur</strong></span> <span class='ocrx_word' id='word_1_189' title='bbox 1882 2330 2060 2384; x_wconf 91' lang='lat' dir='ltr'><strong>omnis</strong></span> <span class='ocrx_word' id='word_1_190' title='bbox 2107 2331 2204 2386; x_wconf 85' lang='lat' dir='ltr'><strong>Ec-</strong></span> 
     </span>
    </p>
   </div>
   <div class='ocr_carea' id='block_1_26' title="bbox 615 2421 2203 2494">
    <p class='ocr_par' dir='ltr' id='par_1_26' title="bbox 615 2421 2203 2494">
     <span class='ocr_line' id='line_1_26' title="bbox 615 2421 2203 2494; baseline 0.001 -16"><span class='ocrx_word' id='word_1_191' title='bbox 615 2421 805 2489; x_wconf 87' lang='lat' dir='ltr'><strong>clesia,</strong></span> <span class='ocrx_word' id='word_1_192' title='bbox 847 2422 901 2475; x_wconf 89' lang='lat' dir='ltr'><strong>lu</strong></span> <span class='ocrx_word' id='word_1_193' title='bbox 925 2432 1186 2493; x_wconf 85' lang='lat' dir='ltr'><strong>quantum</strong></span> <span class='ocrx_word' id='word_1_194' title='bbox 1245 2437 1342 2490; x_wconf 90' lang='lat' dir='ltr'><strong>per</strong></span> <span class='ocrx_word' id='word_1_195' title='bbox 1393 2421 1509 2491; x_wconf 88' lang='lat' dir='ltr'><strong>ejus</strong></span> <span class='ocrx_word' id='word_1_196' title='bbox 1551 2422 1784 2492; x_wconf 77' lang='lat' dir='ltr'><strong>gratiam</strong></span> <span class='ocrx_word' id='word_1_197' title='bbox 1831 2424 2203 2494; x_wconf 76' lang='lat' dir='ltr'><strong>unusquisque</strong></span> 
     </span>
    </p>
   </div>
   <div class='ocr_carea' id='block_1_27' title="bbox 616 2513 2198 2586">
    <p class='ocr_par' dir='ltr' id='par_1_27' title="bbox 616 2513 2198 2586">
     <span class='ocr_line' id='line_1_27' title="bbox 616 2513 2198 2586; baseline -0.001 -17"><span class='ocrx_word' id='word_1_198' title='bbox 616 2529 786 2586; x_wconf 81' lang='lat' dir='ltr'><strong>capax</strong></span> <span class='ocrx_word' id='word_1_199' title='bbox 815 2515 867 2568; x_wconf 91' lang='lat' dir='ltr'><strong>in</strong></span> <span class='ocrx_word' id='word_1_200' title='bbox 899 2529 961 2568; x_wconf 89' lang='lat' dir='ltr'><strong>ea</strong></span> <span class='ocrx_word' id='word_1_201' title='bbox 993 2530 1112 2569; x_wconf 91' lang='lat' dir='ltr'><strong>esse</strong></span> <span class='ocrx_word' id='word_1_202' title='bbox 1136 2515 1413 2584; x_wconf 88' lang='lat' dir='ltr'><strong>probatur.</strong></span> <span class='ocrx_word' id='word_1_203' title='bbox 1445 2513 1582 2568; x_wconf 88' lang='lat' dir='ltr'><strong>llinc</strong></span> <span class='ocrx_word' id='word_1_204' title='bbox 1633 2528 1848 2586; x_wconf 88' lang='lat' dir='ltr'><strong>quoque</strong></span> <span class='ocrx_word' id='word_1_205' title='bbox 1882 2513 2150 2584; x_wconf 85' lang='lat' dir='ltr'><strong>Propheta</strong></span> <span class='ocrx_word' id='word_1_206' title='bbox 2185 2531 2198 2568; x_wconf 91' lang='lat'>:</span> 
     </span>
    </p>
   </div>
   <div class='ocr_carea' id='block_1_28' title="bbox 615 2603 2198 2679">
    <p class='ocr_par' dir='ltr' id='par_1_28' title="bbox 615 2603 2198 2679">
     <span class='ocr_line' id='line_1_28' title="bbox 615 2603 2198 2679; baseline 0.001 -21"><span class='ocrx_word' id='word_1_207' title='bbox 615 2606 938 2677; x_wconf 84' lang='lat' dir='ltr'><strong>Adimplebis</strong></span> <span class='ocrx_word' id='word_1_208' title='bbox 971 2623 1050 2660; x_wconf 84' lang='lat' dir='ltr'><strong>me</strong></span> <span class='ocrx_word' id='word_1_209' title='bbox 1076 2606 1261 2660; x_wconf 62' lang='lat' dir='ltr'><strong>la’tilia</strong></span> <span class='ocrx_word' id='word_1_210' title='bbox 1301 2623 1417 2660; x_wconf 87' lang='lat' dir='ltr'><strong>cum</strong></span> <span class='ocrx_word' id='word_1_211' title='bbox 1443 2605 1584 2660; x_wconf 74' lang='lat' dir='ltr'><strong>vultu</strong></span> <span class='ocrx_word' id='word_1_212' title='bbox 1611 2617 1701 2659; x_wconf 87' lang='lat' dir='ltr'><strong>tuo</strong></span> <span class='ocrx_word' id='word_1_213' title='bbox 1735 2603 1906 2676; x_wconf 85' lang='lat' dir='ltr'><strong>(Psal.</strong></span> <span class='ocrx_word' id='word_1_214' title='bbox 1940 2622 2041 2672; x_wconf 80' lang='lat' dir='ltr'><strong>xv,</strong></span> <span class='ocrx_word' id='word_1_215' title='bbox 2071 2607 2198 2679; x_wconf 79' lang='lat' dir='ltr'><strong>ll);</strong></span> 
     </span>
    </p>
   </div>
   <div class='ocr_carea' id='block_1_29' title="bbox 615 2697 2199 2772">
    <p class='ocr_par' dir='ltr' id='par_1_29' title="bbox 615 2697 2199 2772">
     <span class='ocr_line' id='line_1_29' title="bbox 615 2697 2199 2772; baseline 0 -18"><span class='ocrx_word' id='word_1_216' title='bbox 615 2707 670 2754; x_wconf 85' lang='lat' dir='ltr'><strong>et</strong></span> <span class='ocrx_word' id='word_1_217' title='bbox 716 2700 949 2754; x_wconf 86' lang='lat' dir='ltr'><strong>iterum:</strong></span> <span class='ocrx_word' id='word_1_218' title='bbox 981 2699 1317 2772; x_wconf 82' lang='lat' dir='ltr'><strong>Replebimur</strong></span> <span class='ocrx_word' id='word_1_219' title='bbox 1340 2701 1394 2754; x_wconf 88' lang='lat' dir='ltr'><strong>in</strong></span> <span class='ocrx_word' id='word_1_220' title='bbox 1448 2700 1593 2755; x_wconf 85' lang='lat' dir='ltr'><strong>bonis</strong></span> <span class='ocrx_word' id='word_1_221' title='bbox 1639 2701 1824 2754; x_wconf 86' lang='lat' dir='ltr'><strong>domus</strong></span> <span class='ocrx_word' id='word_1_222' title='bbox 1868 2710 1972 2754; x_wconf 75' lang='lat' dir='ltr'><strong>tua:</strong></span> <span class='ocrx_word' id='word_1_223' title='bbox 2026 2697 2199 2771; x_wconf 81' lang='lat' dir='ltr'><strong>(Psal.</strong></span> 
     </span>
    </p>
   </div>
   <div class='ocr_carea' id='block_1_30' title="bbox 615 2789 2200 2862">
    <p class='ocr_par' dir='ltr' id='par_1_30' title="bbox 615 2789 2200 2862">
     <span class='ocr_line' id='line_1_30' title="bbox 615 2789 2200 2862; baseline -0.001 -15"><span class='ocrx_word' id='word_1_224' title='bbox 615 2807 758 2856; x_wconf 79' lang='lat' dir='ltr'><strong>wa,</strong></span> <span class='ocrx_word' id='word_1_225' title='bbox 777 2791 852 2862; x_wconf 81' lang='grc'><strong>5).</strong></span> <span class='ocrx_word' id='word_1_226' title='bbox 882 2789 989 2846; x_wconf 88' lang='lat' dir='ltr'><strong>Sed</strong></span> <span class='ocrx_word' id='word_1_227' title='bbox 1011 2799 1070 2845; x_wconf 89' lang='lat' dir='ltr'><strong>ut</strong></span> <span class='ocrx_word' id='word_1_228' title='bbox 1098 2791 1436 2860; x_wconf 87' lang='lat' dir='ltr'><strong>impleamur,</strong></span> <span class='ocrx_word' id='word_1_229' title='bbox 1457 2792 1522 2846; x_wconf 90' lang='lat' dir='ltr'><strong>de</strong></span> <span class='ocrx_word' id='word_1_230' title='bbox 1543 2791 1877 2860; x_wconf 86' lang='lat' dir='ltr'><strong>plenitudine</strong></span> <span class='ocrx_word' id='word_1_231' title='bbox 1899 2792 2016 2862; x_wconf 88' lang='lat' dir='ltr'><strong>ejus</strong></span> <span class='ocrx_word' id='word_1_232' title='bbox 2043 2806 2200 2846; x_wconf 82' lang='lat' dir='ltr'><strong>accc-</strong></span> 
     </span>
    </p>
   </div>
   <div class='ocr_carea' id='block_1_31' title="bbox 617 2879 2200 2952">
    <p class='ocr_par' dir='ltr' id='par_1_31' title="bbox 617 2879 2200 2952">
     <span class='ocr_line' id='line_1_31' title="bbox 617 2879 2200 2952; baseline 0.001 -18"><span class='ocrx_word' id='word_1_233' title='bbox 617 2879 818 2952; x_wconf 84' lang='lat' dir='ltr'><strong>pimus,</strong></span> <span class='ocrx_word' id='word_1_234' title='bbox 841 2897 945 2950; x_wconf 91' lang='lat' dir='ltr'><strong>qua</strong></span> <span class='ocrx_word' id='word_1_235' title='bbox 995 2882 1234 2952; x_wconf 87' lang='lat' dir='ltr'><strong>repletur</strong></span> <span class='ocrx_word' id='word_1_236' title='bbox 1257 2882 1470 2948; x_wconf 90' lang='lat' dir='ltr'><strong>domus,</strong></span> <span class='ocrx_word' id='word_1_237' title='bbox 1519 2898 1640 2952; x_wconf 77' lang='lat' dir='ltr'><strong>qua:</strong></span> <span class='ocrx_word' id='word_1_238' title='bbox 1681 2890 1764 2937; x_wconf 88' lang='lat' dir='ltr'><strong>est</strong></span> <span class='ocrx_word' id='word_1_239' title='bbox 1815 2881 2054 2937; x_wconf 81' lang='lat' dir='ltr'><strong>Ecclesia</strong></span> <span class='ocrx_word' id='word_1_240' title='bbox 2105 2881 2200 2936; x_wconf 89' lang='lat' dir='ltr'><strong>Dei</strong></span> 
     </span>
    </p>
   </div>
   <div class='ocr_carea' id='block_1_32' title="bbox 618 2971 2200 3042">
    <p class='ocr_par' dir='ltr' id='par_1_32' title="bbox 618 2971 2200 3042">
     <span class='ocr_line' id='line_1_32' title="bbox 618 2971 2200 3042; baseline 0 -16"><span class='ocrx_word' id='word_1_241' title='bbox 618 2973 744 3026; x_wconf 83' lang='lat' dir='ltr'><strong>vivi.</strong></span> <span class='ocrx_word' id='word_1_242' title='bbox 767 2971 937 3027; x_wconf 92' lang='lat' dir='ltr'><strong>Porro</strong></span> <span class='ocrx_word' id='word_1_243' title='bbox 963 2974 1028 3028; x_wconf 88' lang='lat' dir='ltr'><strong>de</strong></span> <span class='ocrx_word' id='word_1_244' title='bbox 1068 2972 1184 3042; x_wconf 85' lang='lat' dir='ltr'><strong>ipso</strong></span> <span class='ocrx_word' id='word_1_245' title='bbox 1207 2973 1337 3027; x_wconf 88' lang='lat' dir='ltr'><strong>dicit</strong></span> <span class='ocrx_word' id='word_1_246' title='bbox 1383 2973 1658 3042; x_wconf 87' lang='lat' dir='ltr'><strong>apostolus</strong></span> <span class='ocrx_word' id='word_1_247' title='bbox 1687 2971 1885 3028; x_wconf 85' lang='lat' dir='ltr'><strong>Paulus</strong></span> <span class='ocrx_word' id='word_1_248' title='bbox 1917 2991 1930 3027; x_wconf 91' lang='lat'><strong>:</strong></span> <span class='ocrx_word' id='word_1_249' title='bbox 1974 2974 2113 3038; x_wconf 83' lang='lat' dir='ltr'><strong>Quia</strong></span> <span class='ocrx_word' id='word_1_250' title='bbox 2145 2973 2200 3026; x_wconf 86' lang='lat' dir='ltr'><strong>in</strong></span> 
     </span>
    </p>
   </div>
   <div class='ocr_carea' id='block_1_33' title="bbox 617 3062 2200 3135">
    <p class='ocr_par' dir='ltr' id='par_1_33' title="bbox 617 3062 2200 3135">
     <span class='ocr_line' id='line_1_33' title="bbox 617 3062 2200 3135; baseline 0.001 -19"><span class='ocrx_word' id='word_1_251' title='bbox 617 3063 728 3133; x_wconf 86' lang='lat' dir='ltr'><strong>ipso</strong></span> <span class='ocrx_word' id='word_1_252' title='bbox 756 3062 1012 3117; x_wconf 77' lang='lat' dir='ltr'><strong>inhabitat</strong></span> <span class='ocrx_word' id='word_1_253' title='bbox 1036 3064 1202 3117; x_wconf 89' lang='lat' dir='ltr'><strong>omnis</strong></span> <span class='ocrx_word' id='word_1_254' title='bbox 1227 3063 1492 3132; x_wconf 78' lang='lat' dir='ltr'><strong>plenitudo</strong></span> <span class='ocrx_word' id='word_1_255' title='bbox 1523 3065 1809 3118; x_wconf 84' lang='lat' dir='ltr'><strong>divinitatis</strong></span> <span class='ocrx_word' id='word_1_256' title='bbox 1859 3062 2200 3135; x_wconf 80' lang='lat' dir='ltr'><strong>corporaliter</strong></span> 
     </span>
    </p>
   </div>
   <div class='ocr_carea' id='block_1_34' title="bbox 618 3124 2273 3224">
    <p class='ocr_par' dir='ltr' id='par_1_34' title="bbox 618 3124 2273 3224">
     <span class='ocr_line' id='line_1_34' title="bbox 618 3124 2273 3224; baseline 0.001 -18"><span class='ocrx_word' id='word_1_257' title='bbox 618 3124 842 3224; x_wconf 71' lang='lat' dir='ltr'><strong>(Coloss.</strong></span> <span class='ocrx_word' id='word_1_258' title='bbox 888 3169 950 3217; x_wconf 88' lang='grc' dir='ltr'>ιι,</span> <span class='ocrx_word' id='word_1_259' title='bbox 975 3151 1051 3224; x_wconf 83' lang='grc'><strong>9).</strong></span> <span class='ocrx_word' id='word_1_260' title='bbox 1094 3124 1285 3218; x_wconf 65' lang='lat' dir='ltr'><strong>Quaeso</strong></span> <span class='ocrx_word' id='word_1_261' title='bbox 1325 3167 1390 3208; x_wconf 87' lang='lat' dir='ltr'><strong>ne</strong></span> <span class='ocrx_word' id='word_1_262' title='bbox 1434 3151 1552 3208; x_wconf 82' lang='lat' dir='ltr'><strong>leve</strong></span> <span class='ocrx_word' id='word_1_263' title='bbox 1598 3153 1845 3208; x_wconf 89' lang='lat' dir='ltr'><strong>videatur</strong></span> <span class='ocrx_word' id='word_1_264' title='bbox 1894 3124 2038 3224; x_wconf 80' lang='lat' dir='ltr'><strong>quod</strong></span> <span class='ocrx_word' id='word_1_265' title='bbox 2084 3169 2199 3208; x_wconf 88' lang='lat' dir='ltr'><strong>ma-</strong></span> <span class='ocrx_word' id='word_1_266' title='bbox 2226 3124 2273 3190; x_wconf 64' lang='grc' dir='ltr'>Ο</span> 
     </span>
    </p>
   </div>
   <div class='ocr_carea' id='block_1_35' title="bbox 617 3243 2194 3318">
    <p class='ocr_par' dir='ltr' id='par_1_35' title="bbox 617 3243 2194 3318">
     <span class='ocr_line' id='line_1_35' title="bbox 617 3243 2194 3318; baseline 0.003 -22"><span class='ocrx_word' id='word_1_267' title='bbox 617 3259 782 3316; x_wconf 81' lang='lat' dir='ltr'><strong>gnum</strong></span> <span class='ocrx_word' id='word_1_268' title='bbox 829 3252 934 3309; x_wconf 90' lang='lat' dir='ltr'><strong>est,</strong></span> <span class='ocrx_word' id='word_1_269' title='bbox 988 3259 1058 3298; x_wconf 90' lang='lat' dir='ltr'><strong>ne</strong></span> <span class='ocrx_word' id='word_1_270' title='bbox 1114 3244 1232 3300; x_wconf 89' lang='lat' dir='ltr'><strong>sine</strong></span> <span class='ocrx_word' id='word_1_271' title='bbox 1271 3243 1576 3306; x_wconf 81' lang='lat' dir='ltr'><strong>reverentia</strong></span> <span class='ocrx_word' id='word_1_272' title='bbox 1621 3245 1762 3318; x_wconf 89' lang='lat' dir='ltr'><strong>quod</strong></span> <span class='ocrx_word' id='word_1_273' title='bbox 1811 3244 2049 3300; x_wconf 89' lang='lat' dir='ltr'><strong>divinum</strong></span> <span class='ocrx_word' id='word_1_274' title='bbox 2084 3257 2194 3312; x_wconf 84' lang='lat' dir='ltr'><strong>est;</strong></span> 
     </span>
    </p>
   </div>
   <div class='ocr_carea' id='block_1_36' title="bbox 617 3328 2200 3406">
    <p class='ocr_par' dir='ltr' id='par_1_36' title="bbox 617 3328 2200 3406">
     <span class='ocr_line' id='line_1_36' title="bbox 617 3328 2200 3406; baseline 0.003 -19"><span class='ocrx_word' id='word_1_275' title='bbox 617 3334 873 3406; x_wconf 90' lang='lat' dir='ltr'><strong>quoniam</strong></span> <span class='ocrx_word' id='word_1_276' title='bbox 907 3335 1009 3390; x_wconf 88' lang='lat' dir='ltr'><strong>etsi</strong></span> <span class='ocrx_word' id='word_1_277' title='bbox 1037 3335 1330 3405; x_wconf 89' lang='lat' dir='ltr'><strong>jocundum</strong></span> <span class='ocrx_word' id='word_1_278' title='bbox 1384 3343 1466 3389; x_wconf 91' lang='lat' dir='ltr'><strong>est</strong></span> <span class='ocrx_word' id='word_1_279' title='bbox 1513 3328 1812 3406; x_wconf 75' lang='lat' dir='ltr'><strong>virginibus</strong></span> <span class='ocrx_word' id='word_1_280' title='bbox 1863 3336 2004 3406; x_wconf 90' lang='lat' dir='ltr'><strong>quod</strong></span> <span class='ocrx_word' id='word_1_281' title='bbox 2057 3334 2200 3391; x_wconf 90' lang='lat' dir='ltr'><strong>Deus</strong></span> 
     </span>
    </p>
   </div>
   <div class='ocr_carea' id='block_1_37' title="bbox 611 3420 2194 3500">
    <p class='ocr_par' dir='ltr' id='par_1_37' title="bbox 611 3420 2194 3500">
     <span class='ocr_line' id='line_1_37' title="bbox 611 3420 2194 3500; baseline -0.001 -17"><span class='ocrx_word' id='word_1_282' title='bbox 611 3420 782 3483; x_wconf 80' lang='lat' dir='ltr'><strong>homo</strong></span> <span class='ocrx_word' id='word_1_283' title='bbox 807 3443 872 3483; x_wconf 90' lang='lat' dir='ltr'><strong>ac</strong></span> <span class='ocrx_word' id='word_1_284' title='bbox 914 3427 958 3482; x_wconf 87' lang='lat' dir='ltr'><strong>si</strong></span> <span class='ocrx_word' id='word_1_285' title='bbox 982 3443 1233 3498; x_wconf 83' lang='lat' dir='ltr'><strong>sponsus,</strong></span> <span class='ocrx_word' id='word_1_286' title='bbox 1251 3429 1329 3482; x_wconf 84' lang='lat' dir='ltr'><strong>eis</strong></span> <span class='ocrx_word' id='word_1_287' title='bbox 1349 3428 1628 3500; x_wconf 88' lang='lat' dir='ltr'><strong>speciosus</strong></span> <span class='ocrx_word' id='word_1_288' title='bbox 1649 3428 1822 3484; x_wconf 85' lang='lat' dir='ltr'><strong>forma</strong></span> <span class='ocrx_word' id='word_1_289' title='bbox 1846 3427 2194 3495; x_wconf 87' lang='lat' dir='ltr'><strong>describitur,</strong></span> 
     </span>
    </p>
   </div>
   <div class='ocr_carea' id='block_1_38' title="bbox 614 3518 2198 3590">
    <p class='ocr_par' dir='ltr' id='par_1_38' title="bbox 614 3518 2198 3590">
     <span class='ocr_line' id='line_1_38' title="bbox 614 3518 2198 3590; baseline 0 -16"><span class='ocrx_word' id='word_1_290' title='bbox 614 3518 889 3574; x_wconf 80' lang='lat' dir='ltr'><strong>ineﬂ&#39;abile</strong></span> <span class='ocrx_word' id='word_1_291' title='bbox 911 3526 1089 3574; x_wconf 86' lang='lat' dir='ltr'><strong>tamen</strong></span> <span class='ocrx_word' id='word_1_292' title='bbox 1121 3529 1223 3586; x_wconf 91' lang='lat' dir='ltr'><strong>est,</strong></span> <span class='ocrx_word' id='word_1_293' title='bbox 1247 3520 1388 3590; x_wconf 90' lang='lat' dir='ltr'><strong>quod</strong></span> <span class='ocrx_word' id='word_1_294' title='bbox 1418 3519 1684 3590; x_wconf 78' lang='lat' dir='ltr'><strong>fragilitas</strong></span> <span class='ocrx_word' id='word_1_295' title='bbox 1711 3521 1896 3576; x_wconf 89' lang='lat' dir='ltr'><strong>carnis</strong></span> <span class='ocrx_word' id='word_1_296' title='bbox 1928 3520 1996 3574; x_wconf 91' lang='lat' dir='ltr'><strong>ad</strong></span> <span class='ocrx_word' id='word_1_297' title='bbox 2034 3528 2198 3574; x_wconf 71' lang='lat' dir='ltr'><strong>tantzn</strong></span> 
     </span>
    </p>
   </div>
   <div class='ocr_carea' id='block_1_39' title="bbox 618 3608 2202 3690">
    <p class='ocr_par' dir='ltr' id='par_1_39' title="bbox 618 3608 2202 3690">
     <span class='ocr_line' id='line_1_39' title="bbox 618 3608 2202 3690; baseline 0.001 -25"><span class='ocrx_word' id='word_1_298' title='bbox 618 3608 1014 3690; x_wconf 85' lang='lat' dir='ltr'><strong>conjunctionis</strong></span> <span class='ocrx_word' id='word_1_299' title='bbox 1067 3610 1291 3682; x_wconf 87' lang='lat' dir='ltr'><strong>gloriam</strong></span> <span class='ocrx_word' id='word_1_300' title='bbox 1341 3620 1605 3678; x_wconf 85' lang='lat' dir='ltr'><strong>vocatur,</strong></span> <span class='ocrx_word' id='word_1_301' title='bbox 1653 3621 1712 3668; x_wconf 91' lang='lat' dir='ltr'><strong>ut</strong></span> <span class='ocrx_word' id='word_1_302' title='bbox 1750 3611 1964 3666; x_wconf 89' lang='lat' dir='ltr'><strong>Patrem</strong></span> <span class='ocrx_word' id='word_1_303' title='bbox 1988 3611 2202 3666; x_wconf 78' lang='lat' dir='ltr'><strong>&#39;habeat</strong></span> 
     </span>
    </p>
   </div>
   <div class='ocr_carea' id='block_1_40' title="bbox 617 3701 2199 3775">
    <p class='ocr_par' dir='ltr' id='par_1_40' title="bbox 617 3701 2199 3775">
     <span class='ocr_line' id='line_1_40' title="bbox 617 3701 2199 3775; baseline 0.001 -17"><span class='ocrx_word' id='word_1_304' title='bbox 617 3702 812 3770; x_wconf 89' lang='lat' dir='ltr'><strong>Deum,</strong></span> <span class='ocrx_word' id='word_1_305' title='bbox 841 3701 1036 3766; x_wconf 84' lang='lat' dir='ltr'><strong>Filium</strong></span> <span class='ocrx_word' id='word_1_306' title='bbox 1061 3705 1153 3759; x_wconf 87' lang='lat' dir='ltr'><strong>Dei</strong></span> <span class='ocrx_word' id='word_1_307' title='bbox 1183 3705 1420 3770; x_wconf 90' lang='lat' dir='ltr'><strong>unicum,</strong></span> <span class='ocrx_word' id='word_1_308' title='bbox 1447 3703 1669 3760; x_wconf 91' lang='lat' dir='ltr'><strong>fratrem</strong></span> <span class='ocrx_word' id='word_1_309' title='bbox 1705 3712 1760 3759; x_wconf 91' lang='lat' dir='ltr'><strong>et</strong></span> <span class='ocrx_word' id='word_1_310' title='bbox 1808 3719 2086 3775; x_wconf 89' lang='lat' dir='ltr'><strong>sponsum.</strong></span> <span class='ocrx_word' id='word_1_311' title='bbox 2124 3704 2199 3759; x_wconf 91' lang='lat' dir='ltr'><strong>De</strong></span> 
     </span>
    </p>
   </div>
   <div class='ocr_carea' id='block_1_41' title="bbox 619 3796 2194 3870">
    <p class='ocr_par' dir='ltr' id='par_1_41' title="bbox 619 3796 2194 3870">
     <span class='ocr_line' id='line_1_41' title="bbox 619 3796 2194 3870; baseline 0.001 -20"><span class='ocrx_word' id='word_1_312' title='bbox 619 3811 728 3867; x_wconf 90' lang='lat' dir='ltr'><strong>quo</strong></span> <span class='ocrx_word' id='word_1_313' title='bbox 753 3796 1020 3854; x_wconf 87' lang='lat' dir='ltr'><strong>mirantur</strong></span> <span class='ocrx_word' id='word_1_314' title='bbox 1048 3797 1242 3868; x_wconf 79' lang='lat' dir='ltr'><strong>angeli,</strong></span> <span class='ocrx_word' id='word_1_315' title='bbox 1285 3807 1582 3870; x_wconf 89' lang='lat' dir='ltr'><strong>pavescunt</strong></span> <span class='ocrx_word' id='word_1_316' title='bbox 1633 3799 1862 3853; x_wconf 89' lang='lat' dir='ltr'><strong>virtutes</strong></span> <span class='ocrx_word' id='word_1_317' title='bbox 1913 3798 2194 3854; x_wconf 80' lang='lat' dir='ltr'><strong>caelorum.</strong></span> 
     </span>
    </p>
   </div>
   <div class='ocr_carea' id='block_1_42' title="bbox 619 3893 2194 3970">
    <p class='ocr_par' dir='ltr' id='par_1_42' title="bbox 619 3893 2194 3970">
     <span class='ocr_line' id='line_1_42' title="bbox 619 3893 2194 3970; baseline -0.001 -20"><span class='ocrx_word' id='word_1_318' title='bbox 619 3893 826 3950; x_wconf 65' lang='lat' dir='ltr'><strong>Caelum</strong></span> <span class='ocrx_word' id='word_1_319' title='bbox 857 3911 962 3952; x_wconf 92' lang='lat' dir='ltr'><strong>non</strong></span> <span class='ocrx_word' id='word_1_320' title='bbox 993 3895 1140 3967; x_wconf 89' lang='lat' dir='ltr'><strong>capit</strong></span> <span class='ocrx_word' id='word_1_321' title='bbox 1163 3911 1322 3967; x_wconf 87' lang='lat' dir='ltr'><strong>quem</strong></span> <span class='ocrx_word' id='word_1_322' title='bbox 1349 3897 1495 3970; x_wconf 89' lang='lat' dir='ltr'><strong>capit</strong></span> <span class='ocrx_word' id='word_1_323' title='bbox 1530 3905 1743 3962; x_wconf 89' lang='lat' dir='ltr'><strong>uterus,</strong></span> <span class='ocrx_word' id='word_1_324' title='bbox 1781 3895 1861 3951; x_wconf 83' lang='lat' dir='ltr'><strong>sol</strong></span> <span class='ocrx_word' id='word_1_325' title='bbox 1892 3911 1997 3951; x_wconf 93' lang='lat' dir='ltr'><strong>non</strong></span> <span class='ocrx_word' id='word_1_326' title='bbox 2027 3895 2194 3962; x_wconf 83' lang='lat' dir='ltr'><strong>videt,</strong></span> 
     </span>
    </p>
   </div>
   <div class='ocr_carea' id='block_1_43' title="bbox 621 3988 2196 4059">
    <p class='ocr_par' dir='ltr' id='par_1_43' title="bbox 621 3988 2196 4059">
     <span class='ocr_line' id='line_1_43' title="bbox 621 3988 2196 4059; baseline -0.001 -17"><span class='ocrx_word' id='word_1_327' title='bbox 621 3994 765 4042; x_wconf 89' lang='lat' dir='ltr'><strong>terra</strong></span> <span class='ocrx_word' id='word_1_328' title='bbox 794 4003 904 4043; x_wconf 91' lang='lat' dir='ltr'><strong>non</strong></span> <span class='ocrx_word' id='word_1_329' title='bbox 943 3988 1194 4053; x_wconf 88' lang='lat' dir='ltr'><strong>sustinet,</strong></span> <span class='ocrx_word' id='word_1_330' title='bbox 1241 3997 1348 4046; x_wconf 89' lang='lat' dir='ltr'><strong>tota</strong></span> <span class='ocrx_word' id='word_1_331' title='bbox 1404 4005 1510 4046; x_wconf 90' lang='lat' dir='ltr'><strong>non</strong></span> <span class='ocrx_word' id='word_1_332' title='bbox 1567 3988 1876 4059; x_wconf 86' lang='lat' dir='ltr'><strong>assequitur</strong></span> <span class='ocrx_word' id='word_1_333' title='bbox 1922 3989 2196 4042; x_wconf 81' lang='lat' dir='ltr'><strong>creatura.</strong></span> 
     </span>
    </p>
   </div>
   <div class='ocr_carea' id='block_1_44' title="bbox 603 4072 2200 4157">
    <p class='ocr_par' dir='ltr' id='par_1_44' title="bbox 603 4072 2200 4157">
     <span class='ocr_line' id='line_1_44' title="bbox 603 4072 2200 4157; baseline 0 -27"><span class='ocrx_word' id='word_1_334' title='bbox 603 4073 761 4157; x_wconf 36' lang='grc' dir='ltr'><strong>,ρυῑά</strong></span> <span class='ocrx_word' id='word_1_335' title='bbox 813 4077 880 4132; x_wconf 88' lang='lat' dir='ltr'><strong>ad</strong></span> <span class='ocrx_word' id='word_1_336' title='bbox 925 4075 1044 4132; x_wconf 86' lang='lat' dir='ltr'><strong>haec</strong></span> <span class='ocrx_word' id='word_1_337' title='bbox 1091 4077 1318 4134; x_wconf 88' lang='lat' dir='ltr'><strong>mortale</strong></span> <span class='ocrx_word' id='word_1_338' title='bbox 1359 4077 1523 4133; x_wconf 88' lang='lat' dir='ltr'><strong>faciat</strong></span> <span class='ocrx_word' id='word_1_339' title='bbox 1574 4087 1782 4148; x_wconf 87' lang='lat' dir='ltr'><strong>pectus,</strong></span> <span class='ocrx_word' id='word_1_340' title='bbox 1826 4072 2200 4132; x_wconf 69' lang='lat' dir='ltr'><strong>charissimze?</strong></span> 
     </span>
    </p>
   </div>
   <div class='ocr_carea' id='block_1_45' title="bbox 624 4152 2200 4234">
    <p class='ocr_par' dir='ltr' id='par_1_45' title="bbox 624 4152 2200 4234">
     <span class='ocr_line' id='line_1_45' title="bbox 624 4152 2200 4234; baseline 0.001 -14"><span class='ocrx_word' id='word_1_341' title='bbox 624 4152 832 4234; x_wconf 77' lang='lat' dir='ltr'><strong>Quidve</strong></span> <span class='ocrx_word' id='word_1_342' title='bbox 897 4183 1054 4224; x_wconf 89' lang='lat' dir='ltr'><strong>mens</strong></span> <span class='ocrx_word' id='word_1_343' title='bbox 1113 4167 1398 4224; x_wconf 89' lang='lat' dir='ltr'><strong>imbecillis</strong></span> <span class='ocrx_word' id='word_1_344' title='bbox 1447 4169 1719 4224; x_wconf 88' lang='lat' dir='ltr'><strong>humana?</strong></span> <span class='ocrx_word' id='word_1_345' title='bbox 1765 4165 2046 4234; x_wconf 84' lang='lat' dir='ltr'><strong>Quomodo</strong></span> <span class='ocrx_word' id='word_1_346' title='bbox 2109 4181 2200 4222; x_wconf 87' lang='lat' dir='ltr'><strong>ca-</strong></span> 
     </span>
    </p>
   </div>
   <div class='ocr_carea' id='block_1_46' title="bbox 599 4254 2199 4336">
    <p class='ocr_par' dir='ltr' id='par_1_46' title="bbox 599 4254 2199 4336">
     <span class='ocr_line' id='line_1_46' title="bbox 599 4254 2199 4336; baseline -0.001 -23"><span class='ocrx_word' id='word_1_347' title='bbox 599 4255 732 4336; x_wconf 52' lang='lat' dir='ltr'><strong>&quot;piat</strong></span> <span class='ocrx_word' id='word_1_348' title='bbox 759 4259 982 4316; x_wconf 86' lang='lat' dir='ltr'><strong>verbum</strong></span> <span class='ocrx_word' id='word_1_349' title='bbox 1011 4260 1155 4331; x_wconf 91' lang='lat' dir='ltr'><strong>quod</strong></span> <span class='ocrx_word' id='word_1_350' title='bbox 1175 4269 1480 4316; x_wconf 88' lang='lat' dir='ltr'><strong>eructatum</strong></span> <span class='ocrx_word' id='word_1_351' title='bbox 1532 4267 1617 4314; x_wconf 89' lang='lat' dir='ltr'><strong>est</strong></span> <span class='ocrx_word' id='word_1_352' title='bbox 1670 4258 1736 4313; x_wconf 88' lang='lat' dir='ltr'><strong>de</strong></span> <span class='ocrx_word' id='word_1_353' title='bbox 1783 4257 1946 4313; x_wconf 90' lang='lat' dir='ltr'><strong>corde</strong></span> <span class='ocrx_word' id='word_1_354' title='bbox 1997 4254 2199 4324; x_wconf 86' lang='lat' dir='ltr'><strong>Patris,</strong></span> 
     </span>
    </p>
   </div>
   <div class='ocr_carea' id='block_1_47' title="bbox 603 4351 2199 4427">
    <p class='ocr_par' dir='ltr' id='par_1_47' title="bbox 603 4351 2199 4427">
     <span class='ocr_line' id='line_1_47' title="bbox 603 4351 2199 4427; baseline -0.002 -19"><span class='ocrx_word' id='word_1_355' title='bbox 603 4353 763 4427; x_wconf 38' lang='lat' dir='ltr'><strong>‘quod</strong></span> <span class='ocrx_word' id='word_1_356' title='bbox 787 4354 1176 4424; x_wconf 87' lang='lat' dir='ltr'><strong>sempiternum</strong></span> <span class='ocrx_word' id='word_1_357' title='bbox 1207 4362 1292 4410; x_wconf 90' lang='lat' dir='ltr'><strong>est</strong></span> <span class='ocrx_word' id='word_1_358' title='bbox 1332 4354 1384 4408; x_wconf 88' lang='lat' dir='ltr'><strong>in</strong></span> <span class='ocrx_word' id='word_1_359' title='bbox 1410 4352 1616 4407; x_wconf 87' lang='lat' dir='ltr'><strong>Patre?</strong></span> <span class='ocrx_word' id='word_1_360' title='bbox 1651 4351 1790 4420; x_wconf 86' lang='lat' dir='ltr'><strong>Quid</strong></span> <span class='ocrx_word' id='word_1_361' title='bbox 1834 4351 1901 4406; x_wconf 90' lang='lat' dir='ltr'><strong>ad</strong></span> <span class='ocrx_word' id='word_1_362' title='bbox 1934 4351 2076 4406; x_wconf 89' lang='lat' dir='ltr'><strong>istud</strong></span> <span class='ocrx_word' id='word_1_363' title='bbox 2096 4351 2199 4405; x_wconf 90' lang='lat' dir='ltr'><strong>hu-</strong></span> 
     </span>
    </p>
   </div>
   <div class='ocr_carea' id='block_1_48' title="bbox 599 4441 2201 4522">
    <p class='ocr_par' dir='ltr' id='par_1_48' title="bbox 599 4441 2201 4522">
     <span class='ocr_line' id='line_1_48' title="bbox 599 4441 2201 4522; baseline -0.001 -23"><span class='ocrx_word' id='word_1_364' title='bbox 599 4445 768 4522; x_wconf 42' lang='lat' dir='ltr'><strong>‘mani</strong></span> <span class='ocrx_word' id='word_1_365' title='bbox 793 4460 983 4502; x_wconf 89' lang='lat' dir='ltr'><strong>sensus</strong></span> <span class='ocrx_word' id='word_1_366' title='bbox 1010 4444 1301 4516; x_wconf 64' lang='lat' dir='ltr'><strong>angustiae?</strong></span> <span class='ocrx_word' id='word_1_367' title='bbox 1323 4443 1460 4514; x_wconf 87' lang='lat' dir='ltr'><strong>Quid</strong></span> <span class='ocrx_word' id='word_1_368' title='bbox 1507 4443 1575 4498; x_wconf 88' lang='lat' dir='ltr'><strong>ad</strong></span> <span class='ocrx_word' id='word_1_369' title='bbox 1605 4444 1719 4499; x_wconf 59' lang='lat' dir='ltr'><strong>haec</strong></span> <span class='ocrx_word' id='word_1_370' title='bbox 1747 4443 2000 4498; x_wconf 61' lang='lat' dir='ltr'><strong>humanae</strong></span> <span class='ocrx_word' id='word_1_371' title='bbox 2051 4441 2201 4499; x_wconf 83' lang='lat' dir='ltr'><strong>vocis</strong></span> 
     </span>
    </p>
   </div>
   <div class='ocr_carea' id='block_1_49' title="bbox 597 4533 2194 4612">
    <p class='ocr_par' dir='ltr' id='par_1_49' title="bbox 597 4533 2194 4612">
     <span class='ocr_line' id='line_1_49' title="bbox 597 4533 2194 4612; baseline 0 -22"><span class='ocrx_word' id='word_1_372' title='bbox 597 4604 608 4612; x_wconf 86' lang='lat'><strong>_</strong></span> <span class='ocrx_word' id='word_1_373' title='bbox 623 4537 838 4590; x_wconf 88' lang='lat' dir='ltr'><strong>natura?</strong></span> <span class='ocrx_word' id='word_1_374' title='bbox 853 4535 1056 4604; x_wconf 84' lang='lat' dir='ltr'><strong>Quidve</strong></span> <span class='ocrx_word' id='word_1_375' title='bbox 1072 4537 1138 4590; x_wconf 89' lang='lat' dir='ltr'><strong>ad</strong></span> <span class='ocrx_word' id='word_1_376' title='bbox 1159 4537 1260 4592; x_wconf 89' lang='lat' dir='ltr'><strong>hoc</strong></span> <span class='ocrx_word' id='word_1_377' title='bbox 1273 4537 1496 4592; x_wconf 84' lang='lat' dir='ltr'><strong>verbum</strong></span> <span class='ocrx_word' id='word_1_378' title='bbox 1513 4533 1748 4592; x_wconf 88' lang='lat' dir='ltr'><strong>humana</strong></span> <span class='ocrx_word' id='word_1_379' title='bbox 1763 4535 1942 4604; x_wconf 77' lang='lat' dir='ltr'><strong>lingua</strong></span> <span class='ocrx_word' id='word_1_380' title='bbox 1957 4535 2194 4602; x_wconf 89' lang='lat' dir='ltr'><strong>dictura,</strong></span> 
     </span>
    </p>
   </div>
   <div class='ocr_carea' id='block_1_50' title="bbox 623 4624 2196 4700">
    <p class='ocr_par' dir='ltr' id='par_1_50' title="bbox 623 4624 2196 4700">
     <span class='ocr_line' id='line_1_50' title="bbox 623 4624 2196 4700; baseline 0 -18"><span class='ocrx_word' id='word_1_381' title='bbox 623 4642 744 4682; x_wconf 91' lang='lat' dir='ltr'><strong>cum</strong></span> <span class='ocrx_word' id='word_1_382' title='bbox 767 4627 837 4681; x_wconf 85' lang='lat' dir='ltr'><strong>sit</strong></span> <span class='ocrx_word' id='word_1_383' title='bbox 854 4624 1119 4683; x_wconf 83' lang='lat' dir='ltr'><strong>inell‘abile</strong></span> <span class='ocrx_word' id='word_1_384' title='bbox 1129 4639 1186 4682; x_wconf 91' lang='lat' dir='ltr'><strong>et</strong></span> <span class='ocrx_word' id='word_1_385' title='bbox 1199 4625 1492 4683; x_wconf 90' lang='lat' dir='ltr'><strong>inauditum</strong></span> <span class='ocrx_word' id='word_1_386' title='bbox 1508 4629 1728 4684; x_wconf 88' lang='lat' dir='ltr'><strong>verbum</strong></span> <span class='ocrx_word' id='word_1_387' title='bbox 1749 4643 1847 4700; x_wconf 90' lang='lat' dir='ltr'><strong>per</strong></span> <span class='ocrx_word' id='word_1_388' title='bbox 1859 4627 2000 4698; x_wconf 90' lang='lat' dir='ltr'><strong>quod</strong></span> <span class='ocrx_word' id='word_1_389' title='bbox 2015 4628 2196 4694; x_wconf 85' lang='lat' dir='ltr'><strong>omnia</strong></span> 
     </span>
    </p>
   </div>
   <div class='ocr_carea' id='block_1_51' title="bbox 599 4704 2198 4793">
    <p class='ocr_par' dir='ltr' id='par_1_51' title="bbox 599 4704 2198 4793">
     <span class='ocr_line' id='line_1_51' title="bbox 599 4704 2198 4793; baseline 0.001 -19"><span class='ocrx_word' id='word_1_390' title='bbox 599 4704 998 4790; x_wconf 25' lang='lat' dir='ltr'><strong>isunt‘?1257</strong></span> <span class='ocrx_word' id='word_1_391' title='bbox 1019 4717 1250 4775; x_wconf 84' lang='lat' dir='ltr'><strong>Verbum</strong></span> <span class='ocrx_word' id='word_1_392' title='bbox 1276 4736 1498 4775; x_wconf 87' lang='lat' dir='ltr'><strong>manens</strong></span> <span class='ocrx_word' id='word_1_393' title='bbox 1514 4721 1566 4775; x_wconf 91' lang='lat' dir='ltr'><strong>in</strong></span> <span class='ocrx_word' id='word_1_394' title='bbox 1589 4720 1770 4786; x_wconf 86' lang='lat' dir='ltr'><strong>Patre,</strong></span> <span class='ocrx_word' id='word_1_395' title='bbox 1787 4721 1926 4793; x_wconf 80' lang='lat' dir='ltr'><strong>quod</strong></span> <span class='ocrx_word' id='word_1_396' title='bbox 1939 4737 2030 4775; x_wconf 83' lang='lat' dir='ltr'><strong>nec</strong></span> <span class='ocrx_word' id='word_1_397' title='bbox 2051 4721 2198 4776; x_wconf 85' lang='lat' dir='ltr'><strong>auris</strong></span> 
     </span>
    </p>
   </div>
   <div class='ocr_carea' id='block_1_52' title="bbox 625 4809 2199 4886">
    <p class='ocr_par' dir='ltr' id='par_1_52' title="bbox 625 4809 2199 4886">
     <span class='ocr_line' id='line_1_52' title="bbox 625 4809 2199 4886; baseline 0 -20"><span class='ocrx_word' id='word_1_398' title='bbox 625 4809 842 4875; x_wconf 82' lang='lat' dir='ltr'><strong>audivit,</strong></span> <span class='ocrx_word' id='word_1_399' title='bbox 871 4827 963 4866; x_wconf 82' lang='lat' dir='ltr'><strong>nec</strong></span> <span class='ocrx_word' id='word_1_400' title='bbox 992 4811 1047 4866; x_wconf 90' lang='lat' dir='ltr'><strong>in</strong></span> <span class='ocrx_word' id='word_1_401' title='bbox 1071 4829 1162 4866; x_wconf 86' lang='lat' dir='ltr'><strong>cor</strong></span> <span class='ocrx_word' id='word_1_402' title='bbox 1190 4812 1414 4866; x_wconf 76' lang='lat' dir='ltr'><strong>hominis</strong></span> <span class='ocrx_word' id='word_1_403' title='bbox 1439 4813 1670 4868; x_wconf 75' lang='lat' dir='ltr'><strong>ascendit</strong></span> <span class='ocrx_word' id='word_1_404' title='bbox 1701 4809 1756 4886; x_wconf 88' lang='grc'><strong>(1</strong></span> <span class='ocrx_word' id='word_1_405' title='bbox 1786 4812 1908 4866; x_wconf 85' lang='lat' dir='ltr'><strong>Cor.</strong></span> <span class='ocrx_word' id='word_1_406' title='bbox 1933 4829 1994 4878; x_wconf 88' lang='grc' dir='ltr'>ιι,</span> <span class='ocrx_word' id='word_1_407' title='bbox 2020 4811 2094 4884; x_wconf 88' lang='lat'><strong>9).</strong></span> <span class='ocrx_word' id='word_1_408' title='bbox 2123 4812 2199 4866; x_wconf 90' lang='lat' dir='ltr'><strong>De</strong></span> 
     </span>
    </p>
   </div>
   <div class='ocr_carea' id='block_1_53' title="bbox 597 4901 2196 4970">
    <p class='ocr_par' dir='ltr' id='par_1_53' title="bbox 597 4901 2196 4970">
     <span class='ocr_line' id='line_1_53' title="bbox 597 4901 2196 4970; baseline 0.002 -14"><span class='ocrx_word' id='word_1_409' title='bbox 597 4902 727 4968; x_wconf 56' lang='lat' dir='ltr'><strong>,hoc</strong></span> <span class='ocrx_word' id='word_1_410' title='bbox 755 4901 920 4958; x_wconf 87' lang='lat' dir='ltr'><strong>Isaias</strong></span> <span class='ocrx_word' id='word_1_411' title='bbox 969 4901 1134 4958; x_wconf 89' lang='lat' dir='ltr'><strong>verbo</strong></span> <span class='ocrx_word' id='word_1_412' title='bbox 1162 4919 1282 4958; x_wconf 90' lang='lat' dir='ltr'><strong>cum</strong></span> <span class='ocrx_word' id='word_1_413' title='bbox 1331 4903 1569 4959; x_wconf 86' lang='lat' dir='ltr'><strong>audisset</strong></span> <span class='ocrx_word' id='word_1_414' title='bbox 1593 4903 1800 4970; x_wconf 89' lang='lat' dir='ltr'><strong>auditu,</strong></span> <span class='ocrx_word' id='word_1_415' title='bbox 1831 4903 2090 4958; x_wconf 89' lang='lat' dir='ltr'><strong>divinitus</strong></span> <span class='ocrx_word' id='word_1_416' title='bbox 2111 4904 2196 4959; x_wconf 85' lang='lat' dir='ltr'><strong>in-</strong></span> 
     </span>
    </p>
   </div>
   <div class='ocr_carea' id='block_1_54' title="bbox 599 4981 2201 5068">
    <p class='ocr_par' dir='ltr' id='par_1_54' title="bbox 599 4981 2201 5068">
     <span class='ocr_line' id='line_1_54' title="bbox 599 4981 2201 5068; baseline -0.001 -16"><span class='ocrx_word' id='word_1_417' title='bbox 599 4981 885 5068; x_wconf 63' lang='lat' dir='ltr'><strong>spiratus,</strong></span> <span class='ocrx_word' id='word_1_418' title='bbox 936 4998 1164 5052; x_wconf 88' lang='lat' dir='ltr'><strong>miratur</strong></span> <span class='ocrx_word' id='word_1_419' title='bbox 1211 4999 1478 5068; x_wconf 90' lang='lat' dir='ltr'><strong>quomodo</strong></span> <span class='ocrx_word' id='word_1_420' title='bbox 1540 4999 1608 5052; x_wconf 87' lang='lat' dir='ltr'><strong>ad</strong></span> <span class='ocrx_word' id='word_1_421' title='bbox 1676 4998 1972 5052; x_wconf 89' lang='lat' dir='ltr'><strong>humanum</strong></span> <span class='ocrx_word' id='word_1_422' title='bbox 2027 4995 2201 5066; x_wconf 86' lang='lat' dir='ltr'><strong>possit</strong></span> 
     </span>
    </p>
   </div>
   <div class='ocr_carea' id='block_1_55' title="bbox 595 5072 2199 5161">
    <p class='ocr_par' dir='ltr' id='par_1_55' title="bbox 595 5072 2199 5161">
     <span class='ocr_line' id='line_1_55' title="bbox 595 5072 2199 5161; baseline -0.004 -15"><span class='ocrx_word' id='word_1_423' title='bbox 595 5072 910 5161; x_wconf 33' lang='lat' dir='ltr'><strong>(pervenire</strong></span> <span class='ocrx_word' id='word_1_424' title='bbox 951 5090 1215 5157; x_wconf 88' lang='lat' dir='ltr'><strong>auditum,</strong></span> <span class='ocrx_word' id='word_1_425' title='bbox 1257 5091 1440 5145; x_wconf 88' lang='lat' dir='ltr'><strong>dicens</strong></span> <span class='ocrx_word' id='word_1_426' title='bbox 1467 5109 1480 5143; x_wconf 92' lang='lat'><strong>:</strong></span> <span class='ocrx_word' id='word_1_427' title='bbox 1510 5089 1750 5156; x_wconf 85' lang='lat' dir='ltr'><strong>Domine,</strong></span> <span class='ocrx_word' id='word_1_428' title='bbox 1807 5088 1923 5160; x_wconf 86' lang='lat' dir='ltr'><strong>quis</strong></span> <span class='ocrx_word' id='word_1_429' title='bbox 1975 5087 2199 5141; x_wconf 83' lang='lat' dir='ltr'><strong>credidit</strong></span> 
     </span>
    </p>
   </div>
   <div class='ocr_carea' id='block_1_56' title="bbox 625 5163 2197 5252">
    <p class='ocr_par' dir='ltr' id='par_1_56' title="bbox 625 5163 2197 5252">
     <span class='ocr_line' id='line_1_56' title="bbox 625 5163 2197 5252; baseline 0 -16"><span class='ocrx_word' id='word_1_430' title='bbox 625 5182 833 5236; x_wconf 73' lang='grc' dir='ltr'>(ιιιάὶλαὶ</span> <span class='ocrx_word' id='word_1_431' title='bbox 866 5163 1081 5238; x_wconf 79' lang='lat' dir='ltr'><strong>nostro?</strong></span> <span class='ocrx_word' id='word_1_432' title='bbox 1117 5181 1252 5252; x_wconf 85' lang='lat' dir='ltr'><strong>(lsa.</strong></span> <span class='ocrx_word' id='word_1_433' title='bbox 1308 5197 1438 5246; x_wconf 84' lang='lat' dir='ltr'><strong>Lm,</strong></span> <span class='ocrx_word' id='word_1_434' title='bbox 1498 5180 1572 5252; x_wconf 78' lang='lat' dir='ltr'><strong>l.)</strong></span> <span class='ocrx_word' id='word_1_435' title='bbox 1622 5181 1696 5234; x_wconf 90' lang='lat' dir='ltr'><strong>De</strong></span> <span class='ocrx_word' id='word_1_436' title='bbox 1755 5181 1857 5235; x_wconf 90' lang='lat' dir='ltr'><strong>hoc</strong></span> <span class='ocrx_word' id='word_1_437' title='bbox 1912 5177 2197 5248; x_wconf 85' lang='lat' dir='ltr'><strong>Jeremias,</strong></span> 
     </span>
    </p>
   </div>
   <div class='ocr_carea' id='block_1_57' title="bbox 626 5269 2200 5342">
    <p class='ocr_par' dir='ltr' id='par_1_57' title="bbox 626 5269 2200 5342">
     <span class='ocr_line' id='line_1_57' title="bbox 626 5269 2200 5342; baseline -0.003 -15"><span class='ocrx_word' id='word_1_438' title='bbox 626 5287 748 5328; x_wconf 92' lang='lat' dir='ltr'><strong>cum</strong></span> <span class='ocrx_word' id='word_1_439' title='bbox 777 5272 958 5328; x_wconf 84' lang='lat' dir='ltr'><strong>divino</strong></span> <span class='ocrx_word' id='word_1_440' title='bbox 979 5272 1318 5342; x_wconf 87' lang='lat' dir='ltr'><strong>concepisset</strong></span> <span class='ocrx_word' id='word_1_441' title='bbox 1337 5269 1550 5334; x_wconf 78' lang='lat' dir='ltr'><strong>alfectu,</strong></span> <span class='ocrx_word' id='word_1_442' title='bbox 1583 5269 1672 5323; x_wconf 84' lang='lat' dir='ltr'><strong>vix</strong></span> <span class='ocrx_word' id='word_1_443' title='bbox 1698 5270 1974 5323; x_wconf 90' lang='lat' dir='ltr'><strong>sustinens</strong></span> <span class='ocrx_word' id='word_1_444' title='bbox 1999 5269 2200 5323; x_wconf 57' lang='lat' dir='ltr'><strong>clama.</strong></span> 
     </span>
    </p>
   </div>
   <div class='ocr_carea' id='block_1_58' title="bbox 622 5359 2203 5428">
    <p class='ocr_par' dir='ltr' id='par_1_58' title="bbox 622 5359 2203 5428">
     <span class='ocr_line' id='line_1_58' title="bbox 622 5359 2203 5428; baseline -0.001 -11"><span class='ocrx_word' id='word_1_445' title='bbox 622 5365 718 5428; x_wconf 79' lang='lat' dir='ltr'><strong>bat</strong></span> <span class='ocrx_word' id='word_1_446' title='bbox 747 5381 760 5417; x_wconf 91' lang='lat'>:</span> <span class='ocrx_word' id='word_1_447' title='bbox 806 5361 1041 5418; x_wconf 77' lang='lat' dir='ltr'><strong>Ventrem</strong></span> <span class='ocrx_word' id='word_1_448' title='bbox 1062 5379 1252 5425; x_wconf 86' lang='lat' dir='ltr'><strong>meum,</strong></span> <span class='ocrx_word' id='word_1_449' title='bbox 1280 5371 1502 5417; x_wconf 70' lang='lat' dir='ltr'><strong>ventrem</strong></span> <span class='ocrx_word' id='word_1_450' title='bbox 1538 5377 1708 5414; x_wconf 90' lang='lat' dir='ltr'><strong>meum</strong></span> <span class='ocrx_word' id='word_1_451' title='bbox 1753 5359 1920 5424; x_wconf 86' lang='lat' dir='ltr'><strong>doleo,</strong></span> <span class='ocrx_word' id='word_1_452' title='bbox 1945 5369 1990 5414; x_wconf 87' lang='lat' dir='ltr'><strong>et</strong></span> <span class='ocrx_word' id='word_1_453' title='bbox 2022 5377 2203 5416; x_wconf 85' lang='lat' dir='ltr'><strong>sensus</strong></span> 
     </span>
    </p>
   </div>
   <div class='ocr_carea' id='block_1_59' title="bbox 626 5449 2202 5522">
    <p class='ocr_par' dir='ltr' id='par_1_59' title="bbox 626 5449 2202 5522">
     <span class='ocr_line' id='line_1_59' title="bbox 626 5449 2202 5522; baseline -0.002 -13"><span class='ocrx_word' id='word_1_454' title='bbox 626 5453 799 5509; x_wconf 70' lang='lat' dir='ltr'><strong>cordis</strong></span> <span class='ocrx_word' id='word_1_455' title='bbox 851 5455 954 5506; x_wconf 88' lang='lat' dir='ltr'><strong>mei</strong></span> <span class='ocrx_word' id='word_1_456' title='bbox 999 5452 1294 5506; x_wconf 86' lang='lat' dir='ltr'><strong>conturbati</strong></span> <span class='ocrx_word' id='word_1_457' title='bbox 1325 5460 1444 5505; x_wconf 86' lang='lat' dir='ltr'><strong>sunt</strong></span> <span class='ocrx_word' id='word_1_458' title='bbox 1473 5449 1688 5522; x_wconf 85' lang='lat' dir='ltr'><strong>(Jerem.</strong></span> <span class='ocrx_word' id='word_1_459' title='bbox 1739 5465 1813 5516; x_wconf 84' lang='lat' dir='ltr'><strong>tv,</strong></span> <span class='ocrx_word' id='word_1_460' title='bbox 1849 5449 1957 5518; x_wconf 79' lang='lat' dir='ltr'><strong>l9).</strong></span> <span class='ocrx_word' id='word_1_461' title='bbox 1993 5449 2068 5504; x_wconf 90' lang='lat' dir='ltr'><strong>De</strong></span> <span class='ocrx_word' id='word_1_462' title='bbox 2097 5451 2202 5506; x_wconf 88' lang='lat' dir='ltr'><strong>hoc</strong></span> 
     </span>
    </p>
   </div>
   <div class='ocr_carea' id='block_1_60' title="bbox 625 5543 2202 5614">
    <p class='ocr_par' dir='ltr' id='par_1_60' title="bbox 625 5543 2202 5614">
     <span class='ocr_line' id='line_1_60' title="bbox 625 5543 2202 5614; baseline -0.003 -13"><span class='ocrx_word' id='word_1_463' title='bbox 625 5547 882 5601; x_wconf 80' lang='lat' dir='ltr'><strong>Abacuc:</strong></span> <span class='ocrx_word' id='word_1_464' title='bbox 911 5545 1154 5609; x_wconf 86' lang='lat' dir='ltr'><strong>Domine,</strong></span> <span class='ocrx_word' id='word_1_465' title='bbox 1177 5544 1372 5614; x_wconf 87' lang='lat' dir='ltr'><strong>inquit,</strong></span> <span class='ocrx_word' id='word_1_466' title='bbox 1401 5543 1578 5596; x_wconf 84' lang='lat' dir='ltr'><strong>audivi</strong></span> <span class='ocrx_word' id='word_1_467' title='bbox 1606 5543 1843 5595; x_wconf 85' lang='lat' dir='ltr'><strong>auditum</strong></span> <span class='ocrx_word' id='word_1_468' title='bbox 1867 5553 2038 5608; x_wconf 88' lang='lat' dir='ltr'><strong>tuum,</strong></span> <span class='ocrx_word' id='word_1_469' title='bbox 2063 5553 2109 5596; x_wconf 83' lang='lat' dir='ltr'><strong>et</strong></span> <span class='ocrx_word' id='word_1_470' title='bbox 2131 5543 2202 5596; x_wconf 83' lang='lat' dir='ltr'><strong>ti-</strong></span> 
     </span>
    </p>
   </div>
   <div class='ocr_carea' id='block_1_61' title="bbox 626 5634 2198 5708">
    <p class='ocr_par' dir='ltr' id='par_1_61' title="bbox 626 5634 2198 5708">
     <span class='ocr_line' id='line_1_61' title="bbox 626 5634 2198 5708; baseline -0.003 -15"><span class='ocrx_word' id='word_1_471' title='bbox 626 5639 757 5704; x_wconf 79' lang='lat' dir='ltr'><strong>mui,</strong></span> <span class='ocrx_word' id='word_1_472' title='bbox 793 5637 1116 5692; x_wconf 86' lang='lat' dir='ltr'><strong>consideravi</strong></span> <span class='ocrx_word' id='word_1_473' title='bbox 1142 5655 1297 5708; x_wconf 84' lang='lat' dir='ltr'><strong>opera</strong></span> <span class='ocrx_word' id='word_1_474' title='bbox 1326 5647 1437 5700; x_wconf 88' lang='lat' dir='ltr'><strong>tua,</strong></span> <span class='ocrx_word' id='word_1_475' title='bbox 1473 5647 1518 5690; x_wconf 86' lang='lat' dir='ltr'><strong>et</strong></span> <span class='ocrx_word' id='word_1_476' title='bbox 1539 5635 1736 5706; x_wconf 62' lang='lat' dir='ltr'><strong>expetvi.</strong></span> <span class='ocrx_word' id='word_1_477' title='bbox 1774 5635 1836 5687; x_wconf 85' lang='lat' dir='ltr'><strong>Et</strong></span> <span class='ocrx_word' id='word_1_478' title='bbox 1863 5634 2056 5689; x_wconf 86' lang='lat' dir='ltr'><strong>deinde</strong></span> <span class='ocrx_word' id='word_1_479' title='bbox 2081 5635 2198 5689; x_wconf 88' lang='lat' dir='ltr'><strong>ait:</strong></span> 
     </span>
    </p>
   </div>
   <div class='ocr_carea' id='block_1_62' title="bbox 589 5715 2201 5796">
    <p class='ocr_par' dir='ltr' id='par_1_62' title="bbox 589 5715 2201 5796">
     <span class='ocr_line' id='line_1_62' title="bbox 589 5715 2201 5796; baseline -0.004 -7"><span class='ocrx_word' id='word_1_480' title='bbox 589 5715 596 5722; x_wconf 49' lang='grc'><em>’</em></span> <span class='ocrx_word' id='word_1_481' title='bbox 628 5729 852 5794; x_wconf 74' lang='lat' dir='ltr'><strong>Intravit</strong></span> <span class='ocrx_word' id='word_1_482' title='bbox 881 5743 1076 5789; x_wconf 80' lang='lat' dir='ltr'><strong>tremor</strong></span> <span class='ocrx_word' id='word_1_483' title='bbox 1108 5731 1165 5787; x_wconf 85' lang='lat' dir='ltr'><strong>in</strong></span> <span class='ocrx_word' id='word_1_484' title='bbox 1213 5747 1329 5786; x_wconf 86' lang='lat' dir='ltr'><strong>ossa</strong></span> <span class='ocrx_word' id='word_1_485' title='bbox 1369 5746 1507 5796; x_wconf 87' lang='lat' dir='ltr'><strong>mea,</strong></span> <span class='ocrx_word' id='word_1_486' title='bbox 1537 5740 1585 5783; x_wconf 89' lang='lat' dir='ltr'><strong>et</strong></span> <span class='ocrx_word' id='word_1_487' title='bbox 1616 5729 1796 5782; x_wconf 88' lang='lat' dir='ltr'><strong>subtus</strong></span> <span class='ocrx_word' id='word_1_488' title='bbox 1839 5745 1919 5782; x_wconf 89' lang='lat' dir='ltr'><strong>me</strong></span> <span class='ocrx_word' id='word_1_489' title='bbox 1959 5739 2100 5781; x_wconf 80' lang='lat' dir='ltr'><strong>mota</strong></span> <span class='ocrx_word' id='word_1_490' title='bbox 2127 5738 2201 5783; x_wconf 86' lang='lat' dir='ltr'><strong>est</strong></span> 
     </span>
    </p>
   </div>
   <div class='ocr_carea' id='block_1_63' title="bbox 2299 503 3860 574">
    <p class='ocr_par' dir='ltr' id='par_1_63' title="bbox 2299 503 3860 574">
     <span class='ocr_line' id='line_1_63' title="bbox 2299 503 3860 574; baseline 0.004 -18"><span class='ocrx_word' id='word_1_491' title='bbox 2299 504 2459 574; x_wconf 90' lang='lat' dir='ltr'><strong>pheta</strong></span> <span class='ocrx_word' id='word_1_492' title='bbox 2487 505 2730 558; x_wconf 82' lang='lat' dir='ltr'><strong>elevatus</strong></span> <span class='ocrx_word' id='word_1_493' title='bbox 2756 503 2955 560; x_wconf 78' lang='lat' dir='ltr'><strong>virtute</strong></span> <span class='ocrx_word' id='word_1_494' title='bbox 2981 503 3100 568; x_wconf 88' lang='lat' dir='ltr'><strong>Dei,</strong></span> <span class='ocrx_word' id='word_1_495' title='bbox 3125 505 3290 560; x_wconf 83' lang='lat' dir='ltr'><strong>sensit</strong></span> <span class='ocrx_word' id='word_1_496' title='bbox 3318 521 3469 560; x_wconf 88' lang='lat' dir='ltr'><strong>suam</strong></span> <span class='ocrx_word' id='word_1_497' title='bbox 3496 507 3595 560; x_wconf 89' lang='lat' dir='ltr'><strong>sub</strong></span> <span class='ocrx_word' id='word_1_498' title='bbox 3620 523 3675 560; x_wconf 89' lang='lat' dir='ltr'><strong>se</strong></span> <span class='ocrx_word' id='word_1_499' title='bbox 3697 524 3860 564; x_wconf 86' lang='lat' dir='ltr'><strong>succu-</strong></span> 
     </span>
    </p>
   </div>
   <div class='ocr_carea' id='block_1_64' title="bbox 2299 583 3855 672">
    <p class='ocr_par' dir='ltr' id='par_1_64' title="bbox 2299 583 3855 672">
     <span class='ocr_line' id='line_1_64' title="bbox 2299 583 3855 672; baseline 0.006 -22"><span class='ocrx_word' id='word_1_500' title='bbox 2299 596 2481 652; x_wconf 90' lang='lat' dir='ltr'><strong>buisse</strong></span> <span class='ocrx_word' id='word_1_501' title='bbox 2507 598 2781 653; x_wconf 84' lang='lat' dir='ltr'><strong>virtutem.</strong></span> <span class='ocrx_word' id='word_1_502' title='bbox 2817 595 2908 652; x_wconf 91' lang='lat' dir='ltr'><strong>Sic</strong></span> <span class='ocrx_word' id='word_1_503' title='bbox 2936 606 2992 652; x_wconf 89' lang='lat' dir='ltr'><strong>et</strong></span> <span class='ocrx_word' id='word_1_504' title='bbox 3041 613 3234 652; x_wconf 83' lang='lat' dir='ltr'><strong>omnes</strong></span> <span class='ocrx_word' id='word_1_505' title='bbox 3265 599 3439 654; x_wconf 84' lang='lat' dir='ltr'><strong>sancti</strong></span> <span class='ocrx_word' id='word_1_506' title='bbox 3467 615 3496 653; x_wconf 89' lang='lat' dir='ltr'><strong>a</strong></span> <span class='ocrx_word' id='word_1_507' title='bbox 3525 583 3718 654; x_wconf 59' lang='lat' dir='ltr'><strong>siccqu</strong></span> <span class='ocrx_word' id='word_1_508' title='bbox 3743 616 3855 672; x_wconf 85' lang='lat' dir='ltr'><strong>quo-</strong></span> 
     </span>
    </p>
   </div>
   <div class='ocr_carea' id='block_1_65' title="bbox 2302 685 3858 750">
    <p class='ocr_par' dir='ltr' id='par_1_65' title="bbox 2302 685 3858 750">
     <span class='ocr_line' id='line_1_65' title="bbox 2302 685 3858 750; baseline 0.004 -12"><span class='ocrx_word' id='word_1_509' title='bbox 2302 685 2406 740; x_wconf 89' lang='lat' dir='ltr'><strong>ties</strong></span> <span class='ocrx_word' id='word_1_510' title='bbox 2429 686 2554 741; x_wconf 88' lang='lat' dir='ltr'><strong>talia</strong></span> <span class='ocrx_word' id='word_1_511' title='bbox 2593 695 2900 750; x_wconf 89' lang='lat' dir='ltr'><strong>senserunt,</strong></span> <span class='ocrx_word' id='word_1_512' title='bbox 2934 686 3070 740; x_wconf 91' lang='lat' dir='ltr'><strong>nihil</strong></span> <span class='ocrx_word' id='word_1_513' title='bbox 3095 701 3152 741; x_wconf 84' lang='lat' dir='ltr'><strong>se</strong></span> <span class='ocrx_word' id='word_1_514' title='bbox 3192 702 3312 740; x_wconf 88' lang='lat' dir='ltr'><strong>esse</strong></span> <span class='ocrx_word' id='word_1_515' title='bbox 3342 685 3577 741; x_wconf 82' lang='lat' dir='ltr'><strong>confessi</strong></span> <span class='ocrx_word' id='word_1_516' title='bbox 3608 695 3744 742; x_wconf 92' lang='lat' dir='ltr'><strong>sunt.</strong></span> <span class='ocrx_word' id='word_1_517' title='bbox 3771 685 3858 744; x_wconf 86' lang='lat' dir='ltr'><strong>Sed</strong></span> 
     </span>
    </p>
   </div>
   <div class='ocr_carea' id='block_1_66' title="bbox 2301 775 3858 850">
    <p class='ocr_par' dir='ltr' id='par_1_66' title="bbox 2301 775 3858 850">
     <span class='ocr_line' id='line_1_66' title="bbox 2301 775 3858 850; baseline 0.005 -20"><span class='ocrx_word' id='word_1_518' title='bbox 2301 777 2425 848; x_wconf 88' lang='lat' dir='ltr'><strong>quia</strong></span> <span class='ocrx_word' id='word_1_519' title='bbox 2453 775 2672 848; x_wconf 84' lang='lat' dir='ltr'><strong>longum</strong></span> <span class='ocrx_word' id='word_1_520' title='bbox 2705 786 2787 832; x_wconf 89' lang='lat' dir='ltr'><strong>est</strong></span> <span class='ocrx_word' id='word_1_521' title='bbox 2838 793 3000 848; x_wconf 84' lang='lat' dir='ltr'><strong>super</strong></span> <span class='ocrx_word' id='word_1_522' title='bbox 3039 777 3143 833; x_wconf 90' lang='lat' dir='ltr'><strong>hoc</strong></span> <span class='ocrx_word' id='word_1_523' title='bbox 3195 787 3596 834; x_wconf 87' lang='lat' dir='ltr'><strong>sacramentum</strong></span> <span class='ocrx_word' id='word_1_524' title='bbox 3655 795 3858 850; x_wconf 79' lang='lat' dir='ltr'><strong>pavores</strong></span> 
     </span>
    </p>
   </div>
   <div class='ocr_carea' id='block_1_67' title="bbox 2300 869 3859 942">
    <p class='ocr_par' dir='ltr' id='par_1_67' title="bbox 2300 869 3859 942">
     <span class='ocr_line' id='line_1_67' title="bbox 2300 869 3859 942; baseline 0.003 -19"><span class='ocrx_word' id='word_1_525' title='bbox 2300 869 2552 940; x_wconf 79' lang='lat' dir='ltr'><strong>persequi</strong></span> <span class='ocrx_word' id='word_1_526' title='bbox 2593 879 2932 937; x_wconf 87' lang='lat' dir='ltr'><strong>sanctorum,</strong></span> <span class='ocrx_word' id='word_1_527' title='bbox 2975 871 3173 942; x_wconf 79' lang='lat' dir='ltr'><strong>cogitet</strong></span> <span class='ocrx_word' id='word_1_528' title='bbox 3200 871 3354 940; x_wconf 80' lang='lat' dir='ltr'><strong>virgo</strong></span> <span class='ocrx_word' id='word_1_529' title='bbox 3391 871 3593 928; x_wconf 88' lang='lat' dir='ltr'><strong>Christi</strong></span> <span class='ocrx_word' id='word_1_530' title='bbox 3623 873 3780 928; x_wconf 87' lang='lat' dir='ltr'><strong>multa</strong></span> <span class='ocrx_word' id='word_1_531' title='bbox 3807 875 3859 932; x_wconf 87' lang='lat' dir='ltr'><strong>de</strong></span> 
     </span>
    </p>
   </div>
   <div class='ocr_carea' id='block_1_68' title="bbox 2301 959 3859 1034">
    <p class='ocr_par' dir='ltr' id='par_1_68' title="bbox 2301 959 3859 1034">
     <span class='ocr_line' id='line_1_68' title="bbox 2301 959 3859 1034; baseline 0.006 -24"><span class='ocrx_word' id='word_1_532' title='bbox 2301 960 2512 1030; x_wconf 77' lang='lat' dir='ltr'><strong>paucis,</strong></span> <span class='ocrx_word' id='word_1_533' title='bbox 2557 959 2743 1029; x_wconf 87' lang='lat' dir='ltr'><strong>sicque</strong></span> <span class='ocrx_word' id='word_1_534' title='bbox 2785 971 3053 1032; x_wconf 69' lang='lat' dir='ltr'><strong>prazparet</strong></span> <span class='ocrx_word' id='word_1_535' title='bbox 3101 978 3196 1018; x_wconf 89' lang='lat' dir='ltr'><strong>cor</strong></span> <span class='ocrx_word' id='word_1_536' title='bbox 3237 971 3296 1018; x_wconf 90' lang='lat' dir='ltr'><strong>ut</strong></span> <span class='ocrx_word' id='word_1_537' title='bbox 3348 963 3522 1032; x_wconf 88' lang='lat' dir='ltr'><strong>possit</strong></span> <span class='ocrx_word' id='word_1_538' title='bbox 3565 979 3754 1034; x_wconf 89' lang='lat' dir='ltr'><strong>capere</strong></span> <span class='ocrx_word' id='word_1_539' title='bbox 3775 964 3859 1020; x_wconf 85' lang='lat' dir='ltr'><strong>tale</strong></span> 
     </span>
    </p>
   </div>
   <div class='ocr_carea' id='block_1_69' title="bbox 2305 1056 3858 1128">
    <p class='ocr_par' dir='ltr' id='par_1_69' title="bbox 2305 1056 3858 1128">
     <span class='ocr_line' id='line_1_69' title="bbox 2305 1056 3858 1128; baseline 0.007 -23"><span class='ocrx_word' id='word_1_540' title='bbox 2305 1061 2622 1123; x_wconf 89' lang='lat' dir='ltr'><strong>tantumque</strong></span> <span class='ocrx_word' id='word_1_541' title='bbox 2667 1056 2923 1122; x_wconf 85' lang='lat' dir='ltr'><strong>verbum;</strong></span> <span class='ocrx_word' id='word_1_542' title='bbox 2959 1057 3084 1126; x_wconf 89' lang='lat' dir='ltr'><strong>quia</strong></span> <span class='ocrx_word' id='word_1_543' title='bbox 3117 1057 3252 1111; x_wconf 87' lang='lat' dir='ltr'><strong>nihil</strong></span> <span class='ocrx_word' id='word_1_544' title='bbox 3297 1070 3383 1112; x_wconf 88' lang='lat' dir='ltr'><strong>est</strong></span> <span class='ocrx_word' id='word_1_545' title='bbox 3429 1057 3666 1114; x_wconf 84' lang='lat' dir='ltr'><strong>vicinius</strong></span> <span class='ocrx_word' id='word_1_546' title='bbox 3721 1075 3858 1128; x_wconf 84' lang='lat' dir='ltr'><strong>quam</strong></span> 
     </span>
    </p>
   </div>
   <div class='ocr_carea' id='block_1_70' title="bbox 2304 1146 3858 1206">
    <p class='ocr_par' dir='ltr' id='par_1_70' title="bbox 2304 1146 3858 1206">
     <span class='ocr_line' id='line_1_70' title="bbox 2304 1146 3858 1206; baseline 0.005 -7"><span class='ocrx_word' id='word_1_547' title='bbox 2304 1161 2400 1199; x_wconf 88' lang='lat' dir='ltr'><strong>cor</strong></span> <span class='ocrx_word' id='word_1_548' title='bbox 2421 1154 2473 1200; x_wconf 90' lang='lat' dir='ltr'><strong>et</strong></span> <span class='ocrx_word' id='word_1_549' title='bbox 2501 1147 2747 1201; x_wconf 88' lang='lat' dir='ltr'><strong>verbum.</strong></span> <span class='ocrx_word' id='word_1_550' title='bbox 2765 1146 2900 1202; x_wconf 84' lang='lat' dir='ltr'><strong>Nam</strong></span> <span class='ocrx_word' id='word_1_551' title='bbox 2931 1163 3027 1202; x_wconf 91' lang='lat' dir='ltr'><strong>cor</strong></span> <span class='ocrx_word' id='word_1_552' title='bbox 3056 1149 3173 1202; x_wconf 91' lang='lat' dir='ltr'><strong>sine</strong></span> <span class='ocrx_word' id='word_1_553' title='bbox 3198 1149 3365 1204; x_wconf 90' lang='lat' dir='ltr'><strong>verbo</strong></span> <span class='ocrx_word' id='word_1_554' title='bbox 3389 1150 3594 1205; x_wconf 83' lang='lat' dir='ltr'><strong>dieibili</strong></span> <span class='ocrx_word' id='word_1_555' title='bbox 3613 1163 3858 1206; x_wconf 84' lang='lat' dir='ltr'><strong>mortuum</strong></span> 
     </span>
    </p>
   </div>
   <div class='ocr_carea' id='block_1_71' title="bbox 2303 1237 3858 1301">
    <p class='ocr_par' dir='ltr' id='par_1_71' title="bbox 2303 1237 3858 1301">
     <span class='ocr_line' id='line_1_71' title="bbox 2303 1237 3858 1301; baseline 0.005 -11"><span class='ocrx_word' id='word_1_556' title='bbox 2303 1237 2518 1291; x_wconf 86' lang='lat' dir='ltr'><strong>videtur</strong></span> <span class='ocrx_word' id='word_1_557' title='bbox 2550 1253 2564 1301; x_wconf 86' lang='lat'><strong>;</strong></span> <span class='ocrx_word' id='word_1_558' title='bbox 2608 1239 2832 1293; x_wconf 86' lang='lat' dir='ltr'><strong>verbum</strong></span> <span class='ocrx_word' id='word_1_559' title='bbox 2861 1255 2990 1294; x_wconf 90' lang='lat' dir='ltr'><strong>vero</strong></span> <span class='ocrx_word' id='word_1_560' title='bbox 3040 1256 3144 1294; x_wconf 89' lang='lat' dir='ltr'><strong>non</strong></span> <span class='ocrx_word' id='word_1_561' title='bbox 3172 1241 3274 1294; x_wconf 89' lang='lat' dir='ltr'><strong>nisi</strong></span> <span class='ocrx_word' id='word_1_562' title='bbox 3307 1242 3361 1296; x_wconf 89' lang='lat' dir='ltr'><strong>in</strong></span> <span class='ocrx_word' id='word_1_563' title='bbox 3389 1243 3554 1296; x_wconf 83' lang='lat' dir='ltr'><strong>corde</strong></span> <span class='ocrx_word' id='word_1_564' title='bbox 3594 1243 3735 1298; x_wconf 89' lang='lat' dir='ltr'><strong>intus</strong></span> <span class='ocrx_word' id='word_1_565' title='bbox 3763 1260 3858 1298; x_wconf 85' lang='lat' dir='ltr'><strong>ma-</strong></span> 
     </span>
    </p>
   </div>
   <div class='ocr_carea' id='block_1_72' title="bbox 2304 1329 3858 1401">
    <p class='ocr_par' dir='ltr' id='par_1_72' title="bbox 2304 1329 3858 1401">
     <span class='ocr_line' id='line_1_72' title="bbox 2304 1329 3858 1401; baseline 0.005 -18"><span class='ocrx_word' id='word_1_566' title='bbox 2304 1337 2417 1392; x_wconf 88' lang='lat' dir='ltr'><strong>net,</strong></span> <span class='ocrx_word' id='word_1_567' title='bbox 2449 1344 2548 1383; x_wconf 88' lang='lat' dir='ltr'><strong>nec</strong></span> <span class='ocrx_word' id='word_1_568' title='bbox 2579 1329 2680 1382; x_wconf 91' lang='lat' dir='ltr'><strong>nisi</strong></span> <span class='ocrx_word' id='word_1_569' title='bbox 2713 1329 2776 1385; x_wconf 90' lang='lat' dir='ltr'><strong>de</strong></span> <span class='ocrx_word' id='word_1_570' title='bbox 2806 1330 2968 1384; x_wconf 84' lang='lat' dir='ltr'><strong>corde</strong></span> <span class='ocrx_word' id='word_1_571' title='bbox 3008 1333 3272 1401; x_wconf 88' lang='lat' dir='ltr'><strong>procedit,</strong></span> <span class='ocrx_word' id='word_1_572' title='bbox 3303 1348 3404 1387; x_wconf 90' lang='lat' dir='ltr'><strong>nec</strong></span> <span class='ocrx_word' id='word_1_573' title='bbox 3453 1333 3557 1388; x_wconf 90' lang='lat' dir='ltr'><strong>nisi</strong></span> <span class='ocrx_word' id='word_1_574' title='bbox 3617 1334 3858 1390; x_wconf 80' lang='lat' dir='ltr'><strong>interdum</strong></span> 
     </span>
    </p>
   </div>
   <div class='ocr_carea' id='block_1_73' title="bbox 2261 1418 3860 1493">
    <p class='ocr_par' dir='ltr' id='par_1_73' title="bbox 2261 1418 3860 1493">
     <span class='ocr_line' id='line_1_73' title="bbox 2261 1418 3860 1493; baseline 0.003 -17"><span class='ocrx_word' id='word_1_575' title='bbox 2261 1465 2276 1476; x_wconf 83' lang='lat'><strong>.</strong></span> <span class='ocrx_word' id='word_1_576' title='bbox 2304 1419 2466 1482; x_wconf 86' lang='lat' dir='ltr'><strong>corde</strong></span> <span class='ocrx_word' id='word_1_577' title='bbox 2487 1418 2718 1490; x_wconf 81' lang='lat' dir='ltr'><strong>capitur.</strong></span> <span class='ocrx_word' id='word_1_578' title='bbox 2758 1419 2908 1488; x_wconf 88' lang='lat' dir='ltr'><strong>Quod</strong></span> <span class='ocrx_word' id='word_1_579' title='bbox 2942 1437 3074 1475; x_wconf 89' lang='lat' dir='ltr'><strong>sane</strong></span> <span class='ocrx_word' id='word_1_580' title='bbox 3115 1423 3338 1477; x_wconf 90' lang='lat' dir='ltr'><strong>verbum</strong></span> <span class='ocrx_word' id='word_1_581' title='bbox 3363 1425 3614 1493; x_wconf 84' lang='lat' dir='ltr'><strong>quamvis</strong></span> <span class='ocrx_word' id='word_1_582' title='bbox 3637 1440 3760 1480; x_wconf 83' lang='lat' dir='ltr'><strong>voce</strong></span> <span class='ocrx_word' id='word_1_583' title='bbox 3782 1441 3860 1480; x_wconf 83' lang='lat' dir='ltr'><strong>ve-</strong></span> 
     </span>
    </p>
   </div>
   <div class='ocr_carea' id='block_1_74' title="bbox 2305 1507 3864 1578">
    <p class='ocr_par' dir='ltr' id='par_1_74' title="bbox 2305 1507 3864 1578">
     <span class='ocr_line' id='line_1_74' title="bbox 2305 1507 3864 1578; baseline 0.004 -16"><span class='ocrx_word' id='word_1_584' title='bbox 2305 1507 2516 1571; x_wconf 84' lang='lat' dir='ltr'><strong>stitum,</strong></span> <span class='ocrx_word' id='word_1_585' title='bbox 2551 1525 2656 1564; x_wconf 93' lang='lat' dir='ltr'><strong>non</strong></span> <span class='ocrx_word' id='word_1_586' title='bbox 2695 1511 2796 1566; x_wconf 89' lang='lat' dir='ltr'><strong>nisi</strong></span> <span class='ocrx_word' id='word_1_587' title='bbox 2829 1511 2895 1565; x_wconf 90' lang='lat' dir='ltr'><strong>de</strong></span> <span class='ocrx_word' id='word_1_588' title='bbox 2925 1511 3088 1566; x_wconf 84' lang='lat' dir='ltr'><strong>corde</strong></span> <span class='ocrx_word' id='word_1_589' title='bbox 3115 1513 3246 1578; x_wconf 71' lang='lat' dir='ltr'><strong>exit,</strong></span> <span class='ocrx_word' id='word_1_590' title='bbox 3273 1528 3373 1568; x_wconf 88' lang='lat' dir='ltr'><strong>nec</strong></span> <span class='ocrx_word' id='word_1_591' title='bbox 3402 1513 3469 1568; x_wconf 83' lang='lat' dir='ltr'><strong>de</strong></span> <span class='ocrx_word' id='word_1_592' title='bbox 3494 1515 3658 1570; x_wconf 90' lang='lat' dir='ltr'><strong>corde</strong></span> <span class='ocrx_word' id='word_1_593' title='bbox 3687 1514 3864 1569; x_wconf 85' lang='lat' dir='ltr'><strong>recedit</strong></span> 
     </span>
    </p>
   </div>
   <div class='ocr_carea' id='block_1_75' title="bbox 2307 1589 3867 1675">
    <p class='ocr_par' dir='ltr' id='par_1_75' title="bbox 2307 1589 3867 1675">
     <span class='ocr_line' id='line_1_75' title="bbox 2307 1589 3867 1675; baseline 0.003 -18"><span class='ocrx_word' id='word_1_594' title='bbox 2307 1603 2431 1657; x_wconf 91' lang='lat' dir='ltr'><strong>dum</strong></span> <span class='ocrx_word' id='word_1_595' title='bbox 2468 1604 2600 1668; x_wconf 79' lang='lat' dir='ltr'><strong>exit,</strong></span> <span class='ocrx_word' id='word_1_596' title='bbox 2624 1613 2678 1658; x_wconf 89' lang='lat' dir='ltr'><strong>et</strong></span> <span class='ocrx_word' id='word_1_597' title='bbox 2705 1605 2771 1658; x_wconf 91' lang='lat' dir='ltr'><strong>ad</strong></span> <span class='ocrx_word' id='word_1_598' title='bbox 2797 1620 2892 1659; x_wconf 86' lang='lat' dir='ltr'><strong>cor</strong></span> <span class='ocrx_word' id='word_1_599' title='bbox 2915 1606 3086 1672; x_wconf 86' lang='lat' dir='ltr'><strong>venit,</strong></span> <span class='ocrx_word' id='word_1_600' title='bbox 3116 1615 3174 1660; x_wconf 93' lang='lat' dir='ltr'><strong>ut</strong></span> <span class='ocrx_word' id='word_1_601' title='bbox 3201 1589 3422 1662; x_wconf 79' lang='lat' dir='ltr'><strong>maneat</strong></span> <span class='ocrx_word' id='word_1_602' title='bbox 3445 1607 3534 1662; x_wconf 91' lang='lat' dir='ltr'><strong>ubi</strong></span> <span class='ocrx_word' id='word_1_603' title='bbox 3559 1607 3727 1662; x_wconf 88' lang='lat' dir='ltr'><strong>venit.</strong></span> <span class='ocrx_word' id='word_1_604' title='bbox 3751 1606 3867 1675; x_wconf 87' lang='lat' dir='ltr'><strong>Qui-</strong></span> 
     </span>
    </p>
   </div>
   <div class='ocr_carea' id='block_1_76' title="bbox 2305 1695 3862 1764">
    <p class='ocr_par' dir='ltr' id='par_1_76' title="bbox 2305 1695 3862 1764">
     <span class='ocr_line' id='line_1_76' title="bbox 2305 1695 3862 1764; baseline 0.002 -15"><span class='ocrx_word' id='word_1_605' title='bbox 2305 1695 2408 1749; x_wconf 89' lang='lat' dir='ltr'><strong>bus</strong></span> <span class='ocrx_word' id='word_1_606' title='bbox 2434 1695 2676 1764; x_wconf 88' lang='lat' dir='ltr'><strong>profecto</strong></span> <span class='ocrx_word' id='word_1_607' title='bbox 2697 1695 2910 1760; x_wconf 72' lang='lat' dir='ltr'><strong>indiciis</strong></span> <span class='ocrx_word' id='word_1_608' title='bbox 2936 1696 3115 1750; x_wconf 89' lang='lat' dir='ltr'><strong>divina</strong></span> <span class='ocrx_word' id='word_1_609' title='bbox 3157 1699 3310 1752; x_wconf 89' lang='lat' dir='ltr'><strong>nobis</strong></span> <span class='ocrx_word' id='word_1_610' title='bbox 3335 1697 3643 1751; x_wconf 85' lang='lat' dir='ltr'><strong>insinuatur</strong></span> <span class='ocrx_word' id='word_1_611' title='bbox 3672 1708 3862 1763; x_wconf 85' lang='lat' dir='ltr'><strong>natura,</strong></span> 
     </span>
    </p>
   </div>
   <div class='ocr_carea' id='block_1_77' title="bbox 2303 1785 3865 1854">
    <p class='ocr_par' dir='ltr' id='par_1_77' title="bbox 2303 1785 3865 1854">
     <span class='ocr_line' id='line_1_77' title="bbox 2303 1785 3865 1854; baseline 0.003 -16"><span class='ocrx_word' id='word_1_612' title='bbox 2303 1785 2447 1854; x_wconf 89' lang='lat' dir='ltr'><strong>quod</strong></span> <span class='ocrx_word' id='word_1_613' title='bbox 2472 1785 2648 1840; x_wconf 90' lang='lat' dir='ltr'><strong>Patris</strong></span> <span class='ocrx_word' id='word_1_614' title='bbox 2693 1795 2746 1841; x_wconf 92' lang='lat' dir='ltr'><strong>et</strong></span> <span class='ocrx_word' id='word_1_615' title='bbox 2788 1785 2911 1840; x_wconf 88' lang='lat' dir='ltr'><strong>Filii</strong></span> <span class='ocrx_word' id='word_1_616' title='bbox 2955 1802 3059 1840; x_wconf 88' lang='lat' dir='ltr'><strong>una</strong></span> <span class='ocrx_word' id='word_1_617' title='bbox 3091 1787 3162 1842; x_wconf 91' lang='lat' dir='ltr'><strong>sit</strong></span> <span class='ocrx_word' id='word_1_618' title='bbox 3209 1787 3535 1843; x_wconf 86' lang='lat' dir='ltr'><strong>substantia.</strong></span> <span class='ocrx_word' id='word_1_619' title='bbox 3569 1786 3648 1841; x_wconf 81' lang='lat' dir='ltr'><strong>Ac</strong></span> <span class='ocrx_word' id='word_1_620' title='bbox 3691 1787 3865 1842; x_wconf 84' lang='lat' dir='ltr'><strong>deinde</strong></span> 
     </span>
    </p>
   </div>
   <div class='ocr_carea' id='block_1_78' title="bbox 2305 1875 3863 1946">
    <p class='ocr_par' dir='ltr' id='par_1_78' title="bbox 2305 1875 3863 1946">
     <span class='ocr_line' id='line_1_78' title="bbox 2305 1875 3863 1946; baseline 0.002 -17"><span class='ocrx_word' id='word_1_621' title='bbox 2305 1891 2428 1929; x_wconf 91' lang='lat' dir='ltr'><strong>cum</strong></span> <span class='ocrx_word' id='word_1_622' title='bbox 2455 1875 2752 1944; x_wconf 85' lang='lat' dir='ltr'><strong>suscipitur</strong></span> <span class='ocrx_word' id='word_1_623' title='bbox 2789 1875 2858 1928; x_wconf 92' lang='lat' dir='ltr'><strong>ab</strong></span> <span class='ocrx_word' id='word_1_624' title='bbox 2895 1891 3114 1946; x_wconf 86' lang='lat' dir='ltr'><strong>sponsa,</strong></span> <span class='ocrx_word' id='word_1_625' title='bbox 3163 1877 3250 1930; x_wconf 88' lang='lat' dir='ltr'><strong>cui</strong></span> <span class='ocrx_word' id='word_1_626' title='bbox 3287 1877 3612 1932; x_wconf 87' lang='lat' dir='ltr'><strong>decantatur</strong></span> <span class='ocrx_word' id='word_1_627' title='bbox 3646 1877 3741 1931; x_wconf 88' lang='lat' dir='ltr'><strong>hoc</strong></span> <span class='ocrx_word' id='word_1_628' title='bbox 3766 1876 3863 1946; x_wconf 87' lang='lat' dir='ltr'><strong>epi-</strong></span> 
     </span>
    </p>
   </div>
   <div class='ocr_carea' id='block_1_79' title="bbox 2305 1968 3865 2039">
    <p class='ocr_par' dir='ltr' id='par_1_79' title="bbox 2305 1968 3865 2039">
     <span class='ocr_line' id='line_1_79' title="bbox 2305 1968 3865 2039; baseline 0 -17"><span class='ocrx_word' id='word_1_629' title='bbox 2305 1968 2642 2032; x_wconf 87' lang='lat' dir='ltr'><strong>thalamium,</strong></span> <span class='ocrx_word' id='word_1_630' title='bbox 2677 1984 2782 2022; x_wconf 91' lang='lat' dir='ltr'><strong>non</strong></span> <span class='ocrx_word' id='word_1_631' title='bbox 2813 1968 2914 2022; x_wconf 90' lang='lat' dir='ltr'><strong>nisi</strong></span> <span class='ocrx_word' id='word_1_632' title='bbox 2942 1969 2995 2022; x_wconf 91' lang='lat' dir='ltr'><strong>in</strong></span> <span class='ocrx_word' id='word_1_633' title='bbox 3039 1968 3202 2023; x_wconf 89' lang='lat' dir='ltr'><strong>corde</strong></span> <span class='ocrx_word' id='word_1_634' title='bbox 3249 1969 3504 2032; x_wconf 87' lang='lat' dir='ltr'><strong>habetur,</strong></span> <span class='ocrx_word' id='word_1_635' title='bbox 3540 1977 3602 2022; x_wconf 91' lang='lat' dir='ltr'><strong>ut</strong></span> <span class='ocrx_word' id='word_1_636' title='bbox 3638 1968 3865 2039; x_wconf 85' lang='lat' dir='ltr'><strong>diligatur</strong></span> 
     </span>
    </p>
   </div>
   <div class='ocr_carea' id='block_1_80' title="bbox 2303 2057 3863 2132">
    <p class='ocr_par' dir='ltr' id='par_1_80' title="bbox 2303 2057 3863 2132">
     <span class='ocr_line' id='line_1_80' title="bbox 2303 2057 3863 2132; baseline 0.001 -19"><span class='ocrx_word' id='word_1_637' title='bbox 2303 2059 2529 2114; x_wconf 89' lang='lat' dir='ltr'><strong>dilectus</strong></span> <span class='ocrx_word' id='word_1_638' title='bbox 2557 2058 2756 2124; x_wconf 87' lang='lat' dir='ltr'><strong>Patris,</strong></span> <span class='ocrx_word' id='word_1_639' title='bbox 2787 2075 2894 2132; x_wconf 90' lang='lat' dir='ltr'><strong>quo</strong></span> <span class='ocrx_word' id='word_1_640' title='bbox 2923 2059 3024 2114; x_wconf 84' lang='lat' dir='ltr'><strong>[ide</strong></span> <span class='ocrx_word' id='word_1_641' title='bbox 3054 2069 3286 2113; x_wconf 89' lang='lat' dir='ltr'><strong>tenetur.</strong></span> <span class='ocrx_word' id='word_1_642' title='bbox 3319 2057 3708 2114; x_wconf 75' lang='lat' dir='ltr'><strong>Verumtamen</strong></span> <span class='ocrx_word' id='word_1_643' title='bbox 3731 2059 3863 2130; x_wconf 76' lang='lat' dir='ltr'><strong>Sym-</strong></span> 
     </span>
    </p>
   </div>
   <div class='ocr_carea' id='block_1_81' title="bbox 2303 2151 3862 2222">
    <p class='ocr_par' dir='ltr' id='par_1_81' title="bbox 2303 2151 3862 2222">
     <span class='ocr_line' id='line_1_81' title="bbox 2303 2151 3862 2222; baseline -0.003 -14"><span class='ocrx_word' id='word_1_644' title='bbox 2303 2154 2528 2208; x_wconf 88' lang='lat' dir='ltr'><strong>machus</strong></span> <span class='ocrx_word' id='word_1_645' title='bbox 2576 2153 2734 2222; x_wconf 87' lang='lat' dir='ltr'><strong>longe</strong></span> <span class='ocrx_word' id='word_1_646' title='bbox 2766 2153 2925 2207; x_wconf 88' lang='lat' dir='ltr'><strong>aliter</strong></span> <span class='ocrx_word' id='word_1_647' title='bbox 2965 2152 3237 2207; x_wconf 86' lang='lat' dir='ltr'><strong>transtulit</strong></span> <span class='ocrx_word' id='word_1_648' title='bbox 3267 2170 3280 2204; x_wconf 90' lang='lat'>:</span> <span class='ocrx_word' id='word_1_649' title='bbox 3307 2151 3639 2206; x_wconf 88' lang='lat' dir='ltr'><strong>Commotum</strong></span> <span class='ocrx_word' id='word_1_650' title='bbox 3683 2163 3772 2216; x_wconf 82' lang='lat' dir='ltr'><strong>est,</strong></span> <span class='ocrx_word' id='word_1_651' title='bbox 3795 2151 3862 2204; x_wconf 84' lang='lat' dir='ltr'><strong>in-</strong></span> 
     </span>
    </p>
   </div>
   <div class='ocr_carea' id='block_1_82' title="bbox 2302 2243 3863 2315">
    <p class='ocr_par' dir='ltr' id='par_1_82' title="bbox 2302 2243 3863 2315">
     <span class='ocr_line' id='line_1_82' title="bbox 2302 2243 3863 2315; baseline 0.002 -20"><span class='ocrx_word' id='word_1_652' title='bbox 2302 2243 2441 2314; x_wconf 87' lang='lat' dir='ltr'><strong>quit,</strong></span> <span class='ocrx_word' id='word_1_653' title='bbox 2465 2260 2554 2298; x_wconf 88' lang='lat' dir='ltr'><strong>cor</strong></span> <span class='ocrx_word' id='word_1_654' title='bbox 2576 2261 2746 2298; x_wconf 88' lang='lat' dir='ltr'><strong>meum</strong></span> <span class='ocrx_word' id='word_1_655' title='bbox 2785 2245 2936 2298; x_wconf 78' lang='lat' dir='ltr'><strong>verba</strong></span> <span class='ocrx_word' id='word_1_656' title='bbox 2984 2244 3149 2310; x_wconf 83' lang='lat' dir='ltr'><strong>bona,</strong></span> <span class='ocrx_word' id='word_1_657' title='bbox 3178 2245 3333 2315; x_wconf 88' lang='lat' dir='ltr'><strong>quasi</strong></span> <span class='ocrx_word' id='word_1_658' title='bbox 3361 2245 3507 2298; x_wconf 86' lang='lat' dir='ltr'><strong>dicat</strong></span> <span class='ocrx_word' id='word_1_659' title='bbox 3557 2244 3626 2298; x_wconf 85' lang='lat' dir='ltr'><strong>de</strong></span> <span class='ocrx_word' id='word_1_660' title='bbox 3668 2243 3863 2298; x_wconf 83' lang='lat' dir='ltr'><strong>alterius</strong></span> 
     </span>
    </p>
   </div>
   <div class='ocr_carea' id='block_1_83' title="bbox 2303 2337 3864 2410">
    <p class='ocr_par' dir='ltr' id='par_1_83' title="bbox 2303 2337 3864 2410">
     <span class='ocr_line' id='line_1_83' title="bbox 2303 2337 3864 2410; baseline 0.002 -18"><span class='ocrx_word' id='word_1_661' title='bbox 2303 2353 2554 2393; x_wconf 89' lang='lat' dir='ltr'><strong>sermone</strong></span> <span class='ocrx_word' id='word_1_662' title='bbox 2573 2353 2667 2393; x_wconf 88' lang='lat' dir='ltr'><strong>cor</strong></span> <span class='ocrx_word' id='word_1_663' title='bbox 2695 2337 2992 2410; x_wconf 63' lang='lat' dir='ltr'><strong>prophetae,</strong></span> <span class='ocrx_word' id='word_1_664' title='bbox 3029 2339 3110 2394; x_wconf 87' lang='lat' dir='ltr'><strong>vel</strong></span> <span class='ocrx_word' id='word_1_665' title='bbox 3141 2337 3426 2408; x_wconf 89' lang='lat' dir='ltr'><strong>cujuslibet</strong></span> <span class='ocrx_word' id='word_1_666' title='bbox 3456 2339 3710 2405; x_wconf 87' lang='lat' dir='ltr'><strong>dicentis,</strong></span> <span class='ocrx_word' id='word_1_667' title='bbox 3740 2353 3864 2395; x_wconf 86' lang='lat' dir='ltr'><strong>eom-</strong></span> 
     </span>
    </p>
   </div>
   <div class='ocr_carea' id='block_1_84' title="bbox 2304 2430 3882 2504">
    <p class='ocr_par' dir='ltr' id='par_1_84' title="bbox 2304 2430 3882 2504">
     <span class='ocr_line' id='line_1_84' title="bbox 2304 2430 3882 2504; baseline 0.001 -21"><span class='ocrx_word' id='word_1_668' title='bbox 2304 2439 2540 2494; x_wconf 89' lang='lat' dir='ltr'><strong>motum;</strong></span> <span class='ocrx_word' id='word_1_669' title='bbox 2566 2431 2639 2483; x_wconf 91' lang='lat' dir='ltr'><strong>ita</strong></span> <span class='ocrx_word' id='word_1_670' title='bbox 2669 2430 2875 2501; x_wconf 87' lang='lat' dir='ltr'><strong>Spiritu</strong></span> <span class='ocrx_word' id='word_1_671' title='bbox 2913 2439 3102 2486; x_wconf 87' lang='lat' dir='ltr'><strong>sancto</strong></span> <span class='ocrx_word' id='word_1_672' title='bbox 3149 2431 3333 2486; x_wconf 88' lang='lat' dir='ltr'><strong>futura</strong></span> <span class='ocrx_word' id='word_1_673' title='bbox 3363 2431 3567 2486; x_wconf 87' lang='lat' dir='ltr'><strong>Christi</strong></span> <span class='ocrx_word' id='word_1_674' title='bbox 3618 2431 3882 2504; x_wconf 62' lang='lat' dir='ltr'><strong>pandente</strong></span> 
     </span>
    </p>
   </div>
   <div class='ocr_carea' id='block_1_85' title="bbox 2303 2520 3864 2592">
    <p class='ocr_par' dir='ltr' id='par_1_85' title="bbox 2303 2520 3864 2592">
     <span class='ocr_line' id='line_1_85' title="bbox 2303 2520 3864 2592; baseline 0 -18"><span class='ocrx_word' id='word_1_675' title='bbox 2303 2529 2658 2584; x_wconf 87' lang='lat' dir='ltr'><strong>sacramenta,</strong></span> <span class='ocrx_word' id='word_1_676' title='bbox 2694 2521 2867 2589; x_wconf 90' lang='lat' dir='ltr'><strong>ipsum</strong></span> <span class='ocrx_word' id='word_1_677' title='bbox 2911 2521 3072 2576; x_wconf 88' lang='lat' dir='ltr'><strong>etiam</strong></span> <span class='ocrx_word' id='word_1_678' title='bbox 3127 2521 3182 2574; x_wconf 91' lang='lat' dir='ltr'><strong>in</strong></span> <span class='ocrx_word' id='word_1_679' title='bbox 3233 2520 3505 2590; x_wconf 87' lang='lat' dir='ltr'><strong>eloquium</strong></span> <span class='ocrx_word' id='word_1_680' title='bbox 3553 2521 3864 2592; x_wconf 85' lang='lat' dir='ltr'><strong>prorupisse,</strong></span> 
     </span>
    </p>
   </div>
   <div class='ocr_carea' id='block_1_86' title="bbox 2302 2611 3858 2684">
    <p class='ocr_par' dir='ltr' id='par_1_86' title="bbox 2302 2611 3858 2684">
     <span class='ocr_line' id='line_1_86' title="bbox 2302 2611 3858 2684; baseline 0.001 -21"><span class='ocrx_word' id='word_1_681' title='bbox 2302 2621 2570 2680; x_wconf 88' lang='lat' dir='ltr'><strong>quatenus</strong></span> <span class='ocrx_word' id='word_1_682' title='bbox 2599 2621 2652 2665; x_wconf 91' lang='lat' dir='ltr'><strong>et</strong></span> <span class='ocrx_word' id='word_1_683' title='bbox 2700 2611 2837 2682; x_wconf 88' lang='lat' dir='ltr'><strong>ipse,</strong></span> <span class='ocrx_word' id='word_1_684' title='bbox 2873 2611 3327 2681; x_wconf 89' lang='lat' dir='ltr'><strong>quemadmodum</strong></span> <span class='ocrx_word' id='word_1_685' title='bbox 3355 2612 3538 2667; x_wconf 64' lang='lat' dir='ltr'><strong>caeteri</strong></span> <span class='ocrx_word' id='word_1_686' title='bbox 3583 2611 3858 2684; x_wconf 66' lang='lat' dir='ltr'><strong>propheta,</strong></span> 
     </span>
    </p>
   </div>
   <div class='ocr_carea' id='block_1_87' title="bbox 2303 2703 3866 2774">
    <p class='ocr_par' dir='ltr' id='par_1_87' title="bbox 2303 2703 3866 2774">
     <span class='ocr_line' id='line_1_87' title="bbox 2303 2703 3866 2774; baseline -0.001 -17"><span class='ocrx_word' id='word_1_687' title='bbox 2303 2703 2368 2758; x_wconf 88' lang='lat' dir='ltr'><strong>de</strong></span> <span class='ocrx_word' id='word_1_688' title='bbox 2391 2705 2621 2758; x_wconf 87' lang='lat' dir='ltr'><strong>adventu</strong></span> <span class='ocrx_word' id='word_1_689' title='bbox 2663 2703 2863 2758; x_wconf 88' lang='lat' dir='ltr'><strong>Christi</strong></span> <span class='ocrx_word' id='word_1_690' title='bbox 2909 2703 3240 2774; x_wconf 86' lang='lat' dir='ltr'><strong>loqueretur.</strong></span> <span class='ocrx_word' id='word_1_691' title='bbox 3276 2703 3377 2760; x_wconf 88' lang='lat' dir='ltr'><strong>Ubi</strong></span> <span class='ocrx_word' id='word_1_692' title='bbox 3428 2704 3780 2760; x_wconf 86' lang='lat' dir='ltr'><strong>nihilominus</strong></span> <span class='ocrx_word' id='word_1_693' title='bbox 3819 2709 3866 2756; x_wconf 87' lang='lat' dir='ltr'><strong>et</strong></span> 
     </span>
    </p>
   </div>
   <div class='ocr_carea' id='block_1_88' title="bbox 2303 2792 3867 2868">
    <p class='ocr_par' dir='ltr' id='par_1_88' title="bbox 2303 2792 3867 2868">
     <span class='ocr_line' id='line_1_88' title="bbox 2303 2792 3867 2868; baseline -0.004 -16"><span class='ocrx_word' id='word_1_694' title='bbox 2303 2797 2419 2868; x_wconf 90' lang='lat' dir='ltr'><strong>ipse</strong></span> <span class='ocrx_word' id='word_1_695' title='bbox 2457 2797 2656 2852; x_wconf 87' lang='lat' dir='ltr'><strong>bonum</strong></span> <span class='ocrx_word' id='word_1_696' title='bbox 2712 2797 2804 2851; x_wconf 89' lang='lat' dir='ltr'><strong>Dei</strong></span> <span class='ocrx_word' id='word_1_697' title='bbox 2860 2797 3096 2852; x_wconf 76' lang='lat' dir='ltr'><strong>Verbum</strong></span> <span class='ocrx_word' id='word_1_698' title='bbox 3136 2797 3430 2867; x_wconf 82' lang='lat' dir='ltr'><strong>praedicat;</strong></span> <span class='ocrx_word' id='word_1_699' title='bbox 3489 2795 3587 2850; x_wconf 87' lang='lat' dir='ltr'><strong>sed</strong></span> <span class='ocrx_word' id='word_1_700' title='bbox 3639 2794 3778 2866; x_wconf 85' lang='lat' dir='ltr'><strong>quod</strong></span> <span class='ocrx_word' id='word_1_701' title='bbox 3812 2792 3867 2848; x_wconf 85' lang='lat' dir='ltr'><strong>de</strong></span> 
     </span>
    </p>
   </div>
   <div class='ocr_carea' id='block_1_89' title="bbox 2303 2885 3864 2953">
    <p class='ocr_par' dir='ltr' id='par_1_89' title="bbox 2303 2885 3864 2953">
     <span class='ocr_line' id='line_1_89' title="bbox 2303 2885 3864 2953; baseline -0.004 -8"><span class='ocrx_word' id='word_1_702' title='bbox 2303 2891 2466 2945; x_wconf 90' lang='lat' dir='ltr'><strong>corde</strong></span> <span class='ocrx_word' id='word_1_703' title='bbox 2490 2889 2668 2944; x_wconf 84' lang='lat' dir='ltr'><strong>Patris</strong></span> <span class='ocrx_word' id='word_1_704' title='bbox 2692 2889 2758 2944; x_wconf 89' lang='lat' dir='ltr'><strong>ad</strong></span> <span class='ocrx_word' id='word_1_705' title='bbox 2783 2905 2882 2944; x_wconf 89' lang='lat' dir='ltr'><strong>nos</strong></span> <span class='ocrx_word' id='word_1_706' title='bbox 2904 2888 3118 2953; x_wconf 85' lang='lat' dir='ltr'><strong>exierit,</strong></span> <span class='ocrx_word' id='word_1_707' title='bbox 3149 2897 3310 2944; x_wconf 89' lang='lat' dir='ltr'><strong>tacet.</strong></span> <span class='ocrx_word' id='word_1_708' title='bbox 3337 2889 3550 2945; x_wconf 83' lang='lat' dir='ltr'><strong>Idcirco</strong></span> <span class='ocrx_word' id='word_1_709' title='bbox 3592 2886 3780 2942; x_wconf 88' lang='lat' dir='ltr'><strong>melius</strong></span> <span class='ocrx_word' id='word_1_710' title='bbox 3819 2885 3864 2938; x_wconf 93' lang='lat' dir='ltr'><strong>in</strong></span> 
     </span>
    </p>
   </div>
   <div class='ocr_carea' id='block_1_90' title="bbox 2301 2979 3866 3054">
    <p class='ocr_par' dir='ltr' id='par_1_90' title="bbox 2301 2979 3866 3054">
     <span class='ocr_line' id='line_1_90' title="bbox 2301 2979 3866 3054; baseline -0.003 -16"><span class='ocrx_word' id='word_1_711' title='bbox 2301 2999 2536 3052; x_wconf 88' lang='lat' dir='ltr'><strong>persona</strong></span> <span class='ocrx_word' id='word_1_712' title='bbox 2573 2983 2772 3048; x_wconf 86' lang='lat' dir='ltr'><strong>Patris,</strong></span> <span class='ocrx_word' id='word_1_713' title='bbox 2805 2983 2948 3054; x_wconf 89' lang='lat' dir='ltr'><strong>quod</strong></span> <span class='ocrx_word' id='word_1_714' title='bbox 2975 2983 3090 3054; x_wconf 86' lang='lat' dir='ltr'><strong>ipse</strong></span> <span class='ocrx_word' id='word_1_715' title='bbox 3112 2982 3178 3036; x_wconf 91' lang='lat' dir='ltr'><strong>de</strong></span> <span class='ocrx_word' id='word_1_716' title='bbox 3206 2999 3265 3038; x_wconf 89' lang='lat' dir='ltr'><strong>se</strong></span> <span class='ocrx_word' id='word_1_717' title='bbox 3284 2980 3548 3046; x_wconf 82' lang='lat' dir='ltr'><strong>Verbum,</strong></span> <span class='ocrx_word' id='word_1_718' title='bbox 3575 2982 3721 3052; x_wconf 87' lang='lat' dir='ltr'><strong>quod</strong></span> <span class='ocrx_word' id='word_1_719' title='bbox 3742 2979 3866 3034; x_wconf 83' lang='lat' dir='ltr'><strong>Deus</strong></span> 
     </span>
    </p>
   </div>
   <div class='ocr_carea' id='block_1_91' title="bbox 2304 3075 3866 3146">
    <p class='ocr_par' dir='ltr' id='par_1_91' title="bbox 2304 3075 3866 3146">
     <span class='ocr_line' id='line_1_91' title="bbox 2304 3075 3866 3146; baseline -0.004 -14"><span class='ocrx_word' id='word_1_720' title='bbox 2304 3086 2408 3142; x_wconf 84' lang='lat' dir='ltr'><strong>est,</strong></span> <span class='ocrx_word' id='word_1_721' title='bbox 2437 3077 2707 3146; x_wconf 80' lang='lat' dir='ltr'><strong>genuerit,</strong></span> <span class='ocrx_word' id='word_1_722' title='bbox 2755 3077 2957 3132; x_wconf 91' lang='lat' dir='ltr'><strong>dictum</strong></span> <span class='ocrx_word' id='word_1_723' title='bbox 2997 3075 3292 3145; x_wconf 89' lang='lat' dir='ltr'><strong>accipitur,</strong></span> <span class='ocrx_word' id='word_1_724' title='bbox 3331 3083 3386 3130; x_wconf 90' lang='lat' dir='ltr'><strong>et</strong></span> <span class='ocrx_word' id='word_1_725' title='bbox 3423 3075 3564 3130; x_wconf 75' lang='lat' dir='ltr'><strong>illud</strong></span> <span class='ocrx_word' id='word_1_726' title='bbox 3609 3083 3866 3128; x_wconf 81' lang='lat' dir='ltr'><strong>emctasse</strong></span> 
     </span>
    </p>
   </div>
   <div class='ocr_carea' id='block_1_92' title="bbox 2303 3161 3868 3238">
    <p class='ocr_par' dir='ltr' id='par_1_92' title="bbox 2303 3161 3868 3238">
     <span class='ocr_line' id='line_1_92' title="bbox 2303 3161 3868 3238; baseline -0.003 -18"><span class='ocrx_word' id='word_1_727' title='bbox 2303 3167 2641 3238; x_wconf 89' lang='lat' dir='ltr'><strong>perhibetur.</strong></span> <span class='ocrx_word' id='word_1_728' title='bbox 2696 3164 2978 3236; x_wconf 90' lang='lat' dir='ltr'><strong>Siquidem</strong></span> <span class='ocrx_word' id='word_1_729' title='bbox 3028 3167 3131 3224; x_wconf 88' lang='lat' dir='ltr'><strong>hoc</strong></span> <span class='ocrx_word' id='word_1_730' title='bbox 3168 3182 3272 3222; x_wconf 90' lang='lat' dir='ltr'><strong>non</strong></span> <span class='ocrx_word' id='word_1_731' title='bbox 3317 3167 3498 3220; x_wconf 90' lang='lat' dir='ltr'><strong>minus</strong></span> <span class='ocrx_word' id='word_1_732' title='bbox 3552 3163 3719 3220; x_wconf 85' lang='lat' dir='ltr'><strong>verba</strong></span> <span class='ocrx_word' id='word_1_733' title='bbox 3747 3161 3868 3218; x_wconf 87' lang='lat' dir='ltr'><strong>tituli</strong></span> 
     </span>
    </p>
   </div>
   <div class='ocr_carea' id='block_1_93' title="bbox 2305 3255 3864 3328">
    <p class='ocr_par' dir='ltr' id='par_1_93' title="bbox 2305 3255 3864 3328">
     <span class='ocr_line' id='line_1_93' title="bbox 2305 3255 3864 3328; baseline -0.004 -15"><span class='ocrx_word' id='word_1_734' title='bbox 2305 3259 2617 3324; x_wconf 90' lang='lat' dir='ltr'><strong>concinunt,</strong></span> <span class='ocrx_word' id='word_1_735' title='bbox 2660 3275 2820 3328; x_wconf 87' lang='lat' dir='ltr'><strong>quam</strong></span> <span class='ocrx_word' id='word_1_736' title='bbox 2881 3267 2935 3313; x_wconf 89' lang='lat' dir='ltr'><strong>et</strong></span> <span class='ocrx_word' id='word_1_737' title='bbox 2988 3267 3168 3313; x_wconf 77' lang='lat' dir='ltr'><strong>textus</strong></span> <span class='ocrx_word' id='word_1_738' title='bbox 3223 3258 3423 3314; x_wconf 85' lang='lat' dir='ltr'><strong>Psahni</strong></span> <span class='ocrx_word' id='word_1_739' title='bbox 3483 3274 3641 3314; x_wconf 90' lang='lat' dir='ltr'><strong>more</strong></span> <span class='ocrx_word' id='word_1_740' title='bbox 3681 3255 3864 3312; x_wconf 84' lang='lat' dir='ltr'><strong>Cantici</strong></span> 
     </span>
    </p>
   </div>
   <div class='ocr_carea' id='block_1_94' title="bbox 2304 3349 3869 3422">
    <p class='ocr_par' dir='ltr' id='par_1_94' title="bbox 2304 3349 3869 3422">
     <span class='ocr_line' id='line_1_94' title="bbox 2304 3349 3869 3422; baseline -0.001 -17"><span class='ocrx_word' id='word_1_741' title='bbox 2304 3351 2538 3419; x_wconf 88' lang='lat' dir='ltr'><strong>idipsum</strong></span> <span class='ocrx_word' id='word_1_742' title='bbox 2571 3350 2770 3421; x_wconf 77' lang='lat' dir='ltr'><strong>explet.</strong></span> <span class='ocrx_word' id='word_1_743' title='bbox 2797 3349 3243 3421; x_wconf 87' lang='lat' dir='ltr'><strong>Quandoquidem</strong></span> <span class='ocrx_word' id='word_1_744' title='bbox 3273 3351 3341 3406; x_wconf 89' lang='lat' dir='ltr'><strong>ad</strong></span> <span class='ocrx_word' id='word_1_745' title='bbox 3373 3360 3672 3422; x_wconf 88' lang='lat' dir='ltr'><strong>utramque</strong></span> <span class='ocrx_word' id='word_1_746' title='bbox 3696 3349 3869 3404; x_wconf 84' lang='lat' dir='ltr'><strong>intelli-</strong></span> 
     </span>
    </p>
   </div>
   <div class='ocr_carea' id='block_1_95' title="bbox 2304 3442 3868 3516">
    <p class='ocr_par' dir='ltr' id='par_1_95' title="bbox 2304 3442 3868 3516">
     <span class='ocr_line' id='line_1_95' title="bbox 2304 3442 3868 3516; baseline -0.001 -18"><span class='ocrx_word' id='word_1_747' title='bbox 2304 3445 2539 3516; x_wconf 86' lang='lat' dir='ltr'><strong>gentiam</strong></span> <span class='ocrx_word' id='word_1_748' title='bbox 2565 3459 2776 3510; x_wconf 88' lang='lat' dir='ltr'><strong>sensus,</strong></span> <span class='ocrx_word' id='word_1_749' title='bbox 2807 3459 2914 3514; x_wconf 91' lang='lat' dir='ltr'><strong>quo</strong></span> <span class='ocrx_word' id='word_1_750' title='bbox 2944 3444 3141 3501; x_wconf 87' lang='lat' dir='ltr'><strong>dicitur</strong></span> <span class='ocrx_word' id='word_1_751' title='bbox 3161 3454 3438 3500; x_wconf 88' lang='lat' dir='ltr'><strong>eructasse</strong></span> <span class='ocrx_word' id='word_1_752' title='bbox 3463 3442 3729 3511; x_wconf 75' lang='lat' dir='ltr'><strong>Verbum,</strong></span> <span class='ocrx_word' id='word_1_753' title='bbox 3751 3443 3868 3496; x_wconf 83' lang='lat' dir='ltr'><strong>bene</strong></span> 
     </span>
    </p>
   </div>
   <div class='ocr_carea' id='block_1_96' title="bbox 2303 3535 2572 3606">
    <p class='ocr_par' dir='ltr' id='par_1_96' title="bbox 2303 3535 2572 3606">
     <span class='ocr_line' id='line_1_96' title="bbox 2303 3535 2572 3606; baseline 0 -18"><span class='ocrx_word' id='word_1_754' title='bbox 2303 3535 2572 3606; x_wconf 84' lang='lat' dir='ltr'><strong>congruit.</strong></span> 
     </span>
    </p>
   </div>
   <div class='ocr_carea' id='block_1_97' title="bbox 2380 3621 3868 3701">
    <p class='ocr_par' dir='ltr' id='par_1_97' title="bbox 2380 3621 3868 3701">
     <span class='ocr_line' id='line_1_97' title="bbox 2380 3621 3868 3701; baseline -0.007 -16"><span class='ocrx_word' id='word_1_755' title='bbox 2380 3624 2597 3696; x_wconf 80' lang='lat'><strong>1258</strong></span> <span class='ocrx_word' id='word_1_756' title='bbox 2623 3625 2717 3681; x_wconf 87' lang='lat' dir='ltr'><strong>Est</strong></span> <span class='ocrx_word' id='word_1_757' title='bbox 2760 3633 2936 3701; x_wconf 85' lang='lat' dir='ltr'><strong>autem</strong></span> <span class='ocrx_word' id='word_1_758' title='bbox 2966 3625 3184 3696; x_wconf 89' lang='lat' dir='ltr'><strong>proprie</strong></span> <span class='ocrx_word' id='word_1_759' title='bbox 3209 3635 3398 3681; x_wconf 89' lang='lat' dir='ltr'><strong>ructus</strong></span> <span class='ocrx_word' id='word_1_760' title='bbox 3426 3625 3661 3698; x_wconf 84' lang='lat' dir='ltr'><strong>digestio</strong></span> <span class='ocrx_word' id='word_1_761' title='bbox 3689 3621 3807 3686; x_wconf 86' lang='lat' dir='ltr'><strong>cibi,</strong></span> <span class='ocrx_word' id='word_1_762' title='bbox 3824 3629 3868 3676; x_wconf 84' lang='lat' dir='ltr'><strong>et</strong></span> 
     </span>
    </p>
   </div>
   <div class='ocr_carea' id='block_1_98' title="bbox 2304 3710 3870 3786">
    <p class='ocr_par' dir='ltr' id='par_1_98' title="bbox 2304 3710 3870 3786">
     <span class='ocr_line' id='line_1_98' title="bbox 2304 3710 3870 3786; baseline -0.005 -14"><span class='ocrx_word' id='word_1_763' title='bbox 2304 3726 2690 3772; x_wconf 89' lang='lat' dir='ltr'><strong>concoctarum</strong></span> <span class='ocrx_word' id='word_1_764' title='bbox 2717 3729 2965 3772; x_wconf 90' lang='lat' dir='ltr'><strong>escarum</strong></span> <span class='ocrx_word' id='word_1_765' title='bbox 2997 3715 3050 3771; x_wconf 89' lang='lat' dir='ltr'><strong>in</strong></span> <span class='ocrx_word' id='word_1_766' title='bbox 3076 3731 3236 3771; x_wconf 87' lang='lat' dir='ltr'><strong>auras</strong></span> <span class='ocrx_word' id='word_1_767' title='bbox 3263 3713 3482 3772; x_wconf 78' lang='lat' dir='ltr'><strong>eﬂlatio.</strong></span> <span class='ocrx_word' id='word_1_768' title='bbox 3512 3716 3592 3771; x_wconf 89' lang='lat' dir='ltr'><strong>De</strong></span> <span class='ocrx_word' id='word_1_769' title='bbox 3623 3714 3776 3786; x_wconf 88' lang='lat' dir='ltr'><strong>cujus</strong></span> <span class='ocrx_word' id='word_1_770' title='bbox 3798 3710 3870 3766; x_wconf 90' lang='lat' dir='ltr'><strong>ni-</strong></span> 
     </span>
    </p>
   </div>
   <div class='ocr_carea' id='block_1_99' title="bbox 2304 3802 3872 3880">
    <p class='ocr_par' dir='ltr' id='par_1_99' title="bbox 2304 3802 3872 3880">
     <span class='ocr_line' id='line_1_99' title="bbox 2304 3802 3872 3880; baseline -0.004 -18"><span class='ocrx_word' id='word_1_771' title='bbox 2304 3809 2504 3864; x_wconf 90' lang='lat' dir='ltr'><strong>mirum</strong></span> <span class='ocrx_word' id='word_1_772' title='bbox 2530 3806 2732 3873; x_wconf 87' lang='lat' dir='ltr'><strong>afllatu,</strong></span> <span class='ocrx_word' id='word_1_773' title='bbox 2755 3808 2912 3879; x_wconf 77' lang='lat' dir='ltr'><strong>juxta</strong></span> <span class='ocrx_word' id='word_1_774' title='bbox 2942 3807 3257 3880; x_wconf 87' lang='lat' dir='ltr'><strong>qualitatem</strong></span> <span class='ocrx_word' id='word_1_775' title='bbox 3291 3823 3566 3874; x_wconf 88' lang='lat' dir='ltr'><strong>escarum,</strong></span> <span class='ocrx_word' id='word_1_776' title='bbox 3607 3816 3706 3862; x_wconf 85' lang='lat' dir='ltr'><strong>aut</strong></span> <span class='ocrx_word' id='word_1_777' title='bbox 3723 3802 3872 3860; x_wconf 79' lang='lat' dir='ltr'><strong>colle-</strong></span> 
     </span>
    </p>
   </div>
   <div class='ocr_carea' id='block_1_100' title="bbox 2305 3897 3876 3966">
    <p class='ocr_par' dir='ltr' id='par_1_100' title="bbox 2305 3897 3876 3966">
     <span class='ocr_line' id='line_1_100' title="bbox 2305 3897 3876 3966; baseline -0.004 -10"><span class='ocrx_word' id='word_1_778' title='bbox 2305 3901 2542 3956; x_wconf 89' lang='lat' dir='ltr'><strong>ctionem</strong></span> <span class='ocrx_word' id='word_1_779' title='bbox 2566 3899 2855 3966; x_wconf 89' lang='lat' dir='ltr'><strong>stomachi,</strong></span> <span class='ocrx_word' id='word_1_780' title='bbox 2885 3900 3046 3956; x_wconf 78' lang='lat' dir='ltr'><strong>flatus</strong></span> <span class='ocrx_word' id='word_1_781' title='bbox 3083 3900 3212 3956; x_wconf 86' lang='lat' dir='ltr'><strong>boni</strong></span> <span class='ocrx_word' id='word_1_782' title='bbox 3238 3897 3436 3954; x_wconf 89' lang='lat' dir='ltr'><strong>malive</strong></span> <span class='ocrx_word' id='word_1_783' title='bbox 3473 3899 3661 3958; x_wconf 87' lang='lat' dir='ltr'><strong>odoris</strong></span> <span class='ocrx_word' id='word_1_784' title='bbox 3707 3911 3876 3953; x_wconf 85' lang='lat' dir='ltr'><strong>erum-</strong></span> 
     </span>
    </p>
   </div>
   <div class='ocr_carea' id='block_1_101' title="bbox 2297 3991 3874 4067">
    <p class='ocr_par' dir='ltr' id='par_1_101' title="bbox 2297 3991 3874 4067">
     <span class='ocr_line' id='line_1_101' title="bbox 2297 3991 3874 4067; baseline -0.006 -18"><span class='ocrx_word' id='word_1_785' title='bbox 2297 3994 2401 4067; x_wconf 89' lang='lat' dir='ltr'><strong>pit,</strong></span> <span class='ocrx_word' id='word_1_786' title='bbox 2433 3994 2526 4064; x_wconf 89' lang='lat' dir='ltr'><strong>qui</strong></span> <span class='ocrx_word' id='word_1_787' title='bbox 2566 4003 2754 4050; x_wconf 88' lang='lat' dir='ltr'><strong>ructus</strong></span> <span class='ocrx_word' id='word_1_788' title='bbox 2781 3993 2998 4049; x_wconf 91' lang='lat' dir='ltr'><strong>dicitur.</strong></span> <span class='ocrx_word' id='word_1_789' title='bbox 3032 3992 3138 4047; x_wconf 89' lang='lat' dir='ltr'><strong>Sed</strong></span> <span class='ocrx_word' id='word_1_790' title='bbox 3186 3991 3366 4048; x_wconf 83' lang='lat' dir='ltr'><strong>divina</strong></span> <span class='ocrx_word' id='word_1_791' title='bbox 3413 3991 3750 4062; x_wconf 82' lang='lat' dir='ltr'><strong>dispensatio</strong></span> <span class='ocrx_word' id='word_1_792' title='bbox 3781 4001 3874 4042; x_wconf 83' lang='lat' dir='ltr'><strong>non</strong></span> 
     </span>
    </p>
   </div>
   <div class='ocr_carea' id='block_1_102' title="bbox 2287 4082 3874 4160">
    <p class='ocr_par' dir='ltr' id='par_1_102' title="bbox 2287 4082 3874 4160">
     <span class='ocr_line' id='line_1_102' title="bbox 2287 4082 3874 4160; baseline -0.008 -15"><span class='ocrx_word' id='word_1_793' title='bbox 2287 4082 2628 4160; x_wconf 65' lang='lat' dir='ltr'><strong>dedignatur</strong></span> <span class='ocrx_word' id='word_1_794' title='bbox 2675 4087 2744 4141; x_wconf 89' lang='lat' dir='ltr'><strong>ad</strong></span> <span class='ocrx_word' id='word_1_795' title='bbox 2783 4085 3183 4143; x_wconf 80' lang='lat' dir='ltr'><strong>informandam</strong></span> <span class='ocrx_word' id='word_1_796' title='bbox 3241 4084 3309 4140; x_wconf 88' lang='lat' dir='ltr'><strong>de</strong></span> <span class='ocrx_word' id='word_1_797' title='bbox 3359 4099 3420 4140; x_wconf 84' lang='lat' dir='ltr'><strong>se</strong></span> <span class='ocrx_word' id='word_1_798' title='bbox 3475 4082 3874 4155; x_wconf 76' lang='lat' dir='ltr'><strong>intelligentiam</strong></span> 
     </span>
    </p>
   </div>
   <div class='ocr_carea' id='block_1_103' title="bbox 2303 4179 3878 4249">
    <p class='ocr_par' dir='ltr' id='par_1_103' title="bbox 2303 4179 3878 4249">
     <span class='ocr_line' id='line_1_103' title="bbox 2303 4179 3878 4249; baseline -0.006 -11"><span class='ocrx_word' id='word_1_799' title='bbox 2303 4190 2568 4247; x_wconf 87' lang='lat' dir='ltr'><strong>nostram,</strong></span> <span class='ocrx_word' id='word_1_800' title='bbox 2605 4181 2867 4236; x_wconf 86' lang='lat' dir='ltr'><strong>vilitatem</strong></span> <span class='ocrx_word' id='word_1_801' title='bbox 2891 4180 3178 4236; x_wconf 85' lang='lat' dir='ltr'><strong>verborum</strong></span> <span class='ocrx_word' id='word_1_802' title='bbox 3207 4193 3508 4244; x_wconf 86' lang='lat' dir='ltr'><strong>assumere,</strong></span> <span class='ocrx_word' id='word_1_803' title='bbox 3550 4179 3644 4249; x_wconf 90' lang='lat' dir='ltr'><strong>qui</strong></span> <span class='ocrx_word' id='word_1_804' title='bbox 3697 4184 3878 4234; x_wconf 69' lang='lat' dir='ltr'><strong>nostra</strong></span> 
     </span>
    </p>
   </div>
   <div class='ocr_carea' id='block_1_104' title="bbox 2303 4269 3883 4348">
    <p class='ocr_par' dir='ltr' id='par_1_104' title="bbox 2303 4269 3883 4348">
     <span class='ocr_line' id='line_1_104' title="bbox 2303 4269 3883 4348; baseline -0.006 -15"><span class='ocrx_word' id='word_1_805' title='bbox 2303 4276 2559 4348; x_wconf 85' lang='lat' dir='ltr'><strong>dignatus</strong></span> <span class='ocrx_word' id='word_1_806' title='bbox 2611 4285 2696 4332; x_wconf 88' lang='lat' dir='ltr'><strong>est</strong></span> <span class='ocrx_word' id='word_1_807' title='bbox 2749 4273 3122 4330; x_wconf 78' lang='lat' dir='ltr'><strong>infirmitatem</strong></span> <span class='ocrx_word' id='word_1_808' title='bbox 3176 4273 3361 4328; x_wconf 83' lang='lat' dir='ltr'><strong>carnis</strong></span> <span class='ocrx_word' id='word_1_809' title='bbox 3422 4287 3730 4331; x_wconf 86' lang='lat' dir='ltr'><strong>assumere.</strong></span> <span class='ocrx_word' id='word_1_810' title='bbox 3771 4269 3883 4326; x_wconf 62' lang='lat' dir='ltr'><strong>llaec</strong></span> 
     </span>
    </p>
   </div>
   <div class='ocr_carea' id='block_1_105' title="bbox 2304 4365 3883 4440">
    <p class='ocr_par' dir='ltr' id='par_1_105' title="bbox 2304 4365 3883 4440">
     <span class='ocr_line' id='line_1_105' title="bbox 2304 4365 3883 4440; baseline -0.006 -18"><span class='ocrx_word' id='word_1_811' title='bbox 2304 4368 2504 4440; x_wconf 86' lang='lat' dir='ltr'><strong>quippe</strong></span> <span class='ocrx_word' id='word_1_812' title='bbox 2523 4367 2706 4423; x_wconf 89' lang='lat' dir='ltr'><strong>omnia</strong></span> <span class='ocrx_word' id='word_1_813' title='bbox 2737 4367 2858 4424; x_wconf 90' lang='lat' dir='ltr'><strong>ideo</strong></span> <span class='ocrx_word' id='word_1_814' title='bbox 2899 4366 3046 4427; x_wconf 88' lang='lat' dir='ltr'><strong>fecit,</strong></span> <span class='ocrx_word' id='word_1_815' title='bbox 3077 4373 3135 4420; x_wconf 92' lang='lat' dir='ltr'><strong>ut</strong></span> <span class='ocrx_word' id='word_1_816' title='bbox 3165 4381 3266 4422; x_wconf 90' lang='lat' dir='ltr'><strong>nos</strong></span> <span class='ocrx_word' id='word_1_817' title='bbox 3313 4365 3518 4422; x_wconf 87' lang='lat' dir='ltr'><strong>nostris</strong></span> <span class='ocrx_word' id='word_1_818' title='bbox 3570 4365 3883 4423; x_wconf 77' lang='lat' dir='ltr'><strong>infamaret</strong></span> 
     </span>
    </p>
   </div>
   <div class='ocr_carea' id='block_1_106' title="bbox 2229 4457 3884 4552">
    <p class='ocr_par' dir='ltr' id='par_1_106' title="bbox 2229 4457 3884 4552">
     <span class='ocr_line' id='line_1_106' title="bbox 2229 4457 3884 4552; baseline -0.004 -38"><span class='ocrx_word' id='word_1_819' title='bbox 2229 4489 2279 4552; x_wconf 65' lang='grc' dir='ltr'><strong>Β</strong></span> <span class='ocrx_word' id='word_1_820' title='bbox 2304 4459 2506 4526; x_wconf 85' lang='lat' dir='ltr'><strong>verbis,</strong></span> <span class='ocrx_word' id='word_1_821' title='bbox 2539 4459 2747 4526; x_wconf 86' lang='lat' dir='ltr'><strong>usibus,</strong></span> <span class='ocrx_word' id='word_1_822' title='bbox 2779 4470 2836 4516; x_wconf 91' lang='lat' dir='ltr'><strong>et</strong></span> <span class='ocrx_word' id='word_1_823' title='bbox 2879 4457 3165 4528; x_wconf 80' lang='lat' dir='ltr'><strong>exemplis,</strong></span> <span class='ocrx_word' id='word_1_824' title='bbox 3208 4473 3471 4528; x_wconf 88' lang='lat' dir='ltr'><strong>suamque</strong></span> <span class='ocrx_word' id='word_1_825' title='bbox 3529 4457 3884 4514; x_wconf 81' lang='lat' dir='ltr'><strong>humilitatem</strong></span> 
     </span>
    </p>
   </div>
   <div class='ocr_carea' id='block_1_107' title="bbox 2303 4545 3883 4618">
    <p class='ocr_par' dir='ltr' id='par_1_107' title="bbox 2303 4545 3883 4618">
     <span class='ocr_line' id='line_1_107' title="bbox 2303 4545 3883 4618; baseline -0.007 -14"><span class='ocrx_word' id='word_1_826' title='bbox 2303 4549 2360 4604; x_wconf 90' lang='lat' dir='ltr'><strong>in</strong></span> <span class='ocrx_word' id='word_1_827' title='bbox 2381 4549 2636 4604; x_wconf 88' lang='lat' dir='ltr'><strong>omnibus</strong></span> <span class='ocrx_word' id='word_1_828' title='bbox 2681 4549 3084 4603; x_wconf 87' lang='lat' dir='ltr'><strong>commendaret</strong></span> <span class='ocrx_word' id='word_1_829' title='bbox 3147 4547 3201 4602; x_wconf 91' lang='lat' dir='ltr'><strong>in</strong></span> <span class='ocrx_word' id='word_1_830' title='bbox 3247 4547 3426 4602; x_wconf 90' lang='lat' dir='ltr'><strong>nobis.</strong></span> <span class='ocrx_word' id='word_1_831' title='bbox 3458 4545 3713 4618; x_wconf 86' lang='lat' dir='ltr'><strong>Denique</strong></span> <span class='ocrx_word' id='word_1_832' title='bbox 3751 4545 3883 4598; x_wconf 86' lang='lat' dir='ltr'><strong>hunc</strong></span> 
     </span>
    </p>
   </div>
   <div class='ocr_carea' id='block_1_108' title="bbox 2302 4637 3887 4703">
    <p class='ocr_par' dir='ltr' id='par_1_108' title="bbox 2302 4637 3887 4703">
     <span class='ocr_line' id='line_1_108' title="bbox 2302 4637 3887 4703; baseline -0.007 -7"><span class='ocrx_word' id='word_1_833' title='bbox 2302 4639 2484 4696; x_wconf 83' lang='lat' dir='ltr'><strong>odoris</strong></span> <span class='ocrx_word' id='word_1_834' title='bbox 2533 4638 2722 4696; x_wconf 82' lang='lat' dir='ltr'><strong>ﬂatum</strong></span> <span class='ocrx_word' id='word_1_835' title='bbox 2774 4638 2842 4696; x_wconf 88' lang='lat' dir='ltr'><strong>ab</strong></span> <span class='ocrx_word' id='word_1_836' title='bbox 2895 4638 3051 4694; x_wconf 91' lang='lat' dir='ltr'><strong>initio</strong></span> <span class='ocrx_word' id='word_1_837' title='bbox 3080 4653 3271 4694; x_wconf 88' lang='lat' dir='ltr'><strong>omnes</strong></span> <span class='ocrx_word' id='word_1_838' title='bbox 3318 4637 3518 4700; x_wconf 90' lang='lat' dir='ltr'><strong>sancti,</strong></span> <span class='ocrx_word' id='word_1_839' title='bbox 3557 4637 3765 4695; x_wconf 79' lang='lat' dir='ltr'><strong>scilicet</strong></span> <span class='ocrx_word' id='word_1_840' title='bbox 3796 4647 3887 4703; x_wconf 82' lang='lat' dir='ltr'><strong>pa-</strong></span> 
     </span>
    </p>
   </div>
   <div class='ocr_carea' id='block_1_109' title="bbox 2305 4723 3880 4799">
    <p class='ocr_par' dir='ltr' id='par_1_109' title="bbox 2305 4723 3880 4799">
     <span class='ocr_line' id='line_1_109' title="bbox 2305 4723 3880 4799; baseline -0.007 -14"><span class='ocrx_word' id='word_1_841' title='bbox 2305 4729 2556 4786; x_wconf 58' lang='lat' dir='ltr'><strong>triarchae</strong></span> <span class='ocrx_word' id='word_1_842' title='bbox 2583 4739 2638 4786; x_wconf 89' lang='lat' dir='ltr'><strong>et</strong></span> <span class='ocrx_word' id='word_1_843' title='bbox 2665 4729 2965 4798; x_wconf 70' lang='lat' dir='ltr'><strong>prophetae,</strong></span> <span class='ocrx_word' id='word_1_844' title='bbox 3011 4729 3154 4783; x_wconf 92' lang='lat' dir='ltr'><strong>intus</strong></span> <span class='ocrx_word' id='word_1_845' title='bbox 3191 4739 3591 4799; x_wconf 79' lang='lat' dir='ltr'><strong>persenserunt</strong></span> <span class='ocrx_word' id='word_1_846' title='bbox 3623 4729 3680 4783; x_wconf 88' lang='lat' dir='ltr'><strong>in</strong></span> <span class='ocrx_word' id='word_1_847' title='bbox 3709 4723 3880 4786; x_wconf 79' lang='lat' dir='ltr'><strong>corde,</strong></span> 
     </span>
    </p>
   </div>
   <div class='ocr_carea' id='block_1_110' title="bbox 2295 4810 3888 4892">
    <p class='ocr_par' dir='ltr' id='par_1_110' title="bbox 2295 4810 3888 4892">
     <span class='ocr_line' id='line_1_110' title="bbox 2295 4810 3888 4892; baseline -0.006 -18"><span class='ocrx_word' id='word_1_848' title='bbox 2295 4833 2402 4892; x_wconf 80' lang='lat' dir='ltr'><strong>per</strong></span> <span class='ocrx_word' id='word_1_849' title='bbox 2460 4817 2723 4890; x_wconf 89' lang='lat' dir='ltr'><strong>Spiritum</strong></span> <span class='ocrx_word' id='word_1_850' title='bbox 2777 4827 3046 4880; x_wconf 88' lang='lat' dir='ltr'><strong>sanctum,</strong></span> <span class='ocrx_word' id='word_1_851' title='bbox 3097 4817 3152 4872; x_wconf 90' lang='lat' dir='ltr'><strong>in</strong></span> <span class='ocrx_word' id='word_1_852' title='bbox 3197 4817 3496 4887; x_wconf 87' lang='lat' dir='ltr'><strong>Scripturis</strong></span> <span class='ocrx_word' id='word_1_853' title='bbox 3545 4818 3760 4883; x_wconf 88' lang='lat' dir='ltr'><strong>sacris;</strong></span> <span class='ocrx_word' id='word_1_854' title='bbox 3805 4810 3888 4883; x_wconf 86' lang='lat' dir='ltr'><strong>qui</strong></span> 
     </span>
    </p>
   </div>
   <div class='ocr_carea' id='block_1_111' title="bbox 2304 4907 3889 4984">
    <p class='ocr_par' dir='ltr' id='par_1_111' title="bbox 2304 4907 3889 4984">
     <span class='ocr_line' id='line_1_111' title="bbox 2304 4907 3889 4984; baseline -0.003 -20"><span class='ocrx_word' id='word_1_855' title='bbox 2304 4924 2467 4981; x_wconf 90' lang='lat' dir='ltr'><strong>quam</strong></span> <span class='ocrx_word' id='word_1_856' title='bbox 2517 4923 2659 4982; x_wconf 66' lang='lat' dir='ltr'><strong>saepe</strong></span> <span class='ocrx_word' id='word_1_857' title='bbox 2703 4909 2926 4980; x_wconf 88' lang='lat' dir='ltr'><strong>spiritus</strong></span> <span class='ocrx_word' id='word_1_858' title='bbox 2969 4907 3128 4963; x_wconf 86' lang='lat' dir='ltr'><strong>ﬂatus</strong></span> <span class='ocrx_word' id='word_1_859' title='bbox 3183 4910 3403 4974; x_wconf 89' lang='lat' dir='ltr'><strong>dicitur,</strong></span> <span class='ocrx_word' id='word_1_860' title='bbox 3446 4925 3550 4980; x_wconf 85' lang='lat' dir='ltr'><strong>per</strong></span> <span class='ocrx_word' id='word_1_861' title='bbox 3596 4925 3766 4984; x_wconf 87' lang='lat' dir='ltr'><strong>quem</strong></span> <span class='ocrx_word' id='word_1_862' title='bbox 3807 4907 3889 4960; x_wconf 79' lang='lat' dir='ltr'><strong>de-</strong></span> 
     </span>
    </p>
   </div>
   <div class='ocr_carea' id='block_1_112' title="bbox 2287 4997 3895 5070">
    <p class='ocr_par' dir='ltr' id='par_1_112' title="bbox 2287 4997 3895 5070">
     <span class='ocr_line' id='line_1_112' title="bbox 2287 4997 3895 5070; baseline -0.006 -12"><span class='ocrx_word' id='word_1_863' title='bbox 2287 5008 2666 5068; x_wconf 40' lang='lat' dir='ltr'><strong>.monstratur,</strong></span> <span class='ocrx_word' id='word_1_864' title='bbox 2697 5000 2860 5055; x_wconf 88' lang='lat' dir='ltr'><strong>etiam</strong></span> <span class='ocrx_word' id='word_1_865' title='bbox 2885 5009 3176 5070; x_wconf 89' lang='lat' dir='ltr'><strong>antequam</strong></span> <span class='ocrx_word' id='word_1_866' title='bbox 3205 5000 3432 5061; x_wconf 87' lang='lat' dir='ltr'><strong>veniret,</strong></span> <span class='ocrx_word' id='word_1_867' title='bbox 3477 5003 3579 5070; x_wconf 88' lang='lat' dir='ltr'><strong>qui</strong></span> <span class='ocrx_word' id='word_1_868' title='bbox 3607 4997 3895 5058; x_wconf 81' lang='lat' dir='ltr'><strong>mittendus</strong></span> 
     </span>
    </p>
   </div>
   <div class='ocr_carea' id='block_1_113' title="bbox 2305 5089 3894 5160">
    <p class='ocr_par' dir='ltr' id='par_1_113' title="bbox 2305 5089 3894 5160">
     <span class='ocr_line' id='line_1_113' title="bbox 2305 5089 3894 5160; baseline 0.001 -12"><span class='ocrx_word' id='word_1_869' title='bbox 2305 5099 2444 5148; x_wconf 88' lang='lat' dir='ltr'><strong>erat.</strong></span> <span class='ocrx_word' id='word_1_870' title='bbox 2487 5089 2642 5147; x_wconf 89' lang='lat' dir='ltr'><strong>Unde</strong></span> <span class='ocrx_word' id='word_1_871' title='bbox 2676 5106 2818 5146; x_wconf 89' lang='lat' dir='ltr'><strong>unus</strong></span> <span class='ocrx_word' id='word_1_872' title='bbox 2855 5099 3165 5145; x_wconf 88' lang='lat' dir='ltr'><strong>sanctorum</strong></span> <span class='ocrx_word' id='word_1_873' title='bbox 3200 5105 3214 5143; x_wconf 87' lang='lat'><strong>:</strong></span> <span class='ocrx_word' id='word_1_874' title='bbox 3252 5089 3377 5144; x_wconf 89' lang='lat' dir='ltr'><strong>Non</strong></span> <span class='ocrx_word' id='word_1_875' title='bbox 3421 5091 3670 5160; x_wconf 81' lang='lat' dir='ltr'><strong>deficiet,</strong></span> <span class='ocrx_word' id='word_1_876' title='bbox 3713 5089 3894 5158; x_wconf 66' lang='lat' dir='ltr'><strong>inquii,</strong></span> 
     </span>
    </p>
   </div>
   <div class='ocr_carea' id='block_1_114' title="bbox 2304 5180 3898 5254">
    <p class='ocr_par' dir='ltr' id='par_1_114' title="bbox 2304 5180 3898 5254">
     <span class='ocr_line' id='line_1_114' title="bbox 2304 5180 3898 5254; baseline -0.004 -18"><span class='ocrx_word' id='word_1_877' title='bbox 2304 5183 2544 5254; x_wconf 84' lang='lat' dir='ltr'><strong>princeps</strong></span> <span class='ocrx_word' id='word_1_878' title='bbox 2565 5182 2628 5236; x_wconf 90' lang='lat' dir='ltr'><strong>de</strong></span> <span class='ocrx_word' id='word_1_879' title='bbox 2647 5180 2681 5234; x_wconf 84' lang='lat' dir='ltr'><strong><em>J</em></strong></span> <span class='ocrx_word' id='word_1_880' title='bbox 2690 5181 2816 5246; x_wconf 86' lang='lat' dir='ltr'><strong>uda,</strong></span> <span class='ocrx_word' id='word_1_881' title='bbox 2857 5191 2904 5235; x_wconf 88' lang='lat' dir='ltr'><strong>et</strong></span> <span class='ocrx_word' id='word_1_882' title='bbox 2927 5180 3037 5236; x_wconf 81' lang='lat' dir='ltr'><strong>dua:</strong></span> <span class='ocrx_word' id='word_1_883' title='bbox 3067 5181 3130 5234; x_wconf 89' lang='lat' dir='ltr'><strong>de</strong></span> <span class='ocrx_word' id='word_1_884' title='bbox 3151 5181 3437 5251; x_wconf 80' lang='lat' dir='ltr'><strong>femoribus</strong></span> <span class='ocrx_word' id='word_1_885' title='bbox 3463 5181 3611 5252; x_wconf 83' lang='lat' dir='ltr'><strong>ejus,</strong></span> <span class='ocrx_word' id='word_1_886' title='bbox 3631 5183 3799 5236; x_wconf 77' lang='lat' dir='ltr'><strong>donec</strong></span> <span class='ocrx_word' id='word_1_887' title='bbox 3827 5194 3898 5231; x_wconf 82' lang='lat' dir='ltr'><strong>re-</strong></span> 
     </span>
    </p>
   </div>
   <div class='ocr_carea' id='block_1_115' title="bbox 2305 5268 3896 5344">
    <p class='ocr_par' dir='ltr' id='par_1_115' title="bbox 2305 5268 3896 5344">
     <span class='ocr_line' id='line_1_115' title="bbox 2305 5268 3896 5344; baseline -0.001 -20"><span class='ocrx_word' id='word_1_888' title='bbox 2305 5271 2419 5325; x_wconf 83' lang='lat' dir='ltr'><strong>niat</strong></span> <span class='ocrx_word' id='word_1_889' title='bbox 2447 5272 2536 5342; x_wconf 86' lang='lat' dir='ltr'><strong>qui</strong></span> <span class='ocrx_word' id='word_1_890' title='bbox 2563 5271 2848 5325; x_wconf 85' lang='lat' dir='ltr'><strong>mittendus</strong></span> <span class='ocrx_word' id='word_1_891' title='bbox 2881 5280 2954 5324; x_wconf 86' lang='lat' dir='ltr'><strong>est</strong></span> <span class='ocrx_word' id='word_1_892' title='bbox 2992 5268 3144 5342; x_wconf 83' lang='lat' dir='ltr'><strong>(Gen.</strong></span> <span class='ocrx_word' id='word_1_893' title='bbox 3185 5287 3334 5336; x_wconf 76' lang='lat' dir='ltr'><strong>xm,</strong></span> <span class='ocrx_word' id='word_1_894' title='bbox 3383 5271 3493 5344; x_wconf 80' lang='grc'><strong>10).</strong></span> <span class='ocrx_word' id='word_1_895' title='bbox 3527 5272 3896 5328; x_wconf 78' lang='lat' dir='ltr'><strong>Odoramenta</strong></span> 
     </span>
    </p>
   </div>
   <div class='ocr_carea' id='block_1_116' title="bbox 2309 5360 3899 5432">
    <p class='ocr_par' dir='ltr' id='par_1_116' title="bbox 2309 5360 3899 5432">
     <span class='ocr_line' id='line_1_116' title="bbox 2309 5360 3899 5432; baseline -0.001 -12"><span class='ocrx_word' id='word_1_896' title='bbox 2309 5364 2572 5432; x_wconf 89' lang='lat' dir='ltr'><strong>siquidem</strong></span> <span class='ocrx_word' id='word_1_897' title='bbox 2609 5361 2766 5432; x_wconf 90' lang='lat' dir='ltr'><strong>hujus</strong></span> <span class='ocrx_word' id='word_1_898' title='bbox 2799 5360 2960 5418; x_wconf 88' lang='lat' dir='ltr'><strong>Verbi</strong></span> <span class='ocrx_word' id='word_1_899' title='bbox 2989 5373 3176 5418; x_wconf 89' lang='lat' dir='ltr'><strong>ructus</strong></span> <span class='ocrx_word' id='word_1_900' title='bbox 3211 5363 3550 5420; x_wconf 80' lang='lat' dir='ltr'><strong>exhalabunt</strong></span> <span class='ocrx_word' id='word_1_901' title='bbox 3590 5366 3785 5422; x_wconf 85' lang='lat' dir='ltr'><strong>omnia</strong></span> <span class='ocrx_word' id='word_1_902' title='bbox 3810 5363 3899 5419; x_wconf 63' lang='lat' dir='ltr'><strong>Ye-</strong></span> 
     </span>
    </p>
   </div>
   <div class='ocr_carea' id='block_1_117' title="bbox 2308 5454 3899 5528">
    <p class='ocr_par' dir='ltr' id='par_1_117' title="bbox 2308 5454 3899 5528">
     <span class='ocr_line' id='line_1_117' title="bbox 2308 5454 3899 5528; baseline -0.001 -17"><span class='ocrx_word' id='word_1_903' title='bbox 2308 5457 2443 5511; x_wconf 84' lang='lat' dir='ltr'><strong>teris</strong></span> <span class='ocrx_word' id='word_1_904' title='bbox 2473 5454 2800 5509; x_wconf 88' lang='lat' dir='ltr'><strong>Testamenti</strong></span> <span class='ocrx_word' id='word_1_905' title='bbox 2830 5455 3118 5520; x_wconf 80' lang='lat' dir='ltr'><strong>sacriﬁcia,</strong></span> <span class='ocrx_word' id='word_1_906' title='bbox 3138 5470 3256 5525; x_wconf 73' lang='lat' dir='ltr'><strong>qua:</strong></span> <span class='ocrx_word' id='word_1_907' title='bbox 3275 5455 3559 5511; x_wconf 80' lang='lat' dir='ltr'><strong>Christum</strong></span> <span class='ocrx_word' id='word_1_908' title='bbox 3586 5457 3899 5528; x_wconf 65' lang='lat' dir='ltr'><strong>praeﬁgun-</strong></span> 
     </span>
    </p>
   </div>
   <div class='ocr_carea' id='block_1_118' title="bbox 2307 5543 3899 5610">
    <p class='ocr_par' dir='ltr' id='par_1_118' title="bbox 2307 5543 3899 5610">
     <span class='ocr_line' id='line_1_118' title="bbox 2307 5543 3899 5610; baseline 0 -10"><span class='ocrx_word' id='word_1_909' title='bbox 2307 5545 2439 5600; x_wconf 89' lang='lat' dir='ltr'><strong>bant</strong></span> <span class='ocrx_word' id='word_1_910' title='bbox 2458 5560 2574 5600; x_wconf 90' lang='lat' dir='ltr'><strong>esse</strong></span> <span class='ocrx_word' id='word_1_911' title='bbox 2593 5553 2880 5598; x_wconf 86' lang='lat' dir='ltr'><strong>venturum</strong></span> <span class='ocrx_word' id='word_1_912' title='bbox 2909 5544 2961 5598; x_wconf 89' lang='lat' dir='ltr'><strong>in</strong></span> <span class='ocrx_word' id='word_1_913' title='bbox 2985 5559 3168 5610; x_wconf 90' lang='lat' dir='ltr'><strong>carne,</strong></span> <span class='ocrx_word' id='word_1_914' title='bbox 3200 5545 3587 5602; x_wconf 87' lang='lat' dir='ltr'><strong>holocaustum</strong></span> <span class='ocrx_word' id='word_1_915' title='bbox 3621 5549 3740 5604; x_wconf 88' lang='lat' dir='ltr'><strong>Deo</strong></span> <span class='ocrx_word' id='word_1_916' title='bbox 3765 5543 3899 5604; x_wconf 77' lang='lat' dir='ltr'><strong>Patri</strong></span> 
     </span>
    </p>
   </div>
   <div class='ocr_carea' id='block_1_119' title="bbox 2307 5635 3898 5709">
    <p class='ocr_par' dir='ltr' id='par_1_119' title="bbox 2307 5635 3898 5709">
     <span class='ocr_line' id='line_1_119' title="bbox 2307 5635 3898 5709; baseline 0 -18"><span class='ocrx_word' id='word_1_917' title='bbox 2307 5652 2407 5708; x_wconf 89' lang='lat' dir='ltr'><strong>pro</strong></span> <span class='ocrx_word' id='word_1_918' title='bbox 2429 5635 2586 5690; x_wconf 90' lang='lat' dir='ltr'><strong>nobis</strong></span> <span class='ocrx_word' id='word_1_919' title='bbox 2621 5635 2876 5689; x_wconf 80' lang='lat' dir='ltr'><strong>ﬂendum.</strong></span> <span class='ocrx_word' id='word_1_920' title='bbox 2908 5635 2984 5690; x_wconf 89' lang='lat' dir='ltr'><strong>De</strong></span> <span class='ocrx_word' id='word_1_921' title='bbox 3013 5636 3208 5706; x_wconf 89' lang='lat' dir='ltr'><strong>quibus</strong></span> <span class='ocrx_word' id='word_1_922' title='bbox 3238 5653 3554 5709; x_wconf 67' lang='lat' dir='ltr'><strong>quamsmpe</strong></span> <span class='ocrx_word' id='word_1_923' title='bbox 3589 5641 3805 5696; x_wconf 76' lang='lat' dir='ltr'><strong>dicitur</strong></span> <span class='ocrx_word' id='word_1_924' title='bbox 3825 5655 3898 5694; x_wconf 56' lang='lat' dir='ltr'><strong>sa.</strong></span> 
     </span>
    </p>
   </div>
   <div class='ocr_carea' id='block_1_120' title="bbox 2308 5725 3904 5792">
    <p class='ocr_par' dir='ltr' id='par_1_120' title="bbox 2308 5725 3904 5792">
     <span class='ocr_line' id='line_1_120' title="bbox 2308 5725 3904 5792; baseline 0.005 -8"><span class='ocrx_word' id='word_1_925' title='bbox 2308 5728 2530 5784; x_wconf 83' lang='lat' dir='ltr'><strong>crificiis</strong></span> <span class='ocrx_word' id='word_1_926' title='bbox 2566 5745 2580 5782; x_wconf 89' lang='lat'><strong>:</strong></span> <span class='ocrx_word' id='word_1_927' title='bbox 2625 5725 2892 5782; x_wconf 87' lang='lat' dir='ltr'><strong>Odoratus</strong></span> <span class='ocrx_word' id='word_1_928' title='bbox 2929 5737 3004 5782; x_wconf 80' lang='lat' dir='ltr'><strong>est</strong></span> <span class='ocrx_word' id='word_1_929' title='bbox 3049 5727 3305 5786; x_wconf 85' lang='lat' dir='ltr'><strong>Dominus</strong></span> <span class='ocrx_word' id='word_1_930' title='bbox 3349 5731 3572 5786; x_wconf 76' lang='lat' dir='ltr'><strong>odorem</strong></span> <span class='ocrx_word' id='word_1_931' title='bbox 3626 5729 3904 5792; x_wconf 67' lang='lat' dir='ltr'><strong>suavitatis</strong></span> 
     </span>
    </p>
   </div>
   <div class='ocr_carea' id='block_1_121' title="bbox 4009 2497 4012 3140">
    <p class='ocr_par' dir='ltr' id='par_1_121' title="bbox 4009 2497 4011 3052">
     <span class='ocr_line' id='line_1_121' title="bbox 4010 2497 4011 2546; baseline 0 0"><span class='ocrx_word' id='word_1_932' title='bbox 4010 2497 4011 2546; x_wconf 97' lang='grc'><strong>1</strong></span> 
     </span>
     <span class='ocr_line' id='line_1_122' title="bbox 4010 2559 4011 2600; baseline 0 -8"><span class='ocrx_word' id='word_1_933' title='bbox 4010 2559 4011 2600; x_wconf 67' lang='grc'><strong>1</strong></span> 
     </span>
     <span class='ocr_line' id='line_1_123' title="bbox 4010 2715 4011 2758; baseline 0 0"><span class='ocrx_word' id='word_1_934' title='bbox 4010 2715 4011 2758; x_wconf 97' lang='grc'><strong>1</strong></span> 
     </span>
     <span class='ocr_line' id='line_1_124' title="bbox 4010 2781 4011 2824; baseline 0 0"><span class='ocrx_word' id='word_1_935' title='bbox 4010 2781 4011 2824; x_wconf 97' lang='grc'><strong>1</strong></span> 
     </span>
     <span class='ocr_line' id='line_1_125' title="bbox 4009 2913 4011 2954; baseline 0 0"><span class='ocrx_word' id='word_1_936' title='bbox 4009 2913 4011 2954; x_wconf 97' lang='grc'><strong>1</strong></span> 
     </span>
     <span class='ocr_line' id='line_1_126' title="bbox 4010 2989 4011 3016; baseline 0 0"><span class='ocrx_word' id='word_1_937' title='bbox 4010 2989 4011 3016; x_wconf 98' lang='grc'><strong>1</strong></span> 
     </span>
     <span class='ocr_line' id='line_1_127' title="bbox 4010 3017 4011 3052; baseline 0 0"><span class='ocrx_word' id='word_1_938' title='bbox 4010 3017 4011 3052; x_wconf 85' lang='grc'><strong>1</strong></span> 
     </span>
    </p>
   </div>
  </div>
