4048 6352
165 342 294 399 Ιοὶί

1088 337 1450 396 EXPOSlTlO
1489 340 1557 394 ΙΝ
1598 338 1934 394 PSALMUM
1973 337 2156 395 XLIV.
2195 369 2268 378 —
2301 337 2429 392 LIB.
2469 335 2530 391 ll.

3262 308 3268 314 ’
3300 333 3436 392 tm

163 456 319 528 (Gen.
350 471 466 518 πη,
496 453 610 526 91).
650 456 803 510 Hunc
846 455 1030 526 itaque
1084 458 1303 511 odorem
1361 467 1610 512 senserat
1644 474 1746 528 pa-
1776 455 1824 514 Α
1853 453 2154 518 nominare,
2182 451 2335 519 juxta
2380 457 2584 506 textum
2631 449 2853 516 Psalmi,
2884 449 3008 522 quia
3053 440 3282 524 regnum
3337 438 3432 516 sua

164 551 400 607 triarcha
430 548 617 616 Iacob,
667 549 745 603 de.
772 564 880 618 quo
908 564 1014 603 non
1043 549 1200 620 longe
1231 566 1391 620 supra
1431 550 1539 604 dixi
1567 568 1582 603 :
1613 550 1747 606 Ecce

135 641 314 700 .odor.
340 637 541 709 inquit,
566 638 668 707 filii
705 638 808 691 mei
847 639 981 692 sicut
1004 639 1135 693 odor
1161 640 1276 710 agri
1301 639 1460 708 pleni,
1484 657 1634 712 quem
1663 641 1748 694 be-

137 730 364 787 nedixit
390 728 651 784 Dominus
685 725 838 799 (Gen.
872 743 1044 795 xxv”,
1071 729 1184 800 27).
1218 729 1388 784 Porro
1426 731 1548 800 quis
1601 731 1668 786 sil
1700 731 1747 786 is

155 836 322 893 quem
350 823 613 878 Dominus
659 823 998 878 benedixerit
1043 837 1281 892 praesens
1326 824 1564 878 declarat
1597 822 1740 894 psal-

155 928 283 968 mus
325 928 452 968 cum
487 913 598 967 ait:
631 911 906 982 Speciosus
937 914 1108 980 fama
1142 930 1253 982 pro!
1286 913 1412 984 ﬁliis
1439 915 1742 980 hominum;

156 1005 362 1074 dimica
385 1015 466 1060 est
489 1005 662 1076 gratia
684 1007 738 1060 in
768 1005 923 1060 labiis
951 1009 1076 1072 tuis,
1100 1017 1370 1077 propterea
1407 1019 1455 1061 te
1483 1006 1744 1062 benedixit

155 1099 303 1153 Deus
320 1098 382 1152 in
400 1109 676 1153 uernum.
701 1098 870 1166 Hujus
897 1115 1130 1168 namque
1161 1099 1510 1169 frugi-entiam
1539 1101 1741 1165 odoris,

156 1187 386 1243 naribus
402 1196 766 1257 praesenserat
793 1189 1034 1243 Ecclesia
1057 1189 1110 1243 in
1139 1187 1395 1253 Cauticis,
1437 1205 1560 1244 cum
1599 1191 1744 1246 diee-

157 1279 280 1331 bat:
301 1275 635 1348 Unguentum
649 1279 873 1347 elfusttm
897 1295 1082 1333 nomen
1101 1289 1270 1344 tuum,
1296 1280 1413 1334 ideo
1437 1281 1743 1337 adolescen-

157 1367 284 1422 tulo:
307 1367 606 1423 dilexerunt
645 1379 695 1423 te
729 1370 883 1424 nimis
912 1367 1086 1442 (Cant.
1106 1387 1146 1434 ι,
1169 1371 1222 1433 5,
1241 1371 1318 1442 4).
1346 1371 1457 1426 Nec
1498 1373 1741 1439 dubium,

157 1457 518 1522 charissima),
535 1475 633 1515 vos
644 1473 765 1514 esse
779 1460 1206 1515 adolescentulas
1218 1462 1284 1514 de
1297 1461 1491 1531 quibus
1512 1463 1710 1516 dicitur
1725 1480 1738 1516 :

162 1548 270 1605 Vos
295 1552 463 1618 estis,
483 1551 727 1622 inquam,
757 1569 879 1623 qua;
909 1552 1104 1608 canitis
1131 1554 1274 1607 inter
1319 1539 1533 1608 easdem
1576 1554 1743 1623 virgi-

158 1658 275 1708 nes,
306 1632 541 1712 quarum
582 1652 797 1700 nonest
824 1660 1112 1713 numerus;
1164 1661 1285 1715 quae
1331 1647 1508 1702 dicitis
1547 1663 1745 1716 spcuso

160 1735 215 1789 in
249 1733 456 1788 eisdem
490 1732 769 1789 Canticis:
804 1731 975 1790 Tro/te
1003 1751 1085 1789 me
1111 1747 1224 1805 post
1267 1745 1337 1802 te,
1384 1753 1650 1792 curremtts
1689 1737 1744 1792 in

1850 541 1951 596 sibi
1977 542 2176 596 virtute
2208 542 2491 609 acquirere
2519 539 2794 603 veniebat,
2830 549 2886 594 et
2930 554 3183 609 sponsam
3211 541 3430 597 ducere.

1827 633 1986 687 'Hinc
2015 634 2244 702 denique
2281 633 2394 702 ipse
2427 633 2477 685 in
2516 629 2846 701 Evangelio:
2883 629 3068 686 Simile
3107 641 3202 696 est,
3237 631 3432 702 inquit,

1825 743 2063 795 'regnnm
2091 725 2337 779 calorum
2367 724 2564 778 homini
2616 725 2742 793 regi,
2785 723 2877 794 qui
2920 723 3044 792 fecit
3082 725 3293 793 nuptias
3321 723 3434 794 ﬁlio

1846 832 1942 868 suo
1977 815 2192 887 (Matth.
2224 831 2360 878 xxu,
2396 813 2475 884 2).
2511 814 2577 866 Et
2607 813 2729 882 quia
2768 812 2823 866 in
2857 814 2960 867 isto
3008 813 3252 867 carmine
3278 813 3435 870 Chri-

1827 916 1932 963 -sto
1961 910 2070 977 regi
2117 908 2228 961 lilio
2277 907 2417 976 regis
2478 907 2677 974 nupti-.e
2723 906 3075 975 parabantur,
3113 903 3180 959 ad
3218 905 3432 962 laudem

1825 1003 2082 1054 'nomiuis
2113 1007 2168 1054 et
2197 995 2422 1071 gloriam
2452 999 2800 1070 proprietatis
2829 1010 3054 1064 natura},
3092 1015 3188 1054 sua
3233 999 3435 1055 indicat

1849 1091 2010 1147 Pater
2036 1108 2200 1162 opera
2235 1093 2404 1156 Filio,
2430 1092 2554 1160 quia
2588 1090 2789 1146 Filium
2828 1108 2976 1145 nemo
3011 1091 3153 1145 novit
3184 1091 3287 1146 nisi
3325 1089 3436 1145 Pa~

1847 1193 1947 1247 ter,
1977 1199 2138 1252 neque
2176 1180 2391 1236 Patrem
2417 1181 2516 1235 nisi
2543 1179 2739 1244 Filius,
2774 1191 2824 1234 et
2853 1182 2939 1234 cui
2985 1180 3208 1236 coluerit
3256 1177 3432 1234 Filius

1848 1275 2075 1328 revelare
2109 1273 2326 1345 (Matth.
2357 1289 2431 1334 xr,
2472 1273 2586 1344 27).
2620 1273 2825 1328 Idcirco
2855 1273 2928 1327 illi
2962 1271 3124 1328 Pater
3151 1287 3245 1328 sua
3295 1271 3436 1328 indi-

1849 1375 1941 1421 Cat
1963 1383 2148 1436 opera,
2180 1367 2304 1436 quia
2331 1364 2566 1419 Verbum
2597 1364 2776 1418 Patris
2807 1373 2910 1426 est,
2937 1371 2992 1418 et
3019 1363 3136 1433 ipse
3163 1363 3310 1418 solus
3337 1375 3436 1418 no-

1849 1460 1929 1513 vit
1957 1461 2137 1513 omnia
2163 1475 2281 1529 qua:
2305 1458 2481 1512 Patris
2504 1466 2652 1521 sum,
2679 1456 2834 1511 ctcui
2857 1455 3090 1510 voluerit
3119 1455 3430 1510 ostendere.

1853 1553 2066 1622 1260
2085 1549 2376 1621 Pmptcrea
2404 1565 2511 1604 non
2539 1550 2707 1614 solum
2749 1547 3046 1612 semcl,sed
3087 1556 3143 1602 et
3191 1547 3434 1604 secundo

1849 1643 2010 1697 Pater
2038 1644 2103 1696 de
2133 1643 2272 1696 cmlo
2299 1643 2498 1697 clamat
2533 1661 2546 1696 ς
2580 1641 2682 1694 Hic
2701 1651 2775 1694 est
2809 1638 2983 1694 Filius
3002 1656 3148 1694 meus
3187 1639 3432 1705 dilectus,

1849 1736 1905 1788 in
1930 1752 2032 1805 quo
2057 1735 2187 1788 mitti
2222 1735 2346 1788 bene
2391 1733 2702 1804 complacui.
2749 1734 2826 1788 Ac
2857 1733 2901 1788 si
2944 1741 3192 1803 patenter
3246 1731 3431 1786 dicat:

145 1823 373 1878 rodet-ent
402 1835 786 1894 unguentorum
809 1835 1040 1880 tuorum.
1068 1826 1218 1880 Alias
1259 1835 1438 1880 autem
1490 1827 1592 1881 nisi
1627 1827 1744 1898 ejus
1772 1811 1821 1874 Β
1848 1830 1966 1898 lpse
1999 1835 2082 1882 est
2122 1829 2205 1882 cui
2251 1828 2436 1882 omnia
2484 1826 2738 1896 patefeci,
2771 1841 2932 1896 quem
2989 1826 3170 1896 genui,
3199 1823 3436 1894 propriae

157 1915 290 1970 odor
333 1931 434 1970 vos
489 1925 850 1987 respergeret,
893 1933 1236 1987 nequaquam
1275 1919 1342 1972 iis
1389 1935 1509 1988 quae
1558 1921 1744 1975 mundi

157 2019 284 2063 sunt
335 2009 625 2078 despectis,
684 2012 754 2066 ad
804 2020 1010 2066 tantam
1057 2013 1442 2069 contritioucm
1482 2015 1662 2069 carnis
1692 2022 1747 2068 et

158 2097 383 2166 spiritus
423 2099 616 2153 venire
665 2102 958 2170 cuperetis,
1001 2111 1058 2156 et
1100 2118 1316 2157 crucem
1356 2104 1408 2157 in
1465 2105 1746 2174 angariam

156 2199 278 2262 post
305 2190 580 2246 Christum
611 2203 857 2261 portare;
891 2195 962 2248 ita
993 2204 1052 2248 ut
1074 2195 1298 2250 calcatis
1322 2196 1606 2261 omnibus,
1639 2211 1744 2251 non

158 2281 322 2334 aliter
350 2295 415 2335 ac
432 2281 478 2336 si
501 2280 664 2336 ﬂores
691 2283 996 2354 beliotropii
1023 2285 1090 2338 de
1119 2286 1313 2354 quibus
1342 2287 1606 2350 dixeram,
1657 2301 1746 2340 so-

156 2371 266 2426 lem
287 2371 562 2426 Christum
593 2373 899 2442 respiciatis
932 2386 988 2430 et
1013 2378 1334 2446 sequamini,
1371 2378 1497 2446 quia
1547 2377 1748 2431 solum-

157 2463 321 2519 modo
351 2451 628 2520 auctorem
651 2465 775 2520 vitze
827 2467 1112 2530 dilexistis,
1145 2467 1359 2538 1259
1379 2477 1432 2522 et
1473 2484 1592 2538 qua:
1637 2485 1748 2524 sur-

161 2571 277 2610 sum
315 2565 448 2611 sunt
486 2559 692 2629 sapitis.
723 2559 834 2614 Nec
879 2559 1172 2625 in'nnerito,
1201 2561 1585 2626 dilectissinne,
1617 2561 1744 2630 quia

153 2647 396 2704 fractum
444 2651 887 2706 estalabastrum
937 2654 1196 2723 unguenti
1239 2653 1637 2722 pretiosissimi,
1691 2661 1748 2708 et

149 2753 256 2812 pro
293 2741 456 2796 Vobis
509 2743 694 2812 utique
748 2741 1000 2808 fractum,
1055 2753 1109 2799 et
1155 2745 1372 2814 impleta
1430 2745 1745 2801 estdomus

161 2831 324 2886 odore
349 2831 495 2887 illius
519 2835 777 2905 unguenti
825 2837 978 2889 nardi
1027 2837 1225 2904 pistici.
1263 2836 1398 2892 llinc
1429 2845 1484 2890 et
1513 2852 1607 2891 vos
1637 2852 1744 2891 una

161 2938 281 2980 cum
308 2925 595 2995 Apostolo,
627 2927 683 2981 in
714 2928 816 2983 hoc
835 2929 1038 2983 mundo
1070 2929 1243 2984 bonus
1272 2919 1411 2984 odor
1443 2929 1575 2984 estis
1612 2944 1746 2984 cun-

163 3019 260 3072 ctis
288 3018 624 3082 hominibus,
648 3019 804 3074 ita-ut
829 3036 857 3074 a
881 3022 1034 3075 vobis
1059 3021 1228 3075 ﬂuant
1255 3021 1606 3076 odoramenta
1629 3021 1741 3076 vir-

160 3111 355 3165 tutum.
381 3109 521 3176 Biuc
548 3112 790 3168 charitas
813 3115 1090 3180 dilatatur,
1121 3131 1226 3185 pax
1267 3123 1320 3170 ct
1346 3117 1607 3185 patientia
1635 3129 1742 3170 mo-

164 3217 248 3258 res
273 3214 544 3258 exornant
565 3213 797 3270 vestros,
817 3207 1031 3261 bonitas
1052 3215 1105 3261 ct
1133 3209 1439 3277 benignitas
1466 3207 1740 3278 fragrant;
1771 3173 1817 3236 ο

163 3293 282 3348 hinc
311 3294 594 3349 hutnilitas
619 3295 885 3366 profunda
924 3299 1120 3352 C(t‘llllll
1151 3299 1328 3368 pulsat
1353 3316 1366 3364 ;
1401 3301 1663 3354 modestia
1691 3307 1746 3354 ct

163 3389 520 3443 mansuetudo
551 3389 797 3444 habitum
843 3390 1132 3456 decorant;
1171 3401 1512 3460 contemptus
1540 3391 1743 3458 smeuli,

161 3478 544 3550 longanimitas
577 3491 634 3537 et
660 3485 834 3538 victus
855 3487 1188 3555 parcimonia
1233 3487 1284 3540 in
1341 3488 1495 3540 vobis
1526 3487 1741 3558 vigent;

163 3574 286 3629 hinc
311 3577 598 3647 virginitas
617 3577 792 3640 ﬂoret,
822 3580 1044 3636 castitas
1092 3588 1145 3633 et
1189 3568 1448 3649 pudicitia
1479 3587 1740 3645 vernant;

163 3665 291 3722 hinc
313 3667 384 3722 (le
408 3666 550 3724 bono
571 3669 754 3724 cordis
804 3671 1064 3724 thesauro
1089 3670 1333 3724 doctrina
1377 3670 1659 3734 virtutum,
1691 3677 1748 3724 et

166 3755 402 3826 Spiritus
433 3761 608 3815 sancti
651 3760 793 3816 dona
823 3759 1017 3825 ﬂuunt,
1047 3770 1108 3816 ut
1154 3771 1210 3815 et
1251 3759 1473 3832 singulm
1523 3761 1747 3830 possitis

165 3849 366 3916 dicere,
387 3867 495 3906 non
517 3868 586 3908 ex
605 3852 781 3918 vobis,
809 3853 906 3908 sed
927 3853 980 3907 in
1002 3867 1068 3907 eo
1097 3867 1198 3924 per
1245 3867 1406 3922 quem
1461 3851 1749 3921 accepistis

163 3943 389 3998 Verbum
415 3944 604 4000 salutis
631 3952 688 4001 et
709 3945 910 4001 donum
925 3944 1144 4017 gratias:
1167 3943 1437 3998 Eructavit
1469 3961 1559 3998 cor
1575 3961 1748 3999 meum

159 4034 370 4090 uerbum
420 4035 646 4100 bonum;
675 4035 802 4106 quia
835 4037 890 4090 in
927 4050 996 4090 eo
1035 4036 1122 4092 cui
1163 4051 1262 4091 vos
1305 4035 1549 4101 vovistis,
1587 4049 1750 4106 quem

155 4126 211 4182 in
242 4127 414 4182 corde
437 4126 647 4198 geritis,
681 4141 874 4183 omnes
905 4127 1149 4183 thesauri
1177 4127 1459 4197 sapientia:
1485 4135 1541 4182 et
1567 4127 1746 4183 scien-

158 4219 268 4274 tias.

223 4308 390 4368 Unde
413 4311 659 4381 sequitur
691 4329 705 4366 :
731 4311 864 4368 Dico
888 4328 982 4383 ego
1009 4326 1170 4382 opera
1205 4326 1322 4365 mea
1347 4311 1474 4381 regi.
1503 4307 1619 4365 Vox
1649 4308 1750 4364 Pa-

151 4401 256 4456 tris
303 4402 658 4471 continuatur
685 4403 782 4471 qui
811 4403 1070 4472 praedicat
1109 4400 1179 4457 de
1205 4401 1364 4466 Filio,
1391 4401 1535 4470 quod
1567 4399 1616 4455 ei
1653 4413 1750 4456 sua

151 4494 362 4551 indicet
384 4510 576 4565 opera,
593 4496 752 4566 juxta
781 4494 911 4550 illud
937 4495 1081 4564 quod
1107 4495 1181 4548 ait
1212 4513 1225 4547 :
1260 4493 1383 4564 Ipse
1403 4493 1558 4558 dixit,
1591 4504 1640 4546 et
1666 4493 1751 4562 fa-

151 4598 232 4642 cta
261 4596 418 4652 sunt,
445 4589 556 4656 ipse
573 4587 842 4642 mandavit
868 4595 916 4641 et
943 4595 1122 4639 creata
1165 4570 1288 4640 sunt
1317 4584 1490 4655 (Psal.
1518 4599 1744 4651 CXLVIII,

150 4676 238 4748 li);
267 4687 331 4732 et
359 4677 416 4732 in
441 4676 642 4733 Genesi
675 4695 689 4730 :
719 4675 872 4732 Dixit
919 4677 1082 4741 Dens,
1141 4677 1236 4744 ﬁat
1276 4675 1388 4741 lux,
1417 4683 1465 4730 et
1502 4675 1645 4745 facta
1668 4683 1745 4730 est

147 4769 240 4824 tua:
286 4767 448 4840 (Gen.
503 4786 544 4834 ι,
587 4769 668 4840 5).
697 4769 817 4824 Non
861 4771 1006 4840 quod
1037 4770 1179 4824 Deus
1216 4768 1381 4822 Pater
1418 4767 1744 4836 prolativam

149 4859 448 4928 protulerit
501 4875 712 4924 vocem,
741 4869 801 4915 ut
829 4860 1054 4924 diceret,
1088 4860 1205 4928 ﬁat,
1240 4874 1363 4915 cum
1397 4860 1467 4914 sit
1495 4859 1746 4929 incorpo-

150 4965 276 5006 reus
333 4950 474 5006 Deus
527 4951 788 5017 Trinitas,
821 4966 924 5007 nec
972 4953 1172 5007 habeat
1224 4951 1493 5017 membra,
1547 4952 1743 5022 quibus

153 5044 324 5098 verba
345 5043 678 5109 formentur,
713 5059 812 5100 nec
839 5059 999 5100 aures
1025 5045 1221 5114 quibus
1247 5045 1456 5098 audiat.
1491 5041 1600 5098 Sed
1631 5044 1746 5113 ipse

155 5145 232 5192 est
271 5135 520 5192 Verbum
558 5135 760 5205 Patris,
811 5137 1294 5193 cousubstantialis
1343 5145 1400 5192 et
1440 5145 1746 5192 coaeternus

154 5224 355 5295 Filius;
381 5244 550 5300 quem
577 5231 692 5300 ipse
717 5246 842 5287 cum
886 5232 1092 5302 genuit,
1123 5238 1319 5287 cuncta
1348 5231 1396 5285 ei
1425 5247 1534 5286 non
1567 5231 1747 5302 prola-

155 5317 282 5384 live,
305 5321 404 5376 sed
428 5320 698 5392 gignendo
736 5321 1087 5386 :e'temaliter,
1119 5319 1444 5377 monstravit
1490 5329 1545 5374 et
1587 5320 1746 5388 dixit,

155 5413 280 5479 quia
307 5427 438 5468 eum
461 5412 647 5485 genuit
675 5397 774 5484 per
796 5429 958 5485 quem
977 5413 1162 5468 omnia
1202 5411 1350 5468 fecit.
1389 5413 1504 5468 Hoc
1550 5414 1748 5484 quippe

155 5513 236 5559 at
253 5503 338 5560 illi
365 5505 550 5562 dicere
573 5521 738 5576 opera
779 5521 876 5561 sua
924 5506 1056 5576 regi,
1091 5505 1235 5574 quod
1262 5514 1346 5561 est
1370 5506 1627 5576 genuisse
1668 5519 1748 5559 re-

155 5607 300 5664 gem,
329 5613 442 5652 non
479 5597 654 5654 solum
683 5614 784 5668 per
833 5613 994 5668 quem
1036 5605 1250 5654 crearet
1298 5599 1504 5664 omnia,
1555 5612 1747 5653 verum

151 5697 251 5754 per
269 5704 437 5761 quem
457 5691 751 5747 redimeret
774 5700 829 5747 et
851 5701 1066 5764 regeret
1095 5693 1371 5747 universa.
1403 5693 1469 5746 Et
1504 5693 1624 5747 ideo
1648 5693 1748 5747 hoc

151 5774 361 5842 iubeo
397 5781 583 5864 potius
619 5798 802 5860 regem
827 5784 916 5842 cui
963 5801 1060 5842 sua
1095 5785 1299 5842 indicat
1345 5801 1532 5858 opera,
1567 5785 1748 5842 debuit

1849 1931 2028 1976 tamen
2061 1929 2290 1985 naturae,
2341 1919 2432 1990 qui
2465 1920 2518 1974 in
2555 1935 2641 1974 me
2684 1927 2849 1983 totus,
2883 1927 2936 1974 et
2962 1934 3060 1989 ego
3104 1919 3156 1972 in
3207 1919 3340 1989 ipso,
3371 1932 3435 1973 ac

1845 2025 2132 2086 propterea
2183 2013 2440 2085 placitum
2481 2029 2657 2068 meum
2704 2013 2757 2068 in
2803 2013 2894 2067 illo
2943 2013 3225 2078 constitui,
3259 2011 3436 2082 ipsum

1848 2109 2046 2162 audite.
2076 2107 2211 2161 Hinc
2240 2107 2444 2160 dictmn
2495 2115 2580 2161 est
2618 2106 2758 2176 quod
2807 2105 2987 2160 omnia
3019 2121 3138 2176 quas
3169 2105 3329 2159 Pater
3359 2103 3440 2158 fa-

1849 2199 1923 2252 cit
1954 2199 2141 2252 eadem
2175 2205 2229 2252 et
2257 2197 2425 2251 Filius
2471 2197 2720 2252 similiter
2752 2195 2912 2260 facit;
2939 2211 3037 2250 nec
3060 2203 3237 2266 potest
3265 2193 3434 2249 Filius

1854 2296 2061 2361 facere,
2094 2295 2193 2350 nisi
2240 2295 2382 2365 quod
2430 2294 2631 2348 viderit
2672 2293 2888 2347 Patrem
2921 2291 3233 2346 facientem.
3267 2289 3438 2346 C:cte—

1850 2401 1969 2440 rum
1989 2386 2143 2452 juxta
2173 2385 2561 2457 Symmachum
2590 2384 2946 2454 propheticus
2973 2383 3196 2457 chorus
3235 2379 3436 2438 Christi

1847 2477 2106 2532 Ecclus-ite
2132 2485 2472 2530 sacramenta
2507 2477 2775 2538 dicturus,
2818 2491 2886 2528 ne
2916 2456 3160 2528 carmine
3190 2472 3440 2526 videatur

1849 2571 2122 2634 indignus,
2179 2569 2436 2638 loquitur.
2498 2567 2634 2624 Cum
2680 2567 2877 2638 quibus
2929 2576 2984 2621 et
3013 2581 3110 2621 vos
3146 2565 3437 2621 sanctimo-

1849 2661 2018 2715 niales
2072 2661 2293 2724 Christi,
2345 2661 2543 2715 choros
2591 2659 2834 2714 vicissim
2879 2658 3166 2724 ducentes,
3217 2656 3439 2727 pandite

1847 2767 2010 2821 opera
2053 2761 2231 2806 vestra
2277 2753 2388 2820 regi
2419 2753 2551 2816 Deo,
2605 2766 2804 2822 Sponsa
2837 2759 3042 2816 vestro,
3078 2764 3146 2804 ne
3186 2749 3255 2804 ob
3297 2764 3434 2805 con-

1849 2843 2130 2897 scientiam
2162 2843 2368 2913 peccati
2396 2843 2644 2898 dicatur:
2673 2843 2852 2908 Quare
2877 2852 2933 2897 tu
2963 2859 3182 2896 enarras
3195 2841 3438 2912 justitius

1847 2951 2011 2999 meas,
2051 2940 2102 2988 et
2145 2935 2368 2988 assumis
2417 2943 2784 2989 testamentum
2817 2949 2988 2988 meum
3033 2949 3128 3005 per
3161 2949 3218 2986 os
3247 2931 3442 2987 tuum?

1847 3024 2019 3096 (Psal.
2058 3041 2204 3090 χιιι,
2236 3025 2346 3097 16.)
2370 3025 2544 3096 Opera
2571 3033 2751 3081 vestra
2783 3025 2896 3096 regi
2929 3027 3042 3080 Deo
3073 3021 3433 3089 confitemini,

1848 3127 1907 3172 ut
1939 3119 2018 3173 vel
2045 3119 2090 3174 si
2114 3120 2255 3173 bona
2285 3119 2402 3187 ipse
2429 3119 2718 3189 suscipiat;
2752 3119 2836 3172 vel
2863 3117 2908 3173 si
2933 3117 3090 3182 mala,
3118 3117 3441 3172 misereatur

1847 3219 1904 3265 et
1927 3210 2348 3278 mundet;juxla
2376 3209 2505 3264 illud
2535 3228 2547 3263 :
2574 3207 2673 3264 Dic
2695 3220 2754 3263 tu
2781 3211 2927 3280 prius
2959 3209 3260 3279 iniquitates
3297 3216 3436 3272 tuas,

1793 3347 1805 3356 ,
1849 3310 1904 3353 ut
1920 3300 2248 3370 justi/iceris,
2274 3301 2398 3369 quia
2419 3299 2600 3370 justus
2631 3310 2910 3353 accusator
2933 3308 3006 3352 est
3031 3299 3134 3363 sui,
3164 3297 3218 3350 in
3241 3295 3440 3366 princi-

1848 3393 1933 3461 pio
1954 3391 2208 3445 sermonis
2239 3389 2422 3461 (Prov.
2453 3407 2606 3452 xvm,
2634 3391 2743 3462 l7).
2771 3391 2914 3461 Ergo
2929 3406 3051 3445 cum
3079 3389 3196 3458 ipso
3223 3391 3441 3444 eodem-

1848 3498 1956 3552 que
1984 3485 2370 3552 prophetarum
2405 3483 2572 3537 choro
2605 3482 2838 3536 ﬁliorum
2870 3483 3068 3546 Chore,
3099 3479 3435 3552 qutccunque

1849 3575 2032 3644 agitis,
2061 3575 2535 3629 mortificationem
2561 3574 2761 3638 carnis,
2793 3574 3026 3645 vigilias,
3057 3589 3269 3644 preces,
3296 3571 3442 3644 psal-

1848 3681 2060 3722 morum
2084 3667 2327 3721 carmina
2350 3673 2406 3720 et
2434 3665 2622 3720 laudes
2645 3673 2961 3720 consecrate
3001 3665 3112 3719 Deo
3163 3663 3216 3718 in
3251 3663 3438 3718 cordi-

1848 3757 1948 3810 bus
1977 3757 2189 3821 vestris,
2220 3756 2430 3824 ipsique
2465 3754 2563 3809 soli
2603 3763 2814 3821 vacatc,
2859 3755 3069 3824 ipsique
3093 3753 3190 3808 soli
3243 3767 3440 3808 arcana

1847 3845 2028 3900 cordis
2057 3854 2332 3910 reserate;
2365 3843 2441 3898 illi
2475 3859 2702 3915 pensum
2730 3844 3010 3899 servitutis
3035 3842 3348 3914 persolvite,
3379 3851 3442 3899 ut

1847 3937 1899 3990 ei
1937 3935 2034 4008 soli
2064 3935 2343 4006 placeatis,
2392 3935 2480 3990 cui
2520 3951 2548 3988 a
2597 3934 2865 4004 principio
2892 3933 3318 3988 conversationis
3348 3945 3442 3986 ve-

1849 4037 1976 4080 strae
2000 4041 2097 4082 vos
2119 4027 2507 4081 consecrastis.
2533 4024 2820 4095 Nunquam
2847 4039 2978 4095 ergo
3008 4025 3123 4080 sola
3153 4033 3236 4079 est
3265 4024 3436 4092 virgo,

1851 4133 1972 4174 cum
2000 4133 2105 4188 qua
2129 4124 2211 4173 est
2234 4117 2396 4172 Deus.
2421 4116 2628 4188 Lingua
2649 4133 2762 4171 mea
2785 4115 3020 4171 calamus
3047 4115 3234 4170 scriba:
3257 4113 3441 4168 veloci-

1851 4220 1928 4265 ter
1949 4211 2242 4265 scribentis.
2270 4209 2376 4266 Pro
2401 4226 2511 4280 quo
2532 4210 2896 4282 Hieronymus
2919 4209 3310 4278 interpretatus
3331 4215 3438 4274 est,

1852 4301 2057 4374 Lingua
2072 4319 2188 4357 mea
2224 4302 2389 4374 stylus
2412 4303 2596 4357 scribto
2628 4301 2834 4366 velocis,
2866 4301 3208 4356 notariorum
3240 4297 3442 4366 velocij-

1851 4403 2018 4449 tatem
2049 4396 2320 4451 scribendi
2359 4395 2544 4450 volens
2574 4395 2902 4465 exprimere.
2933 4393 3039 4448 Sed
3067 4392 3306 4448 velocior
3332 4391 3436 4446 lin-

1773 4527 1828 4586 Β
1853 4503 1955 4558 gua
1983 4487 2181 4552 Patris,
2217 4502 2323 4556 qua
2363 4487 2597 4554 Spiritus
2643 4497 2864 4541 sanctus
2908 4486 3248 4556 designatur,
3285 4481 3438 4552 cujus

1856 4580 2119 4635 adventus
2145 4581 2391 4635 doctrina
2423 4587 2506 4634 est
2536 4578 2652 4633 orbi
2686 4587 2972 4633 terrarum.
3018 4577 3123 4634 Per
3160 4591 3320 4650 quem
3351 4577 3438 4632 lex

1855 4690 1920 4730 ac
1937 4675 1980 4727 si
2011 4658 2294 4744 digito'Dei
2329 4673 2528 4741 scripta
2553 4680 2636 4726 est
2659 4669 2854 4726 tabulis
2879 4656 3122 4741 lapideis,
3156 4687 3254 4741 per
3279 4683 3439 4740 quem

1851 4765 2101 4834 inspirati
2133 4765 2304 4819 sancti
2339 4763 2432 4818 Dei
2468 4779 2654 4817 omnes
2702 4761 2878 4817 futura
2919 4753 3190 4826 dixerunt,
3229 4770 3283 4815 et
3312 4773 3433 4830 quae

1851 4856 2034 4913 divina
2062 4863 2186 4909 sunt
2214 4854 2516 4910 ediderunt.
2551 4855 2628 4908 Ex
2659 4871 2766 4926 quo
2791 4855 3210 4926 benignissimus
3248 4852 3438 4913 Salva-.-

1852 4958 1940 5004 tor
1963 4949 2018 5002 in
2047 4947 2339 5018 Evangelio
2380 4947 2456 5001 ait
2486 4965 2500 5000 :
2536 4945 2762 5018 Spiritus
2809 4957 3044 5008 sanctus,
3097 4961 3246 5017 quem
3275 4946 3440 5000 mittet

1844 5039 2020 5094 'Patcr
2044 5039 2098 5092 in
2135 5039 2343 5093 nomine
2378 5055 2514 5104 meo,
2557 5039 2666 5108 ipse
2697 5055 2782 5092 vos
2823 5038 3020 5092 docebit
3045 5037 3220 5092 omnia
3252 5035 3435 5108 (Joan.

1853 5145 1969 5194 xiv,
1995 5129 2108 5201 26).
2143 5129 2297 5184 Unde
2328 5143 2434 5184 non
2467 5129 2671 5199 ahsque
2697 5129 2953 5199 mysterio
2977 5143 3140 5198 super
3167 5126 3439 5197 apostolos

1855 5223 1912 5278 in
1933 5222 2130 5292 linguis
2151 5221 2326 5292 igneis
2350 5223 2492 5276 idem
2523 5221 2758 5291 Spiritus
2800 5230 3017 5274 sanctus
3055 5219 3272 5274 venisse
3303 5217 3438 5274 dici-

1857 5325 1976 5383 tur;
2012 5317 2267 5386 quoniam
2296 5316 2411 5386 ipse
2452 5325 2536 5370 est
2565 5331 2661 5385 per
2685 5331 2846 5384 quem
2878 5313 3040 5368 Pater
3094 5312 3438 5372 credentibus
3485 5372 3501 5380 ο

1857 5425 1953 5466 sua
1985 5409 2126 5464 dona
2171 5408 2465 5478 di5peusat,
2514 5407 2796 5476 ipsumque
2843 5403 3068 5460 ascribit
3109 5404 3158 5458 in
3185 5403 3440 5464 cordibus

1854 5501 2207 5571 singulorum,
2237 5510 2291 5555 et
2315 5513 2664 5569 quoscunque
2688 5496 2975 5568 repleverit
2997 5498 3254 5552 ardentes
3276 5492 3440 5554 simul

1854 5603 1909 5650 et
1938 5593 2218 5663 loquentes
2244 5589 2392 5645 facit.
2421 5589 2538 5658 Ipse
2565 5588 2766 5642 ctenim
2800 5589 2853 5642 in
2895 5589 2992 5642 Ιιοε
3035 5588 3176 5660 quod
3211 5588 3440 5642 continet

1853 5687 2028 5741 omnia
2056 5684 2328 5738 scientiam
2355 5681 2505 5734 habet
2545 5681 2680 5734 vocis
2709 5677 2861 5750 (Sat).
2890 5697 2928 5746 ι,
2965 5681 3042 5750 7),
3077 5681 3304 5750 ideoque
3327 5680 3441 5750 ipse

1847 5780 1970 5854 jure
1994 5778 2177 5850 lingua
2201 5773 2373 5830 Patris
2388 5782 2444 5829 et
2464 5767 2709 5830 calamus
2726 5774 2917 5830 scriba:
2939 5764 3439 5838 velociterscribeu1
