4048 6352
615 279 752 337 11)ἰὸ

1397 277 1454 331 S.
1485 274 1857 346 ,PASCHASH
1897 265 2246 329 RADBERTI
2283 265 2578 326 ABBATIS
2615 262 3063 324 CORBEIENSIS

3733 266 3854 324 1011

615 395 686 450 tis
715 375 923 468 1261
946 399 1170 446 vocatur
1199 408 1212 442 :
1239 389 1491 459 quoniam
1525 388 1805 442 amborum
1828 395 1912 441 est
1937 384 2189 454 Spiritus,
2217 386 2273 446 Α
2295 381 2644 434 distinxerunt
2687 378 2829 433 labia
2880 395 2993 432 mea
3047 375 3217 447 (Psal.
3262 391 3394 441 va,
3449 373 3571 447 15),
3618 393 3780 447 usque
3809 379 3855 433 in

611 484 790 541 Patris
808 482 1015 538 scilicet
1027 492 1082 536 et
1094 479 1237 535 Filii.
1256 479 1388 532 Nam
1403 477 1559 533 Jesus
1570 477 1820 533 Christus
1837 475 2072 531 Verbum
2087 473 2188 528 Pa-

617 577 718 631 tris
736 576 850 646 ipse
865 582 948 630 est
969 573 1147 629 scriba
1163 571 1353 626 doctus
1371 578 1426 625 et
1453 569 1605 624 velox
1633 569 1686 623 in
1717 584 1882 640 regno
1907 567 2187 632 caelorum,

613 668 705 736 qui
733 667 932 736 profert
960 665 1024 720 de
1045 664 1292 718 thesauro
1306 679 1403 716 suo
1425 679 1555 716 nova
1580 673 1627 716 et
1656 671 1825 715 vetera
1847 660 2191 732 (Matthmu,

613 760 726 829 52).
751 759 918 829 Cujus
951 772 1147 812 nomen
1170 754 1337 810 Isaias
1363 754 1604 810 declarat
1627 754 1866 809 futurum
1893 771 1905 806 :
1942 751 2196 807 Velociter

613 852 800 913 scribe,
832 850 998 920 spolia
1049 846 1266 904 detrahe
1297 887 1311 911 ,
1366 847 1467 900 cito
1511 847 1749 915 prmdare
1797 845 1928 914 (lsa.
1969 859 2085 907 vm,
2119 842 2193 912 1).

614 940 847 1010 ldeoque
881 939 1020 994 bene
1049 937 1284 1007 Spiritus
1311 947 1529 992 sanctus
1558 936 1798 991 calamus
1826 936 2018 990 scribm
2047 933 2196 988 velo-

617 1035 754 1089 citer
782 1033 1070 1088 scribentis
1098 1032 1326 1096 dicitur,
1354 1030 1478 1100 quia
1511 1029 1746 1084 voluisse
1776 1044 1880 1082 non
1911 1027 2032 1082 dico
2058 1025 2196 1080 scri-

619 1125 825 1196 psisse,
857 1140 1044 1180 verum
1072 1124 1236 1178 etiam
1262 1123 1455 1178 fecisse
1501 1132 1584 1176 est
1612 1161 1626 1185 ,
1670 1131 1724 1174 et
1765 1120 2031 1174 docuisse.
2063 1117 2199 1184 Quia

621 1232 848 1288 quorum
878 1224 962 1270 est
990 1231 1094 1269 una
1122 1214 1396 1279 voluntas,
1423 1227 1634 1282 unaque
1667 1213 1858 1275 deitas,
1890 1221 1942 1266 et
1971 1226 2073 1265 una
2101 1226 2199 1280 po-

622 1318 792 1364 testas
818 1350 832 1372 ,
886 1307 958 1362 ibi
993 1305 1137 1361 nulla
1180 1304 1552 1374 inaequalitas,
1590 1313 1811 1372 propter
1841 1301 2199 1356 differentiam

624 1398 938 1464 verborum,
966 1397 1059 1451 sed
1090 1412 1194 1450 una
1227 1395 1504 1459 divinitas,
1528 1410 1741 1464 unaque
1769 1403 1979 1458 natura,
2008 1405 2063 1448 et
2097 1409 2201 1448 una

622 1487 953 1558 cooperatio.
987 1485 1211 1541 Dicebat
1232 1485 1377 1540 enim
1401 1526 1415 1549 ,
1440 1493 1498 1538 ut
1531 1499 1624 1539 rex
1655 1484 1798 1540 Deus
1823 1484 1982 1541 Pater
2009 1501 2072 1539 ex
2095 1500 2203 1555 quo

620 1580 824 1644 omnia,
848 1579 1032 1655 volens
1055 1578 1232 1634 facere
1253 1579 1467 1648 nuptias
1493 1577 1630 1632 Filio
1644 1592 1742 1632 suo
1765 1579 1898 1649 regi,
1925 1595 2021 1648 per
2041 1596 2202 1650 quem

621 1672 823 1735 omnia,
858 1669 1160 1726 declararet
1198 1671 1250 1725 in
1289 1670 1394 1725 hoc
1427 1669 1616 1724 eodem
1649 1671 1888 1725 carmine
1932 1672 2196 1740 nuptiali,

621 1765 782 1821 etiam
822 1761 1082 1834 Spiritum
1113 1772 1358 1818 sanctum
1383 1803 1397 1828 ,
1443 1763 1534 1832 qui
1566 1764 1806 1819 continet
1828 1735 2027 1819 omnia:
2055 1735 2203 1821 Alias
2231 1735 2280 1795 Β

623 1865 803 1910 autem
839 1855 960 1910 talis
991 1863 1246 1924 tantaque
1275 1855 1564 1910 hiereditas
1599 1871 1719 1925 quae
1749 1856 1803 1910 in
1834 1856 1934 1911 hoc
1963 1858 2205 1912 carmine

627 1955 962 2000 monstratur
989 1985 1004 2009 ,
1047 1959 1153 1999 non
1191 1944 1496 1998 attitulatur
1535 1961 1747 2015 sponsm
1770 1987 1785 2010 ,
1827 1947 1928 2001 nisi
1973 1964 2068 2017 per
2104 1950 2206 2004 hoc

626 2039 746 2093 videi
776 2049 1178 2094 sacramentum
1198 2079 1214 2105 ,
1244 2049 1302 2093 ut
1330 2040 1573 2110 perfecto
1601 2042 1860 2097 credatur
1904 2044 2047 2100 Deus
2089 2045 2208 2099 Tri-

625 2131 768 2186 nitas
794 2132 1039 2190 unitatis,
1069 2142 1126 2188 et
1153 2133 1334 2188 unitas
1359 2133 1657 2190 Trinitatis.
1687 2137 1926 2203 Quorum
1959 2155 2060 2192 una
2095 2154 2210 2192 ma-

619 2223 792 2295 iestas
815 2265 830 2291 ,
873 2239 1147 2295 unumque
1181 2241 1402 2296 regnum
1428 2267 1442 2291 ,
1480 2235 1534 2281 et
1565 2244 1670 2281 una
1700 2228 1964 2283 voluntas.
1995 2229 2109 2296 Qua
2145 2230 2211 2284 de

627 2331 789 2371 causa
831 2317 885 2372 in
923 2316 1027 2371 hoc
1070 2319 1313 2373 carmine
1367 2319 1710 2388 nuptiarum,
1756 2329 1920 2376 testes
1957 2322 2108 2391 quasi
2157 2323 2210 2375 in

627 2406 804 2463 libello
844 2409 1015 2474 dotis,
1060 2418 1170 2465 tres
1208 2411 1556 2465 ascribuntur
1590 2411 1781 2477 Pater,
1828 2422 1883 2468 et
1917 2413 2114 2478 Filius,
2157 2425 2213 2470 et

629 2497 864 2570 Spiritus
909 2510 1153 2556 sanctus.
1198 2502 1290 2557 Sic
1319 2503 1504 2572 itaque
1533 2504 1609 2558 ait
1634 2502 1870 2560 Joannes
1897 2505 2172 2575 apostolus
2193 2547 2207 2569 ,

627 2596 772 2664 quod
817 2603 928 2650 tres
965 2595 1075 2650 sint
1119 2596 1173 2650 in
1218 2596 1378 2650 terris
1424 2597 1514 2666 qui
1561 2597 1930 2651 testimonium
1961 2597 2088 2652 dant
2116 2613 2213 2668 pro

630 2686 714 2742 his
744 2686 990 2757 mysticis
1031 2687 1373 2751 muneribus,
1406 2685 1659 2756 Spiritus,
1689 2703 1828 2757 aqua
1867 2697 1923 2742 et
1951 2689 2170 2759 sanguis
2197 2731 2212 2755 ,

628 2785 683 2832 et
699 2777 841 2831 sicut
862 2778 916 2831 in
939 2777 1399 2832 emendatioribus
1419 2779 1698 2833 codicibus
1724 2779 1997 2834 invenitur
2015 2781 2178 2834 etiam
2198 2798 2210 2834 :

630 2872 698 2935 Et
727 2884 829 2927 tres
859 2882 980 2927 sunt
1013 2874 1102 2943 qui
1134 2873 1488 2926 testimonium
1513 2873 1642 2926 dant
1670 2875 1726 2928 in
1754 2874 1914 2938 caelis,
1942 2875 2214 2941 videlicet,

633 2960 820 3027 Pater,
850 2972 899 3015 et
931 2959 1130 3026 Filius,
1157 2970 1204 3014 et
1233 2960 1467 3031 Spiritus
1499 2973 1736 3028 sanctus,
1758 2974 1805 3018 et
1835 2965 1888 3018 hi
1916 2974 2019 3019 tres
2057 2983 2217 3018 unum

631 3059 750 3105 sunt
776 3051 827 3122 (Ι
853 3052 1016 3106 Joan.
1043 3067 1095 3117 v,
1129 3051 1204 3123 7).
1236 3052 1490 3121 Alioquin
1514 3053 1568 3106 in
1596 3056 1931 3110 conscientia
1965 3056 2215 3127 virginis,

2295 471 2458 526 finem
2505 480 2922 541 perseveranter
2960 469 3203 524 reddam.
3248 469 3515 544 Quoniam
3555 471 3684 524 mihi
3710 471 3857 526 virere

2293 563 2532 620 Christus
2561 575 2669 630 est,
2705 573 2752 618 et
2783 564 2916 618 mori
2953 561 3160 616 lucrum
3194 559 3485 633 (Philip.-1,
3511 561 3626 632 21).
3661 561 3718 617 In
3743 577 3859 634 quo,

2293 658 2471 714 omnis
2522 656 3005 713 consommationis
3040 671 3172 710 meae
3205 656 3368 710 linem
3406 657 3595 725 posui;
3627 655 3717 725 qui
3747 665 3859 723 est,

2295 760 2356 805 ut
2394 751 2446 806 in
2481 765 2547 806 eo
2585 751 2701 806 sine
2739 749 2845 806 fine
2881 763 3245 820 permaneant.
3288 749 3354 803 Et
3389 758 3448 803 ut
3495 749 3859 819 apertius......

2298 843 2502 898 Idcirco
2541 841 2664 907 jure
2696 857 2801 896 non
2850 842 2904 895 in
2952 840 3132 910 aliquo
3181 839 3454 908 plenitudo
3497 839 3786 894 divinitatis
3817 840 3865 895 ei

2300 933 2488 988 deesse
2521 931 2759 986 creditur
2784 973 2798 994 ,
2836 930 2991 998 cujus
3017 946 3121 986 una
3150 939 3234 985 est
3260 945 3488 1001 persona
3518 945 3642 985 cum
3669 931 3865 997 Verbo,

2301 1041 2462 1096 quam
2503 1023 2581 1078 sic
2621 1023 2884 1091 sapientia
2934 1023 3170 1092 suscepit
3220 1023 3501 1092 virtusque
3555 1022 3768 1086 Patris,
3813 1032 3869 1077 ut

2301 1118 2490 1170 eadem
2516 1113 2778 1183 sapientia
2807 1128 2869 1168 ac
2899 1113 3086 1168 eadem
3118 1112 3292 1167 virtus
3322 1113 3434 1182 ipse
3463 1113 3553 1167 sit.
3579 1112 3715 1180 Quia
3743 1113 3871 1169 Deus

2251 1273 2256 1284 ί
2303 1205 2396 1258 Dei
2449 1203 2616 1257 Filius
2666 1204 2956 1257 humanam
2993 1203 3287 1271 assumpsit
3311 1211 3561 1256 naturam
3592 1219 3872 1272 quamnon

2304 1296 2513 1354 habuit,
2557 1305 2611 1350 et
2659 1310 2765 1349 non
2814 1309 3100 1363 personam
3132 1309 3295 1364 quam
3336 1308 3552 1362 semper
3598 1293 3773 1347 habuit
3809 1296 3873 1347 ab

2304 1399 2506 1442 aeterno
2546 1388 2599 1441 in
2643 1387 2928 1441 Trinitate.
2974 1387 3103 1454 Qum
3154 1388 3410 1441 nimirum
3463 1388 3766 1442 humanitas
3807 1389 3874 1443 ita

2305 1479 2554 1533 transivit
2602 1479 2655 1532 in
2691 1477 2878 1542 Deum,
2915 1487 2971 1532 ut
3007 1495 3110 1532 una
3152 1479 3224 1534 sit
3256 1493 3523 1547 persona;
3561 1496 3680 1549 qua:
3709 1495 3876 1534 rerum

2305 1573 2546 1626 omnium
2576 1571 2628 1625 in
2660 1580 2866 1626 tantum
2904 1572 3046 1627 facta
3077 1581 3160 1628 est
3202 1570 3257 1626 in
3288 1573 3498 1626 unitate
3547 1571 3797 1635 Domina,
3824 1583 3877 1627 ut

2309 1677 2429 1716 cum
2457 1663 2572 1732 ipsa
2602 1662 2886 1716 divinitate
2914 1679 3008 1717 sua
3041 1679 3146 1716 una
3179 1663 3251 1717 sit
3277 1663 3332 1717 in
3355 1659 3626 1717 Trinitate
3645 1678 3874 1734 persona,

2307 1767 2521 1822 unaque
2543 1763 2803 1823 potestas.
2837 1753 2974 1808 Hinc
3001 1769 3216 1824 quoque
3235 1751 3473 1809 Joannes
3498 1754 3575 1808 ait
3602 1772 3617 1808 :
3655 1752 3874 1808 Vidimus

2306 1860 2424 1897 eum
2452 1847 2604 1914 quasi
2637 1845 2958 1915 unigenitum
2987 1863 3020 1899 a
3043 1842 3206 1900 Patre
3228 1845 3438 1915 plenum
3475 1847 3668 1915 gratia
3687 1857 3733 1899 et
3755 1846 3877 1899 reri-

2309 1935 2430 1988 tatis
2467 1933 2647 2004 (loan.
2695 1951 2736 2000 ι,
2774 1936 2884 2006 14).
2933 1936 3011 1990 Ex
3061 1951 3170 2006 quo
3218 1935 3420 2006 liquido
3456 1945 3712 1999 constat,
3753 1936 3878 2004 quod

2308 2027 2586 2098 plenitudo
2632 2027 2879 2083 veritatis
2931 2029 2983 2082 in
3029 2029 3207 2099 seipso
3257 2028 3649 2098 plenitudinem
3703 2028 3877 2083 habeat

2311 2121 2498 2190 gratia:
2523 2160 2536 2181 ,
2579 2134 2698 2188 qua:
2733 2128 2817 2174 est
2862 2128 2971 2174 tota
3011 2121 3320 2175 humanitas
3361 2121 3414 2174 in
3450 2121 3737 2175 divinitate
3761 2136 3876 2184 sua,

2312 2218 2367 2263 et
2402 2209 2677 2278 plenitudo
2705 2210 2893 2280 gratia:
2923 2211 3312 2279 plenitudinem
3350 2212 3402 2266 in
3438 2227 3500 2266 se
3532 2214 3731 2267 habeat
3761 2214 3879 2267 veri-

2313 2299 2440 2353 tatis
2466 2339 2481 2363 ,
2531 2315 2650 2369 qua:
2684 2309 2768 2354 est
2806 2309 2914 2354 tota
2943 2300 3202 2356 divinitas
3228 2301 3280 2355 in
3313 2302 3656 2357 humanitate
3685 2318 3792 2357 sua.
3828 2303 3882 2356 Et

2315 2389 2430 2444 haec
2459 2391 2633 2460 gratia
2663 2389 2854 2445 diffusa
2877 2392 2932 2445 in
2956 2393 3105 2447 omni
3137 2393 3472 2447 humanitate
3504 2391 3712 2448 Christi
3744 2403 3884 2461 atque

2317 2480 2560 2550 perfusa,
2594 2482 2667 2537 ita
2704 2493 2764 2536 ut
2809 2483 3086 2554 plenitudo
3128 2485 3375 2539 veritatis
3418 2484 3472 2538 in
3525 2484 3739 2539 unitate
3773 2499 3885 2553 per-

2317 2586 2462 2626 sonae
2487 2613 2500 2636 ,
2550 2572 2940 2643 plenitudinem
2987 2574 3043 2628 in
3080 2589 3138 2628 se
3179 2575 3378 2628 habeat
3411 2574 3805 2639 humanitatis,
3843 2581 3890 2627 et

2319 2663 2628 2720 humanitas
2655 2666 3043 2736 plenitudinem
3074 2667 3337 2722 veritatis.
3371 2665 3510 2721 Dum
3548 2666 3767 2738 plenam
3800 2668 3889 2722 bu-

2318 2775 2536 2814 manam
2567 2768 2838 2826 naturam,
2871 2759 3106 2813 animam
3154 2758 3361 2814 scilicet
3388 2767 3553 2829 atque
3581 2776 3819 2825 carnem,
3846 2763 3892 2816 in

2320 2849 2463 2904 illam
2517 2850 2902 2918 sempiternam
2952 2865 3062 2905 sum
3089 2849 3386 2904 divinitatis
3430 2865 3726 2920 personam
3769 2852 3894 2906 acci-

2321 2941 2498 3013 piens,
2540 2943 2681 2996 sicut
2721 2941 3042 2996 naturaliter
3101 2949 3244 2997 totus
3289 2957 3449 2998 verus
3473 2951 3560 2997 est
3589 2944 3790 3009 homo,
3825 2945 3892 2998 sic

2325 3045 2468 3090 totus
2513 3045 2566 3090 et
2615 3035 2756 3090 Deus
2789 3051 2971 3090 verus.
3018 3034 3157 3102 Quia
3192 3035 3333 3090 sicut
3381 3035 3436 3089 in
3486 3035 3777 3090 divinitate
3809 3050 3891 3090 sua

634 3157 698 3197 ac
736 3142 780 3197 si
828 3142 882 3196 in
928 3142 1106 3197 libello
1132 3142 1352 3197 foederis
1378 3185 1392 3208 ,
1448 3143 1552 3198 nisi
1596 3152 1704 3199 tres
1743 3145 1832 3199 isti
1876 3147 2219 3201 ascribuntur

2327 3135 2493 3183 totam
2525 3128 2686 3183 habet
2728 3127 3028 3182 nativitatis
3059 3143 3170 3183 sua:
3206 3137 3482 3192 naturam,
3520 3128 3603 3183 sic
3642 3137 3701 3183 et
3730 3130 3778 3182 in
3805 3129 3892 3183 hu-

624 3243 803 3305 ,testes
827 3275 841 3298 ,
876 3234 1019 3289 nulla
1073 3249 1239 3306 penes
1275 3236 1444 3291 Deum
1493 3247 1854 3308 consequetur
1898 3239 2216 3306 hmreditas,

635 3343 756 3398 quae
786 3327 975 3384 Grzece
1004 3331 1310 3404 κληρονομία
1350 3339 1593 3385 vocatur.
1629 3330 1798 3398 Quam
1831 3341 1890 3386 ut
1923 3333 1994 3386 ita
2025 3332 2217 3401 fatear,

637 3435 701 3474 ac
743 3421 787 3474 si
825 3421 878 3474 in
912 3420 1049 3476 libro
1080 3422 1237 3485 dotis,
1283 3423 1599 3492 praaclaram
1631 3423 1731 3477 sub
1760 3423 1932 3492 sigillo
1963 3423 2222 3480 describit

637 3513 793 3568 fidem
825 3514 1128 3579 Trinitatis,
1166 3523 1222 3570 et
1242 3515 1483 3586 assignat
1510 3530 1722 3584 sponsa:
1749 3498 1977 3571 formam
2009 3516 2130 3572 Filii
2167 3526 2223 3572 et

632 3606 756 3677 jura
785 3607 1173 3676 sponsalitatis.
1221 3607 1392 3663 Filius
1431 3622 1562 3663 vero
1597 3609 1753 3678 quasi
1799 3610 1978 3664 scriba
2023 3610 2176 3664 velox
2205 3650 2221 3676 ,

637 3698 763 3767 quia
803 3697 975 3753 lueres
1002 3707 1088 3753 est
1115 3698 1316 3763 Patris,
1337 3707 1392 3754 et
1415 3713 1645 3769 sponsus
1686 3699 1965 3764 Ecclesiae,
1994 3700 2226 3754 haeredi-

640 3799 749 3844 tate
789 3806 819 3844 a
847 3790 1007 3844 Patre
1037 3798 1291 3860 accepta,
1330 3805 1542 3861 sponsae
1591 3806 1702 3846 sure
1751 3791 1932 3857 tradit,
1964 3805 2029 3844 ac
2071 3791 2114 3844 si
2171 3791 2224 3844 in

638 3879 819 3935 libello
864 3881 1029 3945 dotis,
1081 3895 1203 3935 cum
1266 3881 1320 3936 in
1367 3881 1588 3936 dextera
1628 3880 1944 3936 collocatur.
2000 3880 2226 3936 Verum-

639 3976 820 4023 tamen
858 3984 965 4025 non
993 3969 1207 4024 calamo
1252 3970 1593 4041 corruptibili
1622 4010 1638 4035 ,
1674 3979 1729 4024 et
1759 3955 2068 4025 atramento
2099 3985 2228 4024 con-

640 4062 921 4130 scriptam,
947 4060 1041 4116 sed
1072 4063 1247 4132 gratia
1278 4061 1516 4132 Spiritus
1547 4061 1742 4125 sancti,
1775 4076 1872 4131 per
1907 4077 2067 4131 quem
2097 4061 2228 4115 cha-

645 4154 776 4208 ritas
800 4152 893 4207 Dei
917 4150 1108 4209 diﬂ'usa
1139 4161 1224 4208 est
1251 4152 1304 4206 in
1332 4151 1591 4207 cordibus
1616 4151 1880 4215 omnium,
1917 4152 2009 4221 qui
2036 4151 2102 4204 ad
2130 4150 2229 4205 has

643 4245 864 4318 nuptias
902 4252 1029 4299 sunt
1069 4244 1345 4299 intraturi.
1375 4243 1525 4300 Alias
1556 4252 1760 4308 autem,
1809 4244 2055 4313 quisquis
2089 4243 2228 4297 hanc

641 4333 695 4388 in
723 4333 827 4388 flde
858 4348 964 4388 non
994 4332 1240 4387 attulerit
1271 4332 1412 4387 dotis
1440 4331 1753 4397 formulam,
1789 4333 1974 4386 timeat
1996 4347 2064 4387 ne
2089 4331 2230 4386 forte

643 4441 738 4482 rex
763 4443 886 4482 cum
917 4427 1193 4498 ingressus
1215 4425 1397 4492 fuerit,
1429 4426 1615 4481 audiat
1638 4424 1766 4480 illud
1795 4439 1858 4481 ex
1888 4423 2178 4495 Evangelio
2211 4443 2224 4478 :

2325 3219 2586 3274 manitate
2624 3234 2720 3273 sua
2772 3227 2942 3272 totam
2975 3218 3140 3272 habet
3171 3217 3467 3272 divinitatis
3512 3231 3629 3273 suae
3672 3219 3893 3272 substan-

2326 3310 2478 3374 tiam,
2508 3318 2677 3364 totam
2705 3308 3064 3376 majestatem,
3096 3316 3264 3362 totam
3286 3307 3570 3374 virtutem,
3613 3317 3782 3363 totam
3818 3324 3892 3362 sa-

2325 3399 2588 3470 pientiam
2664 3398 3264 3476 incommutabilitatem
3321 3406 3486 3468 atque
3569 3401 3893 3471 omnipoten-

2326 3492 2480 3545 tiam.

2398 3603 2504 3658 Iste
2552 3601 2719 3673 igitur
2769 3611 2852 3658 est
2901 3616 3130 3672 sponsus
3180 3612 3392 3669 vester,
3435 3602 3771 3658 charissima
3805 3609 3890 3655 :ut

2327 3695 2442 3766 ipse
2482 3696 2553 3751 sit
2595 3695 2738 3750 Deus
2783 3695 2936 3750 vobis
2980 3703 3036 3750 et
3084 3710 3346 3765 sponsus,
3384 3696 3479 3767 qui
3512 3696 3727 3768 1263
3758 3697 3895 3750 homo

2327 3795 2431 3848 est,
2462 3786 2712 3856 idemque
2747 3785 2909 3840 homo
2942 3786 3034 3856 qui
3063 3785 3205 3841 Deus
3239 3795 3324 3842 est
3347 3828 3362 3852 ,
3398 3802 3565 3843 verus
3588 3796 3647 3843 et
3676 3786 3897 3858 proprius

2328 3877 2426 3932 Dei
2441 3877 2628 3932 Filius.
2654 3877 2760 3932 Iste
2775 3886 2859 3933 est
2877 3877 2963 3934 ille
2985 3879 3051 3933 de
3073 3878 3313 3935 Canticis
3332 3878 3556 3934 dilectus
3572 3889 3774 3942 vester,
3793 3895 3896 3931 cun-

2331 3968 2486 4022 didus
2525 3978 2572 4022 et
2621 3968 2944 4023 rubicundus
2995 3967 3170 4040 (Cant.
3195 3985 3253 4036 v,
3287 3970 3375 4041 10)
3409 3988 3422 4024 :
3456 3970 3745 4036 candidus,
3789 3969 3895 4038 quia

2329 4062 2482 4133 virgo
2527 4070 2610 4117 est
2655 4071 2816 4117 natus
2859 4063 2924 4118 de
2975 4060 3227 4133 Virgine;
3278 4063 3633 4132 rubicundus,
3658 4064 3778 4133 quia
3816 4074 3897 4114 suo

2332 4169 2619 4224 resparsus
2649 4163 2734 4210 est
2763 4155 3046 4226 sanguine.
3099 4154 3207 4210 Sed
3231 4163 3289 4211 et
3315 4155 3580 4212 candidus
3625 4156 3684 4212 in
3731 4154 3898 4216 vobis,

2333 4245 2664 4300 rubicundus
2683 4246 2738 4300 in
2766 4246 3126 4317 martyribus:
3146 4245 3214 4302 de
3238 4246 3396 4318 cujus
3420 4262 3516 4303 ore
3538 4247 3783 4302 manavit
3803 4245 3901 4300 hac

2333 4338 2528 4409 gratia,
2559 4337 2614 4392 in
2637 4336 2794 4408 cujus
2821 4352 2916 4392 ore
2936 4337 3080 4393 facta
3106 4348 3186 4393 est
3209 4338 3315 4393 ista
3345 4339 3745 4395 reconciliatio.
3771 4337 3902 4393 Unde

2335 4428 2770 4500 sponsa,inquit,
2799 4427 3082 4483 Osculetur
3109 4446 3191 4484 me
3220 4428 3401 4484 osculo
3432 4432 3540 4485 oris
3569 4433 3656 4486 sui
3686 4431 3846 4502 (Cant.
3868 4442 3902 4487 t.

643 4517 843 4582 Amice,
881 4490 1140 4586 quoiuodo
1165 4517 1264 4570 huc
1286 4490 1530 4583 intrasti,
1565 4533 1668 4572 non
1698 4517 1894 4571 habens
1919 4490 2106 4571 restent
2129 4533 2230 4570 nu-
2258 4490 2310 4550 Β
2339 4490 2666 4591 1⁸).Νον’θι’θί
2686 4490 2831 4575 enim
2858 4519 3000 4589 quod
3022 4520 3366 4588 omnipotens
3390 4519 3507 4575 haec
3533 4490 3711 4592 gratia
3733 4517 3903 4574 diﬂusa

644 4606 901 4678 ptiatem?
930 4605 1146 4678 (Matth.
1179 4625 1326 4676 χχιι,
1363 4610 1471 4682 12.)
1503 4609 1843 4681 Quapropter
1872 4609 2055 4665 audiat
2079 4610 2232 4682 virgo

645 4696 1092 4769 benignissimum
1150 4713 1406 4768 sponsum
1461 4702 1672 4774 1262
1725 4701 1999 4756 Christum
2047 4699 2233 4756 Jesum

647 4789 931 4845 docentem
964 4797 1022 4845 et
1059 4790 1383 4848 scribentem
1411 4791 1615 4849 fmdera
1655 4794 1964 4865 nuptiarum
1987 4811 2002 4860 ;
2027 4793 2232 4860 audiat,

648 4879 872 4950 inquam
897 4920 914 4945 ,
963 4880 1248 4951 diligenter
1269 4921 1284 4946 ,
1329 4889 1384 4935 et
1435 4883 1724 4947 observet,
1753 4898 1853 4938 nec
1884 4897 1988 4937 non
2023 4892 2079 4938 et
2109 4898 2233 4938 cum

648 4972 797 5027 omni
830 4973 1066 5044 puritate
1124 4973 1306 5028 cordis
1375 4974 1665 5043 vigilanter
1696 4975 1945 5042 insistat,
1988 4989 2055 5029 ne
2097 4976 2239 5030 inter

651 5062 830 5119 fatuas
858 5063 1169 5135 repellatur.
1218 5065 1473 5132 Quinimo
1498 5065 1641 5121 dicat
1661 5074 1716 5121 et
1748 5067 1863 5136 ipsa
1889 5066 1957 5120 de
1985 5080 2064 5132 se,
2092 5065 2240 5122 dicat

650 5151 762 5210 Deo
807 5154 957 5210 Patri
987 5197 1002 5221 ,
1032 5157 1195 5211 dicat
1238 5164 1293 5209 et
1343 5169 1578 5224 sponso:
1614 5156 1888 5212 Eructavit
1931 5175 2022 5213 cor
2065 5175 2237 5212 meum

653 5248 862 5302 verbum
891 5249 1103 5314 bonum,
1147 5257 1203 5327 et
1255 5248 1438 5304 omnia
1487 5248 1593 5304 mei
1641 5258 1792 5303 actus
1841 5250 2099 5318 opuscula
2143 5250 2239 5304 tibi

654 5339 882 5396 Domino
911 5341 1257 5407 consecravi;
1299 5341 1505 5396 interea
1529 5349 1584 5393 et
1612 5340 1791 5410 lingua
1826 5357 1946 5396 mea
1979 5357 2041 5395 ac
2068 5342 2112 5397 si
2149 5357 2238 5396 ca-

654 5430 830 5487 lamus
860 5433 1050 5488 scriba:
1077 5431 1335 5488 velociter
1357 5432 1668 5495 scribentis,
1701 5447 1806 5486 non
1836 5433 2010 5487 solum
2034 5441 2091 5486 ut
2119 5449 2248 5488 con-

655 5523 868 5579 sodales
894 5525 1133 5588 doceam,
1170 5540 1288 5596 qua:
1330 5524 1566 5596 Spiritus
1589 5524 1841 5579 infuderit
1869 5536 1924 5580 et
1955 5541 2249 5596 personue-

656 5615 726 5668 rit
776 5616 927 5684 quasi
955 5632 1052 5670 suo
1093 5617 1168 5670 in'
1193 5629 1437 5687 organo;
1483 5632 1668 5672 verum
1704 5617 1866 5671 etiam
1917 5618 2246 5672 sacrificium

659 5701 832 5758 laudis
864 5705 1097 5761 "Domino
1128 5707 1496 5764 indesinenter
1549 5707 1789 5763 deferam
1819 5749 1832 5775 ,
1885 5717 1941 5763 et
1987 5718 2103 5762 vota
2133 5724 2250 5780 qua:

2338 4622 2485 4669 esset
2522 4613 2576 4668 in
2613 4612 2772 4667 labiis
2796 4611 3032 4677 Christi,
3075 4622 3131 4667 et
3167 4613 3290 4670 ideo
3335 4629 3368 4668 a
3418 4613 3576 4686 longe
3620 4625 3730 4670 tam
3752 4610 3904 4667 dulcia

2340 4703 2594 4774 implorat
2617 4703 2830 4769 oscula;
2855 4717 2963 4758 non
2987 4703 3132 4773 quod
3157 4703 3496 4760 solummodo
3533 4704 3589 4759 in
3637 4704 3793 4761 labiis
3814 4701 3905 4772 ple.

2341 4793 2530 4848 nitudo
2556 4793 2743 4864 gratim
2775 4793 2969 4849 diffusa
3003 4794 3185 4861 fuerit,
3211 4804 3267 4851 et
3299 4811 3408 4852 non
3455 4795 3513 4851 in
3559 4804 3717 4862 toto;
3746 4807 3906 4850 verum

2343 4885 2466 4941 ideo
2493 4885 2547 4939 in
2579 4885 2737 4940 labiis
2761 4926 2776 4952 ,
2808 4886 2964 4956 quasi
2994 4902 3022 4940 a
3047 4895 3201 4956 parte
3232 4896 3402 4943 totum
3428 4928 3444 4953 ,
3471 4887 3602 4958 quia
3635 4887 3804 4961 gratia
3841 4883 3908 4938 di-

2341 4977 2452 5032 vini
2475 4977 2624 5032 verbi
2661 4977 2728 5032 de
2756 4975 2904 5047 fonte
2931 4978 3041 5032 oris
3081 4977 3281 5034 Christi
3331 4980 3618 5044 manavit,
3663 4989 3910 5045 totumque

2340 5068 2571 5140 replevit
2595 5068 2876 5124 mundum.
2908 5067 3036 5125 Inde
3083 5071 3138 5125 in
3177 5070 3474 5142 Evangelio
3501 5089 3516 5124 :
3542 5072 3819 5141 Aperiens,
3843 5070 3911 5121 in-

2345 5162 2483 5231 quit,
2517 5178 2575 5215 os
2603 5177 2756 5215 suum
2781 5201 2796 5224 ,
2843 5162 3060 5216 docebat
3102 5178 3189 5217 eos
3222 5161 3439 5234 (Matth.
3469 5179 3528 5227 ν,
3561 5162 3659 5235 2);
3695 5161 3916 5234 aperiens

2343 5251 2501 5319 quasi
2532 5249 2711 5305 fontes
2742 5251 2884 5316 vitae,
2911 5252 3064 5321 quasi
3093 5267 3122 5305 a
3152 5251 3364 5307 saeculis
3381 5253 3759 5316 absconditos,
3784 5245 3915 5321 quasi

2350 5354 2550 5394 arcana
2578 5348 2912 5395 secretorum
2954 5341 3070 5395 Dei.
3104 5339 3208 5396 Sed
3230 5351 3286 5396 et
3307 5342 3414 5395 duo
3438 5341 3812 5406 Testamenta,
3841 5339 3917 5391 Ve

2353 5431 2484 5486 teris
2508 5433 2714 5486 scilicet
2744 5443 2905 5502 atque
2935 5432 3101 5497 Novi,
3150 5433 3291 5488 labia
3337 5431 3544 5488 Christi
3584 5436 3851 5494 dicuntur,
3876 5430 3920 5481 in

2352 5525 2548 5594 quibus
2569 5527 2682 5581 haec
2708 5537 3022 5582 reserantur
3040 5528 3318 5598 mysteria,
3345 5537 3400 5583 et
3423 5529 3612 5583 divina
3634 5529 3922 5599 panduntur

2353 5627 2711 5672 sacramenta.
2755 5618 2997 5673 Fuerunt
3024 5635 3257 5689 namque
3287 5629 3341 5673 et
3367 5636 3462 5673 ora
3499 5621 3921 5689 patriarcharum

2353 5718 2408 5765 et
2439 5713 2821 5780 prophetarum
2848 5711 3064 5783 perfusa
3104 5711 3337 5783 Spiritus
3375 5713 3553 5785 sancti
3593 5713 3790 5784 gratia,
3815 5721 3929 5762 nec-
