4048 6352
165 284 298 343 1025

1081 277 1444 338 EXPOSITIO
1481 276 1552 334 1N
1589 275 1925 334 PSALMUM
1963 275 2149 333 XLIV.
2189 307 2257 319 —-
2293 278 2422 335 LIB.
2461 277 2526 333 ll.

3281 271 3421 333 £026

162 415 263 458 non
288 406 344 455 et
371 396 781 470 apostolorum;
833 397 927 453 sed
961 397 1120 469 longe
1151 396 1311 452 aliter
1335 393 1536 451 Christi
1574 392 1736 448 labia.
1765 395 1819 455 Α
1846 398 1959 447 tum
2004 395 2142 449 dona
2174 409 2269 449 seu
2309 393 2563 464 quaelibet
2606 376 2846 450 adhibita
2885 393 2942 450 in
2980 393 3150 450 sacris
3176 387 3372 452 litteris
3402 413 3417 452 :
3447 393 3452 398 ’

166 492 312 550 Unde
340 491 498 552 sicut,
528 489 726 545 dicitur
769 489 823 544 in
856 489 1033 559 prima
1073 487 1314 544 clausula
1334 528 1350 553 ,
1381 501 1515 542 voce
1561 485 1742 541 Patris

161 583 223 638 de
248 580 388 634 Filio
418 597 431 632 :
459 577 738 649 Speciosus
762 578 934 648 forma
955 595 1066 648 prce
1089 577 1215 646 ﬁliis
1240 577 1511 631 hominum
1536 617 1552 642 ,
1579 577 1654 631 ita
1685 583 1741 632 et

159 673 210 728 in
278 670 488 725 duabus
540 669 893 740 sequentibus
950 668 1463 740 subintelligendum
1516 679 1631 734 est,
1680 675 1742 722 ut

157 763 408 818 dicatur:
442 760 654 832 Diﬁ‘usa
691 768 765 814 est
793 761 965 830 gratia
1001 761 1056 813 in
1090 759 1244 814 labiis
1289 760 1425 826 tuis,
1473 774 1587 830 prae
1615 758 1739 815 ﬁliis

156 855 460 917 hominum,
493 861 548 907 et
575 852 836 907 benedixit
872 862 921 907 te
943 852 1082 907 Deus
1103 853 1159 907 in
1185 863 1438 908 (sternam
1479 866 1591 921 prae
1614 850 1740 906 ﬁliis

152 945 462 1010 hominum;
525 945 780 1016 quoniam
823 945 875 1000 in
934 945 1189 1001 omnibus
1238 947 1380 1001 ultra
1430 945 1534 1001 fuit
1573 960 1737 1015 quam

154 1037 332 1092 homo.
365 1035 704 1106 Quapropter
735 1035 1005 1105 intelligat
1039 1035 1213 1092 ﬁdelis
1249 1037 1448 1101 anima,
1474 1036 1740 1106 intelligat

153 1137 338 1183 sancta
360 1127 664 1198 virginitas,
687 1135 740 1183 et
758 1128 1004 1183 intendat
1025 1143 1222 1199 sponsa
1248 1129 1448 1185 Christi
1468 1129 1738 1198 praeconia

151 1235 267 1290 qua:
307 1219 375 1275 de
410 1220 527 1291 ipso
577 1220 828 1276 dicuntur
854 1262 869 1284 ,
915 1221 1040 1291 quia
1081 1221 1196 1276 haec
1245 1232 1330 1276 est
1382 1221 1736 1292 intelligentia

149 1313 384 1368 ﬁliorum
438 1312 639 1380 Chore,
689 1314 744 1368 id
797 1322 882 1368 est
934 1313 1167 1369 ﬁliorum
1229 1315 1347 1369 Dei.
1390 1313 1499 1369 Cur
1557 1325 1737 1370 autem

152 1405 350 1462 dixerit
380 1423 393 1458 :
426 1404 714 1476 Propterea
741 1406 1002 1461 benedixit
1027 1414 1078 1460 te
1112 1406 1248 1461 Deus
1283 1408 1337 1460 in
1361 1415 1612 1461 (sternunt
1629 1447 1643 1471 ,
1668 1423 1734 1462 ex

148 1497 445 1567 prmmissis
478 1505 696 1552 constat
747 1497 932 1552 causis
983 1515 1004 1550 τι
1044 1497 1171 1566 quia
1217 1498 1479 1566 speciosus
1526 1496 1733 1565 forma,

149 1586 272 1656 quia
319 1586 520 1656 cli/fusa
555 1595 632 1640 est
655 1586 826 1656 gratia
854 1587 910 1640 in
939 1585 1091 1640 labiis
1134 1583 1248 1654 ejus
1274 1600 1385 1655 prae
1411 1584 1536 1639 ﬁliis
1562 1585 1736 1639 homi-

147 1695 292 1735 num.
331 1679 588 1750 Alioquin
636 1687 786 1734 tanta
837 1679 1066 1750 talisque
1095 1680 1404 1736 benedictio
1443 1694 1551 1734 non
1587 1695 1736 1734 com-

1845 482 1990 536 scias
2023 484 2164 553 quod
2208 483 2610 540 benedictiones
2648 483 2820 556 magis
2869 485 3008 540 dona
3067 485 3320 541 dicuntur
3367 494 3425 542 et

1843 587 2090 628 munera.
2131 572 2285 630 Unde
2310 584 2364 629 et
2393 573 2613 630 Graecus
2639 575 2777 630 dona
2804 575 3056 646 quaelibet
3085 577 3172 632 vel
3193 594 3421 635 munus-

1845 663 1964 718 cula
1993 675 2192 731 vocat,
2247 666 2387 720 sicut
2436 674 2491 722 et
2532 681 2725 735 panem
2755 667 2865 738 jam
2901 682 2968 723 ex
3004 665 3215 724 usu‘de
3260 685 3424 725 manu

1843 756 2140 812 sacerdotis
2177 756 2417 826 eulogias
2452 773 2729 813 vocamus.
2772 757 2878 813 Sed
2918 759 2974 814 in
3013 758 3231 816 Christo
3266 761 3428 817 bene-

1841 847 2007 903 dictio
2041 849 2129 903 illa
2164 849 2219 903 in
2262 850 2574 906 coelestibus
2611 865 2738 906 vere
2778 850 2976 906 donum
3019 851 3247 918 dicitur,
3281 855 3424 924 quod

1843 951 1927 997 est
1965 956 2127 1012 super
2144 957 2306 998 omne
2352 943 2573 1009 donum,
2602 943 2724 1014 quia
2755 943 2810 997 in
2849 942 2968 1013 ipso
3004 944 3185 998 omnia
3225 945 3424 1000 donata

1842 1042 1970 1089 sunt
2007 1035 2180 1090 nobis.
2222 1035 2287 1088 Et
2319 1033 2442 1090 ideo
2478 1049 2638 1090 nemo
2663 1035 2766 1090 sibi
2795 1035 3111 1105 applaudat,
3154 1051 3312 1092 nemo
3359 1036 3428 1093 de

1842 1125 1954 1180 suis
2014 1135 2305 1194 praesumat
2361 1125 2590 1180 meritis.
2659 1124 2718 1181 Si
2766 1126 2912 1180 enim
2970 1125 3220 1182 Christus
3285 1136 3427 1184 totus

1841 1217 1932 1272 ille
1969 1218 2132 1273 homo
2171 1217 2226 1272 in
2264 1232 2428 1272 carne
2467 1225 2520 1273 et
2560 1218 2780 1284 anima,
2840 1233 2908 1272 ex
2958 1218 3099 1274 dono
3146 1220 3422 1291 largitoris

1840 1309 2128 1378 percepit,
2194 1318 2254 1363 ut
2310 1310 2381 1364 sit
2436 1309 2754 1365 benedictus
2812 1310 2865 1364 in
2925 1319 3191 1366 aeternum
3237 1312 3429 1383 plenus

1841 1400 2029 1469 gratiae
2079 1408 2135 1454 et
2193 1402 2495 1466 veritatis;
2565 1402 2734 1459 multo
2791 1404 2964 1474 magis
3020 1417 3180 1462 nemo
3221 1416 3427 1462 morta-

1838 1488 1969 1546 lium
1998 1533 2012 1558 ,
2055 1508 2214 1548 nemo
2277 1494 2442 1548 etiam
2492 1495 2806 1565 angelorum
2854 1497 3268 1569 habet‘aliquid
3328 1500 3428 1555 bo-

1840 1585 1894 1638 ni
1942 1585 2046 1639 nisi
2100 1601 2168 1639 ex
2227 1602 2450 1642 munere
2496 1598 2551 1644 et
2605 1590 2746 1645 dono
2805 1555 3075 1647 donanti:
3132 1593 3426 1664 Propterea

1845 1674 2055 1746 1265
2106 1691 2266 1748 rogo,
2309 1678 2659 1747 charissima,
2709 1681 2971 1738 custodite
3013 1684 3212 1741 donum
3266 1686 3432 1741 casti-

145 1779 357 1842 peteret
382 1771 453 1835 ei,
487 1771 595 1826 nisi
622 1785 736 1840 prae
760 1769 886 1826 ﬁliis
914 1772 1194 1826 hominum
1224 1772 1279 1826 in
1305 1771 1559 1826 omnibus
1593 1778 1736 1826 esset
1763 1754 1812 1816 Β
1841 1767 1988 1830 tatis,
2029 1768 2299 1824 custodite
2347 1785 2546 1826 munus
2594 1781 2651 1827 et
2693 1773 2858 1829 decus
2903 1777 3248 1846 virginitatis,
3301 1779 3429 1849 quia

145 1863 446 1933 speciosus,
497 1871 550 1918 et
600 1861 850 1918 diffusam
896 1863 1126 1934 gratiam
1165 1865 1220 1918 in
1263 1878 1320 1919 se
1365 1863 1588 1919 haberet
1627 1879 1739 1934 pra:

1842 1856 2088 1927 profecto
2119 1874 2326 1930 magna
2343 1869 2470 1915 sunt
2498 1863 2720 1931 praemia
2749 1866 3166 1922 remunerantis.
3195 1866 3324 1934 Quae
3350 1869 3432 1923 ni-

142 1954 419 2009 omnibus.
469 1952 733 2021 Quoniam
770 1954 886 2009 haec
932 1954 1241 2009 benedictio
1281 1961 1396 2020 est,
1425 1954 1481 2008 in
1510 1969 1614 2024 qua
1647 1954 1740 2009 be-

143 2048 468 2103 nedicentur
494 2062 686 2103 omnes
722 2048 816 2118 qui
861 2047 1132 2102 benedicti
1164 2055 1292 2103 sunt
1327 2063 1490 2118 super
1518 2056 1737 2102 terram.

138 2138 281 2194 Hinc
322 2154 540 2210 quoque
579 2140 658 2193 ait
708 2139 997 2208 Apostolus
1051 2157 1063 2192 :
1104 2137 1419 2193 Benedictus
1464 2138 1642 2202 Deus,
1691 2147 1741 2192 et

137 2226 311 2284 Pater
353 2229 559 2284 Domini
587 2232 753 2284 nostri
781 2230 911 2284 Iesu
932 2228 1150 2295 Christi,
1172 2232 1261 2302 qui
1287 2231 1546 2286 benedixit
1573 2248 1665 2285 nos
1685 2232 1740 2286 in

135 2322 284 2375 omni
331 2316 682 2376 benedictione
719 2321 943 2392 spiritali
981 2324 1034 2377 in
1081 2323 1370 2378 caelestibus
1424 2324 1478 2376 in
1531 2323 1738 2378 Christo

136 2410 362 2483 (Ephes.
406 2429 444 2476 ι,
470 2413 545 2482 5).
575 2413 694 2469 Νοη
725 2415 871 2469 enim
902 2415 968 2469 de
998 2416 1251 2480 terrenis,
1275 2425 1370 2469 aut
1392 2413 1634 2470 Judaicis
1656 2422 1741 2470 est
1769 2443 1774 2447 -

134 2503 239 2558 ista
289 2504 623 2571 benedictio,
673 2521 849 2577 neque
893 2493 1209 2576 temporalis
1257 2518 1467 2566 tantum
1498 2553 1513 2576 ,
1562 2520 1623 2565 ut
1670 2512 1742 2567 sit

133 2596 424 2650 eternitas
465 2595 582 2664 ejus
609 2611 780 2668 usque
833 2598 900 2653 ad
945 2596 1260 2666 jubilzeum;
1300 2609 1359 2654 ut
1399 2610 1526 2671 puta
1552 2617 1741 2658 servus

135 2683 409 2742 Hebraeus
434 2688 526 2756 qui
553 2688 792 2744 noluerit
813 2689 963 2744 exire
995 2690 1209 2764 1265.
1241 2691 1294 2746 in
1325 2692 1560 2762 septimo
1595 2709 1739 2749 anno

135 2777 314 2844 liber,
353 2777 631 2849 perforata
681 2779 922 2836 auricula
959 2781 1030 2836 sit
1074 2797 1266 2838 servus
1295 2799 1469 2854 usque
1502 2784 1555 2840 in
1585 2774 1748 2840 teter?

127 2886 263 2925 num
291 2885 306 2925 :
335 2878 396 2926 et
423 2870 550 2926 talia
583 2870 891 2941 hujusmodi
921 2872 974 2927 in
1004 2873 1254 2943 plurimis
1280 2875 1437 2941 locis,
1469 2877 1558 2930 ubi
1585 2885 1743 2931 aeter-
1841 2867 2123 2924 sollicitius
2157 2869 2375 2942 vigilate
2416 2871 2472 2928 in
2511 2872 2785 2940 omnibus,
2816 2881 2876 2929 ut
2913 2882 3086 2930 totum
3131 2876 3240 2931 Deo
3269 2877 3434 2947 depu-

128 2961 279 3016 nitas
320 2976 597 3016 annorum
647 2961 1006 3017 determinata
1053 2963 1319 3035 signatur.
1367 2964 1570 3021 Verum
1623 2967 1741 3024 lucc
1842 2963 1968 3019 telis
1996 2965 2140 3034 quod
2167 2965 2402 3032 habetis,
2425 2967 2552 3038 quia
2575 2983 2769 3039 magna
2799 2977 2925 3024 sunt
2948 2985 3069 3040 qua:
3093 2970 3432 3040 percepistis.

126 3058 446 3124 aeternitas,
477 3059 532 3113 in
562 3074 668 3129 qua
710 3059 959 3136 Christus
985 3061 1355 3129 benedicitur,
1402 3065 1741 3122 immensitas

1847 3055 2040 3111 Totum
2083 3057 2158 3111 illi
2205 3059 2527 3115 committite
2578 3060 2719 3130 quod
2769 3061 3106 3131 percepistis,
3151 3062 3276 3133 quia
3317 3062 3436 3133 ejus

126 3160 214 3204 est
244 3159 587 3220 temporum,
619 3151 756 3207 sicut
787 3161 842 3207 et
870 3154 1066 3224 gratia,
1113 3171 1217 3224 qua
1265 3157 1608 3227 perfunditur
1637 3159 1741 3214 im-
1769 3151 1814 3184 ι*
1848 3157 1972 3202 sum
2011 3164 2260 3215 munera.
2303 3160 2365 3206 ιιι
2395 3161 2682 3207 servem“?
2722 3153 2875 3207 VObiS
2905 3154 3045 3208 bene
3084 3154 3222 3223 ³1)υά
3257 3153 3432 3223 ipsum

124 3243 413 3297 mensilas
437 3244 723 3299 donorum,
755 3244 888 3299 Nam
922 3247 1198 3302 mter-nitas
1229 3263 1388 3315 vera,
1440 3250 1582 3304 sicut
1618 3252 1743 3320 qui-
1842 3241 2134 3307 custodita,
2182 3258 2354 3313 usque
2404 3243 2458 3297 in
2504 3243 2646 3298 diem
2702 3252 2921 3298 aeterna).
2957 3245 3432 3300 remunerationis.

124 3332 256 3387 dam
292 3333 588 3400 deﬁniunt,
628 3345 712 3391 est
735 3337 1154 3394 interminabilis
1189 3340 1312 3396 vitze
1350 3349 1461 3396 tota
1505 3342 1663 3396 simul
1691 3350 1745 3398 et
1845 3330 1998 3385 illum
2029 3334 2314 3388 δθειίὶῐηῖηί
2348 3335 2618 3398 decorem:
2644 3351 2752 3405 (Ιυο
2779 3351 3010 3406 Sponsus
3031 3346 3211 3392 νθεῑθν
3236 3339 3439 3408 εΡθοῘο⁶

121 3424 385 3492 perfecta
419 3428 727 3496 possessio;
755 3429 880 3499 quia
912 3445 1012 3485 nec
1038 3429 1142 3486 line
1172 3432 1464 3500 clauditur,
1495 3449 1596 3488 nec
1620 3434 1741 3488 bea-

1847 3437 1936 3476 sus
1983 3424 2310 3492 praedicatur
2349 3435 2402 3480 et
2439 3425 2691 3494 pulcher;
2735 3427 2879 3482 illam
2924 3438 3135 3484 servate
3159 3431 3389 3501 gratiam
3417 3471 3434 3498 ,

122 3513 382 3571 titudine
418 3528 700 3572 vacuatur.
754 3518 811 3573 In
851 3535 960 3590 qua
987 3521 1217 3591 denique
1244 3524 1551 3579 aeternitate
1584 3524 1743 3580 Cbri-
1844 3528 1964 3582 (μιῖὲ
1991 3514 2144 3570 νουίε
2174 3515 2226 3573 in
2253 3515 2348 3570 ίηο
2375 3517 2521 3584 (iam,
2551 3518 2826 3585 ιθυάδῑυτν
2845 3529 2903 3574 ιη
2924 3522 3038 3591 ipse
3059 3523 3280 3578 θίνοδίε
3309 3523 3438 3580 illud
3523 3588 3530 3596 .

117 3614 249 3661 stus
278 3646 303 3671 ,
353 3607 470 3677 jam
501 3609 837 3674 benedictus,
870 3611 925 3666 in
955 3626 1048 3667 ore
1079 3613 1396 3683 prophetico
1425 3655 1440 3679 ,
1487 3630 1552 3669 ex
1603 3616 1745 3670 dono
1845 3599 2081 3660 dicat‘de
2110 3606 2352 3677 Canticis
2381 3626 2393 3662 :
2429 3608 2663 3664 Pulchra
2701 3627 2778 3677 es,
2813 3612 2984 3666 amica
3015 3629 3164 3679 mea;
3197 3614 3438 3669 columba

115 3697 336 3767 gratiae
385 3699 748 3768 praedicatur,
794 3702 886 3757 ubi
926 3705 1260 3773 praeteritum
1303 3721 1402 3776 pro
1433 3706 1616 3762 [ιιιυιυο
1653 3723 1748 3777 up-
1844 3713 1984 3763 mea,
2009 3698 2351 3755 immaculata
2377 3717 2492 3756 mea
2517 3701 2772 3773 pulchra;
2799 3719 2942 3774 gena:
2963 3713 3068 3759 tua:
3112 3715 3167 3760 ut
3192 3708 3437 3775 turturis,

111 3794 347 3860 ροςιιίι,
398 3793 519 3850 Non
564 3797 934 3868 qualicunque
981 3800 1149 3871 igitur
1204 3801 1602 3869 benedictione,
1651 3803 1747 3859 sed
1847 3791 1988 3845 oculi
2009 3795 2085 3846 tui
2107 3792 2466 3849 columbarum
2495 3795 2672 3867 (Cant.
2696 3813 2758 3863 ll,
2789 3797 2896 3870 l0).
2925 3797 3076 3854 Tunc
3098 3799 3280 3871 itaque
3301 3800 3439 3856 bene

110 3884 278 3940 sicut
308 3886 607 3957 Apostolus
636 3890 908 3961 exposuit,
937 3894 1086 3947 omni
1109 3892 1488 3949 benedictione
1517 3893 1741 3964 spiritali

1849 3892 2138 3939 servantur
2185 3885 2392 3941 hedera
2441 3887 2769 3957 nuptiarum,
2817 3891 2861 3945 si
2903 3905 2968 3945 ex
3017 3899 3248 3963 utraque
3287 3900 3441 3963 parte

110 3977 173 4032 in
217 3979 559 4038 caelestibus
599 3981 916 4040 benedictus
944 3986 1281 4055 perhibetur.
1314 3987 1382 4043 Et
1408 3989 1699 4043 notandum
1730 4030 1745 4055 ,
1850 3974 2182 4046 impendit“?
2219 3993 2373 4033 amor
2401 3987 2563 4035 035m
2592 3980 2920 4048 ἀηθειίοηίδν
2960 3993 3014 4037 ei
3047 3984 3221 4054 Ρυάοτ
3247 3999 3440 4054 μετρε-

108 4069 280 4137 quod
321 4083 432 4124 non
481 4073 780 4128 secundum
821 4084 1070 4129 naturam
1112 4076 1167 4130 in
1194 4092 1299 4146 qua
1340 4078 1554 4148 genitus
1592 4087 1674 4134 ρει
1717 4094 1747 4132 u
1849 4071 1957 4122 tua:
1982 4068 2263 4132 castitatis,
2295 4070 2341 4125 si
2365 4072 2686 4141 respondeat
2715 4074 2767 4128 in
2795 4075 3026 4130 invicem
3051 4077 3439 4147 pulchritudini

107 4159 331 4228 Patre,
379 4164 476 4219 sed
514 4167 813 4222 secundum
850 4183 1012 4238 quam
1053 4178 1214 4224 natus
1264 4179 1367 4237 est,
1413 4171 1467 4226 in
1497 4187 1602 4241 qua
1629 4187 1750 4242 ενδ-
1851 4157 2028 4214 forma
2059 4168 2113 4214 et
2141 4161 2345 4225 decori,
2373 4163 2416 4216 si
2446 4163 2689 4235 invigilet
2714 4181 2924 4222 morum
2952 4168 3212 4238 probitas,
3243 4178 3295 4224 el
3322 4168 3444 4225 dili-

101 4256 324 4322 gam,
360 4259 624 4330 percepit,
672 4261 768 4317 sed
815 4262 1158 4317 immensam,
1200 4263 1320 4334 Ipse
1360 4273 1444 4319 εει
1473 4265 1619 4320 enim
1652 4265 1744 4334 qui
1851 4251 2042 4323 gentia
2072 4261 2239 4307 castae
2275 4253 2689 4322 observationis,
2727 4272 2796 4312 ne
2842 4259 2896 4313 in
2939 4259 3047 4314 ullo
3089 4259 3317 4315 laedatur
3352 4259 3442 4329 jus

100 4346 232 4413 aut,
268 4349 407 4420 ipse
427 4349 522 4418 qui
549 4349 780 4422 accipit;
805 4353 1003 4423 t“quia
1027 4363 1220 4424 puteus
1249 4363 1334 4410 εει
1354 4354 1475 4410 aliis
1505 4355 1572 4410 ad
1605 4370 1750 4409 me"-
1851 4343 2075 4396 amoris.
2099 4343 2236 4410 Quia
2271 4355 2476 4415 quanto
2502 4349 2740 4404 tenerius
2769 4348 2944 4405 fervet
2997 4367 3150 4408 amor
3196 4352 3442 4420 intimus,

96 4455 322 4496 utram
363 4441 616 4511 accipere
654 4459 667 4496 :
700 4442 756 4498 in
791 4441 964 4500 forma
993 4445 1141 4500 enim
1171 4443 1268 4502 Dei
1311 4461 1545 4502 manens
1574 4445 1748 4517 Spiri-
1771 4479 1826 4542 Β
1852 4437 2006 4542 ίδῐξξο
2026 4433 2479 4542 ξεΐίυδὶίξίῖθηξυε
2505 4438 2574 4492 ab
2594 4441 3038 4542 fponsa_13dilur
3063 4459 3313 4513 εροηευεο

98 4541 232 4589 ωω
267 4534 422 4599 ἀει,
452 4532 688 4591 romam
721 4536 865 4592 se";
896 4537 1172 4608 accipiens
1217 4536 1483 4609 spiritum
1523 4539 1741 4610 θεοίρῖι,
1772 4525 1823 4542 ⁸⁷
1927 4525 2080 4583 Unde
2126 4542 2195 4583 ne
2231 4526 2541 4584 blandiatur
2589 4530 2729 4586 forte
2757 4533 2912 4603 virgo
2953 4534 3153 4591 Christi
3190 4538 3346 4608 quasi
3376 4553 3466 4595 ex.

89 4628 316 4699 Ipsum
360 4643 600 4701 namque
637 4645 799 4702 quem
839 4631 908 4686 ad
938 4647 1251 4688 mensuram
1281 4633 1394 4698 dar,
1436 4642 1610 4690 ιοιυηι
1654 4650 1744 4690 ac-
1853 4617 2079 4674 lenitate
2107 4619 2313 4690 sponsi,
2345 4620 2531 4676 audiat
2558 4622 2684 4693 quia
2714 4622 2951 4694 gladium
2980 4634 3180 4697 portat,
3215 4637 3270 4684 et
3299 4631 3445 4684 zelo-

91 4721 276 4793 cipit.
323 4720 418 4776 Ad
448 4737 761 4778 mensuram
791 4723 991 4795 quippe
1017 4725 1110 4779 dat
1138 4724 1324 4780 multis
1351 4725 1496 4792 ﬁliis,
1520 4726 1612 4782 sed
1636 4743 1741 4782 non

1856 4719 2013 4782 typus
2037 4724 2160 4766 esse
2183 4711 2442 4785 minatur.
2472 4711 2626 4770 Unde
2645 4716 2890 4786 sequitur
2915 4737 2932 4773 :
2964 4719 3244 4791 Accingere
3263 4720 3444 4792 gladio

83 4815 167 4868 ad
221 4829 579 4870 mensuram
633 4816 834 4886 accipit
879 4817 1070 4872 unicus
1119 4817 1324 4884 Filius,
1367 4819 1492 4890 quia
1543 4820 1621 4875 sic
1661 4829 1746 4876 est

82 4921 292 4962 verus
325 4905 524 4970 homo,
549 4915 610 4961 ut
632 4922 796 4963 verus
824 4907 897 4963 sit
923 4909 1089 4965 Deus.

160 4999 298 5054 Bis
339 5011 583 5069 namque
609 5007 666 5055 et
693 4999 1068 5069 hujuscemodi
1098 5002 1299 5070 verbis,
1348 5005 1432 5058 lex
1478 5002 1612 5059 Novi
1649 5004 1753 5061 Te-

74 5089 411 5147 stamenti
449 5089 740 5147 testiﬁcata
782 5100 869 5147 est
917 5108 948 5147 a
982 5093 1100 5164 lege
1140 5102 1197 5150 et
1243 5095 1558 5166 prophetis,
1609 5098 1751 5166 quod

65 5184 222 5255 ipse
261 5182 370 5238 sit
395 5179 649 5238 Christus
684 5183 772 5238 cui
805 5185 987 5239 datum
1030 5195 1116 5242 est
1141 5201 1366 5252 momen,
1389 5187 1529 5257 quod
1553 5197 1628 5241 est
1659 5205 1751 5242 su-

63 5291 186 5345 per
242 5287 436 5327 omne
478 5289 666 5326 nomen
703 5271 928 5344 (Philip.
979 5291 1049 5341 η,
1094 5274 1188 5346 9);
1231 5276 1488 5346 quoniam
1531 5286 1754 5346 propter

60 5365 593 5426 misericordiam
643 5374 700 5421 et
731 5367 1018 5423 veritatem
1069 5367 1442 5436 magniﬁcavit
1488 5369 1752 5424 Dominus

58 5472 290 5529 super
332 5469 507 5510 omne
558 5453 755 5510 nomen
796 5467 1041 5512 sanctum
1090 5473 1281 5522 suum,
1330 5458 1382 5512 in
1424 5475 1532 5529 quo
1573 5461 1756 5529 posuit

49 5561 369 5610 omnem
417 5546 860 5604 benedictionem
895 5549 1215 5605 divinitatis.
1251 5549 1318 5604 Et
1358 5564 1424 5604 ne
1473 5552 1711 5607 aestimes
1739 5549 1772 5618 ,'

46 5644 270 5712 virgo
309 5634 563 5702 Christi,
589 5652 807 5708 semper
831 5639 1267 5696 benedictionem
1304 5655 1423 5696 esse
1457 5642 1509 5696 in
1539 5643 1759 5698 invoca-

45 5731 395 5793 tionibus
423 5735 483 5784 et
506 5729 780 5800 precibus,
809 5732 1007 5801 quibus
1031 5744 1438 5804 consequantur
1467 5735 1762 5791 charisma-

1843 1949 2040 2002 mirum
2071 1950 2209 2005 dona
2242 1951 2288 2006 si
2321 1962 2606 2008 servantur
2635 1955 2815 2026 digne,
2843 1955 2952 2024 jam
2990 1957 3106 2028 ipsa
3135 1968 3260 2014 sunt
3285 1975 3427 2029 prte-

1842 2039 1949 2093 mia
1981 2041 2268 2108 mercedis,
2301 2044 2426 2114 quia
2458 2059 2563 2099 non
2595 2059 2662 2100 ex
2691 2055 2874 2102 vestro
2901 2049 3112 2105 habetis
3132 2065 3251 2120 qua:
3280 2051 3432 2106 novi-

1841 2133 1960 2198 stis,
1983 2135 2075 2189 sed
2103 2151 2170 2191 ex
2193 2151 2418 2192 munere
2442 2138 2738 2210 largitoris,
2766 2141 2935 2197 multo
2963 2143 3140 2198 minus
3169 2152 3226 2198 ut
3255 2154 3433 2199 custo-

1842 2226 2004 2283 diatis
2024 2228 2160 2283 dona
2178 2231 2378 2285 eximia
2402 2247 2520 2301 quze
2537 2233 2848 2303 accepistis,
2866 2235 2967 2290 nisi
2992 2237 3106 2306 ipse
3127 2238 3428 2304 donaverit,

1842 2324 1901 2370 ut
1935 2314 2299 2386 pernianeatis
2325 2321 2379 2374 in
2411 2321 2496 2376 his
2521 2338 2642 2392 qua:
2675 2323 2918 2380 vovistis.
2954 2325 3089 2392 Quia
3119 2328 3222 2381 nisi
3250 2328 3430 2382 Domi-
3481 2351 3500 2357 υ

1843 2426 1940 2463 nus
1965 2410 2303 2478 wdiﬁcaverit
2330 2412 2564 2478 domum,
2597 2416 2651 2468 in
2680 2432 2868 2470 vanum
2895 2417 3166 2483 laborant,
3203 2419 3434 2489 quicun-

1841 2517 1946 2571 que
1977 2502 2243 2570 wdiﬁcant
2279 2521 2433 2569 eam;
2469 2513 2524 2560 et
2555 2507 2655 2560 nisi
2683 2505 2941 2564 Dominus
2976 2509 3278 2565 custodierit
3308 2512 3434 2567 civi-

1841 2601 2002 2646 tatem
2049 2594 2230 2650 cordis
2273 2603 2367 2650 aut
2408 2597 2590 2652 carnis
2635 2607 2853 2664 nostrae,
2899 2599 3100 2670 frustra
3129 2601 3309 2673 uigilat
3341 2605 3432 2674 qui

1840 2683 2108 2739 custodiat
2129 2701 2245 2740 eam
2271 2683 2447 2757 (Psal.
2476 2703 2660 2751 cxxvr,
2686 2689 2760 2754 l).
2785 2689 3015 2756 Idcirco,
3041 2691 3430 2762 dilectissime,

1841 2777 1920 2832 sic
1968 2776 2230 2844 laborate,
2275 2778 2459 2848 sicque
2499 2779 2906 2836 coaediﬁcamini
2943 2782 2999 2837 in
3038 2783 3302 2850 invicem,
3354 2785 3433 2841 sic

1854 4811 1945 4856 tuo
1968 4819 2124 4872 super
2149 4801 2320 4872 femur
2339 4814 2511 4872 tuum,
2539 4810 2912 4877 potentissime.
2947 4809 3098 4878 Quod
3123 4815 3166 4869 si
3196 4814 3334 4870 bene
3361 4815 3438 4871 fe-

1762 4932 1764 4934 τ
1853 4897 2018 4963 ceris,
2042 4897 2087 4952 si
2115 4895 2320 4952 foedera
2357 4901 2659 4957 servaveris
2688 4904 3054 4974 sponsalitau's
3090 4917 3217 4974 tuae,
3249 4916 3445 4978 potens

1859 4997 1944 5045 est
1977 4997 2032 5044 et
2059 4989 2214 5045 fortis
2251 4990 2392 5046 ﬁlius
2442 4993 2602 5065 regis,
2632 5009 2794 5064 quem
2832 4997 3034 5054 duxisti
3071 4999 3325 5070 sponsum
3353 5001 3447 5056 ad-

1861 5079 2092 5150 implere
2122 5079 2361 5136 libellum
2392 5084 2551 5140 dotis.
2586 5083 2683 5140 Sin
2727 5097 2906 5143 autem
2948 5089 3190 5160 improbe
3220 5091 3444 5158 vixeris,

1863 5173 1994 5228 time
2027 5191 2040 5226 :
2073 5172 2200 5242 quia
2229 5174 2296 5229 de
2327 5190 2423 5230 ore
2445 5176 2561 5247 ejus
2582 5176 2793 5247 gladius
2817 5169 3094 5251 fulgurans
3120 5197 3188 5236 ex
3215 5192 3446 5254 utraque

1860 5275 2015 5336 parte
2052 5266 2186 5322 exiit
2232 5275 2423 5324 acutus
2467 5277 2523 5324 et
2565 5269 2834 5327 elimatus.
2876 5272 3016 5330 Hinc
3065 5291 3282 5348 quoque
3325 5285 3450 5349 post

1860 5362 2136 5433 egregiam
2170 5362 2400 5418 formam
2429 5363 2661 5429 decoris,
2691 5355 2828 5436 post
2848 5350 3081 5437 gratiam
3111 5369 3358 5428 diffusam
3391 5372 3446 5427 in

1858 5454 2036 5519 labiis,
2072 5463 2193 5525 post
2225 5454 2652 5510 benedictionem
2682 5446 2996 5527 perceptam
3016 5461 3246 5518 aeterna:
3278 5462 3460 5518 haeres

1859 5544 2074 5610 ditatis,
2123 5545 2418 5615 imperatur
2478 5559 2509 5598 a
2561 5544 2722 5600 Patre
2779 5558 2838 5602 ut
2875 5550 3206 5620 'accingatur
3273 5552 3448 5625 gladio

1861 5657 1972 5696 sua:
1999 5639 2333 5696 fortitudinis
2365 5639 2430 5693 ad
2465 5639 2725 5695 ultionem
2765 5628 3130 5710 inimicorum,
3163 5625 3232 5701 ad
3261 5661 3460 5717 repre-‘

1864 5733 2181 5789 hensionem
2214 5731 2722 5799 contradicentium,
2753 5737 2818 5791 ad
2861 5738 3226 5794 conservanda
3268 5739 3450 5793 rerum
