4048 6352
207 359 334 415 1029

1095 351 1460 409 EXPOSITIO
1497 352 1564 408 ΙΝ
1605 349 1936 407 PSALMUM
1977 348 2162 406 XLIV.
2208 381 2277 391 —
2314 349 2444 406 LIB.
2482 349 2546 405 ll.

3311 347 3451 407 meo
3468 324 3488 380 τῖ’

240 452 387 522 nine
420 480 637 536 quoque
672 467 918 536 sequitur
960 483 1062 524 vox
1093 469 1271 526 Patris
1301 471 1366 525 ad
1397 470 1591 525 Filium
1623 489 1634 524 :
1670 468 1762 524 In-
1791 472 1840 531 Α
1867 468 1923 522 in
1947 465 2193 530 Christo;
2227 473 2386 520 nemo
2413 465 2466 519 in
2495 463 2720 520 scientia
2748 453 2866 535 quae
2891 463 3060 532 inﬂat,
3090 480 3246 522 nemo
3267 467 3320 523 in
3353 467 3458 524 ali-

180 557 348 624 tena’e,
379 559 476 626 ait,
507 575 749 629 prospere
769 559 1009 628 procede,
1039 571 1086 615 et
1115 579 1296 634 regna.
1339 562 1508 617 Porro
1556 564 1608 617 in
1660 559 1794 617 ile-5

186 650 324 707 lineo
351 651 515 704 habet
535 666 592 704 ru
603 649 959 713 rsus,'dccore
985 659 1110 716 tuo;
1133 662 1192 706 ut
1216 652 1288 706 sit
1311 667 1537 707 sensus:
1565 653 1762 708 decore

185 753 272 797 tuo
293 756 548 813 prospere
570 741 822 807 ascende,
845 750 898 796 et
925 743 1208 815 accingere
1231 743 1408 812 gladio
1431 756 1540 809 tuo,
1567 743 1760 815 gloria,

185 831 450 886 ctdecore
489 839 598 886 tuo.
640 829 892 886 Secundo
919 847 1050 887 vero
1105 832 1300 888 decore
1345 842 1436 888 tuo
1479 833 1638 900 lecto,
1681 835 1763 889 in-

187 923 336 977 tende
365 937 644 992 prospere.
676 921 828 989 Quod
857 923 1058 978 idcirco
1089 923 1340 989 dixerim,
1371 941 1438 980 ne
1469 925 1590 996 quis
1610 931 1764 997 putet

185 1014 237 1070 in
269 1014 532 1070 l-leb'raico
559 1015 750 1072 vitium
786 1016 1069 1087 scriptoris
1090 1031 1230 1072 esse.
1257 1017 1365 1073 Sed
1396 1029 1480 1074 est
1511 1013 1794 1090 repetitio'

185 1107 411 1162 nominis
439 1107 645 1178 tropice
680 1106 930 1177 ﬁgurata,
964 1123 1115 1165 more
1145 1109 1491 1181 panegyrico,
1535 1127 1641 1181 quo
1673 1110 1793 1182 ge-'

183 1213 306 1254 nere
331 1199 636 1255 laudatores
659 1201 904 1257 rhetores
927 1209 982 1256 et
1007 1203 1296 1258 Steculares
1320 1204 1419 1258 viri
1448 1203 1757 1275 loquuntur,

183 1287 391 1359 quando
418 1290 532 1346 suis
575 1283 806 1348 efferunt
829 1295 1115 1363 praaconiis
1145 1296 1288 1365 quod
1317 1295 1538 1352 laudare
1569 1297 1761 1352 decre-

183 1390 387 1436 verunt.
441 1379 534 1440 Sic
581 1382 765 1453 itaque
815 1385 958 1441 Deus
1003 1385 1189 1452 Pater,
1242 1386 1427 1444 volens
1476 1389 1759 1444 instituere

183 1467 370 1534 Filium
398 1485 556 1525 suum
585 1471 774 1526 ducem
801 1473 1022 1529 humani
1041 1474 1276 1545 generis,
1307 1476 1374 1530 ad
1403 1477 1646 1547 praelium
1675 1493 1763 1532 ar-

183 1571 378 1616 matum
409 1577 530 1616 cum
560 1577 658 1617 suo
693 1564 936 1619 exercitu
969 1565 1218 1620 hortatur
1246 1565 1313 1620 ad
1339 1565 1535 1621 bellum
1566 1583 1760 1638 proce-

183 1652 322 1718 dere,
350 1668 417 1707 ne
443 1652 610 1708 semel
633 1651 1150 1726 arreptamules'erat
1169 1659 1621 1714 monomachiam.
1651 1661 1761 1716 imo

187 1758 341 1814 super
391 1741 630 1800 hostium
679 1741 891 1817 strages
939 1747 1116 1803 victor
1167 1748 1458 1815 incedens,
1517 1751 1762 1806 intendat

1869 573 1973 627 qua
2004 571 2062 610 re
2089 555 2270 628 gloria:
2299 555 2601 626 przesentis,
2639 555 2731 610 sed
2754 556 2842 626 qui
2867 555 3126 626 gloriatur
3153 560 3205 613 in
3229 560 3452 618 Domino
3479 551 3493 586 ⁵

1866 648 2118 720 glorietur
2145 646 2198 719 (Ι
2245 645 2370 701 Cor.
2399 663 2438 711 ι,
2465 646 2576 717 Si).
2613 645 2765 702 Unde
2795 647 2990 702 Paulus
3017 649 3090 703 ait
3112 649 3291 705 :Absit
3322 653 3454 708 mihi
3477 647 3494 678 λ

1865 739 2086 810 gloriati
2121 739 2222 793 nisi
2244 738 2296 792 in
2329 753 2480 791 cruce
2505 732 2719 792 Domini
2745 739 2912 792 nostri
2938 737 3066 792 ,Ιεέιι
3103 739 3318 808 Christi,
3342 753 3449 798 etc.

1867 829 2068 903 (Colat.
2121 845 2196 896 γι,
2251 827 2361 900 Μ.)
2392 829 2542 897 Quod
2575 830 2618 884 si
2665 829 2883 901 gloriari
2909 832 3013 899 vis,
3045 832 3214 903 virgo,
3251 835 3452 890 solum—

1865 922 2027 978 modo
2057 923 2112 976 in
2140 937 2206 976 eo
2235 922 2468 994 gloriare
2488 922 2577 990 qui
2603 931 2686 976 est
2729 921 2984 990 splendor
3009 921 3192 992 glorizc
3223 924 3316 980 Dei
3344 925 3452 980 Pa-
3477 918 3486 927 ’

1865 1015 1988 1080 tris,
2014 1031 2246 1084 sponsus
2268 1013 2544 1079 Ecclesizc,
2569 1013 2742 1067 forma
2767 1014 3008 1078 decoris;
3035 1015 3088 1068 in
3111 1028 3176 1068 eo
3197 1013 3450 1086 gloriare,
3471 1051 3483 1059 -

1866 1104 1920 1159 in
1952 1120 2060 1175 quo
2087 1113 2170 1159 est
2197 1105 2372 1158 omnis
2405 1103 2680 1157 innovatio
2701 1103 2858 1169 vitae;
2895 1114 2949 1158 et
2987 1105 3246 1162 uoluntas
3285 1122 3450 1178 gene-
3477 1114 3490 1136 ’

1864 1188 1962 1260 ris,
1995 1206 2100 1265 qua
2150 1195 2388 1249 novitate
2422 1195 2590 1248 renati
2621 1210 2684 1250 ac
2705 1195 2748 1249 si
2779 1195 2834 1250 in
2862 1194 3040 1264 specie
3069 1205 3124 1250 ct
3151 1192 3453 1267 pulchritu-
3473 1221 3486 1229 ι

1866 1281 1991 1340 dine
2043 1286 2268 1352 Christi,
2319 1295 2534 1357 oportet
2571 1287 2821 1342 intendas
2859 1303 2930 1342 ne
2963 1288 3015 1342 in
3075 1288 3181 1344 ullo
3221 1288 3454 1345 ﬁndetur

1862 1375 2042 1430 honor
2087 1376 2324 1432 etelestis
2375 1387 2430 1433 et
2485 1377 2652 1433 decus
2701 1379 3138 1450 pulchritudinis.
3197 1381 3456 1450 Quinimo

1863 1469 2016 1541 virgo
2041 1485 2120 1536 es,
2153 1469 2408 1535 intende;
2451 1467 2717 1524 monacha
2769 1486 2852 1536 es,
2896 1470 3140 1538 intende;
3177 1473 3337 1528 vidua
3369 1474 3485 1529 vel"

1865 1560 2315 1627 sanctimonialis,
2340 1561 2577 1616 intende.
2613 1559 2816 1616 Deinde
2841 1575 3102 1634 prospgc
3126 1564 3356 1634 procede
3388 1565 3479 1621 de“

1865 1652 2067 1708 virtute
2113 1653 2167 1708 in
2199 1654 2478 1718 virtutem,
2516 1661 2574 1707 ut
2603 1667 2794 1725 regnes
2842 1669 2964 1709 curn
2993 1652 3175 1726 Equi
3207 1673 3303 1712 sua
3326 1673 3455 1727 pro-

1865 1745 2030 1800 cessit
2051 1745 2250 1800 virtute
2275 1746 2442 1810 solus,
2460 1752 2516 1800 et
2542 1745 2690 1800 dedit
2709 1746 3044 1802 omnibusut
3067 1749 3448 1818 procederent.

183 1846 438 1905 quatenus
477 1847 746 1909 prmparet
790 1838 893 1894 sibi
925 1855 1148 1912 regnum
1191 1841 1256 1896 de
1287 1840 1371 1896 his
1400 1842 1758 1912 quOS'diaboli

1866 1833 1968 1901 Qui
1993 1835 2126 1889 dixit
2147 1835 2374 1890 vinctis:
2398 1835 2614 1906 1270
2640 1835 2796 1891 Exite
2814 1847 2898 1906 ,ct
2923 1839 3082 1894 caecis
3105 1838 3486 1895 :Revelamini’

185 1928 410 1998 eripiens
442 1931 697 2000 potestati
727 1947 826 1986 suo
854 1933 1189 2003 copulaverit
1212 1935 1462 2006 imperio,
1487 1945 1544 1991 et
1571 1937 1716 1991 dicat
1742 1957 1756 1990 :

183 2015 290 2088 Ego
316 2028 490 2073 autem
513 2021 828 2076 constitutus
851 2039 968 2076 sum
993 2040 1084 2078 rex
1109 2023 1173 2078 ab
1200 2041 1258 2080 eo
1285 2043 1440 2097 super
1465 2025 1593 2082 Sion
1620 2044 1762 2082 mou-
1785 2023 1792 2030 ’

181 2116 278 2162 tem
326 2121 562 2168 sanctum
603 2131 776 2169 suum.
829 2113 1012 2186 (Psal.
1048 2133 1107 2182 tt,
1146 2116 1235 2189 6).
1289 2118 1367 2174 Eo
1415 2119 1468 2174 in
1518 2129 1762 2191 tempore

181 2203 389 2271 quando
432 2199 704 2273 Propheta
757 2206 873 2261 haec
923 2209 1174 2274 canebat,
1227 2209 1458 2265 necdum
1513 2210 1762 2268 Christus

180 2303 416 2363 venerat,
456 2295 682 2351 necdum
727 2309 1070 2370 processerat
1117 2301 1184 2356 ad
1232 2317 1476 2374 regnum,
1523 2311 1578 2358 et
1617 2321 1763 2360 nunc

174 2387 281 2456 jam
313 2388 516 2444 factum
543 2400 645 2446 est.

243 2483 471 2539 Attende
522 2485 684 2555 igitur
735 2484 920 2540 orbem
966 2494 1254 2552 terrarum,
1297 2495 1353 2544 et
1387 2489 1596 2544 videbis
1633 2490 1761 2560 quia

173 2576 320 2648 juxta
357 2575 533 2632 Patris
576 2592 762 2633 vocem
807 2575 1038 2633 intendit
1073 2593 1350 2652 prospere.
1397 2581 1664 2650 processit
1707 2591 1762 2637 et

179 2675 367 2738 regnat
387 2668 439 2722 in
466 2667 660 2723 throno
672 2667 784 2740 jam
807 2667 1100 2726 collocatus
1125 2681 1368 2741 paterno.
1392 2671 1460 2728 Et
1483 2674 1624 2744 quod
1645 2683 1764 2730 erat

179 2759 230 2813 in
255 2758 447 2829 spiritu
477 2759 678 2826 videre,
708 2759 938 2830 hocjam
964 2770 1048 2817 est
1078 2761 1131 2816 in
1157 2762 1387 2818 veritate
1411 2764 1610 2820 factum
1637 2781 1762 2820 con-

177 2851 400 2922 spicere.
430 2849 646 2922 1269
663 2847 1002 2906 Przedicabat
1027 2859 1210 2911 autem
1257 2861 1408 2920 tunc,
1441 2854 1582 2925 quod
1615 2869 1760 2910 scm-

177 2931 272 3012 per
301 2942 354 2996 in
381 2951 586 2996 aeterno
612 2939 791 2998 Patris
819 2951 938 2998 erat
965 2942 1232 3010 consilio;
1278 2959 1422 2998 nunc
1453 2961 1582 3002 vero
1611 2945 1764 3001 exhi-

178 3031 348 3086 bitum
385 3040 470 3086 est
518 3031 660 3101 quod
701 3031 922 3100 latebat,
980 3041 1037 3088 et
1089 3034 1443 3090 nuntiabatur
1472 3046 1762 3107 antequam

177 3121 360 3190 ﬁeret;
387 3132 442 3178 et
488 3131 546 3177 ut
587 3121 741 3196 juxta
789 3125 931 3194 quod
957 3127 1294 3182 consuetudo
1319 3135 1402 3183 est
1430 3128 1658 3184 canendi
1685 3127 1763 3184 lo-

1864 1919 2001 1997 (Isa.
2037 1941 2189 1994 xux,
2212 1924 2290 1998 9).

1903 2019 2073 2075 'Hinc
2102 2021 2349 2090 sequitur
2379 2035 2394 2074 :
2423 2020 2650 2092 Propter
2687 2023 2981 2089 veritatem,
3011 2033 3060 2078 et
3097 2023 3460 2080 mansuetudi-
3557 2099 3561 2109 Ι

1864 2122 2072 2180 nem,et
2117 2112 2383 2184 justitiam
2425 2113 2646 2168 deducet
2669 2123 2716 2168 te
2745 2114 3060 2170 mirabiliter
3101 2115 3316 2170 dextera
3343 2125 3456 2170 tuo.

1865 2205 1994 2274 Quce
2026 2206 2279 2260 nimirum
2333 2205 2512 2260 omnia
2561 2206 2639 2261 sic
2684 2205 3053 2276 praedicantur
3079 2207 3133 2261 in
3165 2207 3360 2276 capite,
3400 2213 3462 2261 ut

1865 2296 2116 2368 deinceps
2139 2296 2424 2366 exigantur
2473 2296 2529 2350 in
2571 2311 2821 2366 corpore.
2863 2297 2968 2352 Sed
3021 2297 3178 2368 longe
3213 2297 3372 2351 aliter
3399 2296 3456 2352 in

1863 2383 1978 2453 illo,
2001 2389 2256 2458 quoniam
2281 2389 2397 2458 ipse
2419 2403 2516 2459 per
2545 2403 2605 2444 se
2631 2396 2687 2443 et
2725 2389 2781 2443 in
2823 2403 2882 2444 se
2916 2389 3122 2444 veritas
3146 2397 3230 2446 est
3256 2387 3456 2455 Patris,

1862 2495 1967 2534 non
2014 2477 2290 2543 accidens,
2340 2479 2433 2533 sed
2465 2479 2730 2534 naturalis
2773 2487 2828 2534 et
2866 2479 3100 2550 justitia.
3148 2479 3300 2534 Unde
3341 2480 3481 2550 ipse-

1863 2569 1935 2624 ait
1969 2588 1980 2622 :
2026 2568 2138 2640 Ego
2171 2585 2286 2623 sum
2317 2570 2420 2635 via,
2472 2579 2518 2624 et
2549 2570 2760 2635 veritas,
2785 2579 2836 2624 et
2867 2572 2978 2624 vita
3017 2569 3199 2642 (Joon.
3235 2586 3346 2636 xxv,
3375 2571 3453 2642 6).

1864 2660 1930 2714 Et
1955 2658 2244 2729 Apostolus
2275 2661 2300 2713 ἐ
2345 2661 2450 2725 Qui
2481 2659 2654 2729 factus
2695 2670 2773 2715 est
2815 2661 2964 2715 nobis
3009 2678 3042 2715 α
3082 2661 3193 2716 Deo
3213 2647 3476 2732 justitia,

1859 2762 1910 2808 et
1936 2753 2217 2824 redemptio
2244 2751 2298 2826 (Ι
2314 2751 2438 2808 Cor.
2465 2769 2504 2818 ι,
2537 2753 2648 2824 50),
2684 2762 2738 2811 et
2765 2755 3046 2810 sanctitas.
3064 2753 3205 2810 Nulli
3231 2755 3476 2810 dubium-

1861 2845 1954 2918 qui
2011 2847 2176 2902 etiam
2224 2847 2579 2902 mansuetudo
2625 2846 2877 2904 Christus
2909 2863 3032 2904 esse
3083 2856 3442 2914 monstretur,
3490 2891 3496 2902 .

1863 2937 1991 2995 dum
2017 2940 2249 2995 victoria
2280 2938 2396 3009 ejus
2446 2940 2752 3010 triumphus
2799 2955 3082 2996 servorum
3127 2939 3451 3007 ostenditur,

1863 3041 1918 3089 et
1954 3033 2190 3088 eruditio
2219 3033 2469 3104 magistri
2492 3033 2842 3104 disciplorum
2880 3032 3193 3104 profectus;
3229 3048 3478 3088 verum--

1866 3132 2045 3180 tamen
2100 3123 2350 3180 Christus
2404 3124 2737 3180 teternaliter
2777 3125 2982 3180 veritas
3029 3131 3134 3180 est.
3173 3123 3376 3180 Idcirco
3403 3123 3481 3180 ei-

175 3229 314 3284 quar
343 3215 640 3270 secundum
683 3215 1056 3289 Septuaginta,
1103 3219 1331 3274 intendit
1379 3220 1433 3274 in
1493 3221 1672 3291 specie
1707 3207 1834 3276 etC
1867 3231 2034 3286 supra
2083 3216 2284 3272 dicitur
2319 3217 2370 3270 in
2408 3216 2578 3287 specie
2620 3227 2713 3271 tua
2756 3225 2804 3271 et
2833 3215 3223 3286 pulchritudine
3253 3227 3343 3270 tua
3372 3217 3459 3270 in-

174 3305 579 3376 pulchritudine
625 3323 744 3374 sua,
772 3325 893 3378 quze
939 3317 1022 3364 est
1061 3311 1263 3366 veritas
1297 3321 1352 3366 et
1381 3309 1618 3382 justitia,
1653 3329 1760 3382 qua

171 3389 393 3469 semper
419 3399 697 3472 speciosus
717 3409 772 3455 et
796 3401 1022 3472 pulcher
1060 3411 1162 3458 est.
1208 3402 1478 3460 Processit
1501 3419 1762 3476 prospere

169 3504 271 3561 per
296 3504 380 3554 se,
409 3491 677 3560 processit
703 3507 802 3562 per
829 3502 1048 3548 sanctos
1101 3495 1502 3564 prtedicatores,
1534 3503 1590 3550 et
1620 3495 1758 3551 dila-

169 3587 345 3632 tatum
375 3587 459 3634 est
504 3596 728 3652 regnum
771 3582 940 3652 ipsius
974 3585 1150 3640 adhuc
1179 3585 1360 3650 hodie,
1391 3594 1448 3640 et
1476 3585 1759 3653 dilatatur,

167 3684 296 3722 cum
343 3669 651 3726 subdantur
697 3673 747 3728 ei
795 3688 982 3730 omnes
1013 3683 1224 3746 gentes.
1280 3674 1638 3731 Prasdicatum
1677 3686 1760 3734 est

164 3773 302 3829 ergo
345 3755 722 3830 Evangelium,
769 3765 894 3832 quia
937 3766 1126 3820 veritas
1162 3767 1227 3822 de
1252 3777 1391 3822 terra
1419 3778 1536 3822 orta
1580 3778 1675 3834 est,
1709 3779 1760 3824 et

151 3849 381 3920 j‘ustitia
403 3850 470 3904 de
513 3851 640 3906 calo
666 3855 930 3926 prospexit
959 3855 1133 3926 (Psal.
1159 3875 1382 3926 Lxxxw,
1413 3859 1524 3932 12),
1560 3861 1612 3916 in
1650 3877 1757 3932 qua

159 3942 339 3996 sancti
365 3941 484 4010 Dei,
517 3952 570 4000 et
601 3945 702 4016 ipsi
726 3947 956 4018 speciosi
981 3947 1111 4006 facti
1156 3959 1210 4007 et
1231 3951 1442 4022 pulchri
1472 3952 1758 4009 intenden-

159 4040 246 4086 tes
293 4043 350 4088 et
403 4049 663 4107 prospere
705 4039 1086 4108 procedentes,
1131 4042 1511 4112 plantaverunt
1553 4044 1756 4100 Christi

155 4120 469 4180 Ecclesias.
499 4124 743 4193 Quorum
773 4143 912 4186 unus
939 4129 1189 4187 videlicet
1222 4133 1422 4188 Paulus
1443 4149 1613 4204 usque
1635 4135 1760 4209 Illy-

151 4213 337 4269 ricum
377 4218 655 4286 pervenit,
687 4229 744 4274 et
769 4221 922 4275 multi
963 4222 1056 4278 alii
1099 4223 1354 4298 deinceps
1382 4227 1488 4283 huc
1521 4229 1758 4300 illucque

148 4303 343 4360 diﬂ'usi
387 4320 770 4378 processerunt
794 4327 1068 4384 prospere,
1101 4315 1226 4386 quia
1271 4319 1473 4384 securi,
1498 4329 1553 4374 et
1575 4321 1760 4376 subdi-

145 4397 362 4452 derunt
396 4400 657 4457 mundum
697 4401 812 4473 ejus
865 4407 1112 4476 imperio.
1153 4407 1216 4464 In
1261 4409 1458 4480 quibus
1505 4412 1757 4468 omnibus

142 4505 380 4563 semper
400 4495 516 4566 ipse
551 4499 838 4566 processit,
869 4509 924 4556 et
961 4502 1222 4558 dilatatur
1253 4504 1454 4575 ubique
1482 4505 1534 4560 in
1565 4522 1750 4578 regno,

142 4601 260 4676 non
290 4586 516 4642 aliunde
545 4605 704 4660 quam
756 4607 850 4650 eos
900 4596 1078 4666 seipse
1127 4611 1342 4668 semper
1375 4601 1654 4671 speciosus
1701 4582 2096 4676 etDpendeus
2145 4605 2202 4660 in
2251 4620 2412 4658 cruce
2463 4603 2667 4658 diceret
2715 4615 2729 4656 :

140 4675 411 4744 pulcher,
439 4679 564 4748 quia
592 4683 796 4738 veritas
831 4693 886 4739 et
911 4685 1148 4757 justitia,
1182 4689 1294 4760 ipse
1325 4699 1477 4746 ortus
1507 4692 1561 4746 in
1593 4693 1754 4748 terris

141 4765 210 4820 de
244 4767 399 4824 cmlo
427 4772 596 4826 venit.-
637 4770 734 4828 Cui
780 4775 878 4831 soli
896 4776 1118 4846 jubetur
1140 4781 1193 4835 in
1218 4783 1396 4853 specie
1423 4799 1487 4838 ac
1517 4785 1771 4854 pulchri-'

142 4861 346 4915 tudine
376 4877 476 4917 sua
497 4863 803 4948 intendere,
828 4885 929 4926 nec
963 4885 1070 4927 non
1098 4883 1154 4928 et
1177 4889 1207 4928 a
1237 4889 1295 4930 se
1343 4891 1602 4947 prospere
1630 4893 1755 4948 pro-

141 4951 376 5018 cedere,
411 4955 538 5024 quia
569 4947 684 5027 ipse
731 4960 878 5017 solus
924 4963 1174 5021 inventus
1211 4973 1293 5021 est
1336 4968 1474 5021 inter
1519 4977 1752 5024 mortuos

139 5039 282 5096 liber
310 5039 491 5116 (Psal.
519 5063 763 5117 Lxxxvn,
798 5052 874 5126 6).
903 5053 1096 5112 Caeteri
1123 5073 1251 5114 vero
1271 5073 1463 5115 omnes
1492 5073 1597 5114 non
1629 5076 1659 5115 a
1689 5075 1751 5118 se

139 5127 284 5200 ipsis
310 5138 546 5204 speciosi
569 5147 624 5195 et
640 5141 873 5212 pulchri,
891 5146 1014 5216 quia
1038 5148 1181 5203 servi
1205 5157 1362 5204 erant
1383 5151 1611 5222 peccati,
1651 5151 1746 5208 sed

139 5223 207 5278 ab
241 5226 374 5295 ipso
405 5244 436 5282 a
468 5248 577 5303 quo
603 5232 939 5303 iustiﬁcetur
982 5247 1050 5297 et'
1082 5242 1306 5312 pulchra
1337 5244 1394 5298 ﬁt
1434 5247 1611 5301 omnis
1640 5245 1744 5302 Ec-

137 5312 344 5407 lilesia.
367 5319 622 5396 Alioquin
655 5345 814 5386 nemo
858 5331 994 5388 liber
1037 5334 1293 5391 inventus
1321 5347 1402 5393 est
1431 5348 1525 5392 aut
1544 5337 1742 5407 justus.

138 5399 314 5500 [ir-Ide
363 5408 489 5500 ipse
517 5415 571 5470 in
617 5417 910 5491 Evangelia
940 5441 954 5476 :
985 5423 1137 5482 Tunc
1189 5445 1323 5494 vere,
1373 5399 1565 5500 inquit,
1600 5429 1748 5500 liberi

132 5493 326 5561 eritis,
352 5499 401 5552 si
441 5497 616 5559 Filius
644 5524 732 5562 vos
758 5509 1050 5569 liberaverit
1080 5513 1262 5587 (Joan.
1297 5534 1412 5584 vm,
1439 5493 1561 5590 1:36);
1577 5495 1747 5574 Idcir—

131 5597 223 5653 ρο,
253 5589 630 5661 οιιπὶεεὶωω,
661 5615 822 5656 nemo
857 5613 1096 5661 vestrum
1128 5609 1179 5664 in
1211 5626 1271 5666 se
1301 5589 1538 5666 intendat
1563 5621 1619 5666 ut
1647 5613 1748 5668 sibi

131 5679 419 5771 placeat;
465 5705 626 5747 nemo
675 5694 726 5750 in
793 5699 1194 5768 pulchritudine
1241 5707 1438 5771 cm'nis,
1492 5723 1651 5762 nemo
1695 5709 1746 5763 in

131 5768 418 5836 libertate
438 5789 496 5837 et
511 5786 794 5846 nobilitate
817 5791 1052 5865 generis,
1073 5815 1138 5854 ne
1161 5798 1410 5870 ignobilis
1429 5768 1749 5859 inveniatur

1864 3309 2036 3376 tende,
2069 3309 2195 3380 quia
2241 3307 2296 3364 in
2324 3309 2471 3363 nullo
2507 3323 2537 3362 a
2577 3323 2635 3364 se
2683 3309 2886 3362 veritas
2933 3308 3158 3363 fallitur.
3211 3309 3456 3377 Denique

1862 3401 2097 3470 idipsum
2130 3411 2238 3464 est,
2263 3409 2485 3470 propter
2507 3399 2974 3454 mansuetudinem
3003 3398 3326 3454 mirabiliter
3359 3398 3456 3452 de-

1863 3491 2008 3558 duci,
2055 3491 2201 3562 quod
2249 3500 2332 3545 est
2369 3505 2637 3562 prospere
2681 3491 2994 3562 procedere.
3025 3490 3161 3557 Quia
3189 3491 3372 3560 passio
3395 3499 3454 3546 et

1863 3584 2141 3640 humilitas
2163 3584 2365 3639 Christi
2397 3583 2673 3654 promotio
2704 3599 2768 3639 ac
2795 3583 3072 3654 processio
3093 3591 3180 3638 est
3208 3584 3453 3638 omnium

1861 3679 2102 3751 gentium
2161 3677 2228 3732 ad
2277 3679 2436 3733 ﬁdem
2462 3687 2517 3732 et
2563 3677 2628 3732 ad
2679 3693 2929 3750 regnum.
2958 3676 3156 3733 Passus
3175 3684 3259 3732 est
3289 3677 3454 3748 igitur

1861 3771 2130 3835 Christus,
2161 3771 2308 3842 passi
2342 3779 2467 3826 sunt
2489 3779 2544 3825 et
2571 3781 2843 3842 martyres
2867 3769 3020 3841 quasi
3051 3769 3248 3840 capitis
3273 3757 3450 3823 meni-

1859 3862 1980 3930 bra,
2011 3863 2104 3933 qui
2147 3877 2249 3916 nec
2297 3861 2638 3926 deﬁciebant,
2671 3877 2771 3916 nec
2811 3860 3157 3927 resistebant,
3209 3859 3471 3914 dicentes.

1861 3963 2013 4018 Vera,
2035 3967 2136 4008 nec
2160 3951 2518 4018 occultantes,
2549 3952 2726 4022 parati
2778 3951 2846 4006 ad
2885 3951 3088 4014 omnia,
3132 3949 3268 4010 nihil
3291 3964 3450 4006 recu-

1851 4038 2064 4100 santes.
2089 4043 2219 4110 Qua:
2244 4043 2501 4098 nimirum
2543 4057 2738 4112 magna
2781 4041 3141 4096 mansuetudo
3171 4041 3224 4095 in
3271 4041 3470 4112 capite-

1860 4138 2324 4212 prtecessitaideo
2372 4137 2622 4192 Christus
2667 4135 2843 4190 etiam.
2877 4143 2932 4191 et
2990 4134 3044 4189 in
3075 4133 3180 4189 illis
3217 4134 3469 4189 multum

1860 4230 2124 4301 processit
2158 4228 2224 4283 ad
2260 4243 2507 4299 regnum,
2539 4233 2594 4283 ct
2633 4227 2809 4282 adhuc
2839 4226 3000 4282 hodie
3025 4227 3286 4298 procedit.
3299 4226 3448 4283 Cor-

1859 4335 1962 4391 pus
1987 4319 2188 4376 Christi
2221 4319 2718 4374 mansuetissimnm
2739 4319 2844 4374 hoc
2863 4316 3016 4383 facit,
3036 4317 3165 4388 quia
3195 4317 3250 4372 in
3273 4319 3451 4388 capite

1861 4431 1959 4469 suo
1995 4414 2122 4468 talia
2176 4413 2384 4468 didicit.
2419 4411 2512 4467 ille
2565 4411 2830 4482 siquidem
2857 4410 3010 4481 prior
3053 4425 3113 4466 ac
3141 4411 3194 4480 si
3219 4411 3336 4464 ovis
3379 4410 3450 4465 ad

1859 4508 2187 4563 occisionem
2239 4505 2433 4562 ductus
2487 4513 2590 4570 est,
2644 4521 2815 4574 usque
2859 4506 2994 4560 adeo
3034 4513 3353 4559 mansuetus
3389 4511 3461 4557 ut‘

2791 4597 2958 4656 Pater
2973 4641 2988 4668 ,
3039 4602 3248 4670 ignosce
3301 4597 3408 4652 illis
3427 4625 3462 4664 ,-

1859 4699 2093 4754 nesciunt
2121 4697 2248 4770 quid
2273 4697 2475 4767 faciunt
2524 4693 2660 4764 (18a.
2693 4710 2812 4759 Lm,
2836 4693 2910 4764 7).
2940 4693 3068 4748 inde
3096 4700 3182 4748 est
3207 4706 3444 4762 namque

1858 4789 2002 4862 quod
2019 4789 2262 4860 protulit,
2281 4787 2422 4857 quod
2441 4787 2732 4856 processit,
2749 4783 2890 4856 quod
2907 4786 3053 4851 vicit,
3068 4783 3212 4856 quod
3230 4793 3440 4854 regnat,

1857 4891 2034 4935 morte
2061 4879 2291 4944 devicta,
2322 4878 2465 4948 quod
2512 4886 2734 4949 propter
2757 4877 3024 4949 justitiam
3049 4888 3327 4952 ‘vcnturus
3361 4885 3458 4932 cst-

1855 4975 1922 5030 ad
1941 4973 2226 5046 judicium,
2250 4981 2305 5028 et
2336 4972 2603 5028 retribuet
2622 4971 2912 5042 unicuique
2953 4971 3247 5028 secundum
3276 4983 3440 5040 opera

1857 5064 1974 5148 s'ua.
2003 5065 2121 5135 ipse
2149 5053 2416 5136 siquidem
2455 5079 2555 5135 per
2602 5079 2660 5121 se
2707 5065 2934 5130 veritas,
2985 5077 3041 5120 et
3081 5063 3206 5120 ideo
3234 5064 3288 5120 iu
3319 5077 3440 5120 sese

1849 5161 2074 5232 jubetur
2096 5160 2402 5216 intendere.
2433 5159 2513 5216 Tu
2544 5170 2746 5227 autem,
2771 5161 2922 5232 virgo
2943 5159 3164 5228 Christi,
3192 5161 3442 5230 quamvis

1855 5241 2064 5319 sancta,
2093 5253 2342 5322 quamvis
2367 5252 2678 5325 incorrupta
2695 5260 2749 5307 et
2774 5251 3220 5316 iucontaminata,
3244 5267 3439 5321 quam-

1854 5344 1938 5399 vis
1960 5343 2116 5400 bonis
2144 5345 2397 5400 omnibus
2425 5345 2616 5411 ditata,
2673 5342 2782 5399 noli
2811 5351 2862 5398 te
2903 5342 3201 5406 attendere.
3237 5343 3344 5398 noli
3373 5343 3441 5398 de

1851 5430 1905 5492 te
1935 5453 2266 5508 praesumere
2297 5451 2312 5490 :
2345 5438 2472 5506 quia
2502 5436 2618 5491 haec
2660 5435 2842 5489 omnia
2891 5449 3010 5504 quae
3044 5433 3216 5492 habes
3244 5450 3362 5490 non
3407 5451 3440 5492 ι

1852 5513 1907 5584 te
1936 5529 2030 5583 tibi
2059 5537 2206 5595 sunt,
2241 5529 2432 5584 sed‘ab
2462 5527 2552 5582 illo
2593 5543 2624 5582 a
2663 5541 2772 5598 quo
2799 5527 3054 5598 accepisti
3097 5537 3160 5583 ut
3183 5529 3435 5586 haberes.

1855 5619 1914 5676 Si
1960 5631 2132 5675 autem
2175 5621 2439 5685 accepisti,
2490 5618 2617 5690 quid
2665 5617 2918 5688 gloriaris
2957 5620 3110 5690 quasi
3145 5637 3248 5676 non
3287 5637 3439 5676 acce-

1851 5697 2030 5786 peris?
2067 5711 2118 5787 (Ι
2152 5715 2272 5768 Cor.
2309 5730 2381 5779 tv,
2414 5712 2492 5785 7.)
2521 5711 2635 5767 Non
2667 5713 2808 5768 enim
2843 5721 2895 5770 te
2923 5715 2976 5768 in
3031 5714 3117 5770 his
3162 5715 3318 5772 donis
3347 5717 3417 5772 de

1855 5806 2001 5862 ducit
2031 5807 2158 5862 dext
2197 5823 2253 5860 ra
2279 5816 2388 5872 tua,
2413 5806 2507 5862 sed
2532 5807 2956 5864 misericorditer
2977 5807 3200 5865 dextera
3223 5807 3393 5882 ipsius
3419 5821 3439 5863 τ
