  <div class='ocr_page' id='page_1' title='image "/cluster/home/n/w/nwhite01/storage/ocr_20150623/120/hvd.32044015466923/521.png"; bbox 0 0 4048 6352; ppageno 0'>
   <div class='ocr_carea' id='block_1_1' title="bbox 593 239 727 299">
    <p class='ocr_par' dir='ltr' id='par_1_1' title="bbox 593 239 727 299">
     <span class='ocr_line' id='line_1_1' title="bbox 593 239 727 299; baseline -0.015 0"><span class='ocrx_word' id='word_1_1' title='bbox 593 239 727 299; x_wconf 71' lang='grc'><strong>1051</strong></span> 
     </span>
    </p>
   </div>
   <div class='ocr_carea' id='block_1_2' title="bbox 1316 193 3034 303">
    <p class='ocr_par' dir='ltr' id='par_1_2' title="bbox 1316 193 3034 303">
     <span class='ocr_line' id='line_1_2' title="bbox 1316 193 3034 303; baseline -0.001 -1"><span class='ocrx_word' id='word_1_2' title='bbox 1316 207 1340 220; x_wconf 75' lang='grc'><em>’</em></span> <span class='ocrx_word' id='word_1_3' title='bbox 1360 193 1425 302; x_wconf 58' lang='grc'><strong>’8.</strong></span> <span class='ocrx_word' id='word_1_4' title='bbox 1463 244 1825 303; x_wconf 71' lang='grc' dir='ltr'><strong>ΡΑεοιιΑδιι</strong></span> <span class='ocrx_word' id='word_1_5' title='bbox 1864 243 2216 300; x_wconf 81' lang='lat' dir='ltr'><strong>RADBERTI</strong></span> <span class='ocrx_word' id='word_1_6' title='bbox 2252 242 2544 299; x_wconf 80' lang='lat' dir='ltr'><strong>ABBATIS</strong></span> <span class='ocrx_word' id='word_1_7' title='bbox 2583 242 3034 301; x_wconf 81' lang='lat' dir='ltr'><strong>CORBEIENSlS</strong></span> 
     </span>
    </p>
   </div>
   <div class='ocr_carea' id='block_1_3' title="bbox 3727 248 3848 304">
    <p class='ocr_par' dir='ltr' id='par_1_3' title="bbox 3727 248 3848 304">
     <span class='ocr_line' id='line_1_3' title="bbox 3727 248 3848 304; baseline 0.008 -1"><span class='ocrx_word' id='word_1_8' title='bbox 3727 248 3848 304; x_wconf 71' lang='lat' dir='ltr'><strong>i032</strong></span> 
     </span>
    </p>
   </div>
   <div class='ocr_carea' id='block_1_4' title="bbox 593 355 3850 442">
    <p class='ocr_par' dir='ltr' id='par_1_4' title="bbox 593 355 3850 442">
     <span class='ocr_line' id='line_1_4' title="bbox 593 355 3850 442; baseline 0 -26"><span class='ocrx_word' id='word_1_9' title='bbox 593 359 769 432; x_wconf 87' lang='lat' dir='ltr'><strong>ipsum</strong></span> <span class='ocrx_word' id='word_1_10' title='bbox 797 367 976 416; x_wconf 88' lang='lat' dir='ltr'><strong>autem</strong></span> <span class='ocrx_word' id='word_1_11' title='bbox 1019 357 1340 415; x_wconf 75' lang='lat' dir='ltr'><strong>mirabiliter</strong></span> <span class='ocrx_word' id='word_1_12' title='bbox 1394 358 1619 414; x_wconf 89' lang='lat' dir='ltr'><strong>dextera</strong></span> <span class='ocrx_word' id='word_1_13' title='bbox 1650 357 1779 426; x_wconf 53' lang='lat' dir='ltr'><strong>:sua.</strong></span> <span class='ocrx_word' id='word_1_14' title='bbox 1835 356 1950 413; x_wconf 86' lang='lat' dir='ltr'><strong>Hoc</strong></span> <span class='ocrx_word' id='word_1_15' title='bbox 1974 357 2174 442; x_wconf 82' lang='lat' dir='ltr'><strong>quippe</strong></span> <span class='ocrx_word' id='word_1_16' title='bbox 2201 360 2253 420; x_wconf 83' lang='grc' dir='ltr'>Α</span> <span class='ocrx_word' id='word_1_17' title='bbox 2278 355 2415 412; x_wconf 85' lang='lat' dir='ltr'><strong>Hinc</strong></span> <span class='ocrx_word' id='word_1_18' title='bbox 2437 355 2551 424; x_wconf 86' lang='lat' dir='ltr'><strong>jam</strong></span> <span class='ocrx_word' id='word_1_19' title='bbox 2582 357 2636 410; x_wconf 93' lang='lat' dir='ltr'><strong>in</strong></span> <span class='ocrx_word' id='word_1_20' title='bbox 2667 356 2919 412; x_wconf 87' lang='lat' dir='ltr'><strong>cordibus</strong></span> <span class='ocrx_word' id='word_1_21' title='bbox 2940 355 3282 412; x_wconf 87' lang='lat' dir='ltr'><strong>inimicorum</strong></span> <span class='ocrx_word' id='word_1_22' title='bbox 3310 357 3486 414; x_wconf 86' lang='lat' dir='ltr'><strong>victor</strong></span> <span class='ocrx_word' id='word_1_23' title='bbox 3520 359 3662 430; x_wconf 86' lang='lat' dir='ltr'><strong>regit</strong></span> <span class='ocrx_word' id='word_1_24' title='bbox 3689 368 3744 416; x_wconf 90' lang='lat' dir='ltr'><strong>et</strong></span> <span class='ocrx_word' id='word_1_25' title='bbox 3772 363 3850 418; x_wconf 84' lang='lat' dir='ltr'><strong>do-</strong></span> 
     </span>
    </p>
   </div>
   <div class='ocr_carea' id='block_1_5' title="bbox 589 448 2208 527">
    <p class='ocr_par' dir='ltr' id='par_1_5' title="bbox 589 448 2208 527">
     <span class='ocr_line' id='line_1_5' title="bbox 589 448 2208 527; baseline -0.003 -21"><span class='ocrx_word' id='word_1_26' title='bbox 589 461 818 507; x_wconf 88' lang='lat' dir='ltr'><strong>noverat</strong></span> <span class='ocrx_word' id='word_1_27' title='bbox 849 467 1043 523; x_wconf 87' lang='lat' dir='ltr'><strong>sponsa</strong></span> <span class='ocrx_word' id='word_1_28' title='bbox 1075 451 1129 506; x_wconf 93' lang='lat' dir='ltr'><strong>in</strong></span> <span class='ocrx_word' id='word_1_29' title='bbox 1156 448 1418 514; x_wconf 89' lang='lat' dir='ltr'><strong>Canticis,</strong></span> <span class='ocrx_word' id='word_1_30' title='bbox 1458 457 1512 504; x_wconf 90' lang='lat' dir='ltr'><strong>et</strong></span> <span class='ocrx_word' id='word_1_31' title='bbox 1556 449 1676 505; x_wconf 90' lang='lat' dir='ltr'><strong>ideo</strong></span> <span class='ocrx_word' id='word_1_32' title='bbox 1704 449 1821 504; x_wconf 89' lang='lat' dir='ltr'><strong>ait:</strong></span> <span class='ocrx_word' id='word_1_33' title='bbox 1862 448 2018 504; x_wconf 76' lang='grc' dir='ltr'><strong>ιωυα</strong></span> <span class='ocrx_word' id='word_1_34' title='bbox 2065 449 2208 527; x_wconf 79' lang='lat' dir='ltr'><strong>ejus</strong></span> 
     </span>
    </p>
   </div>
   <div class='ocr_carea' id='block_1_6' title="bbox 589 539 2181 612">
    <p class='ocr_par' dir='ltr' id='par_1_6' title="bbox 589 539 2181 612">
     <span class='ocr_line' id='line_1_6' title="bbox 589 539 2181 612; baseline -0.003 -15"><span class='ocrx_word' id='word_1_35' title='bbox 589 541 686 597; x_wconf 84' lang='lat' dir='ltr'><strong>sub</strong></span> <span class='ocrx_word' id='word_1_36' title='bbox 731 543 897 612; x_wconf 86' lang='lat' dir='ltr'><strong>capite</strong></span> <span class='ocrx_word' id='word_1_37' title='bbox 944 558 1078 606; x_wconf 89' lang='lat' dir='ltr'><strong>meo,</strong></span> <span class='ocrx_word' id='word_1_38' title='bbox 1123 549 1170 596; x_wconf 87' lang='lat' dir='ltr'><strong>et</strong></span> <span class='ocrx_word' id='word_1_39' title='bbox 1215 541 1430 594; x_wconf 77' lang='lat' dir='ltr'><strong>dextera</strong></span> <span class='ocrx_word' id='word_1_40' title='bbox 1471 539 1614 594; x_wconf 88' lang='lat' dir='ltr'><strong>illius</strong></span> <span class='ocrx_word' id='word_1_41' title='bbox 1666 539 2052 611; x_wconf 73' lang='lat' dir='ltr'><strong>amplexabitur</strong></span> <span class='ocrx_word' id='word_1_42' title='bbox 2099 554 2181 592; x_wconf 91' lang='lat' dir='ltr'><strong>me</strong></span> 
     </span>
    </p>
   </div>
   <div class='ocr_carea' id='block_1_7' title="bbox 590 631 2180 706">
    <p class='ocr_par' dir='ltr' id='par_1_7' title="bbox 590 631 2180 706">
     <span class='ocr_line' id='line_1_7' title="bbox 590 631 2180 706; baseline 0 -20"><span class='ocrx_word' id='word_1_43' title='bbox 590 632 772 706; x_wconf 86' lang='lat' dir='ltr'><strong>(Cant.</strong></span> <span class='ocrx_word' id='word_1_44' title='bbox 806 649 870 698; x_wconf 92' lang='grc' dir='ltr'><strong><em>ιι,</em></strong></span> <span class='ocrx_word' id='word_1_45' title='bbox 898 633 974 705; x_wconf 82' lang='lat'><strong>6).</strong></span> <span class='ocrx_word' id='word_1_46' title='bbox 1001 634 1137 701; x_wconf 83' lang='lat' dir='ltr'><strong>Quia</strong></span> <span class='ocrx_word' id='word_1_47' title='bbox 1161 633 1264 688; x_wconf 90' lang='lat' dir='ltr'><strong>nisi</strong></span> <span class='ocrx_word' id='word_1_48' title='bbox 1295 633 1514 688; x_wconf 85' lang='lat' dir='ltr'><strong>dextera</strong></span> <span class='ocrx_word' id='word_1_49' title='bbox 1553 634 1740 704; x_wconf 87' lang='lat' dir='ltr'><strong>sponsi</strong></span> <span class='ocrx_word' id='word_1_50' title='bbox 1765 631 2180 702; x_wconf 87' lang='lat' dir='ltr'><strong>circumplecta-</strong></span> 
     </span>
    </p>
   </div>
   <div class='ocr_carea' id='block_1_8' title="bbox 590 722 2178 795">
    <p class='ocr_par' dir='ltr' id='par_1_8' title="bbox 590 722 2178 795">
     <span class='ocr_line' id='line_1_8' title="bbox 590 722 2178 795; baseline 0 -17"><span class='ocrx_word' id='word_1_51' title='bbox 590 733 680 779; x_wconf 91' lang='lat' dir='ltr'><strong>tur</strong></span> <span class='ocrx_word' id='word_1_52' title='bbox 706 739 984 795; x_wconf 89' lang='lat' dir='ltr'><strong>sponsam,</strong></span> <span class='ocrx_word' id='word_1_53' title='bbox 1015 731 1164 779; x_wconf 90' lang='lat' dir='ltr'><strong>casta</strong></span> <span class='ocrx_word' id='word_1_54' title='bbox 1191 738 1516 794; x_wconf 84' lang='lat' dir='ltr'><strong>permanere</strong></span> <span class='ocrx_word' id='word_1_55' title='bbox 1536 740 1641 780; x_wconf 92' lang='lat' dir='ltr'><strong>non</strong></span> <span class='ocrx_word' id='word_1_56' title='bbox 1665 733 1861 795; x_wconf 90' lang='lat' dir='ltr'><strong>potest.</strong></span> <span class='ocrx_word' id='word_1_57' title='bbox 1892 722 2008 780; x_wconf 85' lang='lat' dir='ltr'><strong>Non</strong></span> <span class='ocrx_word' id='word_1_58' title='bbox 2032 723 2178 779; x_wconf 91' lang='lat' dir='ltr'><strong>enim</strong></span> 
     </span>
    </p>
   </div>
   <div class='ocr_carea' id='block_1_9' title="bbox 587 814 2178 886">
    <p class='ocr_par' dir='ltr' id='par_1_9' title="bbox 587 814 2178 886">
     <span class='ocr_line' id='line_1_9' title="bbox 587 814 2178 886; baseline -0.001 -14"><span class='ocrx_word' id='word_1_59' title='bbox 587 815 742 872; x_wconf 85' lang='lat' dir='ltr'><strong>novit</strong></span> <span class='ocrx_word' id='word_1_60' title='bbox 786 831 914 871; x_wconf 85' lang='lat' dir='ltr'><strong>vera</strong></span> <span class='ocrx_word' id='word_1_61' title='bbox 968 815 1193 871; x_wconf 86' lang='lat' dir='ltr'><strong>castitas</strong></span> <span class='ocrx_word' id='word_1_62' title='bbox 1242 814 1467 871; x_wconf 87' lang='lat' dir='ltr'><strong>alterius</strong></span> <span class='ocrx_word' id='word_1_63' title='bbox 1511 815 1810 886; x_wconf 87' lang='lat' dir='ltr'><strong>amplexus,</strong></span> <span class='ocrx_word' id='word_1_64' title='bbox 1846 832 1953 870; x_wconf 86' lang='lat' dir='ltr'><strong>non</strong></span> <span class='ocrx_word' id='word_1_65' title='bbox 1995 814 2178 871; x_wconf 89' lang='lat' dir='ltr'><strong>oscula</strong></span> 
     </span>
    </p>
   </div>
   <div class='ocr_carea' id='block_1_10' title="bbox 592 904 2176 978">
    <p class='ocr_par' dir='ltr' id='par_1_10' title="bbox 592 904 2176 978">
     <span class='ocr_line' id='line_1_10' title="bbox 592 904 2176 978; baseline -0.003 -15"><span class='ocrx_word' id='word_1_66' title='bbox 592 907 803 978; x_wconf 78' lang='lat'><strong>1271</strong></span> <span class='ocrx_word' id='word_1_67' title='bbox 833 906 1030 962; x_wconf 90' lang='lat' dir='ltr'><strong>aliena.</strong></span> <span class='ocrx_word' id='word_1_68' title='bbox 1063 907 1130 961; x_wconf 89' lang='lat' dir='ltr'><strong>Et</strong></span> <span class='ocrx_word' id='word_1_69' title='bbox 1153 906 1296 972; x_wconf 90' lang='lat' dir='ltr'><strong>ideo,</strong></span> <span class='ocrx_word' id='word_1_70' title='bbox 1334 906 1546 976; x_wconf 85' lang='lat' dir='ltr'><strong>inquit:</strong></span> <span class='ocrx_word' id='word_1_71' title='bbox 1580 904 1861 960; x_wconf 88' lang='lat' dir='ltr'><strong>Osculetur</strong></span> <span class='ocrx_word' id='word_1_72' title='bbox 1883 923 1964 960; x_wconf 91' lang='lat' dir='ltr'><strong>me</strong></span> <span class='ocrx_word' id='word_1_73' title='bbox 1998 905 2176 960; x_wconf 89' lang='lat' dir='ltr'><strong>osculo</strong></span> 
     </span>
    </p>
   </div>
   <div class='ocr_carea' id='block_1_11' title="bbox 587 997 2180 1073">
    <p class='ocr_par' dir='ltr' id='par_1_11' title="bbox 587 997 2180 1073">
     <span class='ocr_line' id='line_1_11' title="bbox 587 997 2180 1073; baseline -0.003 -18"><span class='ocrx_word' id='word_1_74' title='bbox 587 1002 696 1056; x_wconf 86' lang='lat' dir='ltr'><strong>oris</strong></span> <span class='ocrx_word' id='word_1_75' title='bbox 732 1001 815 1054; x_wconf 86' lang='lat' dir='ltr'><strong>sui</strong></span> <span class='ocrx_word' id='word_1_76' title='bbox 843 997 1023 1073; x_wconf 85' lang='lat' dir='ltr'><strong>(Cant.</strong></span> <span class='ocrx_word' id='word_1_77' title='bbox 1056 1016 1099 1065; x_wconf 84' lang='grc' dir='ltr'><strong><em>ι,</em></strong></span> <span class='ocrx_word' id='word_1_78' title='bbox 1155 998 1230 1071; x_wconf 79' lang='grc'><strong>1).</strong></span> <span class='ocrx_word' id='word_1_79' title='bbox 1282 997 1476 1053; x_wconf 83' lang='grc' dir='ltr'><strong><em>Τοιιιιιι</em></strong></span> <span class='ocrx_word' id='word_1_80' title='bbox 1527 998 1692 1070; x_wconf 87' lang='lat' dir='ltr'><strong>igitur</strong></span> <span class='ocrx_word' id='word_1_81' title='bbox 1740 998 2001 1068; x_wconf 87' lang='lat' dir='ltr'><strong>quidquid</strong></span> <span class='ocrx_word' id='word_1_82' title='bbox 2030 997 2180 1053; x_wconf 87' lang='lat' dir='ltr'><strong>novit</strong></span> 
     </span>
    </p>
   </div>
   <div class='ocr_carea' id='block_1_12' title="bbox 589 1091 2178 1164">
    <p class='ocr_par' dir='ltr' id='par_1_12' title="bbox 589 1091 2178 1164">
     <span class='ocr_line' id='line_1_12' title="bbox 589 1091 2178 1164; baseline -0.003 -16"><span class='ocrx_word' id='word_1_83' title='bbox 589 1093 798 1149; x_wconf 88' lang='lat' dir='ltr'><strong>illibata</strong></span> <span class='ocrx_word' id='word_1_84' title='bbox 827 1092 1138 1164; x_wconf 87' lang='lat' dir='ltr'><strong>virginitas,</strong></span> <span class='ocrx_word' id='word_1_85' title='bbox 1169 1091 1417 1147; x_wconf 88' lang='lat' dir='ltr'><strong>Christus</strong></span> <span class='ocrx_word' id='word_1_86' title='bbox 1447 1100 1550 1146; x_wconf 89' lang='lat' dir='ltr'><strong>est.</strong></span> <span class='ocrx_word' id='word_1_87' title='bbox 1581 1091 1650 1147; x_wconf 87' lang='lat' dir='ltr'><strong>Et</strong></span> <span class='ocrx_word' id='word_1_88' title='bbox 1677 1091 1797 1146; x_wconf 92' lang='lat' dir='ltr'><strong>ideo</strong></span> <span class='ocrx_word' id='word_1_89' title='bbox 1830 1091 1953 1146; x_wconf 90' lang='lat' dir='ltr'><strong>talis</strong></span> <span class='ocrx_word' id='word_1_90' title='bbox 1978 1091 2178 1146; x_wconf 85' lang='lat' dir='ltr'><strong>descri-</strong></span> 
     </span>
    </p>
   </div>
   <div class='ocr_carea' id='block_1_13' title="bbox 584 1183 2178 1256">
    <p class='ocr_par' dir='ltr' id='par_1_13' title="bbox 584 1183 2178 1256">
     <span class='ocr_line' id='line_1_13' title="bbox 584 1183 2178 1256; baseline -0.003 -15"><span class='ocrx_word' id='word_1_91' title='bbox 584 1186 732 1242; x_wconf 89' lang='lat' dir='ltr'><strong>bitur</strong></span> <span class='ocrx_word' id='word_1_92' title='bbox 757 1199 986 1256; x_wconf 88' lang='lat' dir='ltr'><strong>sponsus</strong></span> <span class='ocrx_word' id='word_1_93' title='bbox 1009 1199 1076 1240; x_wconf 90' lang='lat' dir='ltr'><strong>ac</strong></span> <span class='ocrx_word' id='word_1_94' title='bbox 1108 1191 1308 1249; x_wconf 90' lang='lat' dir='ltr'><strong>tantus,</strong></span> <span class='ocrx_word' id='word_1_95' title='bbox 1347 1183 1402 1238; x_wconf 88' lang='lat' dir='ltr'><strong>in</strong></span> <span class='ocrx_word' id='word_1_96' title='bbox 1431 1183 1584 1254; x_wconf 86' lang='lat' dir='ltr'><strong>cujus</strong></span> <span class='ocrx_word' id='word_1_97' title='bbox 1631 1198 1832 1253; x_wconf 89' lang='lat' dir='ltr'><strong>sponsa</strong></span> <span class='ocrx_word' id='word_1_98' title='bbox 1863 1198 2056 1238; x_wconf 90' lang='lat' dir='ltr'><strong>secura</strong></span> <span class='ocrx_word' id='word_1_99' title='bbox 2090 1198 2178 1237; x_wconf 85' lang='lat' dir='ltr'><strong>re-</strong></span> 
     </span>
    </p>
   </div>
   <div class='ocr_carea' id='block_1_14' title="bbox 589 1276 2174 1350">
    <p class='ocr_par' dir='ltr' id='par_1_14' title="bbox 589 1276 2174 1350">
     <span class='ocr_line' id='line_1_14' title="bbox 589 1276 2174 1350; baseline -0.003 -18"><span class='ocrx_word' id='word_1_100' title='bbox 589 1279 838 1350; x_wconf 86' lang='lat' dir='ltr'><strong>quiescat</strong></span> <span class='ocrx_word' id='word_1_101' title='bbox 867 1277 1225 1348; x_wconf 82' lang='lat' dir='ltr'><strong>amplexibus,</strong></span> <span class='ocrx_word' id='word_1_102' title='bbox 1260 1277 1415 1347; x_wconf 87' lang='lat' dir='ltr'><strong>cujus</strong></span> <span class='ocrx_word' id='word_1_103' title='bbox 1439 1276 1662 1331; x_wconf 87' lang='lat' dir='ltr'><strong>dextera</strong></span> <span class='ocrx_word' id='word_1_104' title='bbox 1687 1276 2019 1331; x_wconf 82' lang='lat' dir='ltr'><strong>deducatur:</strong></span> <span class='ocrx_word' id='word_1_105' title='bbox 2051 1276 2174 1344; x_wconf 88' lang='lat' dir='ltr'><strong>quia</strong></span> 
     </span>
    </p>
   </div>
   <div class='ocr_carea' id='block_1_15' title="bbox 585 1368 2174 1443">
    <p class='ocr_par' dir='ltr' id='par_1_15' title="bbox 585 1368 2174 1443">
     <span class='ocr_line' id='line_1_15' title="bbox 585 1368 2174 1443; baseline -0.004 -17"><span class='ocrx_word' id='word_1_106' title='bbox 585 1389 676 1428; x_wconf 92' lang='lat' dir='ltr'><strong>cor</strong></span> <span class='ocrx_word' id='word_1_107' title='bbox 700 1372 950 1443; x_wconf 88' lang='lat' dir='ltr'><strong>sapientis</strong></span> <span class='ocrx_word' id='word_1_108' title='bbox 970 1373 1025 1424; x_wconf 88' lang='lat' dir='ltr'><strong>in</strong></span> <span class='ocrx_word' id='word_1_109' title='bbox 1062 1371 1275 1424; x_wconf 71' lang='lat' dir='ltr'><strong>dextera</strong></span> <span class='ocrx_word' id='word_1_110' title='bbox 1313 1369 1447 1440; x_wconf 78' lang='lat' dir='ltr'><strong>ejus,</strong></span> <span class='ocrx_word' id='word_1_111' title='bbox 1478 1379 1529 1422; x_wconf 91' lang='lat' dir='ltr'><strong>et</strong></span> <span class='ocrx_word' id='word_1_112' title='bbox 1555 1385 1645 1422; x_wconf 91' lang='lat' dir='ltr'><strong>cor</strong></span> <span class='ocrx_word' id='word_1_113' title='bbox 1675 1368 1822 1422; x_wconf 91' lang='lat' dir='ltr'><strong>stulti</strong></span> <span class='ocrx_word' id='word_1_114' title='bbox 1863 1369 1919 1421; x_wconf 89' lang='lat' dir='ltr'><strong>in</strong></span> <span class='ocrx_word' id='word_1_115' title='bbox 1961 1368 2174 1421; x_wconf 87' lang='lat' dir='ltr'><strong>sinistra</strong></span> 
     </span>
    </p>
   </div>
   <div class='ocr_carea' id='block_1_16' title="bbox 586 1459 2175 1532">
    <p class='ocr_par' dir='ltr' id='par_1_16' title="bbox 586 1459 2175 1532">
     <span class='ocr_line' id='line_1_16' title="bbox 586 1459 2175 1532; baseline -0.003 -16"><span class='ocrx_word' id='word_1_116' title='bbox 586 1461 700 1531; x_wconf 89' lang='lat' dir='ltr'><strong>ejus</strong></span> <span class='ocrx_word' id='word_1_117' title='bbox 729 1460 925 1532; x_wconf 82' lang='lat' dir='ltr'><strong>(Eccle.</strong></span> <span class='ocrx_word' id='word_1_118' title='bbox 959 1459 1129 1532; x_wconf 36' lang='grc' dir='ltr'><strong>χιε).</strong></span> <span class='ocrx_word' id='word_1_119' title='bbox 1162 1459 1454 1531; x_wconf 85' lang='lat' dir='ltr'><strong>Propterea</strong></span> <span class='ocrx_word' id='word_1_120' title='bbox 1480 1474 1692 1529; x_wconf 90' lang='lat' dir='ltr'><strong>semper</strong></span> <span class='ocrx_word' id='word_1_121' title='bbox 1717 1459 1874 1514; x_wconf 86' lang='lat' dir='ltr'><strong>electi</strong></span> <span class='ocrx_word' id='word_1_122' title='bbox 1901 1459 1967 1512; x_wconf 87' lang='lat' dir='ltr'><strong>ad</strong></span> <span class='ocrx_word' id='word_1_123' title='bbox 1993 1459 2175 1513; x_wconf 84' lang='lat' dir='ltr'><strong>dexte-</strong></span> 
     </span>
    </p>
   </div>
   <div class='ocr_carea' id='block_1_17' title="bbox 583 1528 2169 1622">
    <p class='ocr_par' dir='ltr' id='par_1_17' title="bbox 583 1528 2169 1622">
     <span class='ocr_line' id='line_1_17' title="bbox 583 1528 2169 1622; baseline -0.004 -16"><span class='ocrx_word' id='word_1_124' title='bbox 583 1567 701 1606; x_wconf 88' lang='lat' dir='ltr'><strong>ram</strong></span> <span class='ocrx_word' id='word_1_125' title='bbox 728 1528 1269 1622; x_wconf 64' lang='lat' dir='ltr'><strong>transeun.‘eprobi</strong></span> <span class='ocrx_word' id='word_1_126' title='bbox 1303 1564 1432 1604; x_wconf 92' lang='lat' dir='ltr'><strong>vero</strong></span> <span class='ocrx_word' id='word_1_127' title='bbox 1476 1550 1528 1603; x_wconf 92' lang='lat' dir='ltr'><strong>in</strong></span> <span class='ocrx_word' id='word_1_128' title='bbox 1575 1548 1812 1603; x_wconf 88' lang='lat' dir='ltr'><strong>sinistris</strong></span> <span class='ocrx_word' id='word_1_129' title='bbox 1865 1557 2169 1602; x_wconf 85' lang='lat' dir='ltr'><strong>versantur.</strong></span> 
     </span>
    </p>
   </div>
   <div class='ocr_carea' id='block_1_18' title="bbox 583 1639 2168 1714">
    <p class='ocr_par' dir='ltr' id='par_1_18' title="bbox 583 1639 2168 1714">
     <span class='ocr_line' id='line_1_18' title="bbox 583 1639 2168 1714; baseline -0.004 -17"><span class='ocrx_word' id='word_1_130' title='bbox 583 1641 736 1699; x_wconf 89' lang='lat' dir='ltr'><strong>Unde</strong></span> <span class='ocrx_word' id='word_1_131' title='bbox 779 1643 1056 1714; x_wconf 87' lang='lat' dir='ltr'><strong>signanter</strong></span> <span class='ocrx_word' id='word_1_132' title='bbox 1077 1639 1234 1710; x_wconf 84' lang='lat' dir='ltr'><strong>juxta</strong></span> <span class='ocrx_word' id='word_1_133' title='bbox 1286 1639 1608 1695; x_wconf 83' lang='lat' dir='ltr'><strong>Hebraicam</strong></span> <span class='ocrx_word' id='word_1_134' title='bbox 1664 1639 2168 1709; x_wconf 86' lang='lat' dir='ltr'><strong>interpretationem</strong></span> 
     </span>
    </p>
   </div>
   <div class='ocr_carea' id='block_1_19' title="bbox 2284 448 3850 518">
    <p class='ocr_par' dir='ltr' id='par_1_19' title="bbox 2284 448 3850 518">
     <span class='ocr_line' id='line_1_19' title="bbox 2284 448 3850 518; baseline 0.004 -14"><span class='ocrx_word' id='word_1_135' title='bbox 2284 449 2522 504; x_wconf 87' lang='lat' dir='ltr'><strong>minatur</strong></span> <span class='ocrx_word' id='word_1_136' title='bbox 2555 466 2568 502; x_wconf 90' lang='lat'><strong>:</strong></span> <span class='ocrx_word' id='word_1_137' title='bbox 2593 448 2716 518; x_wconf 88' lang='lat' dir='ltr'><strong>quia</strong></span> <span class='ocrx_word' id='word_1_138' title='bbox 2740 463 2808 502; x_wconf 82' lang='lat' dir='ltr'><strong>ex</strong></span> <span class='ocrx_word' id='word_1_139' title='bbox 2835 448 3068 503; x_wconf 90' lang='lat' dir='ltr'><strong>inimicis</strong></span> <span class='ocrx_word' id='word_1_140' title='bbox 3111 458 3165 502; x_wconf 90' lang='lat' dir='ltr'><strong>et</strong></span> <span class='ocrx_word' id='word_1_141' title='bbox 3194 449 3288 504; x_wconf 64' lang='lat' dir='ltr'><strong>ira:</strong></span> <span class='ocrx_word' id='word_1_142' title='bbox 3322 450 3445 505; x_wconf 85' lang='lat' dir='ltr'><strong>filiis</strong></span> <span class='ocrx_word' id='word_1_143' title='bbox 3462 451 3591 507; x_wconf 90' lang='lat' dir='ltr'><strong>fecit</strong></span> <span class='ocrx_word' id='word_1_144' title='bbox 3611 453 3709 508; x_wconf 89' lang='lat' dir='ltr'><strong>sibi</strong></span> <span class='ocrx_word' id='word_1_145' title='bbox 3732 457 3850 510; x_wconf 86' lang='lat' dir='ltr'><strong>ami-</strong></span> 
     </span>
    </p>
   </div>
   <div class='ocr_carea' id='block_1_20' title="bbox 2281 541 3849 614">
    <p class='ocr_par' dir='ltr' id='par_1_20' title="bbox 2281 541 3849 614">
     <span class='ocr_line' id='line_1_20' title="bbox 2281 541 3849 614; baseline 0.003 -17"><span class='ocrx_word' id='word_1_146' title='bbox 2281 556 2395 608; x_wconf 93' lang='lat' dir='ltr'><strong>cos,</strong></span> <span class='ocrx_word' id='word_1_147' title='bbox 2425 557 2561 611; x_wconf 90' lang='lat' dir='ltr'><strong>quos</strong></span> <span class='ocrx_word' id='word_1_148' title='bbox 2586 557 2678 596; x_wconf 89' lang='lat' dir='ltr'><strong>sua</strong></span> <span class='ocrx_word' id='word_1_149' title='bbox 2714 542 2852 612; x_wconf 86' lang='lat' dir='ltr'><strong>regit</strong></span> <span class='ocrx_word' id='word_1_150' title='bbox 2888 541 3109 608; x_wconf 88' lang='lat' dir='ltr'><strong>virtute,</strong></span> <span class='ocrx_word' id='word_1_151' title='bbox 3139 551 3193 596; x_wconf 90' lang='lat' dir='ltr'><strong>et</strong></span> <span class='ocrx_word' id='word_1_152' title='bbox 3240 545 3631 613; x_wconf 78' lang='lat' dir='ltr'><strong>gubernatione</strong></span> <span class='ocrx_word' id='word_1_153' title='bbox 3661 546 3849 614; x_wconf 85' lang='lat' dir='ltr'><strong>princi-</strong></span> 
     </span>
    </p>
   </div>
   <div class='ocr_carea' id='block_1_21' title="bbox 2280 632 3855 705">
    <p class='ocr_par' dir='ltr' id='par_1_21' title="bbox 2280 632 3855 705">
     <span class='ocr_line' id='line_1_21' title="bbox 2280 632 3855 705; baseline 0.003 -17"><span class='ocrx_word' id='word_1_154' title='bbox 2280 642 2439 702; x_wconf 88' lang='lat' dir='ltr'><strong>patnr</strong></span> <span class='ocrx_word' id='word_1_155' title='bbox 2468 633 2732 701; x_wconf 90' lang='lat' dir='ltr'><strong>piissima.</strong></span> <span class='ocrx_word' id='word_1_156' title='bbox 2780 632 2930 687; x_wconf 87' lang='lat' dir='ltr'><strong>Felix</strong></span> <span class='ocrx_word' id='word_1_157' title='bbox 2959 649 3055 687; x_wconf 91' lang='lat' dir='ltr'><strong>cor</strong></span> <span class='ocrx_word' id='word_1_158' title='bbox 3100 633 3243 704; x_wconf 90' lang='lat' dir='ltr'><strong>quod</strong></span> <span class='ocrx_word' id='word_1_159' title='bbox 3271 634 3464 689; x_wconf 88' lang='lat' dir='ltr'><strong>talibus</strong></span> <span class='ocrx_word' id='word_1_160' title='bbox 3491 637 3734 705; x_wconf 87' lang='lat' dir='ltr'><strong>quotidie</strong></span> <span class='ocrx_word' id='word_1_161' title='bbox 3754 636 3855 692; x_wconf 74' lang='lat' dir='ltr'><strong>afﬁ-</strong></span> 
     </span>
    </p>
   </div>
   <div class='ocr_carea' id='block_1_22' title="bbox 2280 717 3852 798">
    <p class='ocr_par' dir='ltr' id='par_1_22' title="bbox 2280 717 3852 798">
     <span class='ocr_line' id='line_1_22' title="bbox 2280 717 3852 798; baseline 0.003 -16"><span class='ocrx_word' id='word_1_162' title='bbox 2280 727 2422 783; x_wconf 89' lang='lat' dir='ltr'><strong>citur</strong></span> <span class='ocrx_word' id='word_1_163' title='bbox 2443 726 2675 798; x_wconf 80' lang='lat' dir='ltr'><strong>sagittis,</strong></span> <span class='ocrx_word' id='word_1_164' title='bbox 2709 726 2902 781; x_wconf 86' lang='lat' dir='ltr'><strong>talibus</strong></span> <span class='ocrx_word' id='word_1_165' title='bbox 2936 717 3253 782; x_wconf 75' lang='lat' dir='ltr'><strong>vulneratur</strong></span> <span class='ocrx_word' id='word_1_166' title='bbox 3301 728 3541 798; x_wconf 90' lang='lat' dir='ltr'><strong>spiculis,</strong></span> <span class='ocrx_word' id='word_1_167' title='bbox 3567 738 3625 784; x_wconf 89' lang='lat' dir='ltr'><strong>et</strong></span> <span class='ocrx_word' id='word_1_168' title='bbox 3646 745 3852 786; x_wconf 58' lang='lat' dir='ltr'><strong>concrev</strong></span> 
     </span>
    </p>
   </div>
   <div class='ocr_carea' id='block_1_23' title="bbox 2280 818 3853 890">
    <p class='ocr_par' dir='ltr' id='par_1_23' title="bbox 2280 818 3853 890">
     <span class='ocr_line' id='line_1_23' title="bbox 2280 818 3853 890; baseline 0.003 -17"><span class='ocrx_word' id='word_1_169' title='bbox 2280 827 2462 873; x_wconf 89' lang='lat' dir='ltr'><strong>matur</strong></span> <span class='ocrx_word' id='word_1_170' title='bbox 2488 818 2742 873; x_wconf 91' lang='lat' dir='ltr'><strong>inccndio</strong></span> <span class='ocrx_word' id='word_1_171' title='bbox 2779 818 2950 873; x_wconf 89' lang='lat' dir='ltr'><strong>divini</strong></span> <span class='ocrx_word' id='word_1_172' title='bbox 2973 819 3195 874; x_wconf 87' lang='lat' dir='ltr'><strong>amoris!</strong></span> <span class='ocrx_word' id='word_1_173' title='bbox 3223 818 3369 874; x_wconf 87' lang='lat' dir='ltr'><strong>Talis</strong></span> <span class='ocrx_word' id='word_1_174' title='bbox 3393 835 3630 890; x_wconf 89' lang='lat' dir='ltr'><strong>namque</strong></span> <span class='ocrx_word' id='word_1_175' title='bbox 3652 822 3853 878; x_wconf 71' lang='lat' dir='ltr'><strong>animus</strong></span> 
     </span>
    </p>
   </div>
   <div class='ocr_carea' id='block_1_24' title="bbox 2279 907 3847 980">
    <p class='ocr_par' dir='ltr' id='par_1_24' title="bbox 2279 907 3847 980">
     <span class='ocr_line' id='line_1_24' title="bbox 2279 907 3847 980; baseline 0.001 -16"><span class='ocrx_word' id='word_1_176' title='bbox 2279 917 2365 964; x_wconf 90' lang='lat' dir='ltr'><strong>est</strong></span> <span class='ocrx_word' id='word_1_177' title='bbox 2395 908 2622 962; x_wconf 90' lang='lat' dir='ltr'><strong>thronus</strong></span> <span class='ocrx_word' id='word_1_178' title='bbox 2647 907 2764 974; x_wconf 89' lang='lat' dir='ltr'><strong>Dei,</strong></span> <span class='ocrx_word' id='word_1_179' title='bbox 2796 908 2923 978; x_wconf 91' lang='lat' dir='ltr'><strong>quia</strong></span> <span class='ocrx_word' id='word_1_180' title='bbox 2971 910 3148 962; x_wconf 87' lang='lat' dir='ltr'><strong>anima</strong></span> <span class='ocrx_word' id='word_1_181' title='bbox 3191 908 3345 978; x_wconf 89' lang='lat' dir='ltr'><strong>justi,</strong></span> <span class='ocrx_word' id='word_1_182' title='bbox 3379 917 3517 965; x_wconf 89' lang='lat' dir='ltr'><strong>teste</strong></span> <span class='ocrx_word' id='word_1_183' title='bbox 3563 908 3847 980; x_wconf 88' lang='lat' dir='ltr'><strong>Scriptura,</strong></span> 
     </span>
    </p>
   </div>
   <div class='ocr_carea' id='block_1_25' title="bbox 2280 1000 2837 1070">
    <p class='ocr_par' dir='ltr' id='par_1_25' title="bbox 2280 1000 2837 1070">
     <span class='ocr_line' id='line_1_25' title="bbox 2280 1000 2837 1070; baseline -0.002 -16"><span class='ocrx_word' id='word_1_184' title='bbox 2280 1000 2425 1055; x_wconf 80' lang='lat' dir='ltr'><strong>sedes</strong></span> <span class='ocrx_word' id='word_1_185' title='bbox 2451 1010 2526 1054; x_wconf 87' lang='lat' dir='ltr'><strong>est</strong></span> <span class='ocrx_word' id='word_1_186' title='bbox 2547 1001 2837 1070; x_wconf 72' lang='lat' dir='ltr'><strong>sapientiae.</strong></span> 
     </span>
    </p>
   </div>
   <div class='ocr_carea' id='block_1_26' title="bbox 2354 1091 3844 1166">
    <p class='ocr_par' dir='ltr' id='par_1_26' title="bbox 2354 1091 3844 1166">
     <span class='ocr_line' id='line_1_26' title="bbox 2354 1091 3844 1166; baseline 0.005 -20"><span class='ocrx_word' id='word_1_187' title='bbox 2354 1091 2505 1147; x_wconf 88' lang='lat' dir='ltr'><strong>Unde</strong></span> <span class='ocrx_word' id='word_1_188' title='bbox 2527 1092 2806 1162; x_wconf 48' lang='lat' dir='ltr'><strong>sequitur;</strong></span> <span class='ocrx_word' id='word_1_189' title='bbox 2829 1091 2987 1147; x_wconf 89' lang='lat' dir='ltr'><strong>Sedes</strong></span> <span class='ocrx_word' id='word_1_190' title='bbox 3009 1102 3122 1158; x_wconf 89' lang='lat' dir='ltr'><strong>tua,</strong></span> <span class='ocrx_word' id='word_1_191' title='bbox 3141 1093 3300 1160; x_wconf 83' lang='lat' dir='ltr'><strong>Deus,</strong></span> <span class='ocrx_word' id='word_1_192' title='bbox 3319 1095 3374 1148; x_wconf 89' lang='lat' dir='ltr'><strong>in</strong></span> <span class='ocrx_word' id='word_1_193' title='bbox 3387 1095 3640 1150; x_wconf 68' lang='lat' dir='ltr'><strong>seculum</strong></span> <span class='ocrx_word' id='word_1_194' title='bbox 3660 1099 3844 1166; x_wconf 64' lang='lat' dir='ltr'><strong>saeculi,</strong></span> 
     </span>
    </p>
   </div>
   <div class='ocr_carea' id='block_1_27' title="bbox 2279 1183 3845 1257">
    <p class='ocr_par' dir='ltr' id='par_1_27' title="bbox 2279 1183 3845 1257">
     <span class='ocr_line' id='line_1_27' title="bbox 2279 1183 3845 1257; baseline 0.007 -21"><span class='ocrx_word' id='word_1_195' title='bbox 2279 1183 2424 1253; x_wconf 79' lang='lat' dir='ltr'><strong>uirga</strong></span> <span class='ocrx_word' id='word_1_196' title='bbox 2449 1183 2770 1247; x_wconf 87' lang='lat' dir='ltr'><strong>directionis,</strong></span> <span class='ocrx_word' id='word_1_197' title='bbox 2818 1184 2962 1254; x_wconf 82' lang='lat' dir='ltr'><strong>virga</strong></span> <span class='ocrx_word' id='word_1_198' title='bbox 2990 1186 3133 1254; x_wconf 86' lang='lat' dir='ltr'><strong>regni</strong></span> <span class='ocrx_word' id='word_1_199' title='bbox 3174 1186 3271 1239; x_wconf 89' lang='lat' dir='ltr'><strong>tui.</strong></span> <span class='ocrx_word' id='word_1_200' title='bbox 3320 1185 3427 1242; x_wconf 91' lang='lat' dir='ltr'><strong>Pro</strong></span> <span class='ocrx_word' id='word_1_201' title='bbox 3456 1202 3567 1257; x_wconf 92' lang='lat' dir='ltr'><strong>quo</strong></span> <span class='ocrx_word' id='word_1_202' title='bbox 3595 1188 3648 1242; x_wconf 90' lang='lat' dir='ltr'><strong>in</strong></span> <span class='ocrx_word' id='word_1_203' title='bbox 3674 1187 3845 1246; x_wconf 65' lang='lat' dir='ltr'><strong>Graeco</strong></span> 
     </span>
    </p>
   </div>
   <div class='ocr_carea' id='block_1_28' title="bbox 2279 1273 3844 1355">
    <p class='ocr_par' dir='ltr' id='par_1_28' title="bbox 2279 1273 3844 1355">
     <span class='ocr_line' id='line_1_28' title="bbox 2279 1273 3844 1355; baseline 0.006 -27"><span class='ocrx_word' id='word_1_204' title='bbox 2279 1275 2505 1328; x_wconf 88' lang='lat' dir='ltr'><strong>thronus</strong></span> <span class='ocrx_word' id='word_1_205' title='bbox 2531 1273 2761 1342; x_wconf 83' lang='lat' dir='ltr'><strong>’legilur,</strong></span> <span class='ocrx_word' id='word_1_206' title='bbox 2805 1275 2940 1329; x_wconf 89' lang='lat' dir='ltr'><strong>etin</strong></span> <span class='ocrx_word' id='word_1_207' title='bbox 2974 1274 3241 1332; x_wconf 80' lang='lat' dir='ltr'><strong>Hebraico</strong></span> <span class='ocrx_word' id='word_1_208' title='bbox 3285 1289 3542 1349; x_wconf 83' lang='lat' dir='ltr'><strong>sceptrum</strong></span> <span class='ocrx_word' id='word_1_209' title='bbox 3573 1297 3672 1351; x_wconf 88' lang='lat' dir='ltr'><strong>pro</strong></span> <span class='ocrx_word' id='word_1_210' title='bbox 3719 1285 3844 1355; x_wconf 71' lang='lat' dir='ltr'><strong>uirga</strong></span> 
     </span>
    </p>
   </div>
   <div class='ocr_carea' id='block_1_29' title="bbox 2278 1365 3842 1438">
    <p class='ocr_par' dir='ltr' id='par_1_29' title="bbox 2278 1365 3842 1438">
     <span class='ocr_line' id='line_1_29' title="bbox 2278 1365 3842 1438; baseline 0.008 -19"><span class='ocrx_word' id='word_1_211' title='bbox 2278 1365 2525 1419; x_wconf 85' lang='lat' dir='ltr'><strong>habetur.</strong></span> <span class='ocrx_word' id='word_1_212' title='bbox 2556 1365 2613 1418; x_wconf 89' lang='lat' dir='ltr'><strong>In</strong></span> <span class='ocrx_word' id='word_1_213' title='bbox 2645 1381 2753 1434; x_wconf 87' lang='lat' dir='ltr'><strong>quo</strong></span> <span class='ocrx_word' id='word_1_214' title='bbox 2781 1365 2899 1421; x_wconf 91' lang='lat' dir='ltr'><strong>loco</strong></span> <span class='ocrx_word' id='word_1_215' title='bbox 2937 1366 3004 1422; x_wconf 95' lang='lat' dir='ltr'><strong>ad</strong></span> <span class='ocrx_word' id='word_1_216' title='bbox 3029 1383 3209 1438; x_wconf 88' lang='lat' dir='ltr'><strong>regem</strong></span> <span class='ocrx_word' id='word_1_217' title='bbox 3237 1370 3329 1438; x_wconf 90' lang='lat' dir='ltr'><strong>qui</strong></span> <span class='ocrx_word' id='word_1_218' title='bbox 3352 1370 3494 1425; x_wconf 85' lang='lat' dir='ltr'><strong>Deus</strong></span> <span class='ocrx_word' id='word_1_219' title='bbox 3540 1382 3642 1436; x_wconf 91' lang='lat' dir='ltr'><strong>est,</strong></span> <span class='ocrx_word' id='word_1_220' title='bbox 3681 1390 3842 1432; x_wconf 88' lang='lat' dir='ltr'><strong>sermo</strong></span> 
     </span>
    </p>
   </div>
   <div class='ocr_carea' id='block_1_30' title="bbox 2277 1457 3843 1534">
    <p class='ocr_par' dir='ltr' id='par_1_30' title="bbox 2277 1457 3843 1534">
     <span class='ocr_line' id='line_1_30' title="bbox 2277 1457 3843 1534; baseline 0.004 -22"><span class='ocrx_word' id='word_1_221' title='bbox 2277 1457 2548 1528; x_wconf 80' lang='lat' dir='ltr'><strong>dirigitur,</strong></span> <span class='ocrx_word' id='word_1_222' title='bbox 2578 1473 2740 1528; x_wconf 88' lang='lat' dir='ltr'><strong>quem</strong></span> <span class='ocrx_word' id='word_1_223' title='bbox 2763 1460 3008 1529; x_wconf 85' lang='lat' dir='ltr'><strong>superius</strong></span> <span class='ocrx_word' id='word_1_224' title='bbox 3041 1458 3200 1514; x_wconf 83' lang='lat' dir='ltr'><strong>Pater</strong></span> <span class='ocrx_word' id='word_1_225' title='bbox 3223 1476 3451 1530; x_wconf 69' lang='lat' dir='ltr'><strong>sponsm,</strong></span> <span class='ocrx_word' id='word_1_226' title='bbox 3478 1479 3643 1534; x_wconf 84' lang='lat' dir='ltr'><strong>quam</strong></span> <span class='ocrx_word' id='word_1_227' title='bbox 3673 1466 3843 1520; x_wconf 81' lang='lat' dir='ltr'><strong>ductu-</strong></span> 
     </span>
    </p>
   </div>
   <div class='ocr_carea' id='block_1_31' title="bbox 2278 1553 3844 1626">
    <p class='ocr_par' dir='ltr' id='par_1_31' title="bbox 2278 1553 3844 1626">
     <span class='ocr_line' id='line_1_31' title="bbox 2278 1553 3844 1626; baseline 0.006 -22"><span class='ocrx_word' id='word_1_228' title='bbox 2278 1565 2370 1604; x_wconf 85' lang='lat' dir='ltr'><strong>rus</strong></span> <span class='ocrx_word' id='word_1_229' title='bbox 2416 1560 2536 1606; x_wconf 88' lang='lat' dir='ltr'><strong>erat</strong></span> <span class='ocrx_word' id='word_1_230' title='bbox 2586 1567 2832 1617; x_wconf 88' lang='lat' dir='ltr'><strong>uxorem,</strong></span> <span class='ocrx_word' id='word_1_231' title='bbox 2887 1553 2999 1607; x_wconf 90' lang='lat' dir='ltr'><strong>suis</strong></span> <span class='ocrx_word' id='word_1_232' title='bbox 3033 1555 3431 1609; x_wconf 84' lang='lat' dir='ltr'><strong>commendavit</strong></span> <span class='ocrx_word' id='word_1_233' title='bbox 3458 1559 3758 1626; x_wconf 72' lang='lat' dir='ltr'><strong>praeconiis,</strong></span> <span class='ocrx_word' id='word_1_234' title='bbox 3793 1569 3844 1613; x_wconf 94' lang='lat' dir='ltr'><strong>ut</strong></span> 
     </span>
    </p>
   </div>
   <div class='ocr_carea' id='block_1_32' title="bbox 2278 1641 3837 1719">
    <p class='ocr_par' dir='ltr' id='par_1_32' title="bbox 2278 1641 3837 1719">
     <span class='ocr_line' id='line_1_32' title="bbox 2278 1641 3837 1719; baseline 0.008 -26"><span class='ocrx_word' id='word_1_235' title='bbox 2278 1650 2552 1695; x_wconf 87' lang='lat' dir='ltr'><strong>amaretur</strong></span> <span class='ocrx_word' id='word_1_236' title='bbox 2580 1641 2808 1712; x_wconf 86' lang='lat' dir='ltr'><strong>amplius</strong></span> <span class='ocrx_word' id='word_1_237' title='bbox 2831 1644 3025 1698; x_wconf 78' lang='lat' dir='ltr'><strong>extulit</strong></span> <span class='ocrx_word' id='word_1_238' title='bbox 3052 1645 3319 1700; x_wconf 87' lang='lat' dir='ltr'><strong>laudidus.</strong></span> <span class='ocrx_word' id='word_1_239' title='bbox 3350 1647 3476 1701; x_wconf 90' lang='lat' dir='ltr'><strong>Tria</strong></span> <span class='ocrx_word' id='word_1_240' title='bbox 3506 1650 3576 1702; x_wconf 91' lang='lat' dir='ltr'><strong>ad</strong></span> <span class='ocrx_word' id='word_1_241' title='bbox 3599 1650 3837 1719; x_wconf 86' lang='lat' dir='ltr'><strong>regimen,</strong></span> 
     </span>
    </p>
   </div>
   <div class='ocr_carea' id='block_1_33' title="bbox 579 1719 3838 1809">
    <p class='ocr_par' dir='ltr' id='par_1_33' title="bbox 579 1719 3838 1809">
     <span class='ocr_line' id='line_1_33' title="bbox 579 1719 3838 1809; baseline 0.002 -22"><span class='ocrx_word' id='word_1_242' title='bbox 579 1733 779 1788; x_wconf 84' lang='lat' dir='ltr'><strong>docebit</strong></span> <span class='ocrx_word' id='word_1_243' title='bbox 829 1744 878 1788; x_wconf 91' lang='lat' dir='ltr'><strong>te</strong></span> <span class='ocrx_word' id='word_1_244' title='bbox 919 1733 1084 1789; x_wconf 85' lang='lat' dir='ltr'><strong>habet</strong></span> <span class='ocrx_word' id='word_1_245' title='bbox 1122 1731 1426 1787; x_wconf 84' lang='lat' dir='ltr'><strong>terribiliter</strong></span> <span class='ocrx_word' id='word_1_246' title='bbox 1479 1731 1695 1785; x_wconf 73' lang='lat' dir='ltr'><strong>dextera</strong></span> <span class='ocrx_word' id='word_1_247' title='bbox 1740 1741 1852 1784; x_wconf 90' lang='lat' dir='ltr'><strong>tua.</strong></span> <span class='ocrx_word' id='word_1_248' title='bbox 1904 1729 2169 1796; x_wconf 83' lang='lat' dir='ltr'><strong>Quoniam</strong></span> <span class='ocrx_word' id='word_1_249' title='bbox 2196 1719 2245 1780; x_wconf 85' lang='grc' dir='ltr'><strong>Β</strong></span> <span class='ocrx_word' id='word_1_250' title='bbox 2272 1734 2471 1803; x_wconf 85' lang='lat' dir='ltr'><strong>quibus</strong></span> <span class='ocrx_word' id='word_1_251' title='bbox 2495 1733 2810 1809; x_wconf 66' lang='lat' dir='ltr'><strong>firmaretur</strong></span> <span class='ocrx_word' id='word_1_252' title='bbox 2836 1737 3084 1803; x_wconf 85' lang='lat' dir='ltr'><strong>thronus,</strong></span> <span class='ocrx_word' id='word_1_253' title='bbox 3111 1739 3345 1793; x_wconf 89' lang='lat' dir='ltr'><strong>edocuit.</strong></span> <span class='ocrx_word' id='word_1_254' title='bbox 3377 1741 3583 1797; x_wconf 82' lang='lat' dir='ltr'><strong>Deinde</strong></span> <span class='ocrx_word' id='word_1_255' title='bbox 3607 1743 3838 1797; x_wconf 72' lang='lat' dir='ltr'><strong>instruxit</strong></span> 
     </span>
    </p>
   </div>
   <div class='ocr_carea' id='block_1_34' title="bbox 579 1822 2170 1882">
    <p class='ocr_par' dir='ltr' id='par_1_34' title="bbox 579 1822 2170 1882">
     <span class='ocr_line' id='line_1_34' title="bbox 579 1822 2170 1882; baseline -0.004 0"><span class='ocrx_word' id='word_1_256' title='bbox 579 1826 839 1882; x_wconf 91' lang='lat' dir='ltr'><strong>terribilis</strong></span> <span class='ocrx_word' id='word_1_257' title='bbox 867 1825 1022 1880; x_wconf 86' lang='lat' dir='ltr'><strong>valde</strong></span> <span class='ocrx_word' id='word_1_258' title='bbox 1047 1835 1134 1881; x_wconf 90' lang='lat' dir='ltr'><strong>est</strong></span> <span class='ocrx_word' id='word_1_259' title='bbox 1164 1825 1411 1880; x_wconf 89' lang='lat' dir='ltr'><strong>doctrina</strong></span> <span class='ocrx_word' id='word_1_260' title='bbox 1436 1823 1678 1878; x_wconf 69' lang='lat' dir='ltr'><strong>cmlestis</strong></span> <span class='ocrx_word' id='word_1_261' title='bbox 1713 1823 1837 1877; x_wconf 74' lang='lat' dir='ltr'><strong>vita:</strong></span> <span class='ocrx_word' id='word_1_262' title='bbox 1860 1832 1916 1876; x_wconf 90' lang='lat' dir='ltr'><strong>et</strong></span> <span class='ocrx_word' id='word_1_263' title='bbox 1935 1822 2170 1876; x_wconf 89' lang='lat' dir='ltr'><strong>admira-</strong></span> 
     </span>
    </p>
   </div>
   <div class='ocr_carea' id='block_1_35' title="bbox 578 1911 2164 1982">
    <p class='ocr_par' dir='ltr' id='par_1_35' title="bbox 578 1911 2164 1982">
     <span class='ocr_line' id='line_1_35' title="bbox 578 1911 2164 1982; baseline -0.004 -11"><span class='ocrx_word' id='word_1_264' title='bbox 578 1915 721 1971; x_wconf 88' lang='lat' dir='ltr'><strong>bilis.</strong></span> <span class='ocrx_word' id='word_1_265' title='bbox 763 1915 914 1970; x_wconf 90' lang='lat' dir='ltr'><strong>Unde</strong></span> <span class='ocrx_word' id='word_1_266' title='bbox 939 1922 995 1969; x_wconf 92' lang='lat' dir='ltr'><strong>et</strong></span> <span class='ocrx_word' id='word_1_267' title='bbox 1044 1913 1100 1968; x_wconf 91' lang='lat' dir='ltr'><strong>in</strong></span> <span class='ocrx_word' id='word_1_268' title='bbox 1148 1913 1254 1968; x_wconf 90' lang='lat' dir='ltr'><strong>alio</strong></span> <span class='ocrx_word' id='word_1_269' title='bbox 1303 1912 1512 1982; x_wconf 90' lang='lat' dir='ltr'><strong>psalmo</strong></span> <span class='ocrx_word' id='word_1_270' title='bbox 1553 1927 1618 1966; x_wconf 84' lang='lat' dir='ltr'><strong>ex</strong></span> <span class='ocrx_word' id='word_1_271' title='bbox 1645 1926 1875 1982; x_wconf 89' lang='lat' dir='ltr'><strong>persona</strong></span> <span class='ocrx_word' id='word_1_272' title='bbox 1900 1911 2111 1964; x_wconf 91' lang='lat' dir='ltr'><strong>Domini</strong></span> <span class='ocrx_word' id='word_1_273' title='bbox 2151 1928 2164 1965; x_wconf 69' lang='grc' dir='ltr'><strong>ς</strong></span> 
     </span>
    </p>
   </div>
   <div class='ocr_carea' id='block_1_36' title="bbox 581 2004 2168 2076">
    <p class='ocr_par' dir='ltr' id='par_1_36' title="bbox 581 2004 2168 2076">
     <span class='ocr_line' id='line_1_36' title="bbox 581 2004 2168 2076; baseline -0.003 -14"><span class='ocrx_word' id='word_1_274' title='bbox 581 2007 875 2073; x_wconf 83' lang='lat' dir='ltr'><strong>Terribilis,</strong></span> <span class='ocrx_word' id='word_1_275' title='bbox 921 2006 1116 2076; x_wconf 88' lang='lat' dir='ltr'><strong>inquit,</strong></span> <span class='ocrx_word' id='word_1_276' title='bbox 1158 2007 1213 2060; x_wconf 88' lang='lat' dir='ltr'><strong>in</strong></span> <span class='ocrx_word' id='word_1_277' title='bbox 1263 2005 1496 2060; x_wconf 84' lang='lat' dir='ltr'><strong>consiliis</strong></span> <span class='ocrx_word' id='word_1_278' title='bbox 1519 2021 1674 2075; x_wconf 86' lang='lat' dir='ltr'><strong>super</strong></span> <span class='ocrx_word' id='word_1_279' title='bbox 1711 2004 1851 2074; x_wconf 78' lang='lat' dir='ltr'><strong>ﬁlios</strong></span> <span class='ocrx_word' id='word_1_280' title='bbox 1899 2005 2168 2059; x_wconf 84' lang='lat' dir='ltr'><strong>hominum</strong></span> 
     </span>
    </p>
   </div>
   <div class='ocr_carea' id='block_1_37' title="bbox 582 2096 2168 2169">
    <p class='ocr_par' dir='ltr' id='par_1_37' title="bbox 582 2096 2168 2169">
     <span class='ocr_line' id='line_1_37' title="bbox 582 2096 2168 2169; baseline -0.003 -15"><span class='ocrx_word' id='word_1_281' title='bbox 582 2097 758 2169; x_wconf 86' lang='lat' dir='ltr'><strong>(Psal.</strong></span> <span class='ocrx_word' id='word_1_282' title='bbox 787 2113 914 2164; x_wconf 78' lang='lat' dir='ltr'><strong>va,</strong></span> <span class='ocrx_word' id='word_1_283' title='bbox 945 2097 1023 2169; x_wconf 81' lang='lat'><strong>5).</strong></span> <span class='ocrx_word' id='word_1_284' title='bbox 1057 2096 1265 2164; x_wconf 86' lang='lat' dir='ltr'><strong>Quibus</strong></span> <span class='ocrx_word' id='word_1_285' title='bbox 1299 2096 1542 2166; x_wconf 89' lang='lat' dir='ltr'><strong>profecto</strong></span> <span class='ocrx_word' id='word_1_286' title='bbox 1568 2096 1888 2166; x_wconf 86' lang='lat' dir='ltr'><strong>disciplinis,</strong></span> <span class='ocrx_word' id='word_1_287' title='bbox 1917 2096 2040 2165; x_wconf 92' lang='lat' dir='ltr'><strong>quia</strong></span> <span class='ocrx_word' id='word_1_288' title='bbox 2064 2105 2168 2150; x_wconf 90' lang='lat' dir='ltr'><strong>ter-</strong></span> 
     </span>
    </p>
   </div>
   <div class='ocr_carea' id='block_1_38' title="bbox 581 2189 2168 2261">
    <p class='ocr_par' dir='ltr' id='par_1_38' title="bbox 581 2189 2168 2261">
     <span class='ocr_line' id='line_1_38' title="bbox 581 2189 2168 2261; baseline -0.004 -13"><span class='ocrx_word' id='word_1_289' title='bbox 581 2191 762 2248; x_wconf 89' lang='lat' dir='ltr'><strong>ribilia</strong></span> <span class='ocrx_word' id='word_1_290' title='bbox 811 2201 939 2258; x_wconf 87' lang='lat' dir='ltr'><strong>sunt</strong></span> <span class='ocrx_word' id='word_1_291' title='bbox 985 2204 1151 2261; x_wconf 86' lang='lat' dir='ltr'><strong>Opera</strong></span> <span class='ocrx_word' id='word_1_292' title='bbox 1200 2189 1436 2254; x_wconf 90' lang='lat' dir='ltr'><strong>Domini,</strong></span> <span class='ocrx_word' id='word_1_293' title='bbox 1483 2190 1708 2244; x_wconf 89' lang='lat' dir='ltr'><strong>docetur</strong></span> <span class='ocrx_word' id='word_1_294' title='bbox 1759 2189 1936 2244; x_wconf 92' lang='lat' dir='ltr'><strong>omnis</strong></span> <span class='ocrx_word' id='word_1_295' title='bbox 1987 2189 2168 2242; x_wconf 88' lang='lat' dir='ltr'><strong>anima</strong></span> 
     </span>
    </p>
   </div>
   <div class='ocr_carea' id='block_1_39' title="bbox 578 2282 2168 2354">
    <p class='ocr_par' dir='ltr' id='par_1_39' title="bbox 578 2282 2168 2354">
     <span class='ocr_line' id='line_1_39' title="bbox 578 2282 2168 2354; baseline -0.001 -16"><span class='ocrx_word' id='word_1_296' title='bbox 578 2284 684 2340; x_wconf 91' lang='lat' dir='ltr'><strong>viri</strong></span> <span class='ocrx_word' id='word_1_297' title='bbox 729 2283 887 2354; x_wconf 88' lang='lat' dir='ltr'><strong>justi,</strong></span> <span class='ocrx_word' id='word_1_298' title='bbox 936 2292 992 2338; x_wconf 92' lang='lat' dir='ltr'><strong>et</strong></span> <span class='ocrx_word' id='word_1_299' title='bbox 1037 2282 1285 2340; x_wconf 89' lang='lat' dir='ltr'><strong>eruditur</strong></span> <span class='ocrx_word' id='word_1_300' title='bbox 1312 2284 1535 2340; x_wconf 89' lang='lat' dir='ltr'><strong>dextera</strong></span> <span class='ocrx_word' id='word_1_301' title='bbox 1574 2283 2010 2340; x_wconf 85' lang='lat' dir='ltr'><strong>clementissimae</strong></span> <span class='ocrx_word' id='word_1_302' title='bbox 2043 2297 2168 2338; x_wconf 91' lang='lat' dir='ltr'><strong>cor-</strong></span> 
     </span>
    </p>
   </div>
   <div class='ocr_carea' id='block_1_40' title="bbox 576 2377 858 2449">
    <p class='ocr_par' dir='ltr' id='par_1_40' title="bbox 576 2377 858 2449">
     <span class='ocr_line' id='line_1_40' title="bbox 576 2377 858 2449; baseline -0.004 -17"><span class='ocrx_word' id='word_1_303' title='bbox 576 2377 858 2449; x_wconf 88' lang='lat' dir='ltr'><strong>reptionis.</strong></span> 
     </span>
    </p>
   </div>
   <div class='ocr_carea' id='block_1_41' title="bbox 649 2470 2169 2545">
    <p class='ocr_par' dir='ltr' id='par_1_41' title="bbox 649 2470 2169 2545">
     <span class='ocr_line' id='line_1_41' title="bbox 649 2470 2169 2545; baseline -0.001 -18"><span class='ocrx_word' id='word_1_304' title='bbox 649 2470 871 2542; x_wconf 71' lang='lat' dir='ltr'><strong>Sagitta:</strong></span> <span class='ocrx_word' id='word_1_305' title='bbox 911 2486 1018 2529; x_wconf 79' lang='lat' dir='ltr'><strong>tua:</strong></span> <span class='ocrx_word' id='word_1_306' title='bbox 1043 2483 1236 2539; x_wconf 76' lang='lat' dir='ltr'><strong>acutte,</strong></span> <span class='ocrx_word' id='word_1_307' title='bbox 1263 2473 1442 2545; x_wconf 85' lang='lat' dir='ltr'><strong>populi</strong></span> <span class='ocrx_word' id='word_1_308' title='bbox 1479 2473 1574 2528; x_wconf 90' lang='lat' dir='ltr'><strong>sub</strong></span> <span class='ocrx_word' id='word_1_309' title='bbox 1601 2481 1650 2526; x_wconf 90' lang='lat' dir='ltr'><strong>te</strong></span> <span class='ocrx_word' id='word_1_310' title='bbox 1685 2471 1873 2526; x_wconf 84' lang='lat' dir='ltr'><strong>cadent</strong></span> <span class='ocrx_word' id='word_1_311' title='bbox 1913 2473 1970 2526; x_wconf 86' lang='lat' dir='ltr'><strong>in</strong></span> <span class='ocrx_word' id='word_1_312' title='bbox 2008 2472 2169 2526; x_wconf 89' lang='lat' dir='ltr'><strong>corda</strong></span> 
     </span>
    </p>
   </div>
   <div class='ocr_carea' id='block_1_42' title="bbox 573 2561 2166 2635">
    <p class='ocr_par' dir='ltr' id='par_1_42' title="bbox 573 2561 2166 2635">
     <span class='ocr_line' id='line_1_42' title="bbox 573 2561 2166 2635; baseline 0.001 -19"><span class='ocrx_word' id='word_1_313' title='bbox 573 2562 911 2616; x_wconf 88' lang='lat' dir='ltr'><strong>inimicorum</strong></span> <span class='ocrx_word' id='word_1_314' title='bbox 937 2561 1111 2635; x_wconf 84' lang='lat' dir='ltr'><strong>Regis.</strong></span> <span class='ocrx_word' id='word_1_315' title='bbox 1129 2563 1268 2620; x_wconf 89' lang='lat' dir='ltr'><strong>Puto</strong></span> <span class='ocrx_word' id='word_1_316' title='bbox 1292 2565 1344 2619; x_wconf 93' lang='lat' dir='ltr'><strong>in</strong></span> <span class='ocrx_word' id='word_1_317' title='bbox 1368 2563 1596 2618; x_wconf 66' lang='lat' dir='ltr'><strong>Hebraeo</strong></span> <span class='ocrx_word' id='word_1_318' title='bbox 1624 2563 1786 2618; x_wconf 88' lang='lat' dir='ltr'><strong>etiam</strong></span> <span class='ocrx_word' id='word_1_319' title='bbox 1806 2571 1861 2617; x_wconf 91' lang='lat' dir='ltr'><strong>et</strong></span> <span class='ocrx_word' id='word_1_320' title='bbox 1883 2563 1935 2617; x_wconf 92' lang='lat' dir='ltr'><strong>in</strong></span> <span class='ocrx_word' id='word_1_321' title='bbox 1957 2561 2166 2628; x_wconf 72' lang='lat' dir='ltr'><strong>Graeco,</strong></span> 
     </span>
    </p>
   </div>
   <div class='ocr_carea' id='block_1_43' title="bbox 577 2653 2170 2727">
    <p class='ocr_par' dir='ltr' id='par_1_43' title="bbox 577 2653 2170 2727">
     <span class='ocr_line' id='line_1_43' title="bbox 577 2653 2170 2727; baseline 0.001 -17"><span class='ocrx_word' id='word_1_322' title='bbox 577 2653 797 2725; x_wconf 81' lang='lat' dir='ltr'><strong>Sagith</strong></span> <span class='ocrx_word' id='word_1_323' title='bbox 825 2666 932 2710; x_wconf 77' lang='lat' dir='ltr'><strong>tua:</strong></span> <span class='ocrx_word' id='word_1_324' title='bbox 957 2659 1330 2727; x_wconf 78' lang='lat' dir='ltr'><strong>potentissima:</strong></span> <span class='ocrx_word' id='word_1_325' title='bbox 1353 2658 1534 2712; x_wconf 87' lang='lat' dir='ltr'><strong>habet.</strong></span> <span class='ocrx_word' id='word_1_326' title='bbox 1553 2656 1689 2724; x_wconf 87' lang='lat' dir='ltr'><strong>Quia</strong></span> <span class='ocrx_word' id='word_1_327' title='bbox 1715 2657 1940 2713; x_wconf 91' lang='lat' dir='ltr'><strong>omnino</strong></span> <span class='ocrx_word' id='word_1_328' title='bbox 1962 2657 2170 2726; x_wconf 66' lang='lat' dir='ltr'><strong>sagittae</strong></span> 
     </span>
    </p>
   </div>
   <div class='ocr_carea' id='block_1_44' title="bbox 572 2747 2170 2821">
    <p class='ocr_par' dir='ltr' id='par_1_44' title="bbox 572 2747 2170 2821">
     <span class='ocr_line' id='line_1_44' title="bbox 572 2747 2170 2821; baseline 0 -17"><span class='ocrx_word' id='word_1_329' title='bbox 572 2747 787 2804; x_wconf 82' lang='lat' dir='ltr'><strong>Domini</strong></span> <span class='ocrx_word' id='word_1_330' title='bbox 819 2750 921 2805; x_wconf 90' lang='lat' dir='ltr'><strong>nisi</strong></span> <span class='ocrx_word' id='word_1_331' title='bbox 944 2750 1334 2821; x_wconf 59' lang='lat' dir='ltr'><strong>potentissimae</strong></span> <span class='ocrx_word' id='word_1_332' title='bbox 1361 2750 1565 2817; x_wconf 83' lang='lat' dir='ltr'><strong>forent,</strong></span> <span class='ocrx_word' id='word_1_333' title='bbox 1608 2751 1661 2805; x_wconf 91' lang='lat' dir='ltr'><strong>in</strong></span> <span class='ocrx_word' id='word_1_334' title='bbox 1689 2750 1871 2806; x_wconf 91' lang='lat' dir='ltr'><strong>subito</strong></span> <span class='ocrx_word' id='word_1_335' title='bbox 1901 2765 2008 2804; x_wconf 92' lang='lat' dir='ltr'><strong>non</strong></span> <span class='ocrx_word' id='word_1_336' title='bbox 2055 2765 2170 2804; x_wconf 86' lang='lat' dir='ltr'><strong>om-</strong></span> 
     </span>
    </p>
   </div>
   <div class='ocr_carea' id='block_1_45' title="bbox 577 2839 2171 2911">
    <p class='ocr_par' dir='ltr' id='par_1_45' title="bbox 577 2839 2171 2911">
     <span class='ocr_line' id='line_1_45' title="bbox 577 2839 2171 2911; baseline 0.001 -17"><span class='ocrx_word' id='word_1_337' title='bbox 577 2854 702 2894; x_wconf 90' lang='lat' dir='ltr'><strong>nem</strong></span> <span class='ocrx_word' id='word_1_338' title='bbox 735 2841 995 2894; x_wconf 90' lang='lat' dir='ltr'><strong>mundum</strong></span> <span class='ocrx_word' id='word_1_339' title='bbox 1026 2841 1341 2896; x_wconf 63' lang='lat' dir='ltr'><strong>saevientem</strong></span> <span class='ocrx_word' id='word_1_340' title='bbox 1368 2839 1587 2896; x_wconf 90' lang='lat' dir='ltr'><strong>Christo</strong></span> <span class='ocrx_word' id='word_1_341' title='bbox 1611 2848 2043 2911; x_wconf 89' lang='lat' dir='ltr'><strong>prosternerent,</strong></span> <span class='ocrx_word' id='word_1_342' title='bbox 2076 2855 2171 2896; x_wconf 79' lang='lat' dir='ltr'><strong>ne—</strong></span> 
     </span>
    </p>
   </div>
   <div class='ocr_carea' id='block_1_46' title="bbox 572 2933 2171 3007">
    <p class='ocr_par' dir='ltr' id='par_1_46' title="bbox 572 2933 2171 3007">
     <span class='ocr_line' id='line_1_46' title="bbox 572 2933 2171 3007; baseline 0.004 -22"><span class='ocrx_word' id='word_1_343' title='bbox 572 2947 678 3002; x_wconf 90' lang='lat' dir='ltr'><strong>que</strong></span> <span class='ocrx_word' id='word_1_344' title='bbox 699 2933 864 2988; x_wconf 90' lang='lat' dir='ltr'><strong>corda</strong></span> <span class='ocrx_word' id='word_1_345' title='bbox 887 2935 1131 2989; x_wconf 88' lang='lat' dir='ltr'><strong>omnium</strong></span> <span class='ocrx_word' id='word_1_346' title='bbox 1155 2934 1334 2990; x_wconf 87' lang='lat' dir='ltr'><strong>valide</strong></span> <span class='ocrx_word' id='word_1_347' title='bbox 1351 2937 1717 2992; x_wconf 90' lang='lat' dir='ltr'><strong>tenebrarent.</strong></span> <span class='ocrx_word' id='word_1_348' title='bbox 1737 2935 1975 3004; x_wconf 91' lang='lat' dir='ltr'><strong>Quarum</strong></span> <span class='ocrx_word' id='word_1_349' title='bbox 1989 2935 2171 3007; x_wconf 92' lang='lat' dir='ltr'><strong>jaculo</strong></span> 
     </span>
    </p>
   </div>
   <div class='ocr_carea' id='block_1_47' title="bbox 571 3023 2169 3095">
    <p class='ocr_par' dir='ltr' id='par_1_47' title="bbox 571 3023 2169 3095">
     <span class='ocr_line' id='line_1_47' title="bbox 571 3023 2169 3095; baseline 0.004 -17"><span class='ocrx_word' id='word_1_350' title='bbox 571 3039 767 3095; x_wconf 89' lang='lat' dir='ltr'><strong>sponsa</strong></span> <span class='ocrx_word' id='word_1_351' title='bbox 800 3024 855 3079; x_wconf 92' lang='lat' dir='ltr'><strong>in</strong></span> <span class='ocrx_word' id='word_1_352' title='bbox 904 3023 1144 3082; x_wconf 84' lang='lat' dir='ltr'><strong>Canticis</strong></span> <span class='ocrx_word' id='word_1_353' title='bbox 1196 3025 1536 3082; x_wconf 89' lang='lat' dir='ltr'><strong>vulneratam</strong></span> <span class='ocrx_word' id='word_1_354' title='bbox 1585 3043 1644 3082; x_wconf 92' lang='lat' dir='ltr'><strong>se</strong></span> <span class='ocrx_word' id='word_1_355' title='bbox 1673 3027 1872 3084; x_wconf 89' lang='lat' dir='ltr'><strong>clamat</strong></span> <span class='ocrx_word' id='word_1_356' title='bbox 1915 3045 1928 3080; x_wconf 91' lang='lat'><strong>:</strong></span> <span class='ocrx_word' id='word_1_357' title='bbox 1977 3026 2169 3084; x_wconf 85' lang='lat' dir='ltr'><strong>Vulne-</strong></span> 
     </span>
    </p>
   </div>
   <div class='ocr_carea' id='block_1_48' title="bbox 2275 1824 3835 1893">
    <p class='ocr_par' dir='ltr' id='par_1_48' title="bbox 2275 1824 3835 1893">
     <span class='ocr_line' id='line_1_48' title="bbox 2275 1824 3835 1893; baseline 0.006 -16"><span class='ocrx_word' id='word_1_358' title='bbox 2275 1824 2343 1877; x_wconf 93' lang='lat' dir='ltr'><strong>ad</strong></span> <span class='ocrx_word' id='word_1_359' title='bbox 2370 1824 2718 1880; x_wconf 87' lang='lat' dir='ltr'><strong>debellandos</strong></span> <span class='ocrx_word' id='word_1_360' title='bbox 2748 1826 3018 1893; x_wconf 87' lang='lat' dir='ltr'><strong>inimicos,</strong></span> <span class='ocrx_word' id='word_1_361' title='bbox 3043 1837 3097 1882; x_wconf 90' lang='lat' dir='ltr'><strong>et</strong></span> <span class='ocrx_word' id='word_1_362' title='bbox 3143 1828 3374 1884; x_wconf 90' lang='lat' dir='ltr'><strong>instituit</strong></span> <span class='ocrx_word' id='word_1_363' title='bbox 3406 1830 3474 1883; x_wconf 89' lang='lat' dir='ltr'><strong>ad</strong></span> <span class='ocrx_word' id='word_1_364' title='bbox 3507 1832 3835 1887; x_wconf 83' lang='lat' dir='ltr'><strong>revincendos</strong></span> 
     </span>
    </p>
   </div>
   <div class='ocr_carea' id='block_1_49' title="bbox 2273 1917 3835 1993">
    <p class='ocr_par' dir='ltr' id='par_1_49' title="bbox 2273 1917 3835 1993">
     <span class='ocr_line' id='line_1_49' title="bbox 2273 1917 3835 1993; baseline 0.006 -23"><span class='ocrx_word' id='word_1_365' title='bbox 2273 1917 2636 1973; x_wconf 85' lang='lat' dir='ltr'><strong>adversarios.</strong></span> <span class='ocrx_word' id='word_1_366' title='bbox 2668 1919 2875 1986; x_wconf 87' lang='lat' dir='ltr'><strong>Quibus</strong></span> <span class='ocrx_word' id='word_1_367' title='bbox 2896 1922 3184 1990; x_wconf 83' lang='lat' dir='ltr'><strong>prcstratis</strong></span> <span class='ocrx_word' id='word_1_368' title='bbox 3199 1932 3252 1976; x_wconf 90' lang='lat' dir='ltr'><strong>et</strong></span> <span class='ocrx_word' id='word_1_369' title='bbox 3275 1923 3532 1993; x_wconf 78' lang='lat' dir='ltr'><strong>subjectis</strong></span> <span class='ocrx_word' id='word_1_370' title='bbox 3557 1926 3680 1989; x_wconf 87' lang='lat' dir='ltr'><strong>sibi,</strong></span> <span class='ocrx_word' id='word_1_371' title='bbox 3705 1927 3835 1980; x_wconf 53' lang='lat' dir='ltr'><strong>thro.</strong></span> 
     </span>
    </p>
   </div>
   <div class='ocr_carea' id='block_1_50' title="bbox 2273 2009 3832 2084">
    <p class='ocr_par' dir='ltr' id='par_1_50' title="bbox 2273 2009 3832 2084">
     <span class='ocr_line' id='line_1_50' title="bbox 2273 2009 3832 2084; baseline 0.005 -21"><span class='ocrx_word' id='word_1_372' title='bbox 2273 2025 2377 2064; x_wconf 89' lang='lat' dir='ltr'><strong>nus</strong></span> <span class='ocrx_word' id='word_1_373' title='bbox 2424 2009 2473 2065; x_wconf 91' lang='lat' dir='ltr'><strong>ei</strong></span> <span class='ocrx_word' id='word_1_374' title='bbox 2534 2010 2745 2080; x_wconf 89' lang='lat' dir='ltr'><strong>imperii</strong></span> <span class='ocrx_word' id='word_1_375' title='bbox 2799 2010 3043 2078; x_wconf 68' lang='lat' dir='ltr'><strong>odertur,</strong></span> <span class='ocrx_word' id='word_1_376' title='bbox 3094 2022 3150 2069; x_wconf 90' lang='lat' dir='ltr'><strong>et</strong></span> <span class='ocrx_word' id='word_1_377' title='bbox 3180 2024 3454 2084; x_wconf 87' lang='lat' dir='ltr'><strong>sceptrum</strong></span> <span class='ocrx_word' id='word_1_378' title='bbox 3506 2016 3832 2080; x_wconf 84' lang='lat' dir='ltr'><strong>dominantis,</strong></span> 
     </span>
    </p>
   </div>
   <div class='ocr_carea' id='block_1_51' title="bbox 2267 2102 3834 2178">
    <p class='ocr_par' dir='ltr' id='par_1_51' title="bbox 2267 2102 3834 2178">
     <span class='ocr_line' id='line_1_51' title="bbox 2267 2102 3834 2178; baseline 0.001 -20"><span class='ocrx_word' id='word_1_379' title='bbox 2267 2102 2423 2173; x_wconf 88' lang='lat' dir='ltr'><strong>juxta</strong></span> <span class='ocrx_word' id='word_1_380' title='bbox 2474 2104 2603 2159; x_wconf 89' lang='lat' dir='ltr'><strong>illud</strong></span> <span class='ocrx_word' id='word_1_381' title='bbox 2635 2106 2778 2174; x_wconf 92' lang='lat' dir='ltr'><strong>quod</strong></span> <span class='ocrx_word' id='word_1_382' title='bbox 2806 2107 3067 2176; x_wconf 90' lang='lat' dir='ltr'><strong>scriptum</strong></span> <span class='ocrx_word' id='word_1_383' title='bbox 3116 2116 3200 2162; x_wconf 92' lang='lat' dir='ltr'><strong>est</strong></span> <span class='ocrx_word' id='word_1_384' title='bbox 3230 2109 3297 2162; x_wconf 92' lang='lat' dir='ltr'><strong>ad</strong></span> <span class='ocrx_word' id='word_1_385' title='bbox 3328 2107 3495 2163; x_wconf 86' lang='lat' dir='ltr'><strong>David</strong></span> <span class='ocrx_word' id='word_1_386' title='bbox 3524 2127 3537 2162; x_wconf 91' lang='lat'><strong>:</strong></span> <span class='ocrx_word' id='word_1_387' title='bbox 3569 2108 3648 2162; x_wconf 90' lang='lat' dir='ltr'><strong>De</strong></span> <span class='ocrx_word' id='word_1_388' title='bbox 3681 2109 3834 2178; x_wconf 78' lang='lat' dir='ltr'><strong>fructu</strong></span> 
     </span>
    </p>
   </div>
   <div class='ocr_carea' id='block_1_52' title="bbox 2273 2199 3839 2271">
    <p class='ocr_par' dir='ltr' id='par_1_52' title="bbox 2273 2199 3839 2271">
     <span class='ocr_line' id='line_1_52' title="bbox 2273 2199 3839 2271; baseline 0.003 -20"><span class='ocrx_word' id='word_1_389' title='bbox 2273 2199 2464 2252; x_wconf 75' lang='lat' dir='ltr'><strong>uentris</strong></span> <span class='ocrx_word' id='word_1_390' title='bbox 2495 2199 2572 2251; x_wconf 84' lang='lat' dir='ltr'><strong>tui</strong></span> <span class='ocrx_word' id='word_1_391' title='bbox 2615 2215 2806 2268; x_wconf 89' lang='lat' dir='ltr'><strong>ponam</strong></span> <span class='ocrx_word' id='word_1_392' title='bbox 2855 2216 3010 2270; x_wconf 86' lang='lat' dir='ltr'><strong>super</strong></span> <span class='ocrx_word' id='word_1_393' title='bbox 3039 2199 3211 2254; x_wconf 83' lang='lat' dir='ltr'><strong>sedem</strong></span> <span class='ocrx_word' id='word_1_394' title='bbox 3258 2218 3429 2254; x_wconf 91' lang='lat' dir='ltr'><strong>meam</strong></span> <span class='ocrx_word' id='word_1_395' title='bbox 3465 2200 3638 2271; x_wconf 86' lang='lat' dir='ltr'><strong>(Psal.</strong></span> <span class='ocrx_word' id='word_1_396' title='bbox 3671 2217 3839 2263; x_wconf 80' lang='lat' dir='ltr'><strong>cxxxt,</strong></span> 
     </span>
    </p>
   </div>
   <div class='ocr_carea' id='block_1_53' title="bbox 2273 2287 3845 2362">
    <p class='ocr_par' dir='ltr' id='par_1_53' title="bbox 2273 2287 3845 2362">
     <span class='ocr_line' id='line_1_53' title="bbox 2273 2287 3845 2362; baseline 0.003 -21"><span class='ocrx_word' id='word_1_397' title='bbox 2273 2287 2382 2358; x_wconf 80' lang='grc'><strong>11).</strong></span> <span class='ocrx_word' id='word_1_398' title='bbox 2413 2288 2565 2354; x_wconf 87' lang='lat' dir='ltr'><strong>Quod</strong></span> <span class='ocrx_word' id='word_1_399' title='bbox 2597 2291 2814 2360; x_wconf 85' lang='lat' dir='ltr'><strong>quidem</strong></span> <span class='ocrx_word' id='word_1_400' title='bbox 2840 2299 2895 2345; x_wconf 88' lang='lat' dir='ltr'><strong>et</strong></span> <span class='ocrx_word' id='word_1_401' title='bbox 2924 2290 3107 2346; x_wconf 71' lang='lat' dir='ltr'><strong>Maria:</strong></span> <span class='ocrx_word' id='word_1_402' title='bbox 3139 2292 3362 2362; x_wconf 83' lang='lat' dir='ltr'><strong>angelus</strong></span> <span class='ocrx_word' id='word_1_403' title='bbox 3405 2293 3714 2346; x_wconf 90' lang='lat' dir='ltr'><strong>nuntiavit:</strong></span> <span class='ocrx_word' id='word_1_404' title='bbox 3744 2292 3845 2348; x_wconf 82' lang='lat' dir='ltr'><strong>Da-</strong></span> 
     </span>
    </p>
   </div>
   <div class='ocr_carea' id='block_1_54' title="bbox 2273 2378 3845 2454">
    <p class='ocr_par' dir='ltr' id='par_1_54' title="bbox 2273 2378 3845 2454">
     <span class='ocr_line' id='line_1_54' title="bbox 2273 2378 3845 2454; baseline 0.003 -22"><span class='ocrx_word' id='word_1_405' title='bbox 2273 2378 2345 2432; x_wconf 87' lang='lat' dir='ltr'><strong>bit</strong></span> <span class='ocrx_word' id='word_1_406' title='bbox 2373 2380 2420 2433; x_wconf 91' lang='lat' dir='ltr'><strong>ei</strong></span> <span class='ocrx_word' id='word_1_407' title='bbox 2459 2379 2716 2434; x_wconf 85' lang='lat' dir='ltr'><strong>Dominus</strong></span> <span class='ocrx_word' id='word_1_408' title='bbox 2743 2381 2908 2448; x_wconf 87' lang='lat' dir='ltr'><strong>Deus,</strong></span> <span class='ocrx_word' id='word_1_409' title='bbox 2937 2383 3131 2453; x_wconf 83' lang='lat' dir='ltr'><strong>inquit,</strong></span> <span class='ocrx_word' id='word_1_410' title='bbox 3183 2384 3428 2438; x_wconf 80' lang='lat' dir='ltr'><strong>thronum</strong></span> <span class='ocrx_word' id='word_1_411' title='bbox 3476 2382 3651 2437; x_wconf 82' lang='lat' dir='ltr'><strong>David</strong></span> <span class='ocrx_word' id='word_1_412' title='bbox 3694 2386 3845 2454; x_wconf 83' lang='lat' dir='ltr'><strong>patris</strong></span> 
     </span>
    </p>
   </div>
   <div class='ocr_carea' id='block_1_55' title="bbox 2271 2473 3842 2545">
    <p class='ocr_par' dir='ltr' id='par_1_55' title="bbox 2271 2473 3842 2545">
     <span class='ocr_line' id='line_1_55' title="bbox 2271 2473 3842 2545; baseline 0.003 -21"><span class='ocrx_word' id='word_1_413' title='bbox 2271 2473 2375 2536; x_wconf 92' lang='lat' dir='ltr'><strong>sui,</strong></span> <span class='ocrx_word' id='word_1_414' title='bbox 2428 2480 2478 2526; x_wconf 91' lang='lat' dir='ltr'><strong>et</strong></span> <span class='ocrx_word' id='word_1_415' title='bbox 2519 2473 2772 2542; x_wconf 87' lang='lat' dir='ltr'><strong>regnabit,</strong></span> <span class='ocrx_word' id='word_1_416' title='bbox 2819 2489 2983 2545; x_wconf 89' lang='lat' dir='ltr'><strong>super</strong></span> <span class='ocrx_word' id='word_1_417' title='bbox 3005 2475 3247 2540; x_wconf 89' lang='lat' dir='ltr'><strong>domum,</strong></span> <span class='ocrx_word' id='word_1_418' title='bbox 3293 2475 3460 2530; x_wconf 76' lang='lat' dir='ltr'><strong>Iacob</strong></span> <span class='ocrx_word' id='word_1_419' title='bbox 3487 2475 3543 2528; x_wconf 89' lang='lat' dir='ltr'><strong>in</strong></span> <span class='ocrx_word' id='word_1_420' title='bbox 3583 2486 3842 2538; x_wconf 75' lang='lat' dir='ltr'><strong>teternum,</strong></span> 
     </span>
    </p>
   </div>
   <div class='ocr_carea' id='block_1_56' title="bbox 2271 2563 3844 2638">
    <p class='ocr_par' dir='ltr' id='par_1_56' title="bbox 2271 2563 3844 2638">
     <span class='ocr_line' id='line_1_56' title="bbox 2271 2563 3844 2638; baseline -0.001 -20"><span class='ocrx_word' id='word_1_421' title='bbox 2271 2575 2318 2618; x_wconf 90' lang='lat' dir='ltr'><strong>et</strong></span> <span class='ocrx_word' id='word_1_422' title='bbox 2348 2565 2492 2632; x_wconf 84' lang='lat' dir='ltr'><strong>regni</strong></span> <span class='ocrx_word' id='word_1_423' title='bbox 2514 2564 2628 2634; x_wconf 88' lang='lat' dir='ltr'><strong>ejus</strong></span> <span class='ocrx_word' id='word_1_424' title='bbox 2658 2580 2761 2618; x_wconf 85' lang='lat' dir='ltr'><strong>non</strong></span> <span class='ocrx_word' id='word_1_425' title='bbox 2786 2566 2883 2618; x_wconf 88' lang='lat' dir='ltr'><strong>erit</strong></span> <span class='ocrx_word' id='word_1_426' title='bbox 2909 2565 3034 2633; x_wconf 83' lang='lat' dir='ltr'><strong>ﬁnis</strong></span> <span class='ocrx_word' id='word_1_427' title='bbox 3065 2563 3217 2635; x_wconf 87' lang='lat' dir='ltr'><strong>(Luc.</strong></span> <span class='ocrx_word' id='word_1_428' title='bbox 3258 2581 3296 2631; x_wconf 86' lang='grc' dir='ltr'><strong><em>ι,</em></strong></span> <span class='ocrx_word' id='word_1_429' title='bbox 3331 2565 3442 2638; x_wconf 77' lang='lat'><strong>5‘2).</strong></span> <span class='ocrx_word' id='word_1_430' title='bbox 3474 2566 3551 2621; x_wconf 91' lang='lat' dir='ltr'><strong>De</strong></span> <span class='ocrx_word' id='word_1_431' title='bbox 3577 2581 3707 2636; x_wconf 90' lang='lat' dir='ltr'><strong>quo,</strong></span> <span class='ocrx_word' id='word_1_432' title='bbox 3731 2566 3844 2634; x_wconf 82' lang='lat' dir='ltr'><strong>quia</strong></span> 
     </span>
    </p>
   </div>
   <div class='ocr_carea' id='block_1_57' title="bbox 2271 2654 3846 2726">
    <p class='ocr_par' dir='ltr' id='par_1_57' title="bbox 2271 2654 3846 2726">
     <span class='ocr_line' id='line_1_57' title="bbox 2271 2654 3846 2726; baseline 0 -18"><span class='ocrx_word' id='word_1_433' title='bbox 2271 2654 2549 2710; x_wconf 81' lang='lat' dir='ltr'><strong>defecerat</strong></span> <span class='ocrx_word' id='word_1_434' title='bbox 2604 2665 2879 2726; x_wconf 88' lang='lat' dir='ltr'><strong>sceptrum</strong></span> <span class='ocrx_word' id='word_1_435' title='bbox 2923 2657 2988 2712; x_wconf 90' lang='lat' dir='ltr'><strong>de</strong></span> <span class='ocrx_word' id='word_1_436' title='bbox 3025 2655 3183 2722; x_wconf 85' lang='lat' dir='ltr'><strong>Juda,</strong></span> <span class='ocrx_word' id='word_1_437' title='bbox 3235 2657 3453 2719; x_wconf 90' lang='lat' dir='ltr'><strong>dicitur,</strong></span> <span class='ocrx_word' id='word_1_438' title='bbox 3501 2666 3552 2710; x_wconf 90' lang='lat' dir='ltr'><strong>et</strong></span> <span class='ocrx_word' id='word_1_439' title='bbox 3597 2666 3846 2725; x_wconf 75' lang='lat' dir='ltr'><strong>sceptrum</strong></span> 
     </span>
    </p>
   </div>
   <div class='ocr_carea' id='block_1_58' title="bbox 2273 2747 3847 2818">
    <p class='ocr_par' dir='ltr' id='par_1_58' title="bbox 2273 2747 3847 2818">
     <span class='ocr_line' id='line_1_58' title="bbox 2273 2747 3847 2818; baseline -0.001 -17"><span class='ocrx_word' id='word_1_440' title='bbox 2273 2747 2566 2816; x_wconf 77' lang='lat' dir='ltr'><strong>tequitatis,</strong></span> <span class='ocrx_word' id='word_1_441' title='bbox 2617 2757 2874 2816; x_wconf 86' lang='lat' dir='ltr'><strong>sceptrum</strong></span> <span class='ocrx_word' id='word_1_442' title='bbox 2929 2749 3072 2818; x_wconf 88' lang='lat' dir='ltr'><strong>regni</strong></span> <span class='ocrx_word' id='word_1_443' title='bbox 3117 2749 3214 2801; x_wconf 90' lang='lat' dir='ltr'><strong>tui.</strong></span> <span class='ocrx_word' id='word_1_444' title='bbox 3273 2747 3564 2818; x_wconf 88' lang='lat' dir='ltr'><strong>Sceptrum</strong></span> <span class='ocrx_word' id='word_1_445' title='bbox 3623 2760 3847 2816; x_wconf 86' lang='lat' dir='ltr'><strong>namque</strong></span> 
     </span>
    </p>
   </div>
   <div class='ocr_carea' id='block_1_59' title="bbox 2273 2837 3850 2908">
    <p class='ocr_par' dir='ltr' id='par_1_59' title="bbox 2273 2837 3850 2908">
     <span class='ocr_line' id='line_1_59' title="bbox 2273 2837 3850 2908; baseline -0.001 -16"><span class='ocrx_word' id='word_1_446' title='bbox 2273 2837 2550 2908; x_wconf 80' lang='lat' dir='ltr'><strong>regnantis</strong></span> <span class='ocrx_word' id='word_1_447' title='bbox 2575 2845 2658 2892; x_wconf 90' lang='lat' dir='ltr'><strong>est</strong></span> <span class='ocrx_word' id='word_1_448' title='bbox 2688 2837 2897 2905; x_wconf 78' lang='lat' dir='ltr'><strong>insigne</strong></span> <span class='ocrx_word' id='word_1_449' title='bbox 2921 2846 2976 2893; x_wconf 89' lang='lat' dir='ltr'><strong>et</strong></span> <span class='ocrx_word' id='word_1_450' title='bbox 3013 2839 3250 2908; x_wconf 90' lang='lat' dir='ltr'><strong>regentis</strong></span> <span class='ocrx_word' id='word_1_451' title='bbox 3295 2839 3555 2894; x_wconf 87' lang='lat' dir='ltr'><strong>ostensio.</strong></span> <span class='ocrx_word' id='word_1_452' title='bbox 3613 2838 3766 2894; x_wconf 87' lang='lat' dir='ltr'><strong>Unde</strong></span> <span class='ocrx_word' id='word_1_453' title='bbox 3799 2846 3850 2892; x_wconf 92' lang='lat' dir='ltr'><strong>et</strong></span> 
     </span>
    </p>
   </div>
   <div class='ocr_carea' id='block_1_60' title="bbox 2271 2929 3846 3000">
    <p class='ocr_par' dir='ltr' id='par_1_60' title="bbox 2271 2929 3846 3000">
     <span class='ocr_line' id='line_1_60' title="bbox 2271 2929 3846 3000; baseline -0.001 -16"><span class='ocrx_word' id='word_1_454' title='bbox 2271 2945 2370 2999; x_wconf 91' lang='lat' dir='ltr'><strong>per</strong></span> <span class='ocrx_word' id='word_1_455' title='bbox 2413 2930 2666 2984; x_wconf 90' lang='lat' dir='ltr'><strong>thronum</strong></span> <span class='ocrx_word' id='word_1_456' title='bbox 2711 2930 3009 3000; x_wconf 89' lang='lat' dir='ltr'><strong>judicantis</strong></span> <span class='ocrx_word' id='word_1_457' title='bbox 3049 2939 3288 3000; x_wconf 88' lang='lat' dir='ltr'><strong>potestas</strong></span> <span class='ocrx_word' id='word_1_458' title='bbox 3316 2930 3646 2985; x_wconf 88' lang='lat' dir='ltr'><strong>declaratur.</strong></span> <span class='ocrx_word' id='word_1_459' title='bbox 3686 2929 3846 2996; x_wconf 86' lang='lat' dir='ltr'><strong>Quem</strong></span> 
     </span>
    </p>
   </div>
   <div class='ocr_carea' id='block_1_61' title="bbox 2273 3021 3844 3092">
    <p class='ocr_par' dir='ltr' id='par_1_61' title="bbox 2273 3021 3844 3092">
     <span class='ocr_line' id='line_1_61' title="bbox 2273 3021 3844 3092; baseline -0.004 -12"><span class='ocrx_word' id='word_1_460' title='bbox 2273 3024 2527 3080; x_wconf 92' lang='lat' dir='ltr'><strong>nimirum</strong></span> <span class='ocrx_word' id='word_1_461' title='bbox 2557 3025 2808 3078; x_wconf 88' lang='lat' dir='ltr'><strong>thronum</strong></span> <span class='ocrx_word' id='word_1_462' title='bbox 2846 3037 3062 3092; x_wconf 87' lang='lat' dir='ltr'><strong>semper</strong></span> <span class='ocrx_word' id='word_1_463' title='bbox 3088 3038 3210 3077; x_wconf 91' lang='lat' dir='ltr'><strong>cum</strong></span> <span class='ocrx_word' id='word_1_464' title='bbox 3239 3021 3400 3076; x_wconf 88' lang='lat' dir='ltr'><strong>Patre</strong></span> <span class='ocrx_word' id='word_1_465' title='bbox 3429 3023 3644 3088; x_wconf 81' lang='lat' dir='ltr'><strong>habuit,</strong></span> <span class='ocrx_word' id='word_1_466' title='bbox 3667 3021 3757 3076; x_wconf 88' lang='lat' dir='ltr'><strong>sed</strong></span> <span class='ocrx_word' id='word_1_467' title='bbox 3784 3036 3844 3073; x_wconf 89' lang='lat' dir='ltr'><strong>ex</strong></span> 
     </span>
    </p>
   </div>
   <div class='ocr_carea' id='block_1_62' title="bbox 572 3094 3845 3194">
    <p class='ocr_par' dir='ltr' id='par_1_62' title="bbox 572 3094 3845 3194">
     <span class='ocr_line' id='line_1_62' title="bbox 572 3094 3845 3194; baseline -0.003 -20"><span class='ocrx_word' id='word_1_468' title='bbox 572 3125 711 3179; x_wconf 84' lang='lat' dir='ltr'><strong>rata,</strong></span> <span class='ocrx_word' id='word_1_469' title='bbox 753 3116 949 3186; x_wconf 89' lang='lat' dir='ltr'><strong>inquit,</strong></span> <span class='ocrx_word' id='word_1_470' title='bbox 981 3117 1243 3172; x_wconf 87' lang='lat' dir='ltr'><strong>charitate</strong></span> <span class='ocrx_word' id='word_1_471' title='bbox 1287 3135 1381 3189; x_wconf 88' lang='lat' dir='ltr'><strong>ego</strong></span> <span class='ocrx_word' id='word_1_472' title='bbox 1422 3135 1557 3192; x_wconf 84' lang='lat' dir='ltr'><strong>sum.</strong></span> <span class='ocrx_word' id='word_1_473' title='bbox 1613 3118 1732 3186; x_wconf 88' lang='lat' dir='ltr'><strong>Quo</strong></span> <span class='ocrx_word' id='word_1_474' title='bbox 1763 3134 1894 3174; x_wconf 86' lang='lat' dir='ltr'><strong>sane</strong></span> <span class='ocrx_word' id='word_1_475' title='bbox 1919 3120 2165 3187; x_wconf 80' lang='lat' dir='ltr'><strong>vulnere,</strong></span> <span class='ocrx_word' id='word_1_476' title='bbox 2194 3094 2241 3158; x_wconf 79' lang='lat' dir='ltr'>C</span> <span class='ocrx_word' id='word_1_477' title='bbox 2272 3123 2398 3170; x_wconf 91' lang='lat' dir='ltr'><strong>tunc</strong></span> <span class='ocrx_word' id='word_1_478' title='bbox 2426 3114 2475 3194; x_wconf 79' lang='lat' dir='ltr'><strong>ei</strong></span> <span class='ocrx_word' id='word_1_479' title='bbox 2509 3113 2754 3178; x_wconf 69' lang='lat' dir='ltr'><strong>offertur,</strong></span> <span class='ocrx_word' id='word_1_480' title='bbox 2786 3128 2906 3168; x_wconf 92' lang='lat' dir='ltr'><strong>cum</strong></span> <span class='ocrx_word' id='word_1_481' title='bbox 2953 3128 2983 3167; x_wconf 92' lang='lat' dir='ltr'><strong>a</strong></span> <span class='ocrx_word' id='word_1_482' title='bbox 3012 3113 3208 3167; x_wconf 71' lang='lat' dir='ltr'><strong>sazculo</strong></span> <span class='ocrx_word' id='word_1_483' title='bbox 3253 3127 3373 3168; x_wconf 90' lang='lat' dir='ltr'><strong>esse</strong></span> <span class='ocrx_word' id='word_1_484' title='bbox 3419 3115 3626 3183; x_wconf 70' lang='lat' dir='ltr'><strong>cmpit.’</strong></span> <span class='ocrx_word' id='word_1_485' title='bbox 3652 3112 3845 3167; x_wconf 85' lang='lat' dir='ltr'><strong>Idcirco</strong></span> 
     </span>
    </p>
   </div>
   <div class='ocr_carea' id='block_1_63' title="bbox 572 3207 2169 3282">
    <p class='ocr_par' dir='ltr' id='par_1_63' title="bbox 572 3207 2169 3282">
     <span class='ocr_line' id='line_1_63' title="bbox 572 3207 2169 3282; baseline 0.004 -20"><span class='ocrx_word' id='word_1_486' title='bbox 572 3207 958 3275; x_wconf 74' lang='lat' dir='ltr'><strong>dilectissime,</strong></span> <span class='ocrx_word' id='word_1_487' title='bbox 986 3210 1152 3264; x_wconf 89' lang='lat' dir='ltr'><strong>corda</strong></span> <span class='ocrx_word' id='word_1_488' title='bbox 1184 3220 1367 3266; x_wconf 86' lang='lat' dir='ltr'><strong>vestra</strong></span> <span class='ocrx_word' id='word_1_489' title='bbox 1393 3219 1519 3265; x_wconf 91' lang='lat' dir='ltr'><strong>sunt</strong></span> <span class='ocrx_word' id='word_1_490' title='bbox 1547 3212 1768 3282; x_wconf 78' lang='lat' dir='ltr'><strong>praeﬁxa</strong></span> <span class='ocrx_word' id='word_1_491' title='bbox 1795 3225 1809 3265; x_wconf 92' lang='lat'><strong>:</strong></span> <span class='ocrx_word' id='word_1_492' title='bbox 1841 3220 1896 3266; x_wconf 91' lang='lat' dir='ltr'><strong>et</strong></span> <span class='ocrx_word' id='word_1_493' title='bbox 1936 3213 2056 3267; x_wconf 88' lang='lat' dir='ltr'><strong>ideo</strong></span> <span class='ocrx_word' id='word_1_494' title='bbox 2085 3229 2169 3268; x_wconf 90' lang='lat' dir='ltr'><strong>re-</strong></span> 
     </span>
    </p>
   </div>
   <div class='ocr_carea' id='block_1_64' title="bbox 570 3301 2165 3373">
    <p class='ocr_par' dir='ltr' id='par_1_64' title="bbox 570 3301 2165 3373">
     <span class='ocr_line' id='line_1_64' title="bbox 570 3301 2165 3373; baseline 0.002 -17"><span class='ocrx_word' id='word_1_495' title='bbox 570 3301 714 3356; x_wconf 86' lang='lat' dir='ltr'><strong>lictis</strong></span> <span class='ocrx_word' id='word_1_496' title='bbox 740 3302 924 3368; x_wconf 90' lang='lat' dir='ltr'><strong>rebus,</strong></span> <span class='ocrx_word' id='word_1_497' title='bbox 945 3318 1044 3359; x_wconf 85' lang='lat' dir='ltr'><strong>vos</strong></span> <span class='ocrx_word' id='word_1_498' title='bbox 1071 3319 1172 3373; x_wconf 91' lang='lat' dir='ltr'><strong>pro</strong></span> <span class='ocrx_word' id='word_1_499' title='bbox 1200 3303 1318 3373; x_wconf 89' lang='lat' dir='ltr'><strong>ejus</strong></span> <span class='ocrx_word' id='word_1_500' title='bbox 1345 3319 1550 3369; x_wconf 91' lang='lat' dir='ltr'><strong>amore,</strong></span> <span class='ocrx_word' id='word_1_501' title='bbox 1578 3313 1688 3359; x_wconf 92' lang='lat' dir='ltr'><strong>tam</strong></span> <span class='ocrx_word' id='word_1_502' title='bbox 1716 3313 1936 3359; x_wconf 90' lang='lat' dir='ltr'><strong>strenue</strong></span> <span class='ocrx_word' id='word_1_503' title='bbox 1961 3304 2165 3360; x_wconf 88' lang='lat' dir='ltr'><strong>Christi</strong></span> 
     </span>
    </p>
   </div>
   <div class='ocr_carea' id='block_1_65' title="bbox 570 3393 2166 3468">
    <p class='ocr_par' dir='ltr' id='par_1_65' title="bbox 570 3393 2166 3468">
     <span class='ocr_line' id='line_1_65' title="bbox 570 3393 2166 3468; baseline 0.004 -21"><span class='ocrx_word' id='word_1_504' title='bbox 570 3393 894 3463; x_wconf 89' lang='lat' dir='ltr'><strong>mancipatis</strong></span> <span class='ocrx_word' id='word_1_505' title='bbox 925 3395 1170 3451; x_wconf 90' lang='lat' dir='ltr'><strong>servitio.</strong></span> <span class='ocrx_word' id='word_1_506' title='bbox 1199 3395 1327 3463; x_wconf 66' lang='lat' dir='ltr'><strong>Quae</strong></span> <span class='ocrx_word' id='word_1_507' title='bbox 1356 3397 1560 3468; x_wconf 89' lang='lat' dir='ltr'><strong>putatis</strong></span> <span class='ocrx_word' id='word_1_508' title='bbox 1600 3397 1682 3451; x_wconf 90' lang='lat' dir='ltr'><strong>vis</strong></span> <span class='ocrx_word' id='word_1_509' title='bbox 1719 3406 1884 3462; x_wconf 90' lang='lat' dir='ltr'><strong>esset,</strong></span> <span class='ocrx_word' id='word_1_510' title='bbox 1909 3398 2166 3453; x_wconf 85' lang='lat' dir='ltr'><strong>charissi-</strong></span> 
     </span>
    </p>
   </div>
   <div class='ocr_carea' id='block_1_66' title="bbox 569 3486 2165 3558">
    <p class='ocr_par' dir='ltr' id='par_1_66' title="bbox 569 3486 2165 3558">
     <span class='ocr_line' id='line_1_66' title="bbox 569 3486 2165 3558; baseline 0.001 -17"><span class='ocrx_word' id='word_1_511' title='bbox 569 3501 694 3551; x_wconf 68' lang='lat' dir='ltr'><strong>maa,</strong></span> <span class='ocrx_word' id='word_1_512' title='bbox 722 3502 910 3556; x_wconf 65' lang='lat' dir='ltr'><strong>quaeve</strong></span> <span class='ocrx_word' id='word_1_513' title='bbox 941 3487 1106 3553; x_wconf 89' lang='lat' dir='ltr'><strong>ratio,</strong></span> <span class='ocrx_word' id='word_1_514' title='bbox 1135 3486 1360 3556; x_wconf 75' lang='lat' dir='ltr'><strong>abiectis</strong></span> <span class='ocrx_word' id='word_1_515' title='bbox 1387 3489 1702 3558; x_wconf 89' lang='lat' dir='ltr'><strong>parentibus</strong></span> <span class='ocrx_word' id='word_1_516' title='bbox 1731 3498 1787 3542; x_wconf 90' lang='lat' dir='ltr'><strong>et</strong></span> <span class='ocrx_word' id='word_1_517' title='bbox 1815 3488 2026 3553; x_wconf 89' lang='lat' dir='ltr'><strong>amicis,</strong></span> <span class='ocrx_word' id='word_1_518' title='bbox 2056 3488 2165 3542; x_wconf 87' lang='lat' dir='ltr'><strong>fra-</strong></span> 
     </span>
    </p>
   </div>
   <div class='ocr_carea' id='block_1_67' title="bbox 569 3577 2166 3652">
    <p class='ocr_par' dir='ltr' id='par_1_67' title="bbox 569 3577 2166 3652">
     <span class='ocr_line' id='line_1_67' title="bbox 569 3577 2166 3652; baseline 0.003 -20"><span class='ocrx_word' id='word_1_519' title='bbox 569 3577 745 3634; x_wconf 90' lang='lat' dir='ltr'><strong>tribus</strong></span> <span class='ocrx_word' id='word_1_520' title='bbox 775 3587 831 3634; x_wconf 89' lang='lat' dir='ltr'><strong>et</strong></span> <span class='ocrx_word' id='word_1_521' title='bbox 858 3580 1199 3652; x_wconf 88' lang='lat' dir='ltr'><strong>propinquis,</strong></span> <span class='ocrx_word' id='word_1_522' title='bbox 1227 3590 1282 3635; x_wconf 92' lang='lat' dir='ltr'><strong>et</strong></span> <span class='ocrx_word' id='word_1_523' title='bbox 1304 3581 1454 3636; x_wconf 91' lang='lat' dir='ltr'><strong>omni</strong></span> <span class='ocrx_word' id='word_1_524' title='bbox 1482 3580 1764 3635; x_wconf 83' lang='lat' dir='ltr'><strong>nobilitate</strong></span> <span class='ocrx_word' id='word_1_525' title='bbox 1791 3581 2166 3650; x_wconf 73' lang='lat' dir='ltr'><strong>generis,qu:n</strong></span> 
     </span>
    </p>
   </div>
   <div class='ocr_carea' id='block_1_68' title="bbox 567 3673 2165 3744">
    <p class='ocr_par' dir='ltr' id='par_1_68' title="bbox 567 3673 2165 3744">
     <span class='ocr_line' id='line_1_68' title="bbox 567 3673 2165 3744; baseline 0.001 -19"><span class='ocrx_word' id='word_1_526' title='bbox 567 3682 667 3726; x_wconf 69' lang='lat' dir='ltr'><strong>vos</strong></span> <span class='ocrx_word' id='word_1_527' title='bbox 694 3673 939 3729; x_wconf 86' lang='lat' dir='ltr'><strong>traheret</strong></span> <span class='ocrx_word' id='word_1_528' title='bbox 968 3673 1036 3728; x_wconf 88' lang='lat' dir='ltr'><strong>ad</strong></span> <span class='ocrx_word' id='word_1_529' title='bbox 1069 3682 1181 3729; x_wconf 91' lang='lat' dir='ltr'><strong>tam</strong></span> <span class='ocrx_word' id='word_1_530' title='bbox 1211 3674 1500 3730; x_wconf 59' lang='lat' dir='ltr'><strong>laboriosa</strong></span> <span class='ocrx_word' id='word_1_531' title='bbox 1532 3674 1655 3728; x_wconf 61' lang='lat' dir='ltr'><strong>vita:</strong></span> <span class='ocrx_word' id='word_1_532' title='bbox 1685 3673 1898 3744; x_wconf 88' lang='lat' dir='ltr'><strong>fastigia</strong></span> <span class='ocrx_word' id='word_1_533' title='bbox 1935 3691 1948 3726; x_wconf 91' lang='lat'><strong>:</strong></span> <span class='ocrx_word' id='word_1_534' title='bbox 2000 3673 2074 3727; x_wconf 90' lang='lat' dir='ltr'><strong>ita</strong></span> <span class='ocrx_word' id='word_1_535' title='bbox 2105 3681 2165 3726; x_wconf 92' lang='lat' dir='ltr'><strong>ut</strong></span> 
     </span>
    </p>
   </div>
   <div class='ocr_carea' id='block_1_69' title="bbox 567 3762 2160 3836">
    <p class='ocr_par' dir='ltr' id='par_1_69' title="bbox 567 3762 2160 3836">
     <span class='ocr_line' id='line_1_69' title="bbox 567 3762 2160 3836; baseline 0 -20"><span class='ocrx_word' id='word_1_536' title='bbox 567 3774 668 3831; x_wconf 89' lang='lat' dir='ltr'><strong>pro</strong></span> <span class='ocrx_word' id='word_1_537' title='bbox 700 3762 948 3829; x_wconf 90' lang='lat' dir='ltr'><strong>Domino,</strong></span> <span class='ocrx_word' id='word_1_538' title='bbox 979 3765 1153 3835; x_wconf 85' lang='lat' dir='ltr'><strong>magis</strong></span> <span class='ocrx_word' id='word_1_539' title='bbox 1181 3764 1415 3836; x_wconf 89' lang='lat' dir='ltr'><strong>placeat,</strong></span> <span class='ocrx_word' id='word_1_540' title='bbox 1444 3763 1722 3820; x_wconf 91' lang='lat' dir='ltr'><strong>laboribus</strong></span> <span class='ocrx_word' id='word_1_541' title='bbox 1765 3762 1946 3836; x_wconf 84' lang='lat' dir='ltr'><strong>atlligi,</strong></span> <span class='ocrx_word' id='word_1_542' title='bbox 1997 3778 2160 3834; x_wconf 92' lang='lat' dir='ltr'><strong>quam</strong></span> 
     </span>
    </p>
   </div>
   <div class='ocr_carea' id='block_1_70' title="bbox 570 3853 2162 3913">
    <p class='ocr_par' dir='ltr' id='par_1_70' title="bbox 570 3853 2162 3913">
     <span class='ocr_line' id='line_1_70' title="bbox 570 3853 2162 3913; baseline -0.001 -4"><span class='ocrx_word' id='word_1_543' title='bbox 570 3854 625 3909; x_wconf 92' lang='lat' dir='ltr'><strong>in</strong></span> <span class='ocrx_word' id='word_1_544' title='bbox 657 3854 855 3910; x_wconf 84' lang='lat' dir='ltr'><strong>saeculo</strong></span> <span class='ocrx_word' id='word_1_545' title='bbox 880 3855 1179 3913; x_wconf 88' lang='lat' dir='ltr'><strong>honoribus</strong></span> <span class='ocrx_word' id='word_1_546' title='bbox 1202 3868 1258 3912; x_wconf 90' lang='lat' dir='ltr'><strong>et</strong></span> <span class='ocrx_word' id='word_1_547' title='bbox 1284 3857 1696 3912; x_wconf 88' lang='lat' dir='ltr'><strong>oblectamentis</strong></span> <span class='ocrx_word' id='word_1_548' title='bbox 1733 3856 1899 3910; x_wconf 89' lang='lat' dir='ltr'><strong>variis</strong></span> <span class='ocrx_word' id='word_1_549' title='bbox 1930 3853 2162 3910; x_wconf 81' lang='lat' dir='ltr'><strong>extolli?</strong></span> 
     </span>
    </p>
   </div>
   <div class='ocr_carea' id='block_1_71' title="bbox 569 3945 2161 4022">
    <p class='ocr_par' dir='ltr' id='par_1_71' title="bbox 569 3945 2161 4022">
     <span class='ocr_line' id='line_1_71' title="bbox 569 3945 2161 4022; baseline -0.001 -20"><span class='ocrx_word' id='word_1_550' title='bbox 569 3945 685 4002; x_wconf 84' lang='lat' dir='ltr'><strong>Nec</strong></span> <span class='ocrx_word' id='word_1_551' title='bbox 705 3947 873 4016; x_wconf 84' lang='lat' dir='ltr'><strong>igitur</strong></span> <span class='ocrx_word' id='word_1_552' title='bbox 901 3948 1100 4003; x_wconf 91' lang='lat' dir='ltr'><strong>mirum</strong></span> <span class='ocrx_word' id='word_1_553' title='bbox 1125 3949 1251 4019; x_wconf 86' lang='lat' dir='ltr'><strong>quia</strong></span> <span class='ocrx_word' id='word_1_554' title='bbox 1286 3963 1518 4022; x_wconf 87' lang='lat' dir='ltr'><strong>sponsus</strong></span> <span class='ocrx_word' id='word_1_555' title='bbox 1542 3957 1723 4002; x_wconf 90' lang='lat' dir='ltr'><strong>vester</strong></span> <span class='ocrx_word' id='word_1_556' title='bbox 1755 3948 1868 4002; x_wconf 90' lang='lat' dir='ltr'><strong>suis</strong></span> <span class='ocrx_word' id='word_1_557' title='bbox 1899 3962 1995 4001; x_wconf 92' lang='lat' dir='ltr'><strong>vos</strong></span> <span class='ocrx_word' id='word_1_558' title='bbox 2018 3947 2161 4001; x_wconf 91' lang='lat' dir='ltr'><strong>intus</strong></span> 
     </span>
    </p>
   </div>
   <div class='ocr_carea' id='block_1_72' title="bbox 570 4037 2159 4109">
    <p class='ocr_par' dir='ltr' id='par_1_72' title="bbox 570 4037 2159 4109">
     <span class='ocr_line' id='line_1_72' title="bbox 570 4037 2159 4109; baseline 0.001 -19"><span class='ocrx_word' id='word_1_559' title='bbox 570 4037 878 4094; x_wconf 86' lang='lat' dir='ltr'><strong>vulneravit</strong></span> <span class='ocrx_word' id='word_1_560' title='bbox 941 4039 1194 4109; x_wconf 79' lang='lat' dir='ltr'><strong>sagittis,</strong></span> <span class='ocrx_word' id='word_1_561' title='bbox 1259 4055 1381 4093; x_wconf 90' lang='lat' dir='ltr'><strong>cum</strong></span> <span class='ocrx_word' id='word_1_562' title='bbox 1455 4037 1766 4092; x_wconf 85' lang='lat' dir='ltr'><strong>carbonibus</strong></span> <span class='ocrx_word' id='word_1_563' title='bbox 1831 4037 2159 4091; x_wconf 87' lang='lat' dir='ltr'><strong>desolatoriis</strong></span> 
     </span>
    </p>
   </div>
   <div class='ocr_carea' id='block_1_73' title="bbox 569 4129 2160 4205">
    <p class='ocr_par' dir='ltr' id='par_1_73' title="bbox 569 4129 2160 4205">
     <span class='ocr_line' id='line_1_73' title="bbox 569 4129 2160 4205; baseline 0 -21"><span class='ocrx_word' id='word_1_564' title='bbox 569 4129 746 4202; x_wconf 87' lang='lat' dir='ltr'><strong>(Psal.</strong></span> <span class='ocrx_word' id='word_1_565' title='bbox 777 4145 930 4197; x_wconf 86' lang='lat' dir='ltr'><strong>cxtx,</strong></span> <span class='ocrx_word' id='word_1_566' title='bbox 954 4130 1035 4205; x_wconf 76' lang='grc'><strong>4).</strong></span> <span class='ocrx_word' id='word_1_567' title='bbox 1087 4130 1218 4199; x_wconf 70' lang='lat' dir='ltr'><strong>Quae</strong></span> <span class='ocrx_word' id='word_1_568' title='bbox 1243 4131 1499 4186; x_wconf 91' lang='lat' dir='ltr'><strong>nimirum</strong></span> <span class='ocrx_word' id='word_1_569' title='bbox 1532 4131 1743 4201; x_wconf 71' lang='lat' dir='ltr'><strong>sagitta:</strong></span> <span class='ocrx_word' id='word_1_570' title='bbox 1766 4129 2160 4200; x_wconf 74' lang='lat' dir='ltr'><strong>potentissima:</strong></span> 
     </span>
    </p>
   </div>
   <div class='ocr_carea' id='block_1_74' title="bbox 569 4222 2159 4294">
    <p class='ocr_par' dir='ltr' id='par_1_74' title="bbox 569 4222 2159 4294">
     <span class='ocr_line' id='line_1_74' title="bbox 569 4222 2159 4294; baseline -0.001 -14"><span class='ocrx_word' id='word_1_571' title='bbox 569 4225 846 4280; x_wconf 91' lang='lat' dir='ltr'><strong>dicuntur.</strong></span> <span class='ocrx_word' id='word_1_572' title='bbox 887 4223 968 4280; x_wconf 87' lang='lat' dir='ltr'><strong>Ex</strong></span> <span class='ocrx_word' id='word_1_573' title='bbox 993 4223 1194 4294; x_wconf 86' lang='lat' dir='ltr'><strong>quibus</strong></span> <span class='ocrx_word' id='word_1_574' title='bbox 1235 4223 1420 4293; x_wconf 89' lang='lat' dir='ltr'><strong>utique</strong></span> <span class='ocrx_word' id='word_1_575' title='bbox 1445 4222 1658 4294; x_wconf 88' lang='lat' dir='ltr'><strong>sagittis</strong></span> <span class='ocrx_word' id='word_1_576' title='bbox 1695 4222 1892 4278; x_wconf 82' lang='lat' dir='ltr'><strong>confixi</strong></span> <span class='ocrx_word' id='word_1_577' title='bbox 1923 4230 2159 4278; x_wconf 87' lang='lat' dir='ltr'><strong>erantet</strong></span> 
     </span>
    </p>
   </div>
   <div class='ocr_carea' id='block_1_75' title="bbox 567 4301 2156 4384">
    <p class='ocr_par' dir='ltr' id='par_1_75' title="bbox 567 4301 2156 4384">
     <span class='ocr_line' id='line_1_75' title="bbox 567 4301 2156 4384; baseline -0.003 -13"><span class='ocrx_word' id='word_1_578' title='bbox 567 4315 860 4378; x_wconf 67' lang='lat' dir='ltr'><strong>Vulnerati,</strong></span> <span class='ocrx_word' id='word_1_579' title='bbox 883 4315 976 4384; x_wconf 91' lang='lat' dir='ltr'><strong>qui</strong></span> <span class='ocrx_word' id='word_1_580' title='bbox 1005 4313 1301 4370; x_wconf 89' lang='lat' dir='ltr'><strong>dicebant:</strong></span> <span class='ocrx_word' id='word_1_581' title='bbox 1334 4301 1642 4367; x_wconf 28' lang='lat' dir='ltr'><strong>Nonne-cor</strong></span> <span class='ocrx_word' id='word_1_582' title='bbox 1685 4323 1920 4368; x_wconf 88' lang='lat' dir='ltr'><strong>nostrum</strong></span> <span class='ocrx_word' id='word_1_583' title='bbox 1965 4311 2156 4366; x_wconf 85' lang='lat' dir='ltr'><strong>ardens</strong></span> 
     </span>
    </p>
   </div>
   <div class='ocr_carea' id='block_1_76' title="bbox 2269 3204 3844 3278">
    <p class='ocr_par' dir='ltr' id='par_1_76' title="bbox 2269 3204 3844 3278">
     <span class='ocr_line' id='line_1_76' title="bbox 2269 3204 3844 3278; baseline -0.002 -17"><span class='ocrx_word' id='word_1_584' title='bbox 2269 3207 2421 3278; x_wconf 87' lang='lat' dir='ltr'><strong>prius</strong></span> <span class='ocrx_word' id='word_1_585' title='bbox 2473 3207 2736 3276; x_wconf 77' lang='lat' dir='ltr'><strong>praemisit</strong></span> <span class='ocrx_word' id='word_1_586' title='bbox 2779 3204 3007 3260; x_wconf 88' lang='lat' dir='ltr'><strong>formam</strong></span> <span class='ocrx_word' id='word_1_587' title='bbox 3039 3205 3358 3276; x_wconf 75' lang='lat' dir='ltr'><strong>regnantis-z</strong></span> <span class='ocrx_word' id='word_1_588' title='bbox 3405 3206 3664 3275; x_wconf 88' lang='lat' dir='ltr'><strong>quoniam</strong></span> <span class='ocrx_word' id='word_1_589' title='bbox 3699 3218 3844 3258; x_wconf 88' lang='lat' dir='ltr'><strong>nemo</strong></span> 
     </span>
    </p>
   </div>
   <div class='ocr_carea' id='block_1_77' title="bbox 2268 3297 3842 3366">
    <p class='ocr_par' dir='ltr' id='par_1_77' title="bbox 2268 3297 3842 3366">
     <span class='ocr_line' id='line_1_77' title="bbox 2268 3297 3842 3366; baseline -0.002 -14"><span class='ocrx_word' id='word_1_590' title='bbox 2268 3311 2385 3363; x_wconf 81' lang='lat' dir='ltr'><strong>rex,</strong></span> <span class='ocrx_word' id='word_1_591' title='bbox 2422 3297 2525 3352; x_wconf 91' lang='lat' dir='ltr'><strong>nisi</strong></span> <span class='ocrx_word' id='word_1_592' title='bbox 2554 3313 2621 3352; x_wconf 88' lang='lat' dir='ltr'><strong>ex</strong></span> <span class='ocrx_word' id='word_1_593' title='bbox 2647 3299 2891 3360; x_wconf 88' lang='lat' dir='ltr'><strong>veritate,</strong></span> <span class='ocrx_word' id='word_1_594' title='bbox 2947 3306 3004 3352; x_wconf 93' lang='lat' dir='ltr'><strong>et</strong></span> <span class='ocrx_word' id='word_1_595' title='bbox 3039 3298 3472 3363; x_wconf 91' lang='lat' dir='ltr'><strong>mansuetudine,</strong></span> <span class='ocrx_word' id='word_1_596' title='bbox 3527 3307 3582 3352; x_wconf 92' lang='lat' dir='ltr'><strong>et</strong></span> <span class='ocrx_word' id='word_1_597' title='bbox 3621 3297 3842 3366; x_wconf 81' lang='lat' dir='ltr'><strong>justitia,</strong></span> 
     </span>
    </p>
   </div>
   <div class='ocr_carea' id='block_1_78' title="bbox 2261 3387 3846 3460">
    <p class='ocr_par' dir='ltr' id='par_1_78' title="bbox 2261 3387 3846 3460">
     <span class='ocr_line' id='line_1_78' title="bbox 2261 3387 3846 3460; baseline -0.002 -17"><span class='ocrx_word' id='word_1_598' title='bbox 2261 3387 2384 3458; x_wconf 86' lang='lat' dir='ltr'><strong>jure</strong></span> <span class='ocrx_word' id='word_1_599' title='bbox 2410 3390 2658 3444; x_wconf 89' lang='lat' dir='ltr'><strong>habetur.</strong></span> <span class='ocrx_word' id='word_1_600' title='bbox 2693 3389 2821 3444; x_wconf 91' lang='lat' dir='ltr'><strong>Sine</strong></span> <span class='ocrx_word' id='word_1_601' title='bbox 2847 3389 3044 3460; x_wconf 89' lang='lat' dir='ltr'><strong>quibus</strong></span> <span class='ocrx_word' id='word_1_602' title='bbox 3075 3390 3369 3445; x_wconf 90' lang='lat' dir='ltr'><strong>virtutibus</strong></span> <span class='ocrx_word' id='word_1_603' title='bbox 3390 3389 3571 3460; x_wconf 88' lang='lat' dir='ltr'><strong>potius</strong></span> <span class='ocrx_word' id='word_1_604' title='bbox 3596 3399 3846 3460; x_wconf 83' lang='lat' dir='ltr'><strong>tyrannus</strong></span> 
     </span>
    </p>
   </div>
   <div class='ocr_carea' id='block_1_79' title="bbox 2265 3480 3260 3550">
    <p class='ocr_par' dir='ltr' id='par_1_79' title="bbox 2265 3480 3260 3550">
     <span class='ocr_line' id='line_1_79' title="bbox 2265 3480 3260 3550; baseline 0.003 -17"><span class='ocrx_word' id='word_1_605' title='bbox 2265 3480 2496 3550; x_wconf 90' lang='lat' dir='ltr'><strong>quisque</strong></span> <span class='ocrx_word' id='word_1_606' title='bbox 2519 3496 2682 3550; x_wconf 89' lang='lat' dir='ltr'><strong>quam</strong></span> <span class='ocrx_word' id='word_1_607' title='bbox 2710 3497 2805 3537; x_wconf 86' lang='lat' dir='ltr'><strong>rex</strong></span> <span class='ocrx_word' id='word_1_608' title='bbox 2822 3495 2945 3536; x_wconf 75' lang='lat' dir='ltr'><strong>esse</strong></span> <span class='ocrx_word' id='word_1_609' title='bbox 2975 3482 3260 3550; x_wconf 87' lang='lat' dir='ltr'><strong>probatur.</strong></span> 
     </span>
    </p>
   </div>
   <div class='ocr_carea' id='block_1_80' title="bbox 2342 3591 3843 3665">
    <p class='ocr_par' dir='ltr' id='par_1_80' title="bbox 2342 3591 3843 3665">
     <span class='ocr_line' id='line_1_80' title="bbox 2342 3591 3843 3665; baseline -0.003 -16"><span class='ocrx_word' id='word_1_610' title='bbox 2342 3593 2492 3649; x_wconf 91' lang='lat' dir='ltr'><strong>Unde</strong></span> <span class='ocrx_word' id='word_1_611' title='bbox 2518 3595 2764 3664; x_wconf 88' lang='lat' dir='ltr'><strong>sequitur</strong></span> <span class='ocrx_word' id='word_1_612' title='bbox 2787 3600 2808 3648; x_wconf 88' lang='lat'><strong>‘.</strong></span> <span class='ocrx_word' id='word_1_613' title='bbox 2832 3591 3081 3654; x_wconf 74' lang='lat' dir='ltr'><strong>Dilexisti</strong></span> <span class='ocrx_word' id='word_1_614' title='bbox 3092 3596 3381 3665; x_wconf 86' lang='lat' dir='ltr'><strong>justitiam,</strong></span> <span class='ocrx_word' id='word_1_615' title='bbox 3413 3603 3460 3648; x_wconf 88' lang='lat' dir='ltr'><strong>et</strong></span> <span class='ocrx_word' id='word_1_616' title='bbox 3481 3595 3641 3648; x_wconf 79' lang='lat' dir='ltr'><strong>odisti</strong></span> <span class='ocrx_word' id='word_1_617' title='bbox 3660 3592 3843 3662; x_wconf 76' lang='lat' dir='ltr'><strong>iniqui-</strong></span> 
     </span>
    </p>
   </div>
   <div class='ocr_carea' id='block_1_81' title="bbox 2264 3684 3846 3758">
    <p class='ocr_par' dir='ltr' id='par_1_81' title="bbox 2264 3684 3846 3758">
     <span class='ocr_line' id='line_1_81' title="bbox 2264 3684 3846 3758; baseline 0.001 -20"><span class='ocrx_word' id='word_1_618' title='bbox 2264 3693 2441 3740; x_wconf 91' lang='lat' dir='ltr'><strong>tatem.</strong></span> <span class='ocrx_word' id='word_1_619' title='bbox 2474 3684 2616 3739; x_wconf 91' lang='lat' dir='ltr'><strong>Nihil</strong></span> <span class='ocrx_word' id='word_1_620' title='bbox 2638 3687 2781 3741; x_wconf 90' lang='lat' dir='ltr'><strong>enim</strong></span> <span class='ocrx_word' id='word_1_621' title='bbox 2803 3695 2912 3744; x_wconf 85' lang='lat' dir='ltr'><strong>tam</strong></span> <span class='ocrx_word' id='word_1_622' title='bbox 2935 3688 3212 3758; x_wconf 87' lang='lat' dir='ltr'><strong>proprium</strong></span> <span class='ocrx_word' id='word_1_623' title='bbox 3237 3687 3290 3741; x_wconf 93' lang='lat' dir='ltr'><strong>in</strong></span> <span class='ocrx_word' id='word_1_624' title='bbox 3315 3688 3558 3756; x_wconf 82' lang='lat' dir='ltr'><strong>regibus,</strong></span> <span class='ocrx_word' id='word_1_625' title='bbox 3577 3702 3736 3755; x_wconf 88' lang='lat' dir='ltr'><strong>quam</strong></span> <span class='ocrx_word' id='word_1_626' title='bbox 3757 3700 3846 3739; x_wconf 77' lang='lat' dir='ltr'><strong>ve-</strong></span> 
     </span>
    </p>
   </div>
   <div class='ocr_carea' id='block_1_82' title="bbox 2265 3777 3846 3848">
    <p class='ocr_par' dir='ltr' id='par_1_82' title="bbox 2265 3777 3846 3848">
     <span class='ocr_line' id='line_1_82' title="bbox 2265 3777 3846 3848; baseline -0.001 -18"><span class='ocrx_word' id='word_1_627' title='bbox 2265 3777 2401 3830; x_wconf 86' lang='lat' dir='ltr'><strong>ritas</strong></span> <span class='ocrx_word' id='word_1_628' title='bbox 2421 3777 2733 3847; x_wconf 87' lang='lat' dir='ltr'><strong>etjnslitia;</strong></span> <span class='ocrx_word' id='word_1_629' title='bbox 2768 3779 3009 3848; x_wconf 86' lang='lat' dir='ltr'><strong>nihilque</strong></span> <span class='ocrx_word' id='word_1_630' title='bbox 3040 3788 3146 3832; x_wconf 90' lang='lat' dir='ltr'><strong>tam</strong></span> <span class='ocrx_word' id='word_1_631' title='bbox 3191 3779 3479 3833; x_wconf 91' lang='lat' dir='ltr'><strong>honestum</strong></span> <span class='ocrx_word' id='word_1_632' title='bbox 3513 3792 3674 3848; x_wconf 86' lang='lat' dir='ltr'><strong>quam</strong></span> <span class='ocrx_word' id='word_1_633' title='bbox 3695 3792 3846 3830; x_wconf 85' lang='lat' dir='ltr'><strong>man-</strong></span> 
     </span>
    </p>
   </div>
   <div class='ocr_carea' id='block_1_83' title="bbox 2264 3868 3850 3941">
    <p class='ocr_par' dir='ltr' id='par_1_83' title="bbox 2264 3868 3850 3941">
     <span class='ocr_line' id='line_1_83' title="bbox 2264 3868 3850 3941; baseline -0.001 -18"><span class='ocrx_word' id='word_1_634' title='bbox 2264 3869 2511 3923; x_wconf 89' lang='lat' dir='ltr'><strong>suetudo.</strong></span> <span class='ocrx_word' id='word_1_635' title='bbox 2530 3868 2664 3936; x_wconf 89' lang='lat' dir='ltr'><strong>Quia</strong></span> <span class='ocrx_word' id='word_1_636' title='bbox 2681 3885 2781 3926; x_wconf 90' lang='lat' dir='ltr'><strong>nec</strong></span> <span class='ocrx_word' id='word_1_637' title='bbox 2791 3871 3004 3941; x_wconf 87' lang='lat' dir='ltr'><strong>justitia</strong></span> <span class='ocrx_word' id='word_1_638' title='bbox 3019 3871 3137 3925; x_wconf 91' lang='lat' dir='ltr'><strong>sine</strong></span> <span class='ocrx_word' id='word_1_639' title='bbox 3153 3871 3384 3926; x_wconf 89' lang='lat' dir='ltr'><strong>veritate</strong></span> <span class='ocrx_word' id='word_1_640' title='bbox 3397 3879 3656 3940; x_wconf 88' lang='lat' dir='ltr'><strong>percepta</strong></span> <span class='ocrx_word' id='word_1_641' title='bbox 3674 3878 3850 3924; x_wconf 87' lang='lat' dir='ltr'><strong>custo-</strong></span> 
     </span>
    </p>
   </div>
   <div class='ocr_carea' id='block_1_84' title="bbox 2264 3960 3848 4033">
    <p class='ocr_par' dir='ltr' id='par_1_84' title="bbox 2264 3960 3848 4033">
     <span class='ocr_line' id='line_1_84' title="bbox 2264 3960 3848 4033; baseline 0 -20"><span class='ocrx_word' id='word_1_642' title='bbox 2264 3961 2437 4026; x_wconf 93' lang='lat' dir='ltr'><strong>ditur;</strong></span> <span class='ocrx_word' id='word_1_643' title='bbox 2463 3975 2561 4016; x_wconf 90' lang='lat' dir='ltr'><strong>nec</strong></span> <span class='ocrx_word' id='word_1_644' title='bbox 2585 3962 2788 4018; x_wconf 90' lang='lat' dir='ltr'><strong>veritas</strong></span> <span class='ocrx_word' id='word_1_645' title='bbox 2818 3963 3180 4033; x_wconf 88' lang='lat' dir='ltr'><strong>injudicando</strong></span> <span class='ocrx_word' id='word_1_646' title='bbox 3202 3962 3320 4018; x_wconf 90' lang='lat' dir='ltr'><strong>sine</strong></span> <span class='ocrx_word' id='word_1_647' title='bbox 3357 3961 3571 4030; x_wconf 76' lang='lat' dir='ltr'><strong>iustitia</strong></span> <span class='ocrx_word' id='word_1_648' title='bbox 3592 3960 3848 4030; x_wconf 86' lang='lat' dir='ltr'><strong>adimple-</strong></span> 
     </span>
    </p>
   </div>
   <div class='ocr_carea' id='block_1_85' title="bbox 2264 4052 3852 4125">
    <p class='ocr_par' dir='ltr' id='par_1_85' title="bbox 2264 4052 3852 4125">
     <span class='ocr_line' id='line_1_85' title="bbox 2264 4052 3852 4125; baseline 0.001 -21"><span class='ocrx_word' id='word_1_649' title='bbox 2264 4059 2371 4105; x_wconf 92' lang='lat' dir='ltr'><strong>tur.</strong></span> <span class='ocrx_word' id='word_1_650' title='bbox 2389 4052 2444 4105; x_wconf 90' lang='lat' dir='ltr'><strong>ln</strong></span> <span class='ocrx_word' id='word_1_651' title='bbox 2454 4061 2535 4106; x_wconf 90' lang='lat' dir='ltr'><strong>ter</strong></span> <span class='ocrx_word' id='word_1_652' title='bbox 2558 4061 2814 4122; x_wconf 86' lang='lat' dir='ltr'><strong>utrasque</strong></span> <span class='ocrx_word' id='word_1_653' title='bbox 2837 4054 3000 4125; x_wconf 87' lang='lat' dir='ltr'><strong>igitur</strong></span> <span class='ocrx_word' id='word_1_654' title='bbox 3021 4055 3270 4120; x_wconf 90' lang='lat' dir='ltr'><strong>virtutes,</strong></span> <span class='ocrx_word' id='word_1_655' title='bbox 3289 4055 3464 4109; x_wconf 90' lang='lat' dir='ltr'><strong>media</strong></span> <span class='ocrx_word' id='word_1_656' title='bbox 3493 4052 3852 4108; x_wconf 85' lang='lat' dir='ltr'><strong>mansuetudo</strong></span> 
     </span>
    </p>
   </div>
   <div class='ocr_carea' id='block_1_86' title="bbox 2261 4143 3852 4217">
    <p class='ocr_par' dir='ltr' id='par_1_86' title="bbox 2261 4143 3852 4217">
     <span class='ocr_line' id='line_1_86' title="bbox 2261 4143 3852 4217; baseline -0.002 -17"><span class='ocrx_word' id='word_1_657' title='bbox 2261 4143 2580 4211; x_wconf 89' lang='lat' dir='ltr'><strong>collocatur,</strong></span> <span class='ocrx_word' id='word_1_658' title='bbox 2609 4155 2666 4199; x_wconf 91' lang='lat' dir='ltr'><strong>ut</strong></span> <span class='ocrx_word' id='word_1_659' title='bbox 2697 4146 3009 4217; x_wconf 88' lang='lat' dir='ltr'><strong>diligentius</strong></span> <span class='ocrx_word' id='word_1_660' title='bbox 3041 4161 3165 4201; x_wconf 93' lang='lat' dir='ltr'><strong>cum</strong></span> <span class='ocrx_word' id='word_1_661' title='bbox 3218 4145 3610 4216; x_wconf 87' lang='lat' dir='ltr'><strong>tranquillitate</strong></span> <span class='ocrx_word' id='word_1_662' title='bbox 3649 4145 3852 4198; x_wconf 75' lang='lat' dir='ltr'><strong>veritas</strong></span> 
     </span>
    </p>
   </div>
   <div class='ocr_carea' id='block_1_87' title="bbox 2265 4236 3857 4308">
    <p class='ocr_par' dir='ltr' id='par_1_87' title="bbox 2265 4236 3857 4308">
     <span class='ocr_line' id='line_1_87' title="bbox 2265 4236 3857 4308; baseline -0.003 -16"><span class='ocrx_word' id='word_1_663' title='bbox 2265 4236 2476 4307; x_wconf 81' lang='lat'><strong>1273</strong></span> <span class='ocrx_word' id='word_1_664' title='bbox 2500 4237 2553 4290; x_wconf 90' lang='lat' dir='ltr'><strong>in</strong></span> <span class='ocrx_word' id='word_1_665' title='bbox 2580 4237 2808 4305; x_wconf 82' lang='lat' dir='ltr'><strong>negotiis</strong></span> <span class='ocrx_word' id='word_1_666' title='bbox 2833 4237 3086 4308; x_wconf 89' lang='lat' dir='ltr'><strong>eligatur,</strong></span> <span class='ocrx_word' id='word_1_667' title='bbox 3103 4247 3158 4292; x_wconf 90' lang='lat' dir='ltr'><strong>et</strong></span> <span class='ocrx_word' id='word_1_668' title='bbox 3177 4236 3388 4306; x_wconf 87' lang='lat' dir='ltr'><strong>justitia</strong></span> <span class='ocrx_word' id='word_1_669' title='bbox 3414 4237 3707 4307; x_wconf 87' lang='lat' dir='ltr'><strong>unicuique</strong></span> <span class='ocrx_word' id='word_1_670' title='bbox 3733 4249 3857 4304; x_wconf 61' lang='lat' dir='ltr'><strong>qua</strong></span> 
     </span>
    </p>
   </div>
   <div class='ocr_carea' id='block_1_88' title="bbox 2261 4326 3856 4398">
    <p class='ocr_par' dir='ltr' id='par_1_88' title="bbox 2261 4326 3856 4398">
     <span class='ocr_line' id='line_1_88' title="bbox 2261 4326 3856 4398; baseline -0.001 -18"><span class='ocrx_word' id='word_1_671' title='bbox 2261 4341 2357 4381; x_wconf 91' lang='lat' dir='ltr'><strong>sua</strong></span> <span class='ocrx_word' id='word_1_672' title='bbox 2384 4334 2512 4380; x_wconf 90' lang='lat' dir='ltr'><strong>sunt</strong></span> <span class='ocrx_word' id='word_1_673' title='bbox 2532 4326 2828 4382; x_wconf 90' lang='lat' dir='ltr'><strong>modestius</strong></span> <span class='ocrx_word' id='word_1_674' title='bbox 2852 4327 3223 4382; x_wconf 82' lang='lat' dir='ltr'><strong>conservando</strong></span> <span class='ocrx_word' id='word_1_675' title='bbox 3243 4368 3258 4392; x_wconf 92' lang='lat'><strong>,</strong></span> <span class='ocrx_word' id='word_1_676' title='bbox 3290 4326 3540 4398; x_wconf 89' lang='lat' dir='ltr'><strong>partibus</strong></span> <span class='ocrx_word' id='word_1_677' title='bbox 3564 4329 3681 4381; x_wconf 89' lang='lat' dir='ltr'><strong>suis</strong></span> <span class='ocrx_word' id='word_1_678' title='bbox 3703 4339 3856 4380; x_wconf 86' lang='lat' dir='ltr'><strong>com—</strong></span> 
     </span>
    </p>
   </div>
   <div class='ocr_carea' id='block_1_89' title="bbox 568 4403 2170 4502">
    <p class='ocr_par' dir='ltr' id='par_1_89' title="bbox 568 4403 2154 4477">
     <span class='ocr_line' id='line_1_89' title="bbox 568 4403 2154 4477; baseline -0.004 -15"><span class='ocrx_word' id='word_1_679' title='bbox 568 4407 758 4462; x_wconf 89' lang='lat' dir='ltr'><strong>eratin</strong></span> <span class='ocrx_word' id='word_1_680' title='bbox 781 4406 951 4472; x_wconf 72' lang='lat' dir='ltr'><strong>nobis,</strong></span> <span class='ocrx_word' id='word_1_681' title='bbox 979 4406 1105 4460; x_wconf 87' lang='lat' dir='ltr'><strong>dum</strong></span> <span class='ocrx_word' id='word_1_682' title='bbox 1127 4405 1428 4477; x_wconf 87' lang='lat' dir='ltr'><strong>loqueretur</strong></span> <span class='ocrx_word' id='word_1_683' title='bbox 1465 4405 1521 4459; x_wconf 91' lang='lat' dir='ltr'><strong>in</strong></span> <span class='ocrx_word' id='word_1_684' title='bbox 1546 4403 1654 4469; x_wconf 82' lang='lat' dir='ltr'><strong>uia,</strong></span> <span class='ocrx_word' id='word_1_685' title='bbox 1694 4414 1742 4458; x_wconf 86' lang='lat' dir='ltr'><strong>et</strong></span> <span class='ocrx_word' id='word_1_686' title='bbox 1767 4404 1992 4474; x_wconf 86' lang='lat' dir='ltr'><strong>aperiret</strong></span> <span class='ocrx_word' id='word_1_687' title='bbox 2009 4403 2154 4457; x_wconf 90' lang='lat' dir='ltr'><strong>nobis</strong></span> 
     </span>
    </p>
   </div>
   <div class='ocr_carea' id='block_1_90' title="bbox 2272 4403 3856 4502">
    <p class='ocr_par' dir='ltr' id='par_1_90' title="bbox 2272 4413 3856 4486">
     <span class='ocr_line' id='line_1_90' title="bbox 2272 4413 3856 4486; baseline -0.001 -16"><span class='ocrx_word' id='word_1_688' title='bbox 2272 4415 2490 4486; x_wconf 77' lang='lat' dir='ltr'><strong>pleatur.</strong></span> <span class='ocrx_word' id='word_1_689' title='bbox 2519 4415 2813 4486; x_wconf 90' lang='lat' dir='ltr'><strong>Propterea</strong></span> <span class='ocrx_word' id='word_1_690' title='bbox 2840 4415 3096 4475; x_wconf 76' lang='lat' dir='ltr'><strong>Dominut</strong></span> <span class='ocrx_word' id='word_1_691' title='bbox 3180 4416 3375 4471; x_wconf 86' lang='lat' dir='ltr'><strong>Discite</strong></span> <span class='ocrx_word' id='word_1_692' title='bbox 3418 4433 3451 4470; x_wconf 87' lang='lat' dir='ltr'><strong>a</strong></span> <span class='ocrx_word' id='word_1_693' title='bbox 3501 4432 3602 4478; x_wconf 84' lang='lat' dir='ltr'><strong>me,</strong></span> <span class='ocrx_word' id='word_1_694' title='bbox 3650 4413 3856 4486; x_wconf 81' lang='lat' dir='ltr'><strong>inquit,</strong></span> 
     </span>
    </p>
   </div>
   <div class='ocr_carea' id='block_1_91' title="bbox 570 4494 3853 4580">
    <p class='ocr_par' dir='ltr' id='par_1_91' title="bbox 570 4494 3853 4580">
     <span class='ocr_line' id='line_1_91' title="bbox 570 4494 3853 4580; baseline -0.003 -10"><span class='ocrx_word' id='word_1_695' title='bbox 570 4497 926 4569; x_wconf 62' lang='grc' dir='ltr'><strong>δενδρίυταεῗ</strong></span> <span class='ocrx_word' id='word_1_696' title='bbox 963 4496 1115 4569; x_wconf 73' lang='grc' dir='ltr'><strong>(ιαεο</strong></span> <span class='ocrx_word' id='word_1_697' title='bbox 1173 4511 1322 4562; x_wconf 67' lang='grc' dir='ltr'><strong><em>ιιινν</em></strong></span> <span class='ocrx_word' id='word_1_698' title='bbox 1375 4494 1492 4567; x_wconf 62' lang='lat'><strong>52-)</strong></span> <span class='ocrx_word' id='word_1_699' title='bbox 1539 4494 1820 4565; x_wconf 71' lang='grc' dir='ltr'><strong>δίίιιιίάεω</strong></span> <span class='ocrx_word' id='word_1_700' title='bbox 1865 4494 1976 4566; x_wconf 68' lang='lat' dir='ltr'><strong>ipse</strong></span> <span class='ocrx_word' id='word_1_701' title='bbox 2006 4494 2073 4550; x_wconf 68' lang='lat' dir='ltr'><strong>de</strong></span> <span class='ocrx_word' id='word_1_702' title='bbox 2095 4510 2154 4550; x_wconf 69' lang='lat' dir='ltr'><strong><em>se</em></strong></span> <span class='ocrx_word' id='word_1_703' title='bbox 2181 4494 2225 4502; x_wconf 61' lang='lat'><strong>-</strong></span> <span class='ocrx_word' id='word_1_704' title='bbox 2256 4508 2381 4577; x_wconf 87' lang='lat' dir='ltr'><strong>quia</strong></span> <span class='ocrx_word' id='word_1_705' title='bbox 2405 4508 2546 4562; x_wconf 89' lang='lat' dir='ltr'><strong>mitis</strong></span> <span class='ocrx_word' id='word_1_706' title='bbox 2566 4525 2683 4562; x_wconf 86' lang='lat' dir='ltr'><strong>sum</strong></span> <span class='ocrx_word' id='word_1_707' title='bbox 2706 4518 2752 4563; x_wconf 91' lang='lat' dir='ltr'><strong>et</strong></span> <span class='ocrx_word' id='word_1_708' title='bbox 2781 4508 2995 4563; x_wconf 80' lang='lat' dir='ltr'><strong>humilis</strong></span> <span class='ocrx_word' id='word_1_709' title='bbox 3016 4507 3173 4562; x_wconf 89' lang='lat' dir='ltr'><strong>corde</strong></span> <span class='ocrx_word' id='word_1_710' title='bbox 3194 4506 3412 4580; x_wconf 78' lang='lat' dir='ltr'><strong>(Matth.</strong></span> <span class='ocrx_word' id='word_1_711' title='bbox 3437 4524 3519 4575; x_wconf 82' lang='lat' dir='ltr'><strong>xl,</strong></span> <span class='ocrx_word' id='word_1_712' title='bbox 3549 4509 3662 4580; x_wconf 74' lang='lat'><strong>29).</strong></span> <span class='ocrx_word' id='word_1_713' title='bbox 3694 4507 3853 4574; x_wconf 85' lang='lat' dir='ltr'><strong>Quo-</strong></span> 
     </span>
    </p>
   </div>
   <div class='ocr_carea' id='block_1_92' title="bbox 568 4589 3862 4667">
    <p class='ocr_par' dir='ltr' id='par_1_92' title="bbox 568 4589 3862 4667">
     <span class='ocr_line' id='line_1_92' title="bbox 568 4589 3862 4667; baseline -0.001 -19"><span class='ocrx_word' id='word_1_714' title='bbox 568 4607 666 4665; x_wconf 71' lang='grc' dir='ltr'><strong>ρει</strong></span> <span class='ocrx_word' id='word_1_715' title='bbox 712 4592 908 4648; x_wconf 81' lang='lat' dir='ltr'><strong>Isaiam</strong></span> <span class='ocrx_word' id='word_1_716' title='bbox 950 4591 1191 4663; x_wconf 90' lang='lat' dir='ltr'><strong>loquitur</strong></span> <span class='ocrx_word' id='word_1_717' title='bbox 1221 4591 1410 4646; x_wconf 88' lang='lat' dir='ltr'><strong>dicens</strong></span> <span class='ocrx_word' id='word_1_718' title='bbox 1440 4607 1454 4644; x_wconf 76' lang='grc' dir='ltr'>ε</span> <span class='ocrx_word' id='word_1_719' title='bbox 1500 4589 1687 4645; x_wconf 91' lang='lat' dir='ltr'><strong>Posuit</strong></span> <span class='ocrx_word' id='word_1_720' title='bbox 1712 4605 1794 4644; x_wconf 90' lang='lat' dir='ltr'><strong>me</strong></span> <span class='ocrx_word' id='word_1_721' title='bbox 1821 4589 1971 4660; x_wconf 89' lang='lat' dir='ltr'><strong>quasi</strong></span> <span class='ocrx_word' id='word_1_722' title='bbox 1992 4589 2155 4659; x_wconf 86' lang='lat' dir='ltr'><strong>sagit-</strong></span> <span class='ocrx_word' id='word_1_723' title='bbox 2258 4597 2428 4663; x_wconf 65' lang='lat' dir='ltr'><strong>niam,</strong></span> <span class='ocrx_word' id='word_1_724' title='bbox 2459 4607 2519 4652; x_wconf 79' lang='grc' dir='ltr'><strong>ιιι</strong></span> <span class='ocrx_word' id='word_1_725' title='bbox 2556 4598 2775 4667; x_wconf 68' lang='lat' dir='ltr'><strong>protuli,</strong></span> <span class='ocrx_word' id='word_1_726' title='bbox 2804 4600 2921 4654; x_wconf 52' lang='lat' dir='ltr'><strong>hac</strong></span> <span class='ocrx_word' id='word_1_727' title='bbox 2944 4599 3120 4653; x_wconf 67' lang='lat' dir='ltr'><strong>virtus</strong></span> <span class='ocrx_word' id='word_1_728' title='bbox 3159 4599 3387 4653; x_wconf 72' lang='lat' dir='ltr'><strong>multum</strong></span> <span class='ocrx_word' id='word_1_729' title='bbox 3416 4615 3520 4654; x_wconf 83' lang='lat' dir='ltr'><strong>nos</strong></span> <span class='ocrx_word' id='word_1_730' title='bbox 3556 4599 3666 4654; x_wconf 82' lang='lat' dir='ltr'><strong>Deo</strong></span> <span class='ocrx_word' id='word_1_731' title='bbox 3702 4613 3862 4653; x_wconf 78' lang='lat' dir='ltr'><strong>com-</strong></span> 
     </span>
    </p>
   </div>
   <div class='ocr_carea' id='block_1_93' title="bbox 569 4678 3866 4758">
    <p class='ocr_par' dir='ltr' id='par_1_93' title="bbox 569 4678 3866 4758">
     <span class='ocr_line' id='line_1_93' title="bbox 569 4678 3866 4758; baseline -0.001 -19"><span class='ocrx_word' id='word_1_732' title='bbox 569 4694 676 4739; x_wconf 90' lang='lat' dir='ltr'><strong>tam</strong></span> <span class='ocrx_word' id='word_1_733' title='bbox 707 4683 949 4750; x_wconf 86' lang='lat' dir='ltr'><strong>electam,</strong></span> <span class='ocrx_word' id='word_1_734' title='bbox 978 4684 1032 4737; x_wconf 91' lang='lat' dir='ltr'><strong>in</strong></span> <span class='ocrx_word' id='word_1_735' title='bbox 1051 4684 1298 4754; x_wconf 85' lang='lat' dir='ltr'><strong>pharetra</strong></span> <span class='ocrx_word' id='word_1_736' title='bbox 1325 4699 1425 4737; x_wconf 89' lang='lat' dir='ltr'><strong>sua</strong></span> <span class='ocrx_word' id='word_1_737' title='bbox 1449 4681 1715 4736; x_wconf 88' lang='lat' dir='ltr'><strong>abscondit</strong></span> <span class='ocrx_word' id='word_1_738' title='bbox 1747 4696 1829 4734; x_wconf 90' lang='lat' dir='ltr'><strong>me</strong></span> <span class='ocrx_word' id='word_1_739' title='bbox 1851 4678 2154 4751; x_wconf 81' lang='lat' dir='ltr'><strong>(Isa.xux,</strong></span> <span class='ocrx_word' id='word_1_740' title='bbox 2259 4687 2497 4742; x_wconf 81' lang='lat' dir='ltr'><strong>mendat.</strong></span> <span class='ocrx_word' id='word_1_741' title='bbox 2551 4687 2723 4742; x_wconf 83' lang='lat' dir='ltr'><strong>Porro</strong></span> <span class='ocrx_word' id='word_1_742' title='bbox 2767 4689 2910 4756; x_wconf 85' lang='lat' dir='ltr'><strong>quod</strong></span> <span class='ocrx_word' id='word_1_743' title='bbox 2958 4687 3036 4742; x_wconf 79' lang='lat' dir='ltr'><strong>ait</strong></span> <span class='ocrx_word' id='word_1_744' title='bbox 3079 4706 3091 4740; x_wconf 83' lang='lat'><strong>;</strong></span> <span class='ocrx_word' id='word_1_745' title='bbox 3150 4687 3399 4742; x_wconf 68' lang='lat' dir='ltr'><strong>Dilexiui</strong></span> <span class='ocrx_word' id='word_1_746' title='bbox 3439 4688 3721 4758; x_wconf 63' lang='lat' dir='ltr'><strong>justitiam</strong></span> <span class='ocrx_word' id='word_1_747' title='bbox 3751 4728 3768 4752; x_wconf 82' lang='grc'>,</span> <span class='ocrx_word' id='word_1_748' title='bbox 3815 4695 3866 4740; x_wconf 74' lang='lat' dir='ltr'><strong>et</strong></span> 
     </span>
    </p>
   </div>
   <div class='ocr_carea' id='block_1_94' title="bbox 567 4771 3865 4850">
    <p class='ocr_par' dir='ltr' id='par_1_94' title="bbox 567 4771 3865 4850">
     <span class='ocr_line' id='line_1_94' title="bbox 567 4771 3865 4850; baseline 0 -18"><span class='ocrx_word' id='word_1_749' title='bbox 567 4777 647 4850; x_wconf 72' lang='lat'><strong>2).</strong></span> <span class='ocrx_word' id='word_1_750' title='bbox 674 4777 786 4834; x_wconf 84' lang='lat' dir='ltr'><strong>Nec</strong></span> <span class='ocrx_word' id='word_1_751' title='bbox 809 4776 1032 4833; x_wconf 88' lang='lat' dir='ltr'><strong>dubium</strong></span> <span class='ocrx_word' id='word_1_752' title='bbox 1052 4775 1184 4847; x_wconf 89' lang='lat' dir='ltr'><strong>quin</strong></span> <span class='ocrx_word' id='word_1_753' title='bbox 1212 4775 1376 4831; x_wconf 91' lang='lat' dir='ltr'><strong>Pater</strong></span> <span class='ocrx_word' id='word_1_754' title='bbox 1405 4776 1504 4830; x_wconf 90' lang='lat' dir='ltr'><strong>sub</strong></span> <span class='ocrx_word' id='word_1_755' title='bbox 1531 4781 1843 4846; x_wconf 87' lang='lat' dir='ltr'><strong>tegumento</strong></span> <span class='ocrx_word' id='word_1_756' title='bbox 1878 4771 2079 4837; x_wconf 88' lang='lat' dir='ltr'><strong>carnis,</strong></span> <span class='ocrx_word' id='word_1_757' title='bbox 2103 4779 2159 4826; x_wconf 88' lang='lat' dir='ltr'><strong>et</strong></span> <span class='ocrx_word' id='word_1_758' title='bbox 2259 4779 2416 4834; x_wconf 81' lang='lat' dir='ltr'><strong>odisti</strong></span> <span class='ocrx_word' id='word_1_759' title='bbox 2439 4779 2784 4850; x_wconf 82' lang='lat' dir='ltr'><strong>iniquitatem,</strong></span> <span class='ocrx_word' id='word_1_760' title='bbox 2816 4779 3049 4850; x_wconf 90' lang='lat' dir='ltr'><strong>idipsum</strong></span> <span class='ocrx_word' id='word_1_761' title='bbox 3074 4787 3157 4833; x_wconf 91' lang='lat' dir='ltr'><strong>est</strong></span> <span class='ocrx_word' id='word_1_762' title='bbox 3185 4793 3283 4849; x_wconf 90' lang='lat' dir='ltr'><strong>pro</strong></span> <span class='ocrx_word' id='word_1_763' title='bbox 3305 4778 3504 4848; x_wconf 84' lang='lat' dir='ltr'><strong>quibus</strong></span> <span class='ocrx_word' id='word_1_764' title='bbox 3531 4779 3600 4833; x_wconf 87' lang='lat' dir='ltr'><strong>ad</strong></span> <span class='ocrx_word' id='word_1_765' title='bbox 3628 4793 3865 4848; x_wconf 77' lang='lat' dir='ltr'><strong>regnum</strong></span> 
     </span>
    </p>
   </div>
   <div class='ocr_carea' id='block_1_95' title="bbox 571 4864 3871 4942">
    <p class='ocr_par' dir='ltr' id='par_1_95' title="bbox 571 4864 3871 4942">
     <span class='ocr_line' id='line_1_95' title="bbox 571 4864 3871 4942; baseline -0.002 -16"><span class='ocrx_word' id='word_1_766' title='bbox 571 4871 694 4928; x_wconf 87' lang='lat' dir='ltr'><strong>ideo</strong></span> <span class='ocrx_word' id='word_1_767' title='bbox 715 4871 870 4942; x_wconf 91' lang='lat' dir='ltr'><strong>quasi</strong></span> <span class='ocrx_word' id='word_1_768' title='bbox 899 4870 999 4926; x_wconf 92' lang='lat' dir='ltr'><strong>sub</strong></span> <span class='ocrx_word' id='word_1_769' title='bbox 1030 4869 1222 4925; x_wconf 90' lang='lat' dir='ltr'><strong>umbra</strong></span> <span class='ocrx_word' id='word_1_770' title='bbox 1249 4883 1442 4923; x_wconf 90' lang='lat' dir='ltr'><strong>manus</strong></span> <span class='ocrx_word' id='word_1_771' title='bbox 1466 4883 1599 4934; x_wconf 83' lang='lat' dir='ltr'><strong>suae,</strong></span> <span class='ocrx_word' id='word_1_772' title='bbox 1618 4866 1849 4939; x_wconf 88' lang='lat' dir='ltr'><strong>protexit</strong></span> <span class='ocrx_word' id='word_1_773' title='bbox 1873 4881 2015 4923; x_wconf 90' lang='lat' dir='ltr'><strong>eum.</strong></span> <span class='ocrx_word' id='word_1_774' title='bbox 2041 4864 2158 4932; x_wconf 87' lang='lat' dir='ltr'><strong>Qua</strong></span> <span class='ocrx_word' id='word_1_775' title='bbox 2252 4869 2592 4942; x_wconf 77' lang='lat' dir='ltr'><strong>mirabiliter</strong></span> <span class='ocrx_word' id='word_1_776' title='bbox 2613 4883 2710 4922; x_wconf 90' lang='lat' dir='ltr'><strong>sua</strong></span> <span class='ocrx_word' id='word_1_777' title='bbox 2746 4868 3070 4925; x_wconf 88' lang='lat' dir='ltr'><strong>sublimatur</strong></span> <span class='ocrx_word' id='word_1_778' title='bbox 3096 4869 3320 4923; x_wconf 81' lang='lat' dir='ltr'><strong>dextera</strong></span> <span class='ocrx_word' id='word_1_779' title='bbox 3362 4879 3593 4938; x_wconf 89' lang='lat' dir='ltr'><strong>propter</strong></span> <span class='ocrx_word' id='word_1_780' title='bbox 3622 4884 3774 4938; x_wconf 85' lang='lat' dir='ltr'><strong>quas</strong></span> <span class='ocrx_word' id='word_1_781' title='bbox 3815 4877 3871 4921; x_wconf 81' lang='lat' dir='ltr'><strong>et</strong></span> 
     </span>
    </p>
   </div>
   <div class='ocr_carea' id='block_1_96' title="bbox 569 4941 3870 5034">
    <p class='ocr_par' dir='ltr' id='par_1_96' title="bbox 569 4941 3870 5034">
     <span class='ocr_line' id='line_1_96' title="bbox 569 4941 3870 5034; baseline -0.001 -16"><span class='ocrx_word' id='word_1_782' title='bbox 569 4941 753 5033; x_wconf 85' lang='lat' dir='ltr'><strong>itaque</strong></span> <span class='ocrx_word' id='word_1_783' title='bbox 798 4962 997 5034; x_wconf 85' lang='lat' dir='ltr'><strong>sagitta</strong></span> <span class='ocrx_word' id='word_1_784' title='bbox 1047 4974 1387 5033; x_wconf 68' lang='lat' dir='ltr'><strong>quaecunque</strong></span> <span class='ocrx_word' id='word_1_785' title='bbox 1436 4959 1614 5014; x_wconf 91' lang='lat' dir='ltr'><strong>anima</strong></span> <span class='ocrx_word' id='word_1_786' title='bbox 1657 4959 1820 5014; x_wconf 91' lang='lat' dir='ltr'><strong>fuerit</strong></span> <span class='ocrx_word' id='word_1_787' title='bbox 1847 4957 2148 5020; x_wconf 90' lang='lat' dir='ltr'><strong>vulnerata,</strong></span> <span class='ocrx_word' id='word_1_788' title='bbox 2215 4941 2409 5016; x_wconf 46' lang='lat' dir='ltr'><strong>&#39;nunc</strong></span> <span class='ocrx_word' id='word_1_789' title='bbox 2439 4961 2660 5032; x_wconf 88' lang='lat' dir='ltr'><strong>ungitur</strong></span> <span class='ocrx_word' id='word_1_790' title='bbox 2685 4976 2797 5030; x_wconf 78' lang='lat' dir='ltr'><strong>pra:</strong></span> <span class='ocrx_word' id='word_1_791' title='bbox 2839 4960 3184 5016; x_wconf 90' lang='lat' dir='ltr'><strong>consortibus</strong></span> <span class='ocrx_word' id='word_1_792' title='bbox 3212 4960 3347 5023; x_wconf 87' lang='lat' dir='ltr'><strong>suis,</strong></span> <span class='ocrx_word' id='word_1_793' title='bbox 3375 4975 3500 5014; x_wconf 89' lang='lat' dir='ltr'><strong>cum</strong></span> <span class='ocrx_word' id='word_1_794' title='bbox 3530 4959 3794 5016; x_wconf 81' lang='lat' dir='ltr'><strong>defertur</strong></span> <span class='ocrx_word' id='word_1_795' title='bbox 3821 4958 3870 5014; x_wconf 82' lang='lat' dir='ltr'><strong>ei</strong></span> 
     </span>
    </p>
   </div>
   <div class='ocr_carea' id='block_1_97' title="bbox 568 5047 3870 5120">
    <p class='ocr_par' dir='ltr' id='par_1_97' title="bbox 568 5047 3870 5120">
     <span class='ocr_line' id='line_1_97' title="bbox 568 5047 3870 5120; baseline -0.003 -10"><span class='ocrx_word' id='word_1_796' title='bbox 568 5053 937 5110; x_wconf 75' lang='lat' dir='ltr'><strong>inflammatur</strong></span> <span class='ocrx_word' id='word_1_797' title='bbox 979 5069 1166 5110; x_wconf 90' lang='lat' dir='ltr'><strong>amore</strong></span> <span class='ocrx_word' id='word_1_798' title='bbox 1195 5064 1360 5109; x_wconf 86' lang='lat' dir='ltr'><strong>castae</strong></span> <span class='ocrx_word' id='word_1_799' title='bbox 1393 5052 1720 5119; x_wconf 88' lang='lat' dir='ltr'><strong>dilectionis,</strong></span> <span class='ocrx_word' id='word_1_800' title='bbox 1767 5059 1822 5106; x_wconf 91' lang='lat' dir='ltr'><strong>et</strong></span> <span class='ocrx_word' id='word_1_801' title='bbox 1867 5049 2154 5106; x_wconf 90' lang='lat' dir='ltr'><strong>resolvitur</strong></span> <span class='ocrx_word' id='word_1_802' title='bbox 2262 5052 2490 5108; x_wconf 89' lang='lat' dir='ltr'><strong>thronus</strong></span> <span class='ocrx_word' id='word_1_803' title='bbox 2517 5051 2750 5120; x_wconf 86' lang='lat' dir='ltr'><strong>imperii,</strong></span> <span class='ocrx_word' id='word_1_804' title='bbox 2773 5052 2844 5106; x_wconf 92' lang='lat' dir='ltr'><strong>ob</strong></span> <span class='ocrx_word' id='word_1_805' title='bbox 2872 5051 3122 5107; x_wconf 87' lang='lat' dir='ltr'><strong>dilectam</strong></span> <span class='ocrx_word' id='word_1_806' title='bbox 3151 5049 3340 5120; x_wconf 90' lang='lat' dir='ltr'><strong>procul</strong></span> <span class='ocrx_word' id='word_1_807' title='bbox 3369 5047 3536 5105; x_wconf 92' lang='lat' dir='ltr'><strong>dubio</strong></span> <span class='ocrx_word' id='word_1_808' title='bbox 3553 5047 3870 5117; x_wconf 84' lang='lat' dir='ltr'><strong>justitiam,</strong></span> 
     </span>
    </p>
   </div>
   <div class='ocr_carea' id='block_1_98' title="bbox 567 5134 3874 5215">
    <p class='ocr_par' dir='ltr' id='par_1_98' title="bbox 567 5134 3874 5215">
     <span class='ocr_line' id='line_1_98' title="bbox 567 5134 3874 5215; baseline -0.005 -13"><span class='ocrx_word' id='word_1_809' title='bbox 567 5148 743 5202; x_wconf 91' lang='lat' dir='ltr'><strong>omnis</strong></span> <span class='ocrx_word' id='word_1_810' title='bbox 766 5147 964 5202; x_wconf 88' lang='lat' dir='ltr'><strong>duritia</strong></span> <span class='ocrx_word' id='word_1_811' title='bbox 988 5147 1341 5202; x_wconf 84' lang='lat' dir='ltr'><strong>infidelitatis.</strong></span> <span class='ocrx_word' id='word_1_812' title='bbox 1373 5144 1708 5215; x_wconf 83' lang='lat' dir='ltr'><strong>Excoquitur</strong></span> <span class='ocrx_word' id='word_1_813' title='bbox 1747 5145 1969 5215; x_wconf 88' lang='lat' dir='ltr'><strong>prurigo</strong></span> <span class='ocrx_word' id='word_1_814' title='bbox 1991 5143 2148 5198; x_wconf 90' lang='lat' dir='ltr'><strong>vitio-</strong></span> <span class='ocrx_word' id='word_1_815' title='bbox 2261 5157 2318 5202; x_wconf 83' lang='lat' dir='ltr'><strong>et</strong></span> <span class='ocrx_word' id='word_1_816' title='bbox 2353 5161 2574 5202; x_wconf 76' lang='lat' dir='ltr'><strong>exosum</strong></span> <span class='ocrx_word' id='word_1_817' title='bbox 2624 5134 2986 5215; x_wconf 81' lang='lat' dir='ltr'><strong>iniquitatem,</strong></span> <span class='ocrx_word' id='word_1_818' title='bbox 3023 5143 3284 5199; x_wconf 75' lang='lat' dir='ltr'><strong>Similiter</strong></span> <span class='ocrx_word' id='word_1_819' title='bbox 3315 5152 3513 5198; x_wconf 76' lang='lat' dir='ltr'><strong>unctus</strong></span> <span class='ocrx_word' id='word_1_820' title='bbox 3539 5141 3677 5199; x_wconf 70' lang='lat' dir='ltr'><strong>oleo</strong></span> <span class='ocrx_word' id='word_1_821' title='bbox 3704 5141 3874 5212; x_wconf 59' lang='lat' dir='ltr'><strong>justi.</strong></span> 
     </span>
    </p>
   </div>
   <div class='ocr_carea' id='block_1_99' title="bbox 568 5234 3876 5309">
    <p class='ocr_par' dir='ltr' id='par_1_99' title="bbox 568 5234 3876 5309">
     <span class='ocr_line' id='line_1_99' title="bbox 568 5234 3876 5309; baseline -0.002 -15"><span class='ocrx_word' id='word_1_822' title='bbox 568 5256 710 5304; x_wconf 89' lang='lat' dir='ltr'><strong>rum,</strong></span> <span class='ocrx_word' id='word_1_823' title='bbox 754 5238 1044 5309; x_wconf 85' lang='lat' dir='ltr'><strong>expellitur</strong></span> <span class='ocrx_word' id='word_1_824' title='bbox 1087 5238 1304 5293; x_wconf 83' lang='lat' dir='ltr'><strong>ﬂamma</strong></span> <span class='ocrx_word' id='word_1_825' title='bbox 1350 5237 1912 5307; x_wconf 87' lang='lat' dir='ltr'><strong>concupiscentiarum</strong></span> <span class='ocrx_word' id='word_1_826' title='bbox 1959 5235 2153 5290; x_wconf 87' lang='lat' dir='ltr'><strong>ardore</strong></span> <span class='ocrx_word' id='word_1_827' title='bbox 2261 5239 2350 5293; x_wconf 72' lang='lat' dir='ltr'><strong>tia:</strong></span> <span class='ocrx_word' id='word_1_828' title='bbox 2401 5238 2454 5292; x_wconf 91' lang='lat' dir='ltr'><strong>in</strong></span> <span class='ocrx_word' id='word_1_829' title='bbox 2496 5252 2723 5308; x_wconf 88' lang='lat' dir='ltr'><strong>regnum</strong></span> <span class='ocrx_word' id='word_1_830' title='bbox 2771 5237 2989 5301; x_wconf 80' lang='lat' dir='ltr'><strong>dicitur,</strong></span> <span class='ocrx_word' id='word_1_831' title='bbox 3014 5236 3153 5304; x_wconf 89' lang='lat' dir='ltr'><strong>Quia</strong></span> <span class='ocrx_word' id='word_1_832' title='bbox 3192 5251 3298 5291; x_wconf 92' lang='lat' dir='ltr'><strong>non</strong></span> <span class='ocrx_word' id='word_1_833' title='bbox 3345 5234 3545 5290; x_wconf 80' lang='lat' dir='ltr'><strong>suﬂicit</strong></span> <span class='ocrx_word' id='word_1_834' title='bbox 3598 5237 3876 5307; x_wconf 81' lang='lat' dir='ltr'><strong>cuiquam</strong></span> 
     </span>
    </p>
   </div>
   <div class='ocr_carea' id='block_1_100' title="bbox 572 5323 3880 5404">
    <p class='ocr_par' dir='ltr' id='par_1_100' title="bbox 572 5323 3880 5404">
     <span class='ocr_line' id='line_1_100' title="bbox 572 5323 3880 5404; baseline -0.002 -17"><span class='ocrx_word' id='word_1_835' title='bbox 572 5332 786 5404; x_wconf 78' lang='lat'><strong>1272</strong></span> <span class='ocrx_word' id='word_1_836' title='bbox 810 5330 1113 5386; x_wconf 91' lang='lat' dir='ltr'><strong>charitatis.</strong></span> <span class='ocrx_word' id='word_1_837' title='bbox 1142 5329 1285 5401; x_wconf 85' lang='lat' dir='ltr'><strong>Ignis</strong></span> <span class='ocrx_word' id='word_1_838' title='bbox 1305 5327 1571 5400; x_wconf 88' lang='lat' dir='ltr'><strong>siquidem</strong></span> <span class='ocrx_word' id='word_1_839' title='bbox 1616 5329 1740 5400; x_wconf 90' lang='lat' dir='ltr'><strong>igne</strong></span> <span class='ocrx_word' id='word_1_840' title='bbox 1765 5326 2024 5392; x_wconf 89' lang='lat' dir='ltr'><strong>vincitur,</strong></span> <span class='ocrx_word' id='word_1_841' title='bbox 2075 5326 2152 5381; x_wconf 90' lang='lat' dir='ltr'><strong>ita</strong></span> <span class='ocrx_word' id='word_1_842' title='bbox 2254 5328 2521 5398; x_wconf 90' lang='lat' dir='ltr'><strong>justitiam</strong></span> <span class='ocrx_word' id='word_1_843' title='bbox 2563 5327 2809 5399; x_wconf 81' lang='lat' dir='ltr'><strong>diligere,</strong></span> <span class='ocrx_word' id='word_1_844' title='bbox 2840 5328 2945 5383; x_wconf 89' lang='lat' dir='ltr'><strong>nisi</strong></span> <span class='ocrx_word' id='word_1_845' title='bbox 2975 5336 3029 5383; x_wconf 91' lang='lat' dir='ltr'><strong>et</strong></span> <span class='ocrx_word' id='word_1_846' title='bbox 3058 5327 3397 5397; x_wconf 87' lang='lat' dir='ltr'><strong>iniquitatem</strong></span> <span class='ocrx_word' id='word_1_847' title='bbox 3441 5323 3708 5395; x_wconf 85' lang='lat' dir='ltr'><strong>perfecto</strong></span> <span class='ocrx_word' id='word_1_848' title='bbox 3740 5324 3880 5382; x_wconf 59' lang='lat' dir='ltr'><strong>ode.</strong></span> 
     </span>
    </p>
   </div>
   <div class='ocr_carea' id='block_1_101' title="bbox 566 5415 3880 5492">
    <p class='ocr_par' dir='ltr' id='par_1_101' title="bbox 566 5415 3880 5492">
     <span class='ocr_line' id='line_1_101' title="bbox 566 5415 3880 5492; baseline -0.002 -15"><span class='ocrx_word' id='word_1_849' title='bbox 566 5435 626 5477; x_wconf 93' lang='lat' dir='ltr'><strong>ut</strong></span> <span class='ocrx_word' id='word_1_850' title='bbox 652 5423 844 5478; x_wconf 82' lang='lat' dir='ltr'><strong>fornax</strong></span> <span class='ocrx_word' id='word_1_851' title='bbox 878 5420 1164 5492; x_wconf 84' lang='lat' dir='ltr'><strong>Babylonis</strong></span> <span class='ocrx_word' id='word_1_852' title='bbox 1194 5419 1498 5492; x_wconf 91' lang='lat' dir='ltr'><strong>septuplum</strong></span> <span class='ocrx_word' id='word_1_853' title='bbox 1550 5420 1618 5474; x_wconf 91' lang='lat' dir='ltr'><strong>ab</strong></span> <span class='ocrx_word' id='word_1_854' title='bbox 1665 5417 1958 5473; x_wconf 88' lang='lat' dir='ltr'><strong>immundis</strong></span> <span class='ocrx_word' id='word_1_855' title='bbox 1987 5417 2151 5487; x_wconf 90' lang='lat' dir='ltr'><strong>spiri-</strong></span> <span class='ocrx_word' id='word_1_856' title='bbox 2260 5419 2331 5474; x_wconf 91' lang='lat' dir='ltr'><strong>rit</strong></span> <span class='ocrx_word' id='word_1_857' title='bbox 2356 5417 2594 5474; x_wconf 84' lang='lat' dir='ltr'><strong>odio.Ad</strong></span> <span class='ocrx_word' id='word_1_858' title='bbox 2614 5417 2719 5473; x_wconf 91' lang='lat' dir='ltr'><strong>hoc</strong></span> <span class='ocrx_word' id='word_1_859' title='bbox 2745 5418 2946 5489; x_wconf 88' lang='lat' dir='ltr'><strong>quippe</strong></span> <span class='ocrx_word' id='word_1_860' title='bbox 2973 5417 3135 5487; x_wconf 88' lang='lat' dir='ltr'><strong>paulo</strong></span> <span class='ocrx_word' id='word_1_861' title='bbox 3159 5417 3410 5486; x_wconf 87' lang='lat' dir='ltr'><strong>superius</strong></span> <span class='ocrx_word' id='word_1_862' title='bbox 3430 5415 3659 5485; x_wconf 75' lang='lat' dir='ltr'><strong>accingi</strong></span> <span class='ocrx_word' id='word_1_863' title='bbox 3686 5417 3880 5488; x_wconf 82' lang='lat' dir='ltr'><strong>gladio</strong></span> 
     </span>
    </p>
   </div>
   <div class='ocr_carea' id='block_1_102' title="bbox 568 5507 3878 5586">
    <p class='ocr_par' dir='ltr' id='par_1_102' title="bbox 568 5507 3878 5586">
     <span class='ocr_line' id='line_1_102' title="bbox 568 5507 3878 5586; baseline -0 -18"><span class='ocrx_word' id='word_1_864' title='bbox 568 5515 1016 5585; x_wconf 16' lang='lat' dir='ltr'><strong>tibus‘succensa</strong></span> <span class='ocrx_word' id='word_1_865' title='bbox 1046 5514 1436 5586; x_wconf 86' lang='lat' dir='ltr'><strong>restinguatur.</strong></span> <span class='ocrx_word' id='word_1_866' title='bbox 1491 5513 1621 5582; x_wconf 62' lang='lat' dir='ltr'><strong>Quae</strong></span> <span class='ocrx_word' id='word_1_867' title='bbox 1663 5512 1916 5568; x_wconf 91' lang='lat' dir='ltr'><strong>nimirum</strong></span> <span class='ocrx_word' id='word_1_868' title='bbox 1945 5512 2154 5582; x_wconf 70' lang='lat' dir='ltr'><strong>sagitta:</strong></span> <span class='ocrx_word' id='word_1_869' title='bbox 2251 5511 2493 5581; x_wconf 90' lang='lat' dir='ltr'><strong>jubetur,</strong></span> <span class='ocrx_word' id='word_1_870' title='bbox 2543 5519 2602 5566; x_wconf 92' lang='lat' dir='ltr'><strong>ut</strong></span> <span class='ocrx_word' id='word_1_871' title='bbox 2650 5510 2814 5581; x_wconf 89' lang='lat' dir='ltr'><strong>justis</strong></span> <span class='ocrx_word' id='word_1_872' title='bbox 2865 5511 3127 5581; x_wconf 62' lang='lat' dir='ltr'><strong>praemia,</strong></span> <span class='ocrx_word' id='word_1_873' title='bbox 3179 5507 3564 5580; x_wconf 86' lang='lat' dir='ltr'><strong>peccatoribus</strong></span> <span class='ocrx_word' id='word_1_874' title='bbox 3617 5508 3878 5567; x_wconf 82' lang='lat' dir='ltr'><strong>debitam</strong></span> 
     </span>
    </p>
   </div>
   <div class='ocr_carea' id='block_1_103' title="bbox 568 5604 3198 5678">
    <p class='ocr_par' dir='ltr' id='par_1_103' title="bbox 568 5604 3198 5678">
     <span class='ocr_line' id='line_1_103' title="bbox 568 5604 3198 5678; baseline -0.001 -19"><span class='ocrx_word' id='word_1_875' title='bbox 568 5607 624 5659; x_wconf 91' lang='lat' dir='ltr'><strong>in</strong></span> <span class='ocrx_word' id='word_1_876' title='bbox 657 5621 820 5660; x_wconf 91' lang='lat' dir='ltr'><strong>manu</strong></span> <span class='ocrx_word' id='word_1_877' title='bbox 846 5605 1103 5676; x_wconf 89' lang='lat' dir='ltr'><strong>potentis,</strong></span> <span class='ocrx_word' id='word_1_878' title='bbox 1137 5616 1308 5661; x_wconf 89' lang='lat' dir='ltr'><strong>totum</strong></span> <span class='ocrx_word' id='word_1_879' title='bbox 1340 5615 1588 5678; x_wconf 88' lang='lat' dir='ltr'><strong>potenter</strong></span> <span class='ocrx_word' id='word_1_880' title='bbox 1617 5606 2040 5661; x_wconf 89' lang='lat' dir='ltr'><strong>vulneraverunt</strong></span> <span class='ocrx_word' id='word_1_881' title='bbox 2065 5619 2154 5658; x_wconf 91' lang='lat' dir='ltr'><strong>or-</strong></span> <span class='ocrx_word' id='word_1_882' title='bbox 2258 5605 2547 5660; x_wconf 87' lang='lat' dir='ltr'><strong>restituere</strong></span> <span class='ocrx_word' id='word_1_883' title='bbox 2579 5618 2799 5674; x_wconf 71' lang='lat' dir='ltr'><strong>pmnam</strong></span> <span class='ocrx_word' id='word_1_884' title='bbox 2828 5604 2975 5660; x_wconf 92' lang='lat' dir='ltr'><strong>ultor</strong></span> <span class='ocrx_word' id='word_1_885' title='bbox 3002 5605 3198 5659; x_wconf 82' lang='lat' dir='ltr'><strong>valeat.</strong></span> 
     </span>
    </p>
   </div>
   <div class='ocr_carea' id='block_1_104' title="bbox 571 5693 3887 5782">
    <p class='ocr_par' dir='ltr' id='par_1_104' title="bbox 571 5693 3887 5782">
     <span class='ocr_line' id='line_1_104' title="bbox 571 5693 3887 5782; baseline -0.001 -25"><span class='ocrx_word' id='word_1_886' title='bbox 571 5699 719 5772; x_wconf 68' lang='lat' dir='ltr'><strong>hem,</strong></span> <span class='ocrx_word' id='word_1_887' title='bbox 747 5710 801 5755; x_wconf 84' lang='lat' dir='ltr'><strong>et</strong></span> <span class='ocrx_word' id='word_1_888' title='bbox 823 5710 1124 5773; x_wconf 88' lang='lat' dir='ltr'><strong>prostratus</strong></span> <span class='ocrx_word' id='word_1_889' title='bbox 1163 5700 1276 5772; x_wconf 89' lang='lat' dir='ltr'><strong>jam</strong></span> <span class='ocrx_word' id='word_1_890' title='bbox 1321 5702 1691 5777; x_wconf 32' lang='lat' dir='ltr'><strong>jacettomnis</strong></span> <span class='ocrx_word' id='word_1_891' title='bbox 1717 5703 1976 5782; x_wconf 31' lang='lat' dir='ltr'><strong>Nnnrndus</strong></span> <span class='ocrx_word' id='word_1_892' title='bbox 2003 5702 2151 5775; x_wconf 30' lang='lat' dir='ltr'><strong>‘Deo.</strong></span> <span class='ocrx_word' id='word_1_893' title='bbox 2331 5699 2482 5766; x_wconf 92' lang='lat' dir='ltr'><strong>Quod</strong></span> <span class='ocrx_word' id='word_1_894' title='bbox 2521 5698 2810 5770; x_wconf 90' lang='lat' dir='ltr'><strong>sequitur:</strong></span> <span class='ocrx_word' id='word_1_895' title='bbox 2847 5695 3133 5770; x_wconf 85' lang='lat' dir='ltr'><strong>Propterea</strong></span> <span class='ocrx_word' id='word_1_896' title='bbox 3189 5697 3337 5750; x_wconf 76' lang='lat' dir='ltr'><strong>unxit</strong></span> <span class='ocrx_word' id='word_1_897' title='bbox 3379 5707 3429 5750; x_wconf 90' lang='lat' dir='ltr'><strong>te</strong></span> <span class='ocrx_word' id='word_1_898' title='bbox 3481 5693 3637 5753; x_wconf 82' lang='lat' dir='ltr'><strong>Deus</strong></span> <span class='ocrx_word' id='word_1_899' title='bbox 3664 5741 3684 5766; x_wconf 91' lang='lat'><strong>,</strong></span> <span class='ocrx_word' id='word_1_900' title='bbox 3739 5699 3887 5758; x_wconf 74' lang='lat' dir='ltr'><strong>Deus</strong></span> 
     </span>
    </p>
   </div>
  </div>
