4048 6352
169 258 300 319 im

1080 254 1445 315 EXPOSlTlO
1478 254 1549 310 IN
1583 253 1915 312 PSALMUM
1955 253 2138 311 XLIV.
2177 285 2249 298 —
2282 256 2411 314 LIB.
2450 256 2517 313 ll.

3220 244 3430 316 “lost

170 388 300 432 tuus.
324 373 567 429 Primum
611 370 707 427 Dei
737 383 935 426 nomen
986 370 1236 426 vocativo
1273 382 1404 425 casu
1434 365 1742 438 intelligen-
1767 369 1820 432 Α
1847 371 1967 419 tura
2006 363 2101 420 Dei
2128 364 2306 421 Patris
2332 365 2573 421 manenti
2604 365 2876 422 nativitati
2907 366 3042 422 nihil
3086 367 3202 424 haec
3245 371 3431 427 unctio

174 468 305 527 dum.
342 477 574 533 sequens
601 460 955 517 nominativo.
988 458 1124 527 Quia
1168 458 1309 514 alius
1350 465 1434 513 est
1460 456 1604 512 Deus
1646 456 1739 525 qui

172 559 398 629 ungitur,
428 556 568 610 alius
599 554 689 610 ille
716 566 899 624 aquo
948 552 1188 625 ungitur.
1241 551 1384 607 Tuus
1420 552 1565 607 enim
1615 566 1739 605 cum

172 652 310 715 dicit,
340 649 623 706 relativum
659 655 743 703 est
777 647 846 702 ad
873 654 1150 701 auctorem
1199 660 1299 716 per
1332 658 1494 715 quem
1521 642 1741 714 ttngitur

172 742 224 796 in
266 756 462 813 regem,
494 739 582 793 cui
629 737 841 792 dixerat
890 755 904 790 :
955 736 1118 792 Sedes
1168 744 1292 801 tua,
1344 734 1484 789 Deus
1538 735 1594 788 in
1642 749 1742 789 ste-

172 831 333 885 culum
369 828 567 886 sa'culi.
618 828 686 884 Et
716 846 729 882 :
764 825 1040 898 Sceptrum
1089 827 1391 881 directionis
1415 866 1430 891 ,
1479 835 1742 895 sceptrum

172 923 305 994 regni
344 922 441 976 tui.
496 920 640 991 Ergo
667 929 945 990 sceptrum
984 917 1293 988 aequitatis,
1342 916 1428 971 vel
1478 917 1628 988 virga
1663 917 1744 971 di-

171 1013 436 1079 rectionis,
468 1012 684 1069 dilectio
725 1020 810 1067 est
845 1010 1073 1082 justitize
1106 1019 1159 1066 et
1193 1010 1374 1066 odium
1420 1010 1739 1081 iniquitatis.

172 1106 277 1175 Qua
304 1108 452 1178 virga
491 1107 546 1161 in
585 1105 773 1162 divino
805 1104 1015 1175 judicio
1066 1102 1381 1160 terribiliter
1427 1103 1613 1159 omnia
1664 1103 1745 1158 di-

173 1199 427 1272 riguntur.
465 1195 616 1253 Unde
657 1196 735 1252 ait
764 1214 777 1250 :
813 1194 1101 1267 Propterea
1124 1194 1275 1250 unxit
1321 1203 1371 1249 te
1407 1194 1571 1261 Deus,
1603 1193 1743 1253 Deus

173 1303 301 1348 tuus.
332 1291 475 1346 Deus
493 1302 624 1362 ergo
653 1289 710 1345 in
755 1290 1007 1359 regn‘um,
1036 1288 1106 1343 ob
1139 1286 1392 1342 meritum
1414 1284 1639 1356 iustitiae
1662 1287 1745 1341 di~

172 1385 332 1448 lectae,
364 1390 419 1437 et
438 1395 649 1453 perosa:
671 1378 974 1450 iniquitatis
996 1394 1030 1433 a
1063 1378 1174 1435 Deo
1210 1392 1310 1434 suo
1335 1386 1529 1433 unctus
1553 1386 1658 1445 est,
1690 1378 1746 1434 id

172 1484 248 1532 est
264 1462 434 1530 Filius
459 1489 492 1529 a
521 1472 704 1529 Patre.
728 1456 853 1529 'Non
875 1472 1020 1529 enim
1053 1471 1470 1541 intelligentiam
1500 1479 1745 1527 nostram

171 1565 373 1635 aliquod
398 1561 680 1620 confundit
711 1562 1072 1627 intervallum,
1107 1563 1196 1618 ubi
1244 1562 1503 1619 discretio
1532 1570 1745 1619 tantum

173 1669 534 1725 personarum,
564 1652 775 1710 duobus
811 1654 1160 1725 distinguitur
1206 1653 1633 1723 praenominibus
1658 1655 1742 1710 vi-

1842 457 2144 527 prodesset,
2195 461 2291 516 sed
2344 460 2587 537 corporis
2635 473 2980 518 sacramento
3010 463 3278 533 profuisse
3306 506 3320 530 ,
3369 474 3432 521 ut

1843 557 1986 605 totus
2012 550 2067 604 in
2092 552 2259 606 Deum
2290 560 2435 606 esset
2460 551 2712 608 Christus
2731 552 2910 618 Iesus,
2934 564 3288 611 monstratur.
3315 556 3432 614 Cae-

1844 646 2017 697 terum
2056 641 2212 711 juxta
2255 644 2399 712 quod
2438 645 2494 698 in
2538 645 2794 715 principio
2839 656 2952 700 erat
2987 645 3124 701 Deus
3161 644 3385 703 Verbum
3412 690 3427 715 ,

1844 735 1989 804 apud
2043 734 2206 789 Deum
2256 736 2446 807 (lbid.,
2506 737 2608 807 οι),
2661 752 2768 792 non
2827 737 2991 793 habet
3039 738 3202 793 ullam
3249 756 3434 796 narra-

1844 824 2009 881 tionis
2056 842 2276 883 causam
2322 828 2439 898 ejus
2493 838 2701 883 natura:
2753 830 2970 895 unctio,
3019 831 3147 901 quia
3195 830 3432 904 Spiritus

1845 925 2086 983 sanctus,
2119 918 2277 973 sicuti
2319 932 2349 972 a
2376 918 2554 983 Patre,
2588 919 2753 974 etiam
2802 928 2857 975 et
2907 920 2975 976 ab
3013 920 3132 992 ipso
3160 924 3427 992 procedit,

1844 1009 2100 1079 quoniam
2125 996 2411 1065 amborum
2438 1011 2660 1080 spiritus
2685 1020 2790 1066 est.
2831 1011 2966 1066 Nam
2998 1021 3125 1068 ante
3154 1014 3431 1084 dispensa-

1845 1100 2047 1157 tionem
2068 1100 2270 1169 carnis,
2301 1102 2484 1173 plures
2506 1118 2575 1157 ex
2609 1101 2726 1172 lege
2751 1102 2903 1159 fuere
2930 1102 3153 1160 Christi.
3182 1103 3432 1162 Christus

1844 1208 1974 1250 vero
1996 1209 2165 1259 nunc,
2193 1194 2285 1265 qui
2315 1210 2427 1264 prie
2451 1195 2808 1266 participibus
2836 1195 3056 1266 ungitur
3074 1195 3208 1261 suis,
3247 1206 3433 1267 poste-

1846 1285 1960 1341 rior
1985 1273 2305 1356 in'tempore
2325 1295 2445 1352 est;
2469 1287 2563 1341 sed
2590 1287 2768 1341 unctis
2793 1287 3150 1357 participibus
3168 1287 3282 1343 suis
3309 1288 3432 1345 ideo

1846 1376 2164 1441 antefertur,
2193 1377 2320 1447 quia
2352 1378 2493 1432 Deus
2523 1385 2578 1433 et
2620 1376 2783 1432 homo
2816 1387 2920 1433 est.
2952 1376 3042 1432 Sic
3069 1379 3268 1449 quippe
3312 1395 3434 1450 pro-

1845 1468 2041 1539 pbetiae
2070 1467 2303 1538 Spiritus
2324 1467 2561 1524 Verbum
2596 1470 2934 1540 temperavit,
2970 1470 3184 1541 1275
3210 1480 3269 1525 ut
3306 1472 3433 1527 dum

1846 1557 2042 1615 Deusa
2071 1558 2183 1615 Deo
2227 1574 2325 1615 suo
2354 1560 2596 1630 ungitur,
2643 1560 2715 1615 sit
2752 1561 2802 1616 ei
2851 1568 2908 1615 et
2936 1561 2989 1615 in
3032 1562 3435 1631 dispensatione

1847 1651 2144 1716 unctionis,
2161 1651 2304 1720 quod
2332 1651 2475 1705 Deus
2501 1667 2630 1706 suus
2643 1660 2816 1716 est,ct
2837 1653 2888 1706 in
2909 1662 3100 1708 natura
3122 1654 3265 1723 quod
3291 1654 3435 1711 Deus

174 1742 371 1809 delicet,
400 1752 471 1809 te,
514 1750 569 1798 et
610 1753 768 1811 tuus;
810 1758 915 1799 non
947 1744 1091 1813 quod
1136 1752 1330 1799 natura
1379 1744 1745 1814 distinguatur
1773 1734 1822 1795 B
1848 1742 2041 1798 est.Ac
2055 1758 2153 1812 per
2166 1744 2271 1798 hoc
2291 1744 2685 1813 noveris,virgo
2700 1743 2918 1811 Christi,
2937 1749 3061 1818 quia
3077 1749 3321 1805 Ecclesia
3338 1749 3435 1806 Dei

169 1834 395 1899 deitatis,
426 1850 552 1890 cum
582 1835 816 1892 dicitur:
851 1835 1014 1892 Unxit
1044 1847 1093 1891 te
1115 1836 1280 1903 Deus,
1305 1853 1370 1895 ac
1411 1838 1606 1893 deinde
1648 1840 1743 1895 ad-

170 1924 303 1980 ditur
326 1925 469 1981 Deus
492 1936 634 1982 tuus.
658 1926 792 1983 Nam
818 1944 942 1984 cum
970 1929 1101 1984 dicit
1127 1928 1269 1986 Deus
1298 1939 1355 1985 et
1382 1931 1543 1995 Deus,
1567 1939 1743 1986 osten-

168 2017 302 2072 ditur
335 2032 444 2073 una
464 2028 679 2086 natura,
708 2035 815 2074 uua
842 2020 1039 2086 deitas,
1066 2021 1192 2089 quia
1215 2021 1303 2076 ille
1344 2021 1486 2076 Deus
1525 2022 1616 2091 qui
1637 2039 1741 2077 un-

169 2107 304 2179 gitur
328 2107 398 2163 ab
420 2123 486 2165 eo
512 2109 623 2166 Deo
651 2117 735 2165 est
758 2110 851 2181 qui
880 2111 1050 2181 ungit.
1094 2110 1161 2165 Et
1192 2110 1236 2167 si
1266 2112 1409 2166 Deus
1439 2125 1470 2165 a
1498 2111 1607 2166 Deo
1633 2120 1744 2177 est,

169 2197 291 2252 nihil
328 2197 475 2254 aliud
505 2213 665 2269 quam
696 2198 839 2254 Deus
862 2208 965 2266 est,
1005 2199 1277 2271 PrOpheta
1298 2215 1363 2256 eo
1389 2201 1582 2256 ordine
1611 2216 1738 2255 nar.

169 2299 351 2346 tante:
379 2288 540 2347 Unxit
566 2291 731 2358 Deus,
764 2292 903 2348 Deus
926 2302 1069 2348 tuus.
1115 2292 1233 2348 Non
1274 2295 1413 2365 quod
1453 2309 1604 2364 prior
1649 2301 1743 2348 aut

166 2383 429 2455 posterior
474 2383 617 2441 Deus
644 2402 675 2441 a
703 2385 816 2441 Deo
842 2386 935 2454 sit,
964 2402 1089 2442 cum
1122 2387 1285 2443 Pater
1313 2396 1369 2443 et
1405 2387 1573 2442 Filius
1606 2402 1742 2441 unus

166 2484 215 2529 et
239 2476 605 2545 sempiternus
654 2477 727 2532 sit
758 2479 900 2533 Deus
933 2479 1069 2534 :sed
1122 2480 1445 2551 mysterium
1486 2479 1741 2535 incarna—

167 2564 319 2623 tionis
368 2568 680 2638 prophetica
718 2585 823 2625 vox
867 2569 1129 2626 declarat.
1183 2571 1439 2643 Alioquin
1468 2586 1567 2642 per
1611 2572 1744 2627 Pro-

164 2658 375 2730 phetam
405 2658 523 2731 ipse
560 2660 628 2716 de
655 2675 714 2717 se
738 2680 751 2717 :
776 2660 957 2717 Estote
984 2663 1133 2728 mihi,
1160 2663 1354 2733 inquit,
1377 2673 1531 2719 testes
1558 2672 1609 2718 et
1648 2680 1740 2735 ego

166 2754 319 2820 testis,
354 2752 487 2808 dicit
511 2753 770 2811 Dominus
794 2755 967 2823 Deus,
999 2767 1047 2813 et
1072 2774 1205 2830 puer
1240 2774 1387 2814 meus
1415 2775 1569 2829 quem
1590 2758 1740 2830 elegi,

165 2852 215 2897 ut
239 2845 423 2900 sciatis
461 2855 511 2901 et
534 2847 760 2903 credatis
783 2858 832 2904 et
860 2849 1166 2922 intelligatis
1182 2891 1198 2917 ,
1250 2851 1467 2926 1274,
1492 2853 1744 2924 quoniam

159 2951 245 3007 ego
273 2952 414 3001 sum,
461 2947 509 2992 et
535 2947 657 2994 ante
686 2956 769 2995 me
793 2956 899 2996 non
945 2951 1020 2997 est
1047 2941 1186 2998 alius
1212 2941 1356 2999 Deus
1375 2982 1393 3010 ,
1427 2953 1477 2999 et
1519 2954 1634 3015 post
1665 2960 1745 2999 me

152 3048 259 3087 non
286 3032 409 3086 erit.
448 3031 555 3089 Ubi
583 3032 748 3090 Pater
795 3042 852 3092 et
900 3035 1069 3092 Filius
1110 3036 1435 3104 declaratur,
1485 3039 1744 3109 quoniam

1846 1834 1901 1889 in
1921 1831 2141 1889 Christo
2175 1835 2277 1890 scit
2299 1835 2889 1905 dispensationem,sed
2913 1840 3082 1893 nescit
3113 1840 3434 1897 divisionem

1845 1939 2110 1996 personat.
2155 1925 2271 1981 Non
2303 1926 2510 1996 patitur
2560 1925 2742 1981 Jesum
2783 1926 3058 1983 Christum
3090 1930 3332 1987 dividere
3374 1931 3433 1987 in

1847 2016 1980 2072 duas
2027 2031 2310 2085 personas,
2342 2026 2404 2071 ut
2448 2015 2605 2073 Jesus
2652 2034 2759 2073 non
2790 2019 2905 2088 ipse
2934 2021 3006 2074 sit
3032 2020 3309 2085 Christus;
3340 2038 3438 2079 ne-

1846 2127 1952 2182 que
1984 2111 2151 2166 ﬁlium
2184 2111 2419 2168 hominis
2466 2112 2728 2167 discernit
2770 2127 2803 2167 a
2844 2113 2936 2168 Dei
2964 2113 3124 2181 Filio,
3155 2130 3222 2170 ne
3266 2115 3437 2172 Filius

1846 2202 1940 2258 Dei
1966 2203 2104 2258 forte
2132 2218 2243 2258 non
2275 2211 2331 2259 et
2355 2203 2497 2259 ﬁlius
2524 2204 2858 2274 intelligatur
2883 2206 3136 2262 hominis.
3179 2205 3296 2262 Non
3343 2224 3437 2265 as-

1846 2296 2012 2350 sumit
2040 2294 2235 2348 Filium
2266 2295 2359 2349 Dei
2405 2296 2457 2349 in
2490 2294 2659 2350 ﬁlium
2703 2297 2959 2363 hominis,
2992 2312 3167 2368 neque
3198 2300 3436 2356 hominis

1847 2387 2017 2442 ﬁlium
2048 2388 2103 2442 in
2132 2387 2225 2442 Dci
2251 2387 2447 2443 Filium
2478 2389 2575 2443 sed
2606 2388 2858 2444 eumdem
2883 2389 3015 2444 dicit
3035 2405 3157 2445 esse
3172 2390 3348 2446 "lilium
3379 2391 3463 2447 in.

1848 2480 2112 2537 ambabus
2138 2482 2367 2537 naturis.
2412 2482 2611 2538 Totum
2656 2482 2831 2538 eidem
2861 2499 3105 2553 personae
3142 2483 3285 2541 Deus
3307 2486 3439 2541 Ver-

1818 2589 1973 2629 sium
2023 2582 2127 2642 est,
2160 2582 2332 2630 totum
2363 2575 2413 2630 ei
2445 2575 2608 2630 homo
2653 2575 2905 2631 Christus
2951 2584 3054 2644 est,
3088 2577 3330 2633 retinens
3376 2579 3433 2634 in

1848 2655 2205 2723 Sacramenta
2255 2665 2614 2723 confessionis
2653 2681 2766 2723 sua:
2805 2683 2992 2737 unum,
3026 2683 3125 2724 nec
3157 2666 3434 2725 Christum

1848 2757 1993 2813 aliud
2015 2757 2239 2814 credere
2260 2772 2424 2828 quam
2450 2754 2657 2824 Jesum,
2692 2771 2794 2812 nec
2821 2755 3008 2813 Jesum
3046 2756 3210 2812 alium
3233 2757 3432 2829 praedi-

1847 2862 1997 2914 care,
2019 2862 2121 2904 nec
2146 2846 2295 2903 aliud
2320 2862 2484 2918 quam
2498 2839 2820 2903 CChristum.
2845 2846 2925 2903 Ac
2939 2861 3037 2918 per
3068 2847 3171 2903 hoc
3200 2847 3255 2902 in
3287 2854 3437 2903 utra-

1847 2955 1951 3010 que
1978 2948 2172 2995 natura
2201 2955 2341 2995 unus
2368 2948 2455 2995 est
2480 2938 2731 2995 Christus
2760 2939 2936 3004 Deus,
2983 2937 3079 2994 Dei
3120 2947 3176 2994 et
3202 2938 3439 2995 hominis

1848 3032 2018 3089 Filius
2038 3048 2199 3103 quem
2223 3032 2375 3088 unxit
2395 3030 2539 3087 Deus
2562 3030 2675 3086 oleo
2702 3030 3070 3085 exsultationis
3088 3046 3200 3102 prie
3224 3029 3440 3099 partici«

155 3126 273 3197 ipse
293 3127 565 3183 sermonis
590 3129 674 3184 sui
704 3129 861 3185 testis
885 3137 992 3194 est,
1015 3130 1113 3187 sed
1143 3091 1451 3188 testimonii)
1478 3091 1577 3189 sino
1599 3133 1666 3187 de
1687 3148 1746 3188 se
1773 3091 1819 3156 Ο
1852 3125 2002 3196 pibus
2024 3091 2154 3180 suis.
2185 3123 2377 3181 Oleum
2407 3133 2589 3180 autem
2610 3123 2988 3180 exsultatiouis
3021 3123 3282 3196 Spiritum
3308 3140 3437 3180 san-

160 3217 528 3274 testimonium
551 3219 704 3290 pueri
744 3220 827 3277 sui
856 3236 1019 3292 quem
1048 3222 1213 3294 elegit
1260 3223 1567 3279 admiscuit.
1602 3223 1747 3291 Quo—

164 3325 281 3365 rum
333 3326 503 3365 unum
546 3321 632 3367 est
660 3312 1025 3369 testimonium
1082 3314 1287 3369 nullum
1318 3324 1445 3372 ante
1475 3331 1533 3371 se
1577 3315 1749 3371 Deum

159 3412 284 3477 esse
309 3398 436 3469 quia
471 3415 539 3455 ex
565 3416 630 3457 eo
649 3402 833 3457 omnia
871 3410 1020 3467 sunt,
1042 3419 1219 3474 neque
1241 3413 1361 3473 post
1384 3419 1444 3459 se
1469 3404 1640 3459 Deum
1667 3403 1749 3459 fu-

172 3496 362 3547 turum.
391 3490 511 3548 Non
557 3493 749 3564 utique
777 3501 938 3563 negat
979 3509 1046 3549 ex
1070 3508 1131 3550 se
1172 3495 1342 3551 Deum
1387 3493 1573 3551 fuisse.
1619 3495 1752 3551 Erat

175 3579 310 3636 enim
329 3580 441 3652 jam
474 3596 613 3653 puer
639 3584 695 3640 in
740 3583 1049 3641 testimonio
1073 3585 1265 3655 patris,
1296 3600 1430 3656 puer
1471 3586 1655 3656 utique
1684 3586 1753 3642 de

179 3671 331 3741 tribu,
375 3675 443 3731 de
488 3690 596 3746 qua
640 3675 940 3748 gignendos
976 3684 1098 3732 erat
1142 3676 1367 3733 electus.
1420 3674 1574 3732 Unde
1619 3676 1754 3732 etin

182 3757 459 3835 Evangelio
492 3782 507 3818 :
554 3763 691 3819 Ecce
738 3781 868 3836 puer
916 3781 1060 3820 meus
1113 3764 1333 3821 dilectus
1358 3804 1374 3831 ,
1410 3782 1563 3837 quem
1598 3765 1754 3836 elegi,

158 3849 234 3904 'in
254 3870 350 3924 quo
370 3855 685 3927 complacuit
726 3857 918 3912 anima:
952 3873 1082 3913 mea:
1114 3856 1333 3928 (Matth.
1362 3873 1460 3924 xu,
1487 3857 1600 3928 l8).
1633 3858 1756 3916 Non

183 3952 258 4000 est
275 3960 402 4017 ergo
422 3958 551 4002 ante
574 3946 737 4015 Deus,
754 3956 808 4002 et
833 3958 956 4019 post
984 3964 1091 4005 non
1112 3948 1218 4004 erit
1243 3950 1370 4019 quia
1391 3963 1606 4020 semper
1630 3966 1756 4006 cum

184 4051 243 4092 eo
262 4048 316 4093 et
340 4039 394 4095 in
425 4056 492 4096 eo
520 4049 607 4097 est
628 4040 958 4112 lilius,aquo
978 4051 1078 4106 est,
1097 4052 1298 4098 teterna
1326 4042 1575 4099 videlicet
1590 4052 1646 4100 et
1673 4044 1759 4099 in-

185 4127 524 4191 demutabilis
556 4134 749 4209 virtus,
779 4134 1148 4192 inﬁrmitatem
1177 4136 1383 4192 habens
1405 4136 1458 4190 in
1484 4152 1573 4202 eo,
1613 4138 1759 4208 quod

186 4234 299 4280 ante
346 4235 402 4282 et
453 4235 643 4299 postea
672 4227 844 4283 Deum
888 4237 1085 4299 praeter
1137 4245 1196 4285 se
1241 4228 1445 4284 nullum
1496 4230 1756 4287 ostendit.

186 4311 408 4373 Puerum
451 4333 581 4374 vero
606 4334 787 4385 suum,
836 4319 976 4374 sicut
1013 4310 1081 4374 in
1119 4318 1470 4385 testimonio,
1502 4319 1579 4375 ita
1603 4328 1659 4374 et
1703 4321 1759 4376 in

187 4408 391 4465 nomine
413 4408 717 4467 collocavit.
758 4408 859 4477 Qui
886 4410 1091 4467 idcirco
1118 4411 1261 4467 Deus
1289 4410 1453 4466 Pater
1482 4412 1576 4481 qui
1604 4412 1762 4467 unxit

187 4512 321 4564 eum,
352 4502 497 4557 Deus
521 4501 637 4570 ejus
662 4509 768 4568 est,
787 4503 912 4573 quia
946 4516 1014 4557 ex
1036 4502 1148 4557 Deo
1174 4509 1333 4557 natus
1355 4502 1410 4556 in
1438 4501 1605 4559 Deum
1635 4511 1719 4558 est
1744 4518 1758 4568 ;

185 4586 300 4646 licet
324 4600 381 4648 et
408 4607 506 4663 per
532 4592 637 4648 hoc
664 4593 976 4648 humanitas
1018 4590 1136 4661 ejus
1179 4600 1456 4662 assumpta
1486 4591 1543 4647 in
1590 4593 1762 4647 Deum

176 4680 522 4756 intelligatur.
560 4683 678 4753 Quo
722 4684 897 4749 dicto,
926 4693 1217 4754 utrumque
1252 4683 1469 4739 Patrem
1508 4683 1766 4739 videlicet

170 4790 334 4853 atque
362 4781 563 4837 Filium
603 4780 659 4837 in
692 4792 901 4837 natura:
949 4780 1192 4851 ejusdem
1222 4789 1277 4835 et
1315 4779 1596 4855 dignitatis
1623 4795 1762 4834 nun-

162 4877 465 4947 cupatione
492 4876 794 4941 constituit,
821 4883 880 4930 ut
905 4891 1045 4931 unus
1066 4875 1209 4930 Deus
1230 4882 1459 4942 uterque
1489 4871 1764 4927 credatur.

160 4964 601 5033 Verumtamen,
650 4964 795 5037 quod
840 4973 1039 5021 unctus
1083 4963 1194 5019 oleo
1243 4962 1613 5018 exsultationis
1661 4977 1772 5033 pra:

153 5058 521 5128 participibus
549 5057 664 5113 suis
689 5057 887 5112 dicitur
915 5055 1104 5129 (Hebr.
1133 5055 1309 5128 1,19),
1344 5072 1451 5110 non
1475 5056 1774 5111 secundum

155 5160 586 5208 sacramentum
614 5150 761 5206 aliud
783 5165 948 5223 quam
973 5149 1271 5206 secundum
1311 5149 1775 5219 dispensationem

156 5253 446 5324 asmmpti
471 5252 721 5323 corporis
752 5260 840 5308 est
863 5251 1097 5309 locutus.
1142 5249 1263 5307 Non
1291 5250 1436 5305 enim
1467 5250 1517 5307 ei
1548 5249 1775 5321 partici-

155 5360 263 5416 pes
294 5345 610 5403 secundum
639 5353 915 5410 naturam,
930 5359 1037 5415 qua
1060 5344 1274 5416 genitus
1293 5351 1373 5400 est
1396 5359 1427 5398 a
1447 5342 1630 5406 Patre,
1647 5350 1777 5397 ante

156 5438 499 5498 Luciferum
545 5453 668 5496 esse
713 5447 985 5509 poterant,
1025 5451 1162 5507 quos
1210 5435 1408 5492 fratres
1447 5433 1776 5506 appellabat,

160 5534 270 5590 sed
322 5530 631 5589 secundum
657 5529 1084 5601 assumptionem
1120 5542 1227 5599 qua
1264 5526 1491 5606 Verbum
1528 5542 1651 5581 caro
1696 5533 1781 5581 est

162 5622 371 5692 (Jean.
414 5637 456 5687 ι,
488 5620 609 5692 id),
656 5620 711 5675 in
735 5635 843 5691 qua
886 5629 1080 5674 unctus
1104 5617 1343 5688 Spiritus
1386 5617 1561 5672 sancti
1604 5617 1779 5688 gratia

162 5716 530 5786 perhibetur.
561 5713 817 5783 Alioquin
844 5712 989 5767 beati
1013 5710 1091 5765 illi
1115 5719 1172 5766 et
1216 5710 1542 5782 incorrupta
1590 5710 1643 5765 in
1686 5726 1782 5765 na-

600 5806 880 5871 Ps'rtton.
916 5800 1115 5864 CXX.

1852 3226 1999 3273 ctum
2031 3225 2198 3282 esset,
2234 3216 2365 3271 nulli
2397 3216 2621 3271 dubium
2668 3222 2782 3280 est,‘
2805 3217 3018 3271 dicente
3046 3216 3206 3271 beato
3235 3215 3397 3272 Petro
3423 3235 3436 3270 :

1850 3309 2034 3365 Iesum
2073 3328 2107 3364 a
2140 3309 2430 3375 Nazareth,
2458 3326 2610 3379 quem
2643 3310 2796 3364 unxit
2840 3308 2980 3363 Deus
3011 3306 3211 3384 Spiritu
3260 3319 3441 3364 sancto

1852 3409 1899 3454 et
1931 3401 2116 3455 virtute
2164 3399 2303 3471 (Act.
2344 3415 2396 3463 x,
2424 3399 2537 3469 58).
2570 3398 2748 3468 Ipsum
2797 3413 2926 3469 ergo
2954 3399 3107 3453 unxit
3140 3415 3250 3469 pra:
3276 3399 3445 3469 parti-

1846 3493 2053 3565 cipibus
2081 3492 2212 3557 suis,
2246 3507 2368 3547 cum
2407 3492 2457 3547 ei
2489 3507 2595 3547 non
2643 3492 2711 3547 ad
2756 3506 3066 3548 mensuram
3096 3491 3244 3548 dedit
3271 3490 3445 3563 Spiri«

1857 3594 1991 3649 tum,
2017 3585 2072 3639 in
2095 3601 2204 3655 quo
2225 3583 2480 3638 inhabitat
2507 3583 2675 3638 omnis
2713 3581 2984 3654 plenitudo
3010 3583 3298 3638 divinitatis
3326 3598 3444 3639 eor-
3548 3614 3555 3623 -

1856 3678 2109 3752 paraliter
2133 3676 2355 3747 (Coloss.
2391 3691 2454 3742 ιι,
2481 3676 2569 3749 9),
2600 3676 2654 3731 in
2681 3691 2791 3746 quo
2819 3684 2946 3731 sunt
2972 3690 3163 3732 omnes
3202 3675 3445 3732 thesauri

1859 3769 2138 3841 sapientiae
2165 3775 2219 3823 et
2260 3767 2502 3824 scientia:
2550 3766 2872 3823 absconditi.
2921 3766 3089 3837 Cujus
3118 3767 3303 3837 itaque
3355 3780 3445 3822 sa-

1857 3863 2075 3936 pientiae
2104 3869 2160 3917 et
2184 3861 2423 3917 scientiae
2446 3859 2787 3916 altitudinem
2812 3860 3090 3915 admirans
3110 3859 3401 3935 Apostolus
3429 3875 3443 3912 :

1862 3952 2156 4009 0.altitudo
2187 3952 2490 4006 divitiarum
2510 3952 2786 4021 sapientia:
2799 3960 2847 4006 et
2863 3952 3097 4006 scientia:
3116 3951 3247 4006 Dei!
3268 3949 3444 4024 (Rom.

1861 4063 1938 4113 ιι,
1964 4046 2079 4117 35.)
2108 4046 2385 4102 Christum
2420 4053 2600 4100 autem
2635 4060 2742 4102 non
2788 4044 2960 4101 solum
2991 4045 3290 4101 secundum
3318 4045 3449 4100 divi-

1862 4138 2107 4204 nitatem,
2138 4138 2232 4193 sed
2258 4138 2421 4192 etiam
2463 4137 2761 4192 secundum
2805 4136 3199 4192 humanitatem
3242 4134 3450 4191 altissi-

1863 4248 2031 4298 mum,
2063 4231 2198 4286 ﬁdes
2226 4230 2491 4287 catholica
2539 4230 2830 4286 conﬁtetur
2877 4237 2932 4284 et
2976 4229 3267 4300 praedicat,
3290 4226 3449 4298 juxta

1862 4326 1994 4382 illud
2024 4344 2036 4379 :
2081 4324 2256 4380 Mater
2282 4323 2411 4379 Sion
2438 4323 2571 4377 dicet
2600 4324 2777 4390 homo,
2803 4331 2853 4377 et
2882 4323 2991 4393 ipse
3020 4323 3174 4376 homo
3204 4330 3359 4376 natus
3378 4328 3452 4381 est

1866 4420 1920 4474 in
1944 4435 2028 4483 ea,
2061 4427 2108 4472 et
2133 4418 2240 4487 ipse
2263 4416 2502 4486 fundavit
2535 4431 2651 4470 eam
2679 4413 2982 4470 Altissimus
3012 4410 3195 4486 (Psal.
3230 4426 3449 4474 Lxxxw,

1825 4505 1944 4581 25).
1994 4507 2336 4579 Quapropter
2391 4507 2515 4577 quis
2567 4506 2765 4562 audeat
2810 4521 2935 4562 eum
2976 4505 3301 4561 altissimum
3330 4544 3345 4567 ,
3399 4511 3456 4557 et

1868 4602 2064 4658 Filium
2090 4599 2355 4655 Altissimi
2381 4599 2651 4670 denegare
2672 4612 2833 4669 quem
2863 4598 3007 4654 Deus
3036 4600 3163 4652 non‘
3181 4595 3353 4652 solum
3385 4592 3455 4647 dc

1870 4712 1928 4753 se
1966 4694 2284 4750 altissimum
2307 4692 2512 4763 genuit,
2540 4690 2725 4747 veruin
2748 4692 2911 4747 etiam
2936 4692 3002 4748 de
3024 4689 3244 4760 Virgine
3271 4696 3457 4741 natum

1874 4786 2135 4842 altissime
2181 4782 2458 4847 exaltavit,
2490 4796 2536 4837 et
2577 4782 2789 4838 donavit
2821 4782 2901 4836 illi
2943 4797 3150 4845 nomen,
3191 4776 3332 4850 quod
3381 4784 3458 4831 est

1873 4893 2029 4949 super
2073 4892 2224 4930 omne
2245 4891 2472 4940 nomen,
2510 4883 2563 4927 ut
2598 4875 2653 4928 in
2703 4872 2910 4928 nomine
2958 4872 3089 4942 Iesu
3127 4886 3277 4925 omne
3321 4884 3461 4939 genu

1875 4970 2120 5039 ﬂectatur
2147 4964 2465 5031 caelestium,
2518 4964 2884 5029 terrestrium,
2929 4972 2977 5018 et
3004 4960 3364 5032 infernarum,
3411 4966 3461 5011 et

1877 5060 2045 5114 omnis
2076 5058 2257 5128 lingua
2289 5055 2625 5124 conﬁteatur,
2655 5057 2779 5126 quia
2802 5054 3060 5109 Dominus
3089 5050 3246 5107 Jesus
3272 5052 3328 5105 in
3349 5048 3464 5121 glo-

1879 5152 1959 5205 ria
1985 5158 2061 5204 est
2088 5148 2183 5202 Dei
2232 5146 2412 5201 Patris
2464 5145 2718 5219 (Philipp.
2746 5162 2805 5211 ιι,
2834 5143 2946 5217 10).
2993 5142 3077 5198 ΑΙ)
3110 5142 3216 5196 hac
3264 5138 3465 5210 quippe

1877 5240 2134 5296 unctione
2173 5237 2410 5308 Spiritus
2454 5238 2666 5302 sancti,
2719 5249 2908 5290 omnes
2941 5232 3232 5305 participes
3260 5228 3467 5285 Christi

1882 5331 2031 5389 uncti
2061 5338 2327 5386 vocantur
2354 5328 2671 5384 Christiani.
2723 5328 2842 5398 ipse
2874 5338 3005 5379 vero
3029 5321 3298 5386 Christus,
3335 5319 3466 5390 quia

1882 5439 1991 5494 prae
2017 5422 2256 5478 omnibus
2284 5420 2623 5492 participibus
2651 5417 2760 5472 suis
2780 5425 2965 5471 unctus
2991 5408 3099 5482 sit;
3127 5414 3200 5469 ita
3225 5421 3286 5467 ut
3321 5410 3468 5466 Deus

1884 5531 2010 5572 vere
2051 5523 2235 5572 etnon
2264 5513 2509 5583 adaptive
2538 5512 2591 5565 in
2640 5519 2871 5578 utraque
2918 5517 3110 5562 natura
3153 5505 3207 5560 in
3257 5501 3469 5559 unitate

1885 5615 2101 5671 dicatur
2136 5625 2190 5668 et
2213 5614 2488 5667 adoretur.
2522 5608 2657 5664 Hinc
2703 5608 3007 5678 igiturest,
3041 5604 3185 5676 quod
3217 5602 3343 5658 alibi
3391 5600 3470 5656 ait

1887 5707 2055 5763 David
2090 5725 2101 5760 :
2137 5706 2180 5759 A
2226 5703 2441 5775 1276
2466 5718 2668 5757 summa
2718 5697 2845 5754 caelo
2874 5698 3100 5769 egressio
3145 5696 3278 5767 ejus.
3313 5689 3470 5751 Unde

2877 5791 2954 5853 33
