  <div class='ocr_page' id='page_1' title='image "/cluster/home/n/w/nwhite01/storage/ocr_20150623/120/hvd.32044015466923/523.png"; bbox 0 0 4048 6352; ppageno 0'>
   <div class='ocr_carea' id='block_1_1' title="bbox 1417 286 3077 347">
    <p class='ocr_par' dir='ltr' id='par_1_1' title="bbox 1417 286 3077 347">
     <span class='ocr_line' id='line_1_1' title="bbox 1417 286 3077 347; baseline -0.001 -1"><span class='ocrx_word' id='word_1_1' title='bbox 1417 291 1473 346; x_wconf 88' lang='lat' dir='ltr'><strong>S.</strong></span> <span class='ocrx_word' id='word_1_2' title='bbox 1513 286 1875 347; x_wconf 69' lang='lat' dir='ltr'><strong>PASCHASH</strong></span> <span class='ocrx_word' id='word_1_3' title='bbox 1910 287 2261 345; x_wconf 79' lang='lat' dir='ltr'><strong>RADBERTI</strong></span> <span class='ocrx_word' id='word_1_4' title='bbox 2295 287 2586 346; x_wconf 73' lang='lat' dir='ltr'><strong>ABBATIS</strong></span> <span class='ocrx_word' id='word_1_5' title='bbox 2623 286 3077 346; x_wconf 68' lang='lat' dir='ltr'><strong>CORBEIENSIS</strong></span> 
     </span>
    </p>
   </div>
   <div class='ocr_carea' id='block_1_2' title="bbox 3761 287 3876 348">
    <p class='ocr_par' dir='ltr' id='par_1_2' title="bbox 3761 287 3876 348">
     <span class='ocr_line' id='line_1_2' title="bbox 3761 287 3876 348; baseline 0.043 -5"><span class='ocrx_word' id='word_1_6' title='bbox 3761 287 3876 348; x_wconf 70' lang='lat'><strong>1036</strong></span> 
     </span>
    </p>
   </div>
   <div class='ocr_carea' id='block_1_3' title="bbox 617 398 3878 467">
    <p class='ocr_par' dir='ltr' id='par_1_3' title="bbox 617 398 3878 467">
     <span class='ocr_line' id='line_1_3' title="bbox 617 398 3878 467; baseline -0.001 -6"><span class='ocrx_word' id='word_1_7' title='bbox 617 407 711 463; x_wconf 79' lang='lat' dir='ltr'><strong>hic</strong></span> <span class='ocrx_word' id='word_1_8' title='bbox 733 419 750 459; x_wconf 90' lang='lat'><strong>:</strong></span> <span class='ocrx_word' id='word_1_9' title='bbox 774 401 1047 459; x_wconf 80' lang='lat' dir='ltr'><strong>Emctavit</strong></span> <span class='ocrx_word' id='word_1_10' title='bbox 1073 417 1166 458; x_wconf 86' lang='lat' dir='ltr'><strong>cor</strong></span> <span class='ocrx_word' id='word_1_11' title='bbox 1184 414 1356 457; x_wconf 71' lang='lat' dir='ltr'><strong>meum</strong></span> <span class='ocrx_word' id='word_1_12' title='bbox 1395 405 1607 457; x_wconf 63' lang='lat' dir='ltr'><strong>rerum</strong></span> <span class='ocrx_word' id='word_1_13' title='bbox 1635 400 1846 465; x_wconf 69' lang='lat' dir='ltr'><strong>bonum,</strong></span> <span class='ocrx_word' id='word_1_14' title='bbox 1879 410 1959 461; x_wconf 87' lang='lat' dir='ltr'><strong>et.</strong></span> <span class='ocrx_word' id='word_1_15' title='bbox 1997 398 2199 456; x_wconf 79' lang='lat' dir='ltr'><strong>Occnr-</strong></span> <span class='ocrx_word' id='word_1_16' title='bbox 2228 402 2275 461; x_wconf 82' lang='grc' dir='ltr'><strong>Α</strong></span> <span class='ocrx_word' id='word_1_17' title='bbox 2303 399 2683 456; x_wconf 73' lang='lat' dir='ltr'><strong>similitudines</strong></span> <span class='ocrx_word' id='word_1_18' title='bbox 2722 401 2937 457; x_wconf 85' lang='lat' dir='ltr'><strong>divinus</strong></span> <span class='ocrx_word' id='word_1_19' title='bbox 2980 417 3159 458; x_wconf 86' lang='lat' dir='ltr'><strong>sermo</strong></span> <span class='ocrx_word' id='word_1_20' title='bbox 3208 402 3524 459; x_wconf 79' lang='lat' dir='ltr'><strong>intimaret?</strong></span> <span class='ocrx_word' id='word_1_21' title='bbox 3561 399 3741 467; x_wconf 79' lang='lat' dir='ltr'><strong>Unde,</strong></span> <span class='ocrx_word' id='word_1_22' title='bbox 3768 403 3878 459; x_wconf 80' lang='lat' dir='ltr'><strong>cha-</strong></span> 
     </span>
    </p>
   </div>
   <div class='ocr_carea' id='block_1_4' title="bbox 618 488 2202 567">
    <p class='ocr_par' dir='ltr' id='par_1_4' title="bbox 618 488 2202 567">
     <span class='ocr_line' id='line_1_4' title="bbox 618 488 2202 567; baseline -0.005 -14"><span class='ocrx_word' id='word_1_23' title='bbox 618 513 709 554; x_wconf 77' lang='lat' dir='ltr'><strong>sus</strong></span> <span class='ocrx_word' id='word_1_24' title='bbox 729 496 844 567; x_wconf 82' lang='lat' dir='ltr'><strong>ejus</strong></span> <span class='ocrx_word' id='word_1_25' title='bbox 871 510 1032 566; x_wconf 75' lang='lat' dir='ltr'><strong>usque</strong></span> <span class='ocrx_word' id='word_1_26' title='bbox 1053 493 1122 548; x_wconf 73' lang='lat' dir='ltr'><strong>ad</strong></span> <span class='ocrx_word' id='word_1_27' title='bbox 1144 508 1408 548; x_wconf 72' lang='lat' dir='ltr'><strong>summum</strong></span> <span class='ocrx_word' id='word_1_28' title='bbox 1439 493 1552 565; x_wconf 62' lang='lat' dir='ltr'><strong>ejus</strong></span> <span class='ocrx_word' id='word_1_29' title='bbox 1580 488 1751 562; x_wconf 83' lang='lat' dir='ltr'><strong>(Psal.</strong></span> <span class='ocrx_word' id='word_1_30' title='bbox 1781 507 1935 557; x_wconf 84' lang='lat' dir='ltr'><strong>xvtu,</strong></span> <span class='ocrx_word' id='word_1_31' title='bbox 1968 492 2042 563; x_wconf 88' lang='lat'><strong>7).</strong></span> <span class='ocrx_word' id='word_1_32' title='bbox 2068 491 2202 560; x_wconf 84' lang='lat' dir='ltr'><strong>Quia</strong></span> 
     </span>
    </p>
   </div>
   <div class='ocr_carea' id='block_1_5' title="bbox 621 584 2206 653">
    <p class='ocr_par' dir='ltr' id='par_1_5' title="bbox 621 584 2206 653">
     <span class='ocr_line' id='line_1_5' title="bbox 621 584 2206 653; baseline -0.006 -9"><span class='ocrx_word' id='word_1_33' title='bbox 621 590 678 644; x_wconf 92' lang='lat' dir='ltr'><strong>in</strong></span> <span class='ocrx_word' id='word_1_34' title='bbox 723 589 908 641; x_wconf 85' lang='lat' dir='ltr'><strong>eadem</strong></span> <span class='ocrx_word' id='word_1_35' title='bbox 953 584 1122 639; x_wconf 76' lang='lat' dir='ltr'><strong>forma</strong></span> <span class='ocrx_word' id='word_1_36' title='bbox 1175 592 1321 639; x_wconf 82' lang='lat' dir='ltr'><strong>totus</strong></span> <span class='ocrx_word' id='word_1_37' title='bbox 1350 590 1435 637; x_wconf 93' lang='lat' dir='ltr'><strong>est</strong></span> <span class='ocrx_word' id='word_1_38' title='bbox 1475 595 1776 653; x_wconf 81' lang='lat' dir='ltr'><strong>regressus,</strong></span> <span class='ocrx_word' id='word_1_39' title='bbox 1806 597 1836 635; x_wconf 89' lang='lat' dir='ltr'><strong>a</strong></span> <span class='ocrx_word' id='word_1_40' title='bbox 1867 596 1970 650; x_wconf 89' lang='lat' dir='ltr'><strong>qua</strong></span> <span class='ocrx_word' id='word_1_41' title='bbox 2022 590 2206 635; x_wconf 80' lang='lat' dir='ltr'><strong>semet-</strong></span> 
     </span>
    </p>
   </div>
   <div class='ocr_carea' id='block_1_6' title="bbox 620 672 2206 750">
    <p class='ocr_par' dir='ltr' id='par_1_6' title="bbox 620 672 2206 750">
     <span class='ocr_line' id='line_1_6' title="bbox 620 672 2206 750; baseline -0.004 -15"><span class='ocrx_word' id='word_1_42' title='bbox 620 681 791 750; x_wconf 75' lang='lat' dir='ltr'><strong>ipsum</strong></span> <span class='ocrx_word' id='word_1_43' title='bbox 819 677 1130 739; x_wconf 66' lang='lat' dir='ltr'><strong>exinanivit,</strong></span> <span class='ocrx_word' id='word_1_44' title='bbox 1161 685 1216 729; x_wconf 77' lang='lat' dir='ltr'><strong>ut</strong></span> <span class='ocrx_word' id='word_1_45' title='bbox 1264 674 1491 744; x_wconf 79' lang='lat' dir='ltr'><strong>formam</strong></span> <span class='ocrx_word' id='word_1_46' title='bbox 1529 674 1662 728; x_wconf 81' lang='lat' dir='ltr'><strong>servi</strong></span> <span class='ocrx_word' id='word_1_47' title='bbox 1692 674 2000 745; x_wconf 87' lang='lat' dir='ltr'><strong>acciperet.</strong></span> <span class='ocrx_word' id='word_1_48' title='bbox 2054 672 2206 729; x_wconf 81' lang='lat' dir='ltr'><strong>Unde</strong></span> 
     </span>
    </p>
   </div>
   <div class='ocr_carea' id='block_1_7' title="bbox 620 765 1791 837">
    <p class='ocr_par' dir='ltr' id='par_1_7' title="bbox 620 765 1791 837">
     <span class='ocr_line' id='line_1_7' title="bbox 620 765 1791 837; baseline -0.007 -9"><span class='ocrx_word' id='word_1_49' title='bbox 620 772 812 829; x_wconf 85' lang='lat' dir='ltr'><strong>beatus</strong></span> <span class='ocrx_word' id='word_1_50' title='bbox 845 768 1165 825; x_wconf 81' lang='lat' dir='ltr'><strong>Ambrosius</strong></span> <span class='ocrx_word' id='word_1_51' title='bbox 1192 766 1505 837; x_wconf 84' lang='lat' dir='ltr'><strong>in-quodam</strong></span> <span class='ocrx_word' id='word_1_52' title='bbox 1549 765 1752 837; x_wconf 80' lang='lat' dir='ltr'><strong>hymno</strong></span> <span class='ocrx_word' id='word_1_53' title='bbox 1779 783 1791 819; x_wconf 89' lang='lat'>:</span> 
     </span>
    </p>
   </div>
   <div class='ocr_carea' id='block_1_8' title="bbox 966 922 1784 988">
    <p class='ocr_par' dir='ltr' id='par_1_8' title="bbox 966 922 1784 988">
     <span class='ocr_line' id='line_1_8' title="bbox 966 922 1784 988; baseline -0.001 -14"><span class='ocrx_word' id='word_1_54' title='bbox 966 925 1204 988; x_wconf 68' lang='lat' dir='ltr'><strong>Egressus</strong></span> <span class='ocrx_word' id='word_1_55' title='bbox 1227 935 1353 988; x_wconf 79' lang='lat' dir='ltr'><strong>ejus,</strong></span> <span class='ocrx_word' id='word_1_56' title='bbox 1378 925 1554 988; x_wconf 68' lang='lat' dir='ltr'><strong>inquit,</strong></span> <span class='ocrx_word' id='word_1_57' title='bbox 1573 935 1599 971; x_wconf 92' lang='lat' dir='ltr'><strong>a</strong></span> <span class='ocrx_word' id='word_1_58' title='bbox 1617 922 1784 983; x_wconf 80' lang='lat' dir='ltr'><strong>Patre,</strong></span> 
     </span>
    </p>
   </div>
   <div class='ocr_carea' id='block_1_9' title="bbox 965 984 1693 1049">
    <p class='ocr_par' dir='ltr' id='par_1_9' title="bbox 965 984 1693 1049">
     <span class='ocr_line' id='line_1_9' title="bbox 965 984 1693 1049; baseline -0.005 -12"><span class='ocrx_word' id='word_1_59' title='bbox 965 984 1241 1049; x_wconf 67' lang='lat' dir='ltr'><strong>Regressus</strong></span> <span class='ocrx_word' id='word_1_60' title='bbox 1256 984 1371 1045; x_wconf 70' lang='lat' dir='ltr'><strong>&#39;ejn&#39;s</strong></span> <span class='ocrx_word' id='word_1_61' title='bbox 1394 984 1457 1034; x_wconf 87' lang='lat' dir='ltr'><strong>ad</strong></span> <span class='ocrx_word' id='word_1_62' title='bbox 1462 984 1693 1049; x_wconf 71' lang='lat' dir='ltr'><strong>Patrem,</strong></span> 
     </span>
    </p>
   </div>
   <div class='ocr_carea' id='block_1_10' title="bbox 966 1048 1684 1111">
    <p class='ocr_par' dir='ltr' id='par_1_10' title="bbox 966 1048 1684 1111">
     <span class='ocr_line' id='line_1_10' title="bbox 966 1048 1684 1111; baseline -0.004 -13"><span class='ocrx_word' id='word_1_63' title='bbox 966 1048 1215 1111; x_wconf 65' lang='lat' dir='ltr'><strong>Excursus</strong></span> <span class='ocrx_word' id='word_1_64' title='bbox 1238 1059 1397 1111; x_wconf 81' lang='lat' dir='ltr'><strong>usque</strong></span> <span class='ocrx_word' id='word_1_65' title='bbox 1418 1048 1475 1096; x_wconf 84' lang='lat' dir='ltr'><strong>ad</strong></span> <span class='ocrx_word' id='word_1_66' title='bbox 1500 1048 1684 1111; x_wconf 62' lang='lat' dir='ltr'><strong>[cteros</strong></span> 
     </span>
    </p>
   </div>
   <div class='ocr_carea' id='block_1_11' title="bbox 971 1108 1617 1161">
    <p class='ocr_par' dir='ltr' id='par_1_11' title="bbox 971 1108 1617 1161">
     <span class='ocr_line' id='line_1_11' title="bbox 971 1108 1617 1161; baseline -0.005 0"><span class='ocrx_word' id='word_1_67' title='bbox 971 1109 1210 1161; x_wconf 77' lang='lat' dir='ltr'><strong>Recursus</strong></span> <span class='ocrx_word' id='word_1_68' title='bbox 1228 1110 1288 1160; x_wconf 90' lang='lat' dir='ltr'><strong>ad</strong></span> <span class='ocrx_word' id='word_1_69' title='bbox 1311 1108 1483 1159; x_wconf 81' lang='lat' dir='ltr'><strong>sedem</strong></span> <span class='ocrx_word' id='word_1_70' title='bbox 1505 1108 1617 1159; x_wconf 87' lang='lat' dir='ltr'><strong>Del.</strong></span> 
     </span>
    </p>
   </div>
   <div class='ocr_carea' id='block_1_12' title="bbox 625 1231 2209 1303">
    <p class='ocr_par' dir='ltr' id='par_1_12' title="bbox 625 1231 2209 1303">
     <span class='ocr_line' id='line_1_12' title="bbox 625 1231 2209 1303; baseline -0.006 -9"><span class='ocrx_word' id='word_1_71' title='bbox 625 1239 695 1295; x_wconf 74' lang='lat' dir='ltr'><strong>Et</strong></span> <span class='ocrx_word' id='word_1_72' title='bbox 723 1238 840 1293; x_wconf 61' lang='lat' dir='ltr'><strong>hac</strong></span> <span class='ocrx_word' id='word_1_73' title='bbox 889 1243 973 1292; x_wconf 85' lang='lat' dir='ltr'><strong>est</strong></span> <span class='ocrx_word' id='word_1_74' title='bbox 1001 1234 1200 1299; x_wconf 80' lang='lat' dir='ltr'><strong>sedes,</strong></span> <span class='ocrx_word' id='word_1_75' title='bbox 1240 1231 1604 1297; x_wconf 72' lang='lat' dir='ltr'><strong>charissimse,</strong></span> <span class='ocrx_word' id='word_1_76' title='bbox 1659 1247 1821 1303; x_wconf 86' lang='lat' dir='ltr'><strong>quam</strong></span> <span class='ocrx_word' id='word_1_77' title='bbox 1872 1232 1973 1287; x_wconf 73' lang='lat' dir='ltr'><strong>ill-.e</strong></span> <span class='ocrx_word' id='word_1_78' title='bbox 2021 1231 2209 1286; x_wconf 82' lang='lat' dir='ltr'><strong>habuit</strong></span> 
     </span>
    </p>
   </div>
   <div class='ocr_carea' id='block_1_13' title="bbox 564 1323 2209 1389">
    <p class='ocr_par' dir='ltr' id='par_1_13' title="bbox 564 1323 2209 1389">
     <span class='ocr_line' id='line_1_13' title="bbox 564 1323 2209 1389; baseline -0.005 -4"><span class='ocrx_word' id='word_1_79' title='bbox 564 1360 577 1373; x_wconf 85' lang='lat'><strong>-</strong></span> <span class='ocrx_word' id='word_1_80' title='bbox 624 1338 751 1385; x_wconf 82' lang='lat' dir='ltr'><strong>ante</strong></span> <span class='ocrx_word' id='word_1_81' title='bbox 776 1326 957 1389; x_wconf 68' lang='lat' dir='ltr'><strong>seculi</strong></span> <span class='ocrx_word' id='word_1_82' title='bbox 1000 1326 1466 1389; x_wconf 78' lang='lat' dir='ltr'><strong>constitutionem,</strong></span> <span class='ocrx_word' id='word_1_83' title='bbox 1497 1333 1554 1379; x_wconf 84' lang='lat' dir='ltr'><strong>ct</strong></span> <span class='ocrx_word' id='word_1_84' title='bbox 1585 1323 1810 1379; x_wconf 79' lang='lat' dir='ltr'><strong>ollerlur</strong></span> <span class='ocrx_word' id='word_1_85' title='bbox 1838 1324 1892 1378; x_wconf 87' lang='lat' dir='ltr'><strong>in</strong></span> <span class='ocrx_word' id='word_1_86' title='bbox 1941 1323 2046 1377; x_wconf 90' lang='lat' dir='ltr'><strong>ﬁne</strong></span> <span class='ocrx_word' id='word_1_87' title='bbox 2074 1330 2209 1378; x_wconf 88' lang='lat' dir='ltr'><strong>tem-</strong></span> 
     </span>
    </p>
   </div>
   <div class='ocr_carea' id='block_1_14' title="bbox 621 1395 2206 1495">
    <p class='ocr_par' dir='ltr' id='par_1_14' title="bbox 621 1395 2206 1495">
     <span class='ocr_line' id='line_1_14' title="bbox 621 1395 2206 1495; baseline -0.004 -18"><span class='ocrx_word' id='word_1_88' title='bbox 621 1437 837 1495; x_wconf 79' lang='lat' dir='ltr'><strong>porum,</strong></span> <span class='ocrx_word' id='word_1_89' title='bbox 870 1421 1128 1491; x_wconf 90' lang='lat' dir='ltr'><strong>quoniam</strong></span> <span class='ocrx_word' id='word_1_90' title='bbox 1163 1420 1276 1486; x_wconf 83' lang='lat' dir='ltr'><strong>ipse</strong></span> <span class='ocrx_word' id='word_1_91' title='bbox 1306 1420 1359 1474; x_wconf 92' lang='lat' dir='ltr'><strong>in</strong></span> <span class='ocrx_word' id='word_1_92' title='bbox 1403 1426 1631 1488; x_wconf 88' lang='lat' dir='ltr'><strong>utroque</strong></span> <span class='ocrx_word' id='word_1_93' title='bbox 1661 1434 1799 1473; x_wconf 89' lang='lat' dir='ltr'><strong>unus</strong></span> <span class='ocrx_word' id='word_1_94' title='bbox 1829 1425 1911 1472; x_wconf 88' lang='lat' dir='ltr'><strong>est</strong></span> <span class='ocrx_word' id='word_1_95' title='bbox 1936 1395 2206 1480; x_wconf 69' lang='lat' dir='ltr'><strong>Christhs,</strong></span> 
     </span>
    </p>
   </div>
   <div class='ocr_carea' id='block_1_15' title="bbox 623 1507 2207 1579">
    <p class='ocr_par' dir='ltr' id='par_1_15' title="bbox 623 1507 2207 1579">
     <span class='ocr_line' id='line_1_15' title="bbox 623 1507 2207 1579; baseline -0.005 -10"><span class='ocrx_word' id='word_1_96' title='bbox 623 1530 763 1569; x_wconf 87' lang='lat' dir='ltr'><strong>unus</strong></span> <span class='ocrx_word' id='word_1_97' title='bbox 808 1512 971 1579; x_wconf 89' lang='lat' dir='ltr'><strong>Deus,</strong></span> <span class='ocrx_word' id='word_1_98' title='bbox 1015 1527 1155 1567; x_wconf 88' lang='lat' dir='ltr'><strong>unus</strong></span> <span class='ocrx_word' id='word_1_99' title='bbox 1202 1509 1457 1566; x_wconf 68' lang='lat' dir='ltr'><strong>Ecclesia!</strong></span> <span class='ocrx_word' id='word_1_100' title='bbox 1496 1524 1753 1579; x_wconf 89' lang='lat' dir='ltr'><strong>sponsus,</strong></span> <span class='ocrx_word' id='word_1_101' title='bbox 1799 1518 1859 1563; x_wconf 89' lang='lat' dir='ltr'><strong>nt</strong></span> <span class='ocrx_word' id='word_1_102' title='bbox 1907 1516 1961 1563; x_wconf 90' lang='lat' dir='ltr'><strong>et</strong></span> <span class='ocrx_word' id='word_1_103' title='bbox 2010 1508 2081 1562; x_wconf 85' lang='lat' dir='ltr'><strong>ita</strong></span> <span class='ocrx_word' id='word_1_104' title='bbox 2122 1507 2207 1561; x_wconf 94' lang='lat' dir='ltr'><strong>di-</strong></span> 
     </span>
    </p>
   </div>
   <div class='ocr_carea' id='block_1_16' title="bbox 627 1591 2205 1678">
    <p class='ocr_par' dir='ltr' id='par_1_16' title="bbox 627 1591 2205 1678">
     <span class='ocr_line' id='line_1_16' title="bbox 627 1591 2205 1678; baseline -0.005 -14"><span class='ocrx_word' id='word_1_105' title='bbox 627 1612 783 1674; x_wconf 84' lang='lat' dir='ltr'><strong>eam‘,</strong></span> <span class='ocrx_word' id='word_1_106' title='bbox 839 1622 978 1661; x_wconf 89' lang='lat' dir='ltr'><strong>unus</strong></span> <span class='ocrx_word' id='word_1_107' title='bbox 1039 1605 1307 1678; x_wconf 80' lang='lat' dir='ltr'><strong>virginum</strong></span> <span class='ocrx_word' id='word_1_108' title='bbox 1366 1591 1596 1659; x_wconf 83' lang='lat' dir='ltr'><strong>maritus</strong></span> <span class='ocrx_word' id='word_1_109' title='bbox 1653 1604 1797 1659; x_wconf 84' lang='lat' dir='ltr'><strong>Deus</strong></span> <span class='ocrx_word' id='word_1_110' title='bbox 1843 1603 1936 1658; x_wconf 87' lang='lat' dir='ltr'><strong>Dei</strong></span> <span class='ocrx_word' id='word_1_111' title='bbox 1991 1601 2205 1666; x_wconf 85' lang='lat' dir='ltr'><strong>Filius,</strong></span> 
     </span>
    </p>
   </div>
   <div class='ocr_carea' id='block_1_17' title="bbox 622 1686 2203 1767">
    <p class='ocr_par' dir='ltr' id='par_1_17' title="bbox 622 1686 2203 1767">
     <span class='ocr_line' id='line_1_17' title="bbox 622 1686 2203 1767; baseline -0.008 -7"><span class='ocrx_word' id='word_1_112' title='bbox 622 1702 711 1760; x_wconf 87' lang='lat' dir='ltr'><strong>cui</strong></span> <span class='ocrx_word' id='word_1_113' title='bbox 754 1702 822 1756; x_wconf 92' lang='lat' dir='ltr'><strong>ad</strong></span> <span class='ocrx_word' id='word_1_114' title='bbox 863 1696 1380 1755; x_wconf 78' lang='lat' dir='ltr'><strong>demonstrationem</strong></span> <span class='ocrx_word' id='word_1_115' title='bbox 1406 1695 1776 1767; x_wconf 89' lang='lat' dir='ltr'><strong>sponsalitatis</strong></span> <span class='ocrx_word' id='word_1_116' title='bbox 1806 1686 2203 1766; x_wconf 78' lang='lat' dir='ltr'><strong>su&#39;peradditur.</strong></span> 
     </span>
    </p>
   </div>
   <div class='ocr_carea' id='block_1_18' title="bbox 2310 491 3875 566">
    <p class='ocr_par' dir='ltr' id='par_1_18' title="bbox 2310 491 3875 566">
     <span class='ocr_line' id='line_1_18' title="bbox 2310 491 3875 566; baseline 0.004 -19"><span class='ocrx_word' id='word_1_117' title='bbox 2310 492 2557 557; x_wconf 76' lang='lat' dir='ltr'><strong>rissimze,</strong></span> <span class='ocrx_word' id='word_1_118' title='bbox 2600 491 2851 562; x_wconf 88' lang='lat' dir='ltr'><strong>projicite</strong></span> <span class='ocrx_word' id='word_1_119' title='bbox 2898 493 3087 548; x_wconf 88' lang='lat' dir='ltr'><strong>mortis</strong></span> <span class='ocrx_word' id='word_1_120' title='bbox 3135 509 3321 565; x_wconf 80' lang='lat' dir='ltr'><strong>opera,</strong></span> <span class='ocrx_word' id='word_1_121' title='bbox 3354 494 3576 552; x_wconf 84' lang='lat' dir='ltr'><strong>Christo</strong></span> <span class='ocrx_word' id='word_1_122' title='bbox 3617 496 3673 551; x_wconf 87' lang='lat' dir='ltr'><strong>in</strong></span> <span class='ocrx_word' id='word_1_123' title='bbox 3721 494 3875 566; x_wconf 83' lang='lat' dir='ltr'><strong>bapti-</strong></span> 
     </span>
    </p>
   </div>
   <div class='ocr_carea' id='block_1_19' title="bbox 2307 585 3877 661">
    <p class='ocr_par' dir='ltr' id='par_1_19' title="bbox 2307 585 3877 661">
     <span class='ocr_line' id='line_1_19' title="bbox 2307 585 3877 661; baseline 0.006 -22"><span class='ocrx_word' id='word_1_124' title='bbox 2307 594 2483 641; x_wconf 88' lang='lat' dir='ltr'><strong>smate</strong></span> <span class='ocrx_word' id='word_1_125' title='bbox 2533 585 2892 656; x_wconf 71' lang='lat' dir='ltr'><strong>consepultus,</strong></span> <span class='ocrx_word' id='word_1_126' title='bbox 2944 596 3001 641; x_wconf 87' lang='lat' dir='ltr'><strong>et</strong></span> <span class='ocrx_word' id='word_1_127' title='bbox 3051 588 3153 642; x_wconf 87' lang='lat' dir='ltr'><strong>sub</strong></span> <span class='ocrx_word' id='word_1_128' title='bbox 3203 588 3475 646; x_wconf 79' lang='lat' dir='ltr'><strong>velamine</strong></span> <span class='ocrx_word' id='word_1_129' title='bbox 3531 589 3877 661; x_wconf 83' lang='lat' dir='ltr'><strong>sponsalitatis</strong></span> 
     </span>
    </p>
   </div>
   <div class='ocr_carea' id='block_1_20' title="bbox 2309 674 3875 750">
    <p class='ocr_par' dir='ltr' id='par_1_20' title="bbox 2309 674 3875 750">
     <span class='ocr_line' id='line_1_20' title="bbox 2309 674 3875 750; baseline 0.006 -19"><span class='ocrx_word' id='word_1_130' title='bbox 2309 674 2433 732; x_wconf 87' lang='lat' dir='ltr'><strong>dote</strong></span> <span class='ocrx_word' id='word_1_131' title='bbox 2482 677 2709 735; x_wconf 87' lang='lat' dir='ltr'><strong>Domino</strong></span> <span class='ocrx_word' id='word_1_132' title='bbox 2758 687 3137 734; x_wconf 83' lang='lat' dir='ltr'><strong>consecratae:</strong></span> <span class='ocrx_word' id='word_1_133' title='bbox 3171 679 3300 750; x_wconf 86' lang='lat' dir='ltr'><strong>quia</strong></span> <span class='ocrx_word' id='word_1_134' title='bbox 3340 682 3474 736; x_wconf 83' lang='lat' dir='ltr'><strong>estis</strong></span> <span class='ocrx_word' id='word_1_135' title='bbox 3521 683 3649 738; x_wconf 83' lang='lat' dir='ltr'><strong>huic</strong></span> <span class='ocrx_word' id='word_1_136' title='bbox 3696 686 3875 741; x_wconf 83' lang='lat' dir='ltr'><strong>mundo</strong></span> 
     </span>
    </p>
   </div>
   <div class='ocr_carea' id='block_1_21' title="bbox 2308 771 3872 848">
    <p class='ocr_par' dir='ltr' id='par_1_21' title="bbox 2308 771 3872 848">
     <span class='ocr_line' id='line_1_21' title="bbox 2308 771 3872 848; baseline 0.006 -24"><span class='ocrx_word' id='word_1_137' title='bbox 2308 777 2556 834; x_wconf 77' lang='lat' dir='ltr'><strong>mortuae,</strong></span> <span class='ocrx_word' id='word_1_138' title='bbox 2602 771 2735 825; x_wconf 90' lang='lat' dir='ltr'><strong>nihil</strong></span> <span class='ocrx_word' id='word_1_139' title='bbox 2776 771 2921 826; x_wconf 83' lang='lat' dir='ltr'><strong>aliud</strong></span> <span class='ocrx_word' id='word_1_140' title='bbox 2962 787 3125 842; x_wconf 88' lang='lat' dir='ltr'><strong>quam</strong></span> <span class='ocrx_word' id='word_1_141' title='bbox 3171 774 3240 828; x_wconf 90' lang='lat' dir='ltr'><strong>de</strong></span> <span class='ocrx_word' id='word_1_142' title='bbox 3285 773 3600 831; x_wconf 74' lang='lat' dir='ltr'><strong>cmlestibus</strong></span> <span class='ocrx_word' id='word_1_143' title='bbox 3644 778 3872 848; x_wconf 76' lang='lat' dir='ltr'><strong>cogitate.</strong></span> 
     </span>
    </p>
   </div>
   <div class='ocr_carea' id='block_1_22' title="bbox 2308 860 3873 938">
    <p class='ocr_par' dir='ltr' id='par_1_22' title="bbox 2308 860 3873 938">
     <span class='ocr_line' id='line_1_22' title="bbox 2308 860 3873 938; baseline 0.006 -23"><span class='ocrx_word' id='word_1_144' title='bbox 2308 860 2617 930; x_wconf 81' lang='lat' dir='ltr'><strong>Loquimini</strong></span> <span class='ocrx_word' id='word_1_145' title='bbox 2654 860 2721 915; x_wconf 91' lang='lat' dir='ltr'><strong>ad</strong></span> <span class='ocrx_word' id='word_1_146' title='bbox 2771 876 3029 932; x_wconf 70' lang='lat' dir='ltr'><strong>Sponsum</strong></span> <span class='ocrx_word' id='word_1_147' title='bbox 3075 863 3586 937; x_wconf 59' lang='lat' dir='ltr'><strong>vestrum&#39;singulaa,</strong></span> <span class='ocrx_word' id='word_1_148' title='bbox 3617 865 3873 938; x_wconf 87' lang='lat' dir='ltr'><strong>loquimini</strong></span> 
     </span>
    </p>
   </div>
   <div class='ocr_carea' id='block_1_23' title="bbox 2310 950 3875 1032">
    <p class='ocr_par' dir='ltr' id='par_1_23' title="bbox 2310 950 3875 1032">
     <span class='ocr_line' id='line_1_23' title="bbox 2310 950 3875 1032; baseline 0.006 -26"><span class='ocrx_word' id='word_1_149' title='bbox 2310 967 2539 1007; x_wconf 87' lang='lat' dir='ltr'><strong>omnes:</strong></span> <span class='ocrx_word' id='word_1_150' title='bbox 2579 950 2772 1006; x_wconf 80' lang='lat' dir='ltr'><strong>Manus</strong></span> <span class='ocrx_word' id='word_1_151' title='bbox 2821 969 2950 1008; x_wconf 70' lang='lat' dir='ltr'><strong>mea:</strong></span> <span class='ocrx_word' id='word_1_152' title='bbox 2977 953 3304 1032; x_wconf 75' lang='lat' dir='ltr'><strong>stillavcrunt</strong></span> <span class='ocrx_word' id='word_1_153' title='bbox 3348 957 3644 1029; x_wconf 75' lang='lat' dir='ltr'><strong>myrrham,</strong></span> <span class='ocrx_word' id='word_1_154' title='bbox 3672 967 3720 1013; x_wconf 80' lang='lat' dir='ltr'><strong>et</strong></span> <span class='ocrx_word' id='word_1_155' title='bbox 3746 960 3875 1032; x_wconf 73' lang='lat' dir='ltr'><strong>digiti</strong></span> 
     </span>
    </p>
   </div>
   <div class='ocr_carea' id='block_1_24' title="bbox 2310 1030 3873 1124">
    <p class='ocr_par' dir='ltr' id='par_1_24' title="bbox 2310 1030 3873 1124">
     <span class='ocr_line' id='line_1_24' title="bbox 2310 1030 3873 1124; baseline 0.006 -25"><span class='ocrx_word' id='word_1_156' title='bbox 2310 1048 2412 1100; x_wconf 82' lang='lat' dir='ltr'><strong>mei</strong></span> <span class='ocrx_word' id='word_1_157' title='bbox 2435 1046 2575 1117; x_wconf 81' lang='lat' dir='ltr'><strong>pleni</strong></span> <span class='ocrx_word' id='word_1_158' title='bbox 2603 1048 2819 1117; x_wconf 80' lang='lat' dir='ltr'><strong>myrrha</strong></span> <span class='ocrx_word' id='word_1_159' title='bbox 2869 1030 3240 1117; x_wconf 80' lang='lat' dir='ltr'><strong>probatissima</strong></span> <span class='ocrx_word' id='word_1_160' title='bbox 3273 1045 3448 1122; x_wconf 82' lang='lat' dir='ltr'><strong>(Psal.</strong></span> <span class='ocrx_word' id='word_1_161' title='bbox 3479 1064 3604 1118; x_wconf 82' lang='lat' dir='ltr'><strong>cxv,</strong></span> <span class='ocrx_word' id='word_1_162' title='bbox 3640 1050 3746 1123; x_wconf 82' lang='lat' dir='ltr'><strong>l5),</strong></span> <span class='ocrx_word' id='word_1_163' title='bbox 3769 1030 3873 1124; x_wconf 83' lang='lat' dir='ltr'><strong>quia</strong></span> 
     </span>
    </p>
   </div>
   <div class='ocr_carea' id='block_1_25' title="bbox 2308 1138 3874 1210">
    <p class='ocr_par' dir='ltr' id='par_1_25' title="bbox 2308 1138 3874 1210">
     <span class='ocr_line' id='line_1_25' title="bbox 2308 1138 3874 1210; baseline 0.006 -19"><span class='ocrx_word' id='word_1_164' title='bbox 2308 1145 2547 1207; x_wconf 79' lang='lat' dir='ltr'><strong>pretiosa</strong></span> <span class='ocrx_word' id='word_1_165' title='bbox 2585 1147 2668 1193; x_wconf 90' lang='lat' dir='ltr'><strong>est</strong></span> <span class='ocrx_word' id='word_1_166' title='bbox 2708 1138 2765 1193; x_wconf 87' lang='lat' dir='ltr'><strong>in</strong></span> <span class='ocrx_word' id='word_1_167' title='bbox 2811 1147 3103 1210; x_wconf 89' lang='lat' dir='ltr'><strong>conspectu</strong></span> <span class='ocrx_word' id='word_1_168' title='bbox 3138 1140 3350 1197; x_wconf 87' lang='lat' dir='ltr'><strong>Dom.ni</strong></span> <span class='ocrx_word' id='word_1_169' title='bbox 3393 1157 3541 1199; x_wconf 90' lang='lat' dir='ltr'><strong>mors</strong></span> <span class='ocrx_word' id='word_1_170' title='bbox 3588 1153 3874 1200; x_wconf 81' lang='lat' dir='ltr'><strong>sanctorum</strong></span> 
     </span>
    </p>
   </div>
   <div class='ocr_carea' id='block_1_26' title="bbox 2309 1224 3873 1297">
    <p class='ocr_par' dir='ltr' id='par_1_26' title="bbox 2309 1224 3873 1297">
     <span class='ocr_line' id='line_1_26' title="bbox 2309 1224 3873 1297; baseline 0.007 -17"><span class='ocrx_word' id='word_1_171' title='bbox 2309 1224 2445 1294; x_wconf 83' lang='lat' dir='ltr'><strong>ejus.</strong></span> <span class='ocrx_word' id='word_1_172' title='bbox 2473 1226 2588 1281; x_wconf 80' lang='lat' dir='ltr'><strong>Non</strong></span> <span class='ocrx_word' id='word_1_173' title='bbox 2617 1226 2793 1282; x_wconf 89' lang='lat' dir='ltr'><strong>solum</strong></span> <span class='ocrx_word' id='word_1_174' title='bbox 2825 1227 2990 1297; x_wconf 79' lang='lat' dir='ltr'><strong>igitur</strong></span> <span class='ocrx_word' id='word_1_175' title='bbox 3013 1243 3180 1296; x_wconf 88' lang='lat' dir='ltr'><strong>mors,</strong></span> <span class='ocrx_word' id='word_1_176' title='bbox 3206 1231 3301 1287; x_wconf 89' lang='lat' dir='ltr'><strong>sed</strong></span> <span class='ocrx_word' id='word_1_177' title='bbox 3324 1239 3380 1286; x_wconf 90' lang='lat' dir='ltr'><strong>et</strong></span> <span class='ocrx_word' id='word_1_178' title='bbox 3407 1232 3751 1290; x_wconf 85' lang='lat' dir='ltr'><strong>mortiﬁcatio</strong></span> <span class='ocrx_word' id='word_1_179' title='bbox 3768 1249 3873 1291; x_wconf 84' lang='lat' dir='ltr'><strong>ear-</strong></span> 
     </span>
    </p>
   </div>
   <div class='ocr_carea' id='block_1_27' title="bbox 2310 1308 3877 1392">
    <p class='ocr_par' dir='ltr' id='par_1_27' title="bbox 2310 1308 3877 1392">
     <span class='ocr_line' id='line_1_27' title="bbox 2310 1308 3877 1392; baseline 0.008 -20"><span class='ocrx_word' id='word_1_180' title='bbox 2310 1319 2416 1374; x_wconf 88' lang='lat' dir='ltr'><strong>nis.</strong></span> <span class='ocrx_word' id='word_1_181' title='bbox 2469 1308 2833 1375; x_wconf 68' lang='lat' dir='ltr'><strong>hfortiﬁcastis</strong></span> <span class='ocrx_word' id='word_1_182' title='bbox 2883 1320 3067 1392; x_wconf 82' lang='lat' dir='ltr'><strong>itaque</strong></span> <span class='ocrx_word' id='word_1_183' title='bbox 3108 1324 3351 1379; x_wconf 90' lang='lat' dir='ltr'><strong>membra</strong></span> <span class='ocrx_word' id='word_1_184' title='bbox 3387 1332 3572 1380; x_wconf 84' lang='lat' dir='ltr'><strong>vestra</strong></span> <span class='ocrx_word' id='word_1_185' title='bbox 3612 1326 3666 1382; x_wconf 91' lang='lat' dir='ltr'><strong>in</strong></span> <span class='ocrx_word' id='word_1_186' title='bbox 3703 1327 3877 1384; x_wconf 70' lang='lat' dir='ltr'><strong>seculo</strong></span> 
     </span>
    </p>
   </div>
   <div class='ocr_carea' id='block_1_28' title="bbox 2314 1410 3878 1488">
    <p class='ocr_par' dir='ltr' id='par_1_28' title="bbox 2314 1410 3878 1488">
     <span class='ocr_line' id='line_1_28' title="bbox 2314 1410 3878 1488; baseline 0.007 -23"><span class='ocrx_word' id='word_1_187' title='bbox 2314 1426 2499 1467; x_wconf 82' lang='lat' dir='ltr'><strong>amore</strong></span> <span class='ocrx_word' id='word_1_188' title='bbox 2537 1410 2766 1479; x_wconf 87' lang='lat' dir='ltr'><strong>Christi,</strong></span> <span class='ocrx_word' id='word_1_189' title='bbox 2799 1412 3031 1484; x_wconf 77' lang='lat' dir='ltr'><strong>gaudete</strong></span> <span class='ocrx_word' id='word_1_190' title='bbox 3079 1421 3133 1470; x_wconf 87' lang='lat' dir='ltr'><strong>et</strong></span> <span class='ocrx_word' id='word_1_191' title='bbox 3179 1414 3465 1484; x_wconf 80' lang='lat' dir='ltr'><strong>exsultate,</strong></span> <span class='ocrx_word' id='word_1_192' title='bbox 3508 1416 3636 1488; x_wconf 86' lang='lat' dir='ltr'><strong>quia</strong></span> <span class='ocrx_word' id='word_1_193' title='bbox 3689 1434 3878 1476; x_wconf 83' lang='lat' dir='ltr'><strong>merces</strong></span> 
     </span>
    </p>
   </div>
   <div class='ocr_carea' id='block_1_29' title="bbox 2311 1502 3879 1579">
    <p class='ocr_par' dir='ltr' id='par_1_29' title="bbox 2311 1502 3879 1579">
     <span class='ocr_line' id='line_1_29' title="bbox 2311 1502 3879 1579; baseline 0.008 -24"><span class='ocrx_word' id='word_1_194' title='bbox 2311 1510 2489 1558; x_wconf 88' lang='lat' dir='ltr'><strong>vestra</strong></span> <span class='ocrx_word' id='word_1_195' title='bbox 2540 1502 2592 1557; x_wconf 91' lang='lat' dir='ltr'><strong>in</strong></span> <span class='ocrx_word' id='word_1_196' title='bbox 2647 1502 2802 1559; x_wconf 73' lang='lat' dir='ltr'><strong>ctelis</strong></span> <span class='ocrx_word' id='word_1_197' title='bbox 2846 1504 3080 1574; x_wconf 88' lang='lat' dir='ltr'><strong>gloriosa</strong></span> <span class='ocrx_word' id='word_1_198' title='bbox 3130 1514 3314 1561; x_wconf 88' lang='lat' dir='ltr'><strong>manet</strong></span> <span class='ocrx_word' id='word_1_199' title='bbox 3346 1521 3470 1563; x_wconf 90' lang='lat' dir='ltr'><strong>cum</strong></span> <span class='ocrx_word' id='word_1_200' title='bbox 3514 1509 3733 1565; x_wconf 84' lang='lat' dir='ltr'><strong>sanctis.</strong></span> <span class='ocrx_word' id='word_1_201' title='bbox 3763 1510 3879 1579; x_wconf 67' lang='lat' dir='ltr'><strong>Quae</strong></span> 
     </span>
    </p>
   </div>
   <div class='ocr_carea' id='block_1_30' title="bbox 2313 1595 3878 1670">
    <p class='ocr_par' dir='ltr' id='par_1_30' title="bbox 2313 1595 3878 1670">
     <span class='ocr_line' id='line_1_30' title="bbox 2313 1595 3878 1670; baseline 0.008 -21"><span class='ocrx_word' id='word_1_202' title='bbox 2313 1596 2568 1651; x_wconf 77' lang='lat' dir='ltr'><strong>nimirum</strong></span> <span class='ocrx_word' id='word_1_203' title='bbox 2597 1595 2946 1655; x_wconf 74' lang='lat' dir='ltr'><strong>mortiﬁcatio</strong></span> <span class='ocrx_word' id='word_1_204' title='bbox 2983 1599 3218 1670; x_wconf 91' lang='lat' dir='ltr'><strong>primum</strong></span> <span class='ocrx_word' id='word_1_205' title='bbox 3256 1616 3286 1655; x_wconf 92' lang='lat' dir='ltr'><strong>a</strong></span> <span class='ocrx_word' id='word_1_206' title='bbox 3323 1601 3666 1660; x_wconf 84' lang='lat' dir='ltr'><strong>vestimentis</strong></span> <span class='ocrx_word' id='word_1_207' title='bbox 3689 1604 3878 1661; x_wconf 74' lang='lat' dir='ltr'><strong>Domini</strong></span> 
     </span>
    </p>
   </div>
   <div class='ocr_carea' id='block_1_31' title="bbox 2313 1686 3880 1767">
    <p class='ocr_par' dir='ltr' id='par_1_31' title="bbox 2313 1686 3880 1767">
     <span class='ocr_line' id='line_1_31' title="bbox 2313 1686 3880 1767; baseline 0.006 -25"><span class='ocrx_word' id='word_1_208' title='bbox 2313 1686 2537 1743; x_wconf 80' lang='lat' dir='ltr'><strong>deﬂuxit</strong></span> <span class='ocrx_word' id='word_1_209' title='bbox 2567 1706 2580 1742; x_wconf 91' lang='lat'><strong>:</strong></span> <span class='ocrx_word' id='word_1_210' title='bbox 2613 1694 2667 1744; x_wconf 87' lang='lat' dir='ltr'><strong>et</strong></span> <span class='ocrx_word' id='word_1_211' title='bbox 2706 1689 2826 1744; x_wconf 88' lang='lat' dir='ltr'><strong>ideo</strong></span> <span class='ocrx_word' id='word_1_212' title='bbox 2853 1698 2976 1760; x_wconf 85' lang='lat' dir='ltr'><strong>post</strong></span> <span class='ocrx_word' id='word_1_213' title='bbox 3002 1705 3125 1746; x_wconf 92' lang='lat' dir='ltr'><strong>eum</strong></span> <span class='ocrx_word' id='word_1_214' title='bbox 3158 1691 3210 1747; x_wconf 91' lang='lat' dir='ltr'><strong>in</strong></span> <span class='ocrx_word' id='word_1_215' title='bbox 3250 1692 3473 1749; x_wconf 91' lang='lat' dir='ltr'><strong>odorem</strong></span> <span class='ocrx_word' id='word_1_216' title='bbox 3503 1703 3880 1767; x_wconf 87' lang='lat' dir='ltr'><strong>unguentorum</strong></span> 
     </span>
    </p>
   </div>
   <div class='ocr_carea' id='block_1_32' title="bbox 694 1762 3881 1864">
    <p class='ocr_par' dir='ltr' id='par_1_32' title="bbox 694 1762 3881 1864">
     <span class='ocr_line' id='line_1_32' title="bbox 694 1762 3881 1864; baseline -0.001 -17"><span class='ocrx_word' id='word_1_217' title='bbox 694 1792 915 1864; x_wconf 71' lang='lat' dir='ltr'><strong>Myrrha</strong></span> <span class='ocrx_word' id='word_1_218' title='bbox 949 1800 998 1845; x_wconf 77' lang='lat' dir='ltr'><strong>et</strong></span> <span class='ocrx_word' id='word_1_219' title='bbox 1024 1798 1170 1861; x_wconf 70' lang='lat' dir='ltr'><strong>gutta</strong></span> <span class='ocrx_word' id='word_1_220' title='bbox 1199 1797 1248 1843; x_wconf 81' lang='lat' dir='ltr'><strong>et</strong></span> <span class='ocrx_word' id='word_1_221' title='bbox 1275 1762 1478 1842; x_wconf 58' lang='lat' dir='ltr'><strong>casiae</strong></span> <span class='ocrx_word' id='word_1_222' title='bbox 1506 1786 1825 1841; x_wconf 80' lang='lat' dir='ltr'><strong>vestimentis</strong></span> <span class='ocrx_word' id='word_1_223' title='bbox 1856 1762 2210 1849; x_wconf 66' lang='lat' dir='ltr'><strong>tuis,adomi-</strong></span> <span class='ocrx_word' id='word_1_224' title='bbox 2240 1762 2285 1823; x_wconf 78' lang='grc' dir='ltr'><strong>Β</strong></span> <span class='ocrx_word' id='word_1_225' title='bbox 2314 1776 2431 1846; x_wconf 78' lang='lat' dir='ltr'><strong>ejus</strong></span> <span class='ocrx_word' id='word_1_226' title='bbox 2479 1785 2589 1833; x_wconf 86' lang='lat' dir='ltr'><strong>tam</strong></span> <span class='ocrx_word' id='word_1_227' title='bbox 2642 1778 2859 1835; x_wconf 78' lang='lat' dir='ltr'><strong>fortiter</strong></span> <span class='ocrx_word' id='word_1_228' title='bbox 2907 1782 3261 1839; x_wconf 87' lang='lat' dir='ltr'><strong>concurristis</strong></span> <span class='ocrx_word' id='word_1_229' title='bbox 3296 1798 3311 1837; x_wconf 91' lang='lat'><strong>:</strong></span> <span class='ocrx_word' id='word_1_230' title='bbox 3350 1799 3475 1840; x_wconf 91' lang='lat' dir='ltr'><strong>nam</strong></span> <span class='ocrx_word' id='word_1_231' title='bbox 3520 1762 3881 1843; x_wconf 74' lang='lat' dir='ltr'><strong>vestimentum</strong></span> 
     </span>
    </p>
   </div>
   <div class='ocr_carea' id='block_1_33' title="bbox 621 1877 2208 1950">
    <p class='ocr_par' dir='ltr' id='par_1_33' title="bbox 621 1877 2208 1950">
     <span class='ocr_line' id='line_1_33' title="bbox 621 1877 2208 1950; baseline -0.004 -12"><span class='ocrx_word' id='word_1_232' title='bbox 621 1886 719 1939; x_wconf 75' lang='lat' dir='ltr'><strong>bus</strong></span> <span class='ocrx_word' id='word_1_233' title='bbox 746 1882 1008 1945; x_wconf 69' lang='lat' dir='ltr'><strong>eburneis,</strong></span> <span class='ocrx_word' id='word_1_234' title='bbox 1048 1897 1115 1935; x_wconf 73' lang='lat' dir='ltr'><strong>es:</strong></span> <span class='ocrx_word' id='word_1_235' title='bbox 1144 1880 1330 1950; x_wconf 80' lang='lat' dir='ltr'><strong>quibus</strong></span> <span class='ocrx_word' id='word_1_236' title='bbox 1359 1877 1741 1933; x_wconf 78' lang='lat' dir='ltr'><strong>delectaverunt</strong></span> <span class='ocrx_word' id='word_1_237' title='bbox 1787 1886 1837 1931; x_wconf 86' lang='lat' dir='ltr'><strong>te</strong></span> <span class='ocrx_word' id='word_1_238' title='bbox 1876 1877 2003 1945; x_wconf 79' lang='lat' dir='ltr'><strong>filia.-</strong></span> <span class='ocrx_word' id='word_1_239' title='bbox 2031 1893 2208 1947; x_wconf 84' lang='lat' dir='ltr'><strong>regum</strong></span> 
     </span>
    </p>
   </div>
   <div class='ocr_carea' id='block_1_34' title="bbox 619 1967 2210 2041">
    <p class='ocr_par' dir='ltr' id='par_1_34' title="bbox 619 1967 2210 2041">
     <span class='ocr_line' id='line_1_34' title="bbox 619 1967 2210 2041; baseline -0.006 -11"><span class='ocrx_word' id='word_1_240' title='bbox 619 1978 675 2030; x_wconf 80' lang='lat' dir='ltr'><strong>in</strong></span> <span class='ocrx_word' id='word_1_241' title='bbox 701 1977 897 2029; x_wconf 75' lang='lat' dir='ltr'><strong>[tonare</strong></span> <span class='ocrx_word' id='word_1_242' title='bbox 922 1984 1033 2027; x_wconf 78' lang='lat' dir='ltr'><strong>tuo.</strong></span> <span class='ocrx_word' id='word_1_243' title='bbox 1068 1971 1167 2027; x_wconf 90' lang='lat' dir='ltr'><strong>Ubi</strong></span> <span class='ocrx_word' id='word_1_244' title='bbox 1195 1984 1293 2041; x_wconf 91' lang='lat' dir='ltr'><strong>pro</strong></span> <span class='ocrx_word' id='word_1_245' title='bbox 1317 1978 1488 2041; x_wconf 87' lang='lat' dir='ltr'><strong>gutta,</strong></span> <span class='ocrx_word' id='word_1_246' title='bbox 1519 1969 1610 2023; x_wconf 88' lang='lat' dir='ltr'><strong>alii</strong></span> <span class='ocrx_word' id='word_1_247' title='bbox 1658 1969 1956 2039; x_wconf 81' lang='lat' dir='ltr'><strong>myrrham,</strong></span> <span class='ocrx_word' id='word_1_248' title='bbox 1980 1967 2069 2022; x_wconf 88' lang='lat' dir='ltr'><strong>alii</strong></span> <span class='ocrx_word' id='word_1_249' title='bbox 2100 1976 2210 2023; x_wconf 85' lang='lat' dir='ltr'><strong>sta-</strong></span> 
     </span>
    </p>
   </div>
   <div class='ocr_carea' id='block_1_35' title="bbox 621 2058 2210 2130">
    <p class='ocr_par' dir='ltr' id='par_1_35' title="bbox 621 2058 2210 2130">
     <span class='ocr_line' id='line_1_35' title="bbox 621 2058 2210 2130; baseline -0.006 -7"><span class='ocrx_word' id='word_1_250' title='bbox 621 2077 746 2124; x_wconf 86' lang='lat' dir='ltr'><strong>cten</strong></span> <span class='ocrx_word' id='word_1_251' title='bbox 797 2063 1208 2123; x_wconf 85' lang='lat' dir='ltr'><strong>transtulerunt.</strong></span> <span class='ocrx_word' id='word_1_252' title='bbox 1250 2061 1410 2118; x_wconf 88' lang='lat' dir='ltr'><strong>Casia</strong></span> <span class='ocrx_word' id='word_1_253' title='bbox 1458 2074 1588 2116; x_wconf 89' lang='lat' dir='ltr'><strong>vero</strong></span> <span class='ocrx_word' id='word_1_254' title='bbox 1630 2068 1714 2115; x_wconf 91' lang='lat' dir='ltr'><strong>est</strong></span> <span class='ocrx_word' id='word_1_255' title='bbox 1765 2061 1876 2130; x_wconf 86' lang='lat' dir='ltr'><strong>ipsa</strong></span> <span class='ocrx_word' id='word_1_256' title='bbox 1933 2074 2054 2129; x_wconf 65' lang='lat' dir='ltr'><strong>qua:</strong></span> <span class='ocrx_word' id='word_1_257' title='bbox 2103 2058 2210 2114; x_wconf 88' lang='lat' dir='ltr'><strong>alio</strong></span> 
     </span>
    </p>
   </div>
   <div class='ocr_carea' id='block_1_36' title="bbox 623 2153 2211 2225">
    <p class='ocr_par' dir='ltr' id='par_1_36' title="bbox 623 2153 2211 2225">
     <span class='ocr_line' id='line_1_36' title="bbox 623 2153 2211 2225; baseline -0.003 -12"><span class='ocrx_word' id='word_1_258' title='bbox 623 2156 842 2213; x_wconf 84' lang='lat' dir='ltr'><strong>nomine</strong></span> <span class='ocrx_word' id='word_1_259' title='bbox 871 2155 1048 2211; x_wconf 84' lang='lat' dir='ltr'><strong>ﬁstula</strong></span> <span class='ocrx_word' id='word_1_260' title='bbox 1080 2161 1441 2225; x_wconf 82' lang='lat' dir='ltr'><strong>nuncupatur.</strong></span> <span class='ocrx_word' id='word_1_261' title='bbox 1489 2153 1729 2222; x_wconf 83' lang='lat' dir='ltr'><strong>Quarum</strong></span> <span class='ocrx_word' id='word_1_262' title='bbox 1761 2166 1878 2219; x_wconf 90' lang='lat' dir='ltr'><strong>vos,</strong></span> <span class='ocrx_word' id='word_1_263' title='bbox 1915 2153 2211 2208; x_wconf 83' lang='lat' dir='ltr'><strong>sanctimo-</strong></span> 
     </span>
    </p>
   </div>
   <div class='ocr_carea' id='block_1_37' title="bbox 624 2244 2208 2316">
    <p class='ocr_par' dir='ltr' id='par_1_37' title="bbox 624 2244 2208 2316">
     <span class='ocr_line' id='line_1_37' title="bbox 624 2244 2208 2316; baseline -0.003 -13"><span class='ocrx_word' id='word_1_264' title='bbox 624 2248 798 2303; x_wconf 87' lang='lat' dir='ltr'><strong>niales</strong></span> <span class='ocrx_word' id='word_1_265' title='bbox 824 2245 1025 2302; x_wconf 81' lang='lat' dir='ltr'><strong>Christi</strong></span> <span class='ocrx_word' id='word_1_266' title='bbox 1065 2246 1274 2316; x_wconf 86' lang='lat' dir='ltr'><strong>species</strong></span> <span class='ocrx_word' id='word_1_267' title='bbox 1294 2260 1359 2300; x_wconf 89' lang='lat' dir='ltr'><strong>ac</strong></span> <span class='ocrx_word' id='word_1_268' title='bbox 1388 2245 1614 2299; x_wconf 81' lang='lat' dir='ltr'><strong>virtutes</strong></span> <span class='ocrx_word' id='word_1_269' title='bbox 1638 2244 1850 2315; x_wconf 83' lang='lat' dir='ltr'><strong>plenius</strong></span> <span class='ocrx_word' id='word_1_270' title='bbox 1878 2258 2208 2315; x_wconf 81' lang='lat' dir='ltr'><strong>cognoscere</strong></span> 
     </span>
    </p>
   </div>
   <div class='ocr_carea' id='block_1_38' title="bbox 622 2335 2204 2407">
    <p class='ocr_par' dir='ltr' id='par_1_38' title="bbox 622 2335 2204 2407">
     <span class='ocr_line' id='line_1_38' title="bbox 622 2335 2204 2407; baseline -0.003 -14"><span class='ocrx_word' id='word_1_271' title='bbox 622 2354 730 2394; x_wconf 89' lang='lat' dir='ltr'><strong>non</strong></span> <span class='ocrx_word' id='word_1_272' title='bbox 770 2337 1004 2407; x_wconf 88' lang='lat' dir='ltr'><strong>ambigo,</strong></span> <span class='ocrx_word' id='word_1_273' title='bbox 1036 2337 1291 2406; x_wconf 88' lang='lat' dir='ltr'><strong>quoniam</strong></span> <span class='ocrx_word' id='word_1_274' title='bbox 1343 2335 1444 2390; x_wconf 91' lang='lat' dir='ltr'><strong>ista</strong></span> <span class='ocrx_word' id='word_1_275' title='bbox 1474 2343 1601 2391; x_wconf 88' lang='lat' dir='ltr'><strong>sunt</strong></span> <span class='ocrx_word' id='word_1_276' title='bbox 1631 2343 1875 2390; x_wconf 88' lang='lat' dir='ltr'><strong>aromata</strong></span> <span class='ocrx_word' id='word_1_277' title='bbox 1904 2335 2163 2390; x_wconf 88' lang='lat' dir='ltr'><strong>virtutum</strong></span> <span class='ocrx_word' id='word_1_278' title='bbox 2189 2376 2204 2402; x_wconf 92' lang='lat'><strong>,</strong></span> 
     </span>
    </p>
   </div>
   <div class='ocr_carea' id='block_1_39' title="bbox 594 2422 2203 2501">
    <p class='ocr_par' dir='ltr' id='par_1_39' title="bbox 594 2422 2203 2501">
     <span class='ocr_line' id='line_1_39' title="bbox 594 2422 2203 2501; baseline 0.001 -21"><span class='ocrx_word' id='word_1_279' title='bbox 594 2446 742 2501; x_wconf 67' lang='grc' dir='ltr'><strong>,ηοω</strong></span> <span class='ocrx_word' id='word_1_280' title='bbox 784 2427 1025 2498; x_wconf 88' lang='lat' dir='ltr'><strong>quotidie</strong></span> <span class='ocrx_word' id='word_1_281' title='bbox 1067 2428 1120 2482; x_wconf 93' lang='lat' dir='ltr'><strong>in</strong></span> <span class='ocrx_word' id='word_1_282' title='bbox 1154 2426 1481 2483; x_wconf 86' lang='lat' dir='ltr'><strong>sacriﬁcium</strong></span> <span class='ocrx_word' id='word_1_283' title='bbox 1533 2427 1761 2481; x_wconf 90' lang='lat' dir='ltr'><strong>Domino</strong></span> <span class='ocrx_word' id='word_1_284' title='bbox 1790 2422 1923 2496; x_wconf 77' lang='lat' dir='ltr'><strong>Regi</strong></span> <span class='ocrx_word' id='word_1_285' title='bbox 1974 2426 2203 2490; x_wconf 78' lang='lat' dir='ltr'><strong>oﬂ’ertis,</strong></span> 
     </span>
    </p>
   </div>
   <div class='ocr_carea' id='block_1_40' title="bbox 617 2518 2203 2592">
    <p class='ocr_par' dir='ltr' id='par_1_40' title="bbox 617 2518 2203 2592">
     <span class='ocr_line' id='line_1_40' title="bbox 617 2518 2203 2592; baseline -0.002 -17"><span class='ocrx_word' id='word_1_286' title='bbox 617 2519 1161 2592; x_wconf 74' lang='lat' dir='ltr'><strong>quue,mortiﬁcastis</strong></span> <span class='ocrx_word' id='word_1_287' title='bbox 1208 2518 1455 2574; x_wconf 89' lang='lat' dir='ltr'><strong>membra</strong></span> <span class='ocrx_word' id='word_1_288' title='bbox 1509 2526 1685 2573; x_wconf 88' lang='lat' dir='ltr'><strong>vestra</strong></span> <span class='ocrx_word' id='word_1_289' title='bbox 1747 2533 1910 2588; x_wconf 87' lang='lat' dir='ltr'><strong>super</strong></span> <span class='ocrx_word' id='word_1_290' title='bbox 1962 2527 2203 2573; x_wconf 89' lang='lat' dir='ltr'><strong>terram:</strong></span> 
     </span>
    </p>
   </div>
   <div class='ocr_carea' id='block_1_41' title="bbox 617 2608 2201 2667">
    <p class='ocr_par' dir='ltr' id='par_1_41' title="bbox 617 2608 2201 2667">
     <span class='ocr_line' id='line_1_41' title="bbox 617 2608 2201 2667; baseline -0.003 0"><span class='ocrx_word' id='word_1_291' title='bbox 617 2611 762 2667; x_wconf 88' lang='lat' dir='ltr'><strong>unde</strong></span> <span class='ocrx_word' id='word_1_292' title='bbox 783 2618 839 2664; x_wconf 91' lang='lat' dir='ltr'><strong>et</strong></span> <span class='ocrx_word' id='word_1_293' title='bbox 872 2610 1046 2664; x_wconf 90' lang='lat' dir='ltr'><strong>bonus</strong></span> <span class='ocrx_word' id='word_1_294' title='bbox 1070 2608 1207 2665; x_wconf 91' lang='lat' dir='ltr'><strong>odor</strong></span> <span class='ocrx_word' id='word_1_295' title='bbox 1231 2609 1364 2664; x_wconf 89' lang='lat' dir='ltr'><strong>estis</strong></span> <span class='ocrx_word' id='word_1_296' title='bbox 1393 2609 1504 2664; x_wconf 88' lang='lat' dir='ltr'><strong>Deo</strong></span> <span class='ocrx_word' id='word_1_297' title='bbox 1542 2617 1599 2664; x_wconf 89' lang='lat' dir='ltr'><strong>et</strong></span> <span class='ocrx_word' id='word_1_298' title='bbox 1626 2608 1836 2663; x_wconf 84' lang='lat' dir='ltr'><strong>cunctis</strong></span> <span class='ocrx_word' id='word_1_299' title='bbox 1874 2609 2201 2664; x_wconf 90' lang='lat' dir='ltr'><strong>hominibus.</strong></span> 
     </span>
    </p>
   </div>
   <div class='ocr_carea' id='block_1_42' title="bbox 617 2698 2205 2770">
    <p class='ocr_par' dir='ltr' id='par_1_42' title="bbox 617 2698 2205 2770">
     <span class='ocr_line' id='line_1_42' title="bbox 617 2698 2205 2770; baseline -0.004 -12"><span class='ocrx_word' id='word_1_300' title='bbox 617 2701 799 2758; x_wconf 86' lang='lat' dir='ltr'><strong>Nostis</strong></span> <span class='ocrx_word' id='word_1_301' title='bbox 822 2702 946 2770; x_wconf 89' lang='lat' dir='ltr'><strong>quia</strong></span> <span class='ocrx_word' id='word_1_302' title='bbox 978 2701 1030 2754; x_wconf 90' lang='lat' dir='ltr'><strong>in</strong></span> <span class='ocrx_word' id='word_1_303' title='bbox 1082 2699 1240 2755; x_wconf 89' lang='lat' dir='ltr'><strong>titulo</strong></span> <span class='ocrx_word' id='word_1_304' title='bbox 1268 2715 1369 2770; x_wconf 87' lang='lat' dir='ltr'><strong>pro</strong></span> <span class='ocrx_word' id='word_1_305' title='bbox 1408 2698 1632 2755; x_wconf 87' lang='lat' dir='ltr'><strong>ﬁoribus</strong></span> <span class='ocrx_word' id='word_1_306' title='bbox 1662 2715 1754 2754; x_wconf 88' lang='lat' dir='ltr'><strong>seu</strong></span> <span class='ocrx_word' id='word_1_307' title='bbox 1786 2698 1914 2753; x_wconf 84' lang='lat' dir='ltr'><strong>liliis</strong></span> <span class='ocrx_word' id='word_1_308' title='bbox 1941 2700 2205 2769; x_wconf 88' lang='lat' dir='ltr'><strong>scriptum</strong></span> 
     </span>
    </p>
   </div>
   <div class='ocr_carea' id='block_1_43' title="bbox 620 2788 2208 2864">
    <p class='ocr_par' dir='ltr' id='par_1_43' title="bbox 620 2788 2208 2864">
     <span class='ocr_line' id='line_1_43' title="bbox 620 2788 2208 2864; baseline -0.001 -15"><span class='ocrx_word' id='word_1_309' title='bbox 620 2794 801 2864; x_wconf 86' lang='lat' dir='ltr'><strong>reperi</strong></span> <span class='ocrx_word' id='word_1_310' title='bbox 830 2802 921 2848; x_wconf 90' lang='lat' dir='ltr'><strong>:et</strong></span> <span class='ocrx_word' id='word_1_311' title='bbox 950 2792 1073 2846; x_wconf 87' lang='lat' dir='ltr'><strong>ideo</strong></span> <span class='ocrx_word' id='word_1_312' title='bbox 1102 2792 1170 2846; x_wconf 88' lang='lat' dir='ltr'><strong>ad</strong></span> <span class='ocrx_word' id='word_1_313' title='bbox 1212 2806 1309 2846; x_wconf 90' lang='lat' dir='ltr'><strong>vos</strong></span> <span class='ocrx_word' id='word_1_314' title='bbox 1352 2806 1420 2846; x_wconf 73' lang='lat' dir='ltr'><strong>ex</strong></span> <span class='ocrx_word' id='word_1_315' title='bbox 1446 2792 1548 2846; x_wconf 90' lang='lat' dir='ltr'><strong>hoc</strong></span> <span class='ocrx_word' id='word_1_316' title='bbox 1587 2788 1802 2846; x_wconf 80' lang='lat' dir='ltr'><strong>Psalmo</strong></span> <span class='ocrx_word' id='word_1_317' title='bbox 1830 2790 2067 2846; x_wconf 88' lang='lat' dir='ltr'><strong>scribere</strong></span> <span class='ocrx_word' id='word_1_318' title='bbox 2112 2791 2208 2847; x_wconf 83' lang='lat' dir='ltr'><strong>dc-</strong></span> 
     </span>
    </p>
   </div>
   <div class='ocr_carea' id='block_1_44' title="bbox 616 2868 2209 2954">
    <p class='ocr_par' dir='ltr' id='par_1_44' title="bbox 616 2868 2209 2954">
     <span class='ocr_line' id='line_1_44' title="bbox 616 2868 2209 2954; baseline 0 -17"><span class='ocrx_word' id='word_1_319' title='bbox 616 2884 742 2953; x_wconf 82' lang='lat' dir='ltr'><strong>lcgi.</strong></span> <span class='ocrx_word' id='word_1_320' title='bbox 777 2884 932 2939; x_wconf 84' lang='lat' dir='ltr'><strong>Unde</strong></span> <span class='ocrx_word' id='word_1_321' title='bbox 961 2897 1300 2951; x_wconf 83' lang='lat' dir='ltr'><strong>consequens</strong></span> <span class='ocrx_word' id='word_1_322' title='bbox 1336 2890 1440 2948; x_wconf 87' lang='lat' dir='ltr'><strong>est,</strong></span> <span class='ocrx_word' id='word_1_323' title='bbox 1480 2868 1606 2953; x_wconf 68' lang='lat' dir='ltr'><strong>qtha</strong></span> <span class='ocrx_word' id='word_1_324' title='bbox 1658 2883 1934 2953; x_wconf 86' lang='lat' dir='ltr'><strong>myrrham</strong></span> <span class='ocrx_word' id='word_1_325' title='bbox 1970 2883 2209 2954; x_wconf 86' lang='lat' dir='ltr'><strong>primam</strong></span> 
     </span>
    </p>
   </div>
   <div class='ocr_carea' id='block_1_45' title="bbox 615 2973 2203 3045">
    <p class='ocr_par' dir='ltr' id='par_1_45' title="bbox 615 2973 2203 3045">
     <span class='ocr_line' id='line_1_45' title="bbox 615 2973 2203 3045; baseline 0.001 -16"><span class='ocrx_word' id='word_1_326' title='bbox 615 2978 714 3030; x_wconf 81' lang='lat' dir='ltr'><strong>vds</strong></span> <span class='ocrx_word' id='word_1_327' title='bbox 736 2976 881 3045; x_wconf 88' lang='lat' dir='ltr'><strong>ipsas</strong></span> <span class='ocrx_word' id='word_1_328' title='bbox 908 2976 1018 3029; x_wconf 91' lang='lat' dir='ltr'><strong>Deo</strong></span> <span class='ocrx_word' id='word_1_329' title='bbox 1050 2974 1105 3028; x_wconf 90' lang='lat' dir='ltr'><strong>in</strong></span> <span class='ocrx_word' id='word_1_330' title='bbox 1132 2974 1353 3029; x_wconf 85' lang='lat' dir='ltr'><strong>odorem</strong></span> <span class='ocrx_word' id='word_1_331' title='bbox 1381 2974 1668 3030; x_wconf 84' lang='lat' dir='ltr'><strong>suavitatis</strong></span> <span class='ocrx_word' id='word_1_332' title='bbox 1697 2973 1998 3041; x_wconf 73' lang='lat' dir='ltr'><strong>odertis,ut</strong></span> <span class='ocrx_word' id='word_1_333' title='bbox 2027 2974 2095 3030; x_wconf 88' lang='lat' dir='ltr'><strong>de</strong></span> <span class='ocrx_word' id='word_1_334' title='bbox 2119 2974 2203 3030; x_wconf 89' lang='lat' dir='ltr'><strong>his</strong></span> 
     </span>
    </p>
   </div>
   <div class='ocr_carea' id='block_1_46' title="bbox 620 3065 2202 3139">
    <p class='ocr_par' dir='ltr' id='par_1_46' title="bbox 620 3065 2202 3139">
     <span class='ocr_line' id='line_1_46' title="bbox 620 3065 2202 3139; baseline 0 -18"><span class='ocrx_word' id='word_1_335' title='bbox 620 3067 908 3137; x_wconf 79' lang='lat' dir='ltr'><strong>speciebus</strong></span> <span class='ocrx_word' id='word_1_336' title='bbox 935 3065 1138 3135; x_wconf 84' lang='lat' dir='ltr'><strong>aliquid</strong></span> <span class='ocrx_word' id='word_1_337' title='bbox 1186 3066 1351 3128; x_wconf 83' lang='lat' dir='ltr'><strong>latius</strong></span> <span class='ocrx_word' id='word_1_338' title='bbox 1378 3065 1699 3132; x_wconf 81' lang='lat' dir='ltr'><strong>edisseram,</strong></span> <span class='ocrx_word' id='word_1_339' title='bbox 1727 3067 1780 3122; x_wconf 90' lang='lat' dir='ltr'><strong>in</strong></span> <span class='ocrx_word' id='word_1_340' title='bbox 1802 3067 1999 3139; x_wconf 87' lang='lat' dir='ltr'><strong>quibus</strong></span> <span class='ocrx_word' id='word_1_341' title='bbox 2035 3081 2202 3137; x_wconf 90' lang='lat' dir='ltr'><strong>opera</strong></span> 
     </span>
    </p>
   </div>
   <div class='ocr_carea' id='block_1_47' title="bbox 2315 1870 3885 1947">
    <p class='ocr_par' dir='ltr' id='par_1_47' title="bbox 2315 1870 3885 1947">
     <span class='ocr_line' id='line_1_47' title="bbox 2315 1870 3885 1947; baseline 0.008 -22"><span class='ocrx_word' id='word_1_342' title='bbox 2315 1870 2528 1926; x_wconf 85' lang='lat' dir='ltr'><strong>Domini</strong></span> <span class='ocrx_word' id='word_1_343' title='bbox 2570 1887 2765 1943; x_wconf 89' lang='lat' dir='ltr'><strong>corpus</strong></span> <span class='ocrx_word' id='word_1_344' title='bbox 2809 1873 3036 1930; x_wconf 86' lang='lat' dir='ltr'><strong>mortale</strong></span> <span class='ocrx_word' id='word_1_345' title='bbox 3076 1873 3208 1942; x_wconf 78' lang='lat' dir='ltr'><strong>fuit;</strong></span> <span class='ocrx_word' id='word_1_346' title='bbox 3244 1878 3369 1947; x_wconf 88' lang='lat' dir='ltr'><strong>quia</strong></span> <span class='ocrx_word' id='word_1_347' title='bbox 3402 1877 3545 1934; x_wconf 88' lang='lat' dir='ltr'><strong>sicut</strong></span> <span class='ocrx_word' id='word_1_348' title='bbox 3581 1881 3885 1936; x_wconf 86' lang='lat' dir='ltr'><strong>vestimento</strong></span> 
     </span>
    </p>
   </div>
   <div class='ocr_carea' id='block_1_48' title="bbox 2314 1964 3884 2039">
    <p class='ocr_par' dir='ltr' id='par_1_48' title="bbox 2314 1964 3884 2039">
     <span class='ocr_line' id='line_1_48' title="bbox 2314 1964 3884 2039; baseline 0.008 -24"><span class='ocrx_word' id='word_1_349' title='bbox 2314 1970 2571 2032; x_wconf 86' lang='lat' dir='ltr'><strong>teguntur</strong></span> <span class='ocrx_word' id='word_1_350' title='bbox 2602 1964 2843 2019; x_wconf 87' lang='lat' dir='ltr'><strong>membra</strong></span> <span class='ocrx_word' id='word_1_351' title='bbox 2885 1965 3193 2021; x_wconf 85' lang='lat' dir='ltr'><strong>mortalium</strong></span> <span class='ocrx_word' id='word_1_352' title='bbox 3221 1985 3233 2022; x_wconf 93' lang='lat'>:</span> <span class='ocrx_word' id='word_1_353' title='bbox 3265 1967 3340 2023; x_wconf 90' lang='lat' dir='ltr'><strong>ita</strong></span> <span class='ocrx_word' id='word_1_354' title='bbox 3370 1977 3425 2025; x_wconf 89' lang='lat' dir='ltr'><strong>et</strong></span> <span class='ocrx_word' id='word_1_355' title='bbox 3459 1969 3716 2039; x_wconf 87' lang='lat' dir='ltr'><strong>majestas</strong></span> <span class='ocrx_word' id='word_1_356' title='bbox 3738 1972 3884 2027; x_wconf 83' lang='lat' dir='ltr'><strong>Verbi</strong></span> 
     </span>
    </p>
   </div>
   <div class='ocr_carea' id='block_1_49' title="bbox 2314 2050 3883 2133">
    <p class='ocr_par' dir='ltr' id='par_1_49' title="bbox 2314 2050 3883 2133">
     <span class='ocr_line' id='line_1_49' title="bbox 2314 2050 3883 2133; baseline 0.009 -30"><span class='ocrx_word' id='word_1_357' title='bbox 2314 2050 2384 2106; x_wconf 85' lang='lat' dir='ltr'><strong>ab</strong></span> <span class='ocrx_word' id='word_1_358' title='bbox 2433 2050 2731 2108; x_wconf 85' lang='lat' dir='ltr'><strong>inﬁdelium</strong></span> <span class='ocrx_word' id='word_1_359' title='bbox 2783 2054 2951 2109; x_wconf 89' lang='lat' dir='ltr'><strong>oculis</strong></span> <span class='ocrx_word' id='word_1_360' title='bbox 2993 2056 3176 2112; x_wconf 88' lang='lat' dir='ltr'><strong>carnis</strong></span> <span class='ocrx_word' id='word_1_361' title='bbox 3222 2057 3492 2115; x_wconf 87' lang='lat' dir='ltr'><strong>velamine</strong></span> <span class='ocrx_word' id='word_1_362' title='bbox 3533 2062 3883 2133; x_wconf 81' lang='lat' dir='ltr'><strong>tegebatur.A</strong></span> 
     </span>
    </p>
   </div>
   <div class='ocr_carea' id='block_1_50' title="bbox 2313 2147 3883 2221">
    <p class='ocr_par' dir='ltr' id='par_1_50' title="bbox 2313 2147 3883 2221">
     <span class='ocr_line' id='line_1_50' title="bbox 2313 2147 3883 2221; baseline 0.007 -21"><span class='ocrx_word' id='word_1_363' title='bbox 2313 2160 2420 2215; x_wconf 86' lang='lat' dir='ltr'><strong>quo</strong></span> <span class='ocrx_word' id='word_1_364' title='bbox 2453 2160 2585 2201; x_wconf 86' lang='lat' dir='ltr'><strong>sane</strong></span> <span class='ocrx_word' id='word_1_365' title='bbox 2626 2147 2973 2215; x_wconf 87' lang='lat' dir='ltr'><strong>vestimento,</strong></span> <span class='ocrx_word' id='word_1_366' title='bbox 3004 2149 3394 2206; x_wconf 87' lang='lat' dir='ltr'><strong>incarnationis</strong></span> <span class='ocrx_word' id='word_1_367' title='bbox 3437 2152 3647 2210; x_wconf 84' lang='lat' dir='ltr'><strong>scilicet</strong></span> <span class='ocrx_word' id='word_1_368' title='bbox 3682 2170 3883 2221; x_wconf 85' lang='lat' dir='ltr'><strong>arcano,</strong></span> 
     </span>
    </p>
   </div>
   <div class='ocr_carea' id='block_1_51' title="bbox 2313 2238 3880 2317">
    <p class='ocr_par' dir='ltr' id='par_1_51' title="bbox 2313 2238 3880 2317">
     <span class='ocr_line' id='line_1_51' title="bbox 2313 2238 3880 2317; baseline 0.005 -25"><span class='ocrx_word' id='word_1_369' title='bbox 2313 2251 2551 2308; x_wconf 84' lang='lat' dir='ltr'><strong>congrue</strong></span> <span class='ocrx_word' id='word_1_370' title='bbox 2581 2238 2793 2293; x_wconf 86' lang='lat' dir='ltr'><strong>venisse</strong></span> <span class='ocrx_word' id='word_1_371' title='bbox 2821 2240 3076 2295; x_wconf 90' lang='lat' dir='ltr'><strong>dicuntur</strong></span> <span class='ocrx_word' id='word_1_372' title='bbox 3103 2243 3214 2297; x_wconf 83' lang='lat' dir='ltr'><strong>tres</strong></span> <span class='ocrx_word' id='word_1_373' title='bbox 3243 2243 3361 2297; x_wconf 73' lang='lat' dir='ltr'><strong>ista:</strong></span> <span class='ocrx_word' id='word_1_374' title='bbox 3389 2243 3621 2312; x_wconf 81' lang='lat' dir='ltr'><strong>species;</strong></span> <span class='ocrx_word' id='word_1_375' title='bbox 3659 2246 3880 2317; x_wconf 82' lang='lat' dir='ltr'><strong>myrrha,</strong></span> 
     </span>
    </p>
   </div>
   <div class='ocr_carea' id='block_1_52' title="bbox 2312 2331 3885 2409">
    <p class='ocr_par' dir='ltr' id='par_1_52' title="bbox 2312 2331 3885 2409">
     <span class='ocr_line' id='line_1_52' title="bbox 2312 2331 3885 2409; baseline 0.009 -29"><span class='ocrx_word' id='word_1_376' title='bbox 2312 2335 2366 2381; x_wconf 84' lang='lat' dir='ltr'><strong>et</strong></span> <span class='ocrx_word' id='word_1_377' title='bbox 2405 2336 2579 2398; x_wconf 89' lang='lat' dir='ltr'><strong>gutta,</strong></span> <span class='ocrx_word' id='word_1_378' title='bbox 2620 2337 2674 2383; x_wconf 90' lang='lat' dir='ltr'><strong>et</strong></span> <span class='ocrx_word' id='word_1_379' title='bbox 2722 2331 2888 2384; x_wconf 89' lang='lat' dir='ltr'><strong>casia.</strong></span> <span class='ocrx_word' id='word_1_380' title='bbox 2940 2331 2996 2386; x_wconf 89' lang='lat' dir='ltr'><strong>In</strong></span> <span class='ocrx_word' id='word_1_381' title='bbox 3027 2332 3224 2403; x_wconf 89' lang='lat' dir='ltr'><strong>quibus</strong></span> <span class='ocrx_word' id='word_1_382' title='bbox 3264 2342 3318 2389; x_wconf 89' lang='lat' dir='ltr'><strong>et</strong></span> <span class='ocrx_word' id='word_1_383' title='bbox 3358 2348 3455 2390; x_wconf 85' lang='lat' dir='ltr'><strong>vos</strong></span> <span class='ocrx_word' id='word_1_384' title='bbox 3490 2335 3743 2392; x_wconf 86' lang='lat' dir='ltr'><strong>didicisse</strong></span> <span class='ocrx_word' id='word_1_385' title='bbox 3775 2350 3885 2409; x_wconf 84' lang='lat' dir='ltr'><strong>ope-</strong></span> 
     </span>
    </p>
   </div>
   <div class='ocr_carea' id='block_1_53' title="bbox 2314 2418 3881 2497">
    <p class='ocr_par' dir='ltr' id='par_1_53' title="bbox 2314 2418 3881 2497">
     <span class='ocr_line' id='line_1_53' title="bbox 2314 2418 3881 2497; baseline 0.008 -27"><span class='ocrx_word' id='word_1_386' title='bbox 2314 2418 2422 2472; x_wconf 87' lang='lat' dir='ltr'><strong>rari</strong></span> <span class='ocrx_word' id='word_1_387' title='bbox 2468 2419 2785 2475; x_wconf 88' lang='lat' dir='ltr'><strong>muneribus</strong></span> <span class='ocrx_word' id='word_1_388' title='bbox 2833 2435 2961 2477; x_wconf 83' lang='lat' dir='ltr'><strong>vere</strong></span> <span class='ocrx_word' id='word_1_389' title='bbox 3016 2423 3354 2496; x_wconf 89' lang='lat' dir='ltr'><strong>multumque</strong></span> <span class='ocrx_word' id='word_1_390' title='bbox 3398 2426 3597 2497; x_wconf 82' lang='lat' dir='ltr'><strong>gaudet</strong></span> <span class='ocrx_word' id='word_1_391' title='bbox 3643 2428 3881 2494; x_wconf 78' lang='lat' dir='ltr'><strong>Ecclesia,</strong></span> 
     </span>
    </p>
   </div>
   <div class='ocr_carea' id='block_1_54' title="bbox 2312 2511 3886 2589">
    <p class='ocr_par' dir='ltr' id='par_1_54' title="bbox 2312 2511 3886 2589">
     <span class='ocr_line' id='line_1_54' title="bbox 2312 2511 3886 2589; baseline 0.01 -26"><span class='ocrx_word' id='word_1_392' title='bbox 2312 2524 2434 2579; x_wconf 63' lang='lat' dir='ltr'><strong>quae</strong></span> <span class='ocrx_word' id='word_1_393' title='bbox 2463 2525 2663 2581; x_wconf 87' lang='lat' dir='ltr'><strong>corpus</strong></span> <span class='ocrx_word' id='word_1_394' title='bbox 2692 2511 2904 2568; x_wconf 88' lang='lat' dir='ltr'><strong>Domini</strong></span> <span class='ocrx_word' id='word_1_395' title='bbox 2951 2514 3196 2584; x_wconf 84' lang='lat' dir='ltr'><strong>quotidie</strong></span> <span class='ocrx_word' id='word_1_396' title='bbox 3240 2519 3565 2589; x_wconf 85' lang='lat' dir='ltr'><strong>perungitis,</strong></span> <span class='ocrx_word' id='word_1_397' title='bbox 3597 2527 3652 2575; x_wconf 87' lang='lat' dir='ltr'><strong>et</strong></span> <span class='ocrx_word' id='word_1_398' title='bbox 3692 2520 3886 2577; x_wconf 86' lang='lat' dir='ltr'><strong>nudita-</strong></span> 
     </span>
    </p>
   </div>
   <div class='ocr_carea' id='block_1_55' title="bbox 2313 2600 3883 2677">
    <p class='ocr_par' dir='ltr' id='par_1_55' title="bbox 2313 2600 3883 2677">
     <span class='ocr_line' id='line_1_55' title="bbox 2313 2600 3883 2677; baseline 0.008 -24"><span class='ocrx_word' id='word_1_399' title='bbox 2313 2608 2420 2655; x_wconf 91' lang='lat' dir='ltr'><strong>tem</strong></span> <span class='ocrx_word' id='word_1_400' title='bbox 2449 2600 2588 2670; x_wconf 85' lang='lat' dir='ltr'><strong>cjus,</strong></span> <span class='ocrx_word' id='word_1_401' title='bbox 2619 2601 2745 2671; x_wconf 83' lang='lat' dir='ltr'><strong>quia</strong></span> <span class='ocrx_word' id='word_1_402' title='bbox 2785 2603 3118 2674; x_wconf 77' lang='lat' dir='ltr'><strong>exspoliatus</strong></span> <span class='ocrx_word' id='word_1_403' title='bbox 3143 2608 3404 2675; x_wconf 86' lang='lat' dir='ltr'><strong>pependit</strong></span> <span class='ocrx_word' id='word_1_404' title='bbox 3433 2608 3489 2663; x_wconf 92' lang='lat' dir='ltr'><strong>iu</strong></span> <span class='ocrx_word' id='word_1_405' title='bbox 3515 2623 3697 2677; x_wconf 86' lang='lat' dir='ltr'><strong>cruce,</strong></span> <span class='ocrx_word' id='word_1_406' title='bbox 3722 2619 3883 2667; x_wconf 85' lang='lat' dir='ltr'><strong>vestra</strong></span> 
     </span>
    </p>
   </div>
   <div class='ocr_carea' id='block_1_56' title="bbox 2311 2689 3882 2770">
    <p class='ocr_par' dir='ltr' id='par_1_56' title="bbox 2311 2689 3882 2770">
     <span class='ocr_line' id='line_1_56' title="bbox 2311 2689 3882 2770; baseline 0.009 -27"><span class='ocrx_word' id='word_1_407' title='bbox 2311 2690 2540 2745; x_wconf 87' lang='lat' dir='ltr'><strong>vestitus</strong></span> <span class='ocrx_word' id='word_1_408' title='bbox 2574 2689 2679 2746; x_wconf 82' lang='lat' dir='ltr'><strong>ﬁde</strong></span> <span class='ocrx_word' id='word_1_409' title='bbox 2705 2710 2719 2744; x_wconf 82' lang='lat'><strong>:</strong></span> <span class='ocrx_word' id='word_1_410' title='bbox 2744 2692 2997 2748; x_wconf 83' lang='lat' dir='ltr'><strong>scandala</strong></span> <span class='ocrx_word' id='word_1_411' title='bbox 3037 2692 3345 2751; x_wconf 69' lang='lat' dir='ltr'><strong>Judzeorum</strong></span> <span class='ocrx_word' id='word_1_412' title='bbox 3372 2707 3429 2753; x_wconf 86' lang='lat' dir='ltr'><strong>et</strong></span> <span class='ocrx_word' id='word_1_413' title='bbox 3449 2701 3693 2770; x_wconf 80' lang='lat' dir='ltr'><strong>gentium</strong></span> <span class='ocrx_word' id='word_1_414' title='bbox 3723 2702 3882 2757; x_wconf 79' lang='lat' dir='ltr'><strong>stulti-</strong></span> 
     </span>
    </p>
   </div>
   <div class='ocr_carea' id='block_1_57' title="bbox 2313 2781 3884 2860">
    <p class='ocr_par' dir='ltr' id='par_1_57' title="bbox 2313 2781 3884 2860">
     <span class='ocr_line' id='line_1_57' title="bbox 2313 2781 3884 2860; baseline 0.01 -25"><span class='ocrx_word' id='word_1_415' title='bbox 2313 2781 2440 2837; x_wconf 88' lang='lat' dir='ltr'><strong>tiam</strong></span> <span class='ocrx_word' id='word_1_416' title='bbox 2481 2797 2734 2839; x_wconf 72' lang='lat' dir='ltr'><strong>serunoue</strong></span> <span class='ocrx_word' id='word_1_417' title='bbox 2772 2786 2943 2854; x_wconf 73' lang='lat' dir='ltr'><strong>plenae</strong></span> <span class='ocrx_word' id='word_1_418' title='bbox 2983 2784 3348 2845; x_wconf 75' lang='lat' dir='ltr'><strong>confessionis</strong></span> <span class='ocrx_word' id='word_1_419' title='bbox 3375 2789 3637 2860; x_wconf 86' lang='lat' dir='ltr'><strong>abjicitis,</strong></span> <span class='ocrx_word' id='word_1_420' title='bbox 3668 2795 3884 2850; x_wconf 86' lang='lat' dir='ltr'><strong>scientes</strong></span> 
     </span>
    </p>
   </div>
   <div class='ocr_carea' id='block_1_58' title="bbox 2309 2876 3886 2956">
    <p class='ocr_par' dir='ltr' id='par_1_58' title="bbox 2309 2876 3886 2956">
     <span class='ocr_line' id='line_1_58' title="bbox 2309 2876 3886 2956; baseline 0.008 -27"><span class='ocrx_word' id='word_1_421' title='bbox 2309 2877 2566 2945; x_wconf 70' lang='lat' dir='ltr'><strong>quoruam</strong></span> <span class='ocrx_word' id='word_1_422' title='bbox 2596 2876 2854 2933; x_wconf 87' lang='lat' dir='ltr'><strong>Dominus</strong></span> <span class='ocrx_word' id='word_1_423' title='bbox 2886 2880 3181 2949; x_wconf 77' lang='lat' dir='ltr'><strong>regnavita</strong></span> <span class='ocrx_word' id='word_1_424' title='bbox 3218 2880 3380 2952; x_wconf 79' lang='lat' dir='ltr'><strong>ligno;</strong></span> <span class='ocrx_word' id='word_1_425' title='bbox 3413 2881 3622 2939; x_wconf 78' lang='lat' dir='ltr'><strong>Idcirco</strong></span> <span class='ocrx_word' id='word_1_426' title='bbox 3652 2887 3795 2956; x_wconf 89' lang='lat' dir='ltr'><strong>jam,</strong></span> <span class='ocrx_word' id='word_1_427' title='bbox 3819 2886 3886 2941; x_wconf 80' lang='lat' dir='ltr'><strong>fa-</strong></span> 
     </span>
    </p>
   </div>
   <div class='ocr_carea' id='block_1_59' title="bbox 2310 2968 3883 3044">
    <p class='ocr_par' dir='ltr' id='par_1_59' title="bbox 2310 2968 3883 3044">
     <span class='ocr_line' id='line_1_59' title="bbox 2310 2968 3883 3044; baseline 0.008 -24"><span class='ocrx_word' id='word_1_428' title='bbox 2310 2976 2471 3023; x_wconf 89' lang='lat' dir='ltr'><strong>vente</strong></span> <span class='ocrx_word' id='word_1_429' title='bbox 2496 2968 2740 3033; x_wconf 82' lang='lat' dir='ltr'><strong>Domino,</strong></span> <span class='ocrx_word' id='word_1_430' title='bbox 2769 2970 2999 3041; x_wconf 81' lang='lat' dir='ltr'><strong>gratiam</strong></span> <span class='ocrx_word' id='word_1_431' title='bbox 3024 2973 3343 3027; x_wconf 87' lang='lat' dir='ltr'><strong>eruciscum</strong></span> <span class='ocrx_word' id='word_1_432' title='bbox 3368 2973 3491 3044; x_wconf 83' lang='lat' dir='ltr'><strong>ipso</strong></span> <span class='ocrx_word' id='word_1_433' title='bbox 3514 2974 3815 3043; x_wconf 84' lang='lat' dir='ltr'><strong>induimini,</strong></span> <span class='ocrx_word' id='word_1_434' title='bbox 3838 2978 3883 3032; x_wconf 87' lang='lat' dir='ltr'><strong>in</strong></span> 
     </span>
    </p>
   </div>
   <div class='ocr_carea' id='block_1_60' title="bbox 2310 3057 3885 3139">
    <p class='ocr_par' dir='ltr' id='par_1_60' title="bbox 2310 3057 3885 3139">
     <span class='ocr_line' id='line_1_60' title="bbox 2310 3057 3885 3139; baseline 0.006 -27"><span class='ocrx_word' id='word_1_435' title='bbox 2310 3073 2416 3128; x_wconf 89' lang='lat' dir='ltr'><strong>qua</strong></span> <span class='ocrx_word' id='word_1_436' title='bbox 2462 3074 2586 3113; x_wconf 90' lang='lat' dir='ltr'><strong>cum</strong></span> <span class='ocrx_word' id='word_1_437' title='bbox 2627 3057 2797 3115; x_wconf 85' lang='lat' dir='ltr'><strong>Paulo</strong></span> <span class='ocrx_word' id='word_1_438' title='bbox 2847 3061 3097 3131; x_wconf 80' lang='lat' dir='ltr'><strong>apostolo</strong></span> <span class='ocrx_word' id='word_1_439' title='bbox 3142 3062 3361 3139; x_wconf 84' lang='lat' dir='ltr'><strong>gloriari</strong></span> <span class='ocrx_word' id='word_1_440' title='bbox 3412 3062 3727 3121; x_wconf 79' lang='lat' dir='ltr'><strong>ﬁdelissime</strong></span> <span class='ocrx_word' id='word_1_441' title='bbox 3767 3064 3885 3121; x_wconf 87' lang='lat' dir='ltr'><strong>didi-</strong></span> 
     </span>
    </p>
   </div>
   <div class='ocr_carea' id='block_1_61' title="bbox 618 3145 2484 3232">
    <p class='ocr_par' dir='ltr' id='par_1_61' title="bbox 618 3145 2484 3232">
     <span class='ocr_line' id='line_1_61' title="bbox 618 3145 2484 3232; baseline -0.003 -15"><span class='ocrx_word' id='word_1_442' title='bbox 618 3160 933 3232; x_wconf 84' lang='lat' dir='ltr'><strong>impenditis</strong></span> <span class='ocrx_word' id='word_1_443' title='bbox 967 3159 1371 3225; x_wconf 71' lang='lat' dir='ltr'><strong>indesinenter,</strong></span> <span class='ocrx_word' id='word_1_444' title='bbox 1394 3166 1455 3214; x_wconf 88' lang='lat' dir='ltr'><strong>ut</strong></span> <span class='ocrx_word' id='word_1_445' title='bbox 1486 3173 1687 3230; x_wconf 90' lang='lat' dir='ltr'><strong>sponso</strong></span> <span class='ocrx_word' id='word_1_446' title='bbox 1731 3173 1830 3228; x_wconf 87' lang='lat' dir='ltr'><strong>per</strong></span> <span class='ocrx_word' id='word_1_447' title='bbox 1855 3160 2035 3216; x_wconf 92' lang='lat' dir='ltr'><strong>omnia</strong></span> <span class='ocrx_word' id='word_1_448' title='bbox 2086 3159 2203 3228; x_wconf 89' lang='lat' dir='ltr'><strong>pla-</strong></span> <span class='ocrx_word' id='word_1_449' title='bbox 2235 3145 2281 3208; x_wconf 84' lang='lat' dir='ltr'><strong>C</strong></span> <span class='ocrx_word' id='word_1_450' title='bbox 2313 3148 2484 3204; x_wconf 64' lang='lat' dir='ltr'><strong>eisiis-</strong></span> 
     </span>
    </p>
   </div>
   <div class='ocr_carea' id='block_1_62' title="bbox 617 3263 808 3306">
    <p class='ocr_par' dir='ltr' id='par_1_62' title="bbox 617 3263 808 3306">
     <span class='ocr_line' id='line_1_62' title="bbox 617 3263 808 3306; baseline -0.016 0"><span class='ocrx_word' id='word_1_451' title='bbox 617 3263 808 3306; x_wconf 84' lang='lat' dir='ltr'><strong>ceatts.</strong></span> 
     </span>
    </p>
   </div>
   <div class='ocr_carea' id='block_1_63' title="bbox 688 3340 2204 3413">
    <p class='ocr_par' dir='ltr' id='par_1_63' title="bbox 688 3340 2204 3413">
     <span class='ocr_line' id='line_1_63' title="bbox 688 3340 2204 3413; baseline -0.001 -16"><span class='ocrx_word' id='word_1_452' title='bbox 688 3342 894 3398; x_wconf 83' lang='lat' dir='ltr'><strong>Ferunt</strong></span> <span class='ocrx_word' id='word_1_453' title='bbox 931 3341 1205 3413; x_wconf 67' lang='lat' dir='ltr'><strong>equidem,</strong></span> <span class='ocrx_word' id='word_1_454' title='bbox 1231 3341 1323 3411; x_wconf 89' lang='lat' dir='ltr'><strong>qui</strong></span> <span class='ocrx_word' id='word_1_455' title='bbox 1353 3340 1420 3395; x_wconf 86' lang='lat' dir='ltr'><strong>de</strong></span> <span class='ocrx_word' id='word_1_456' title='bbox 1467 3348 1774 3395; x_wconf 88' lang='lat' dir='ltr'><strong>aromatum</strong></span> <span class='ocrx_word' id='word_1_457' title='bbox 1796 3341 2086 3396; x_wconf 82' lang='lat' dir='ltr'><strong>virtutibus</strong></span> <span class='ocrx_word' id='word_1_458' title='bbox 2108 3341 2204 3396; x_wconf 85' lang='lat' dir='ltr'><strong>de-</strong></span> 
     </span>
    </p>
   </div>
   <div class='ocr_carea' id='block_1_64' title="bbox 616 3433 2203 3507">
    <p class='ocr_par' dir='ltr' id='par_1_64' title="bbox 616 3433 2203 3507">
     <span class='ocr_line' id='line_1_64' title="bbox 616 3433 2203 3507; baseline -0.003 -15"><span class='ocrx_word' id='word_1_459' title='bbox 616 3437 972 3507; x_wconf 87' lang='lat' dir='ltr'><strong>scripserunt,</strong></span> <span class='ocrx_word' id='word_1_460' title='bbox 1025 3444 1236 3491; x_wconf 86' lang='lat' dir='ltr'><strong>stacten</strong></span> <span class='ocrx_word' id='word_1_461' title='bbox 1272 3434 1461 3491; x_wconf 82' lang='lat' dir='ltr'><strong>ﬂorem</strong></span> <span class='ocrx_word' id='word_1_462' title='bbox 1500 3448 1620 3489; x_wconf 88' lang='lat' dir='ltr'><strong>esse</strong></span> <span class='ocrx_word' id='word_1_463' title='bbox 1669 3435 1922 3506; x_wconf 74' lang='lat' dir='ltr'><strong>myrrhze,</strong></span> <span class='ocrx_word' id='word_1_464' title='bbox 1954 3434 2083 3490; x_wconf 90' lang='lat' dir='ltr'><strong>licet</strong></span> <span class='ocrx_word' id='word_1_465' title='bbox 2111 3433 2203 3488; x_wconf 88' lang='lat' dir='ltr'><strong>alii</strong></span> 
     </span>
    </p>
   </div>
   <div class='ocr_carea' id='block_1_65' title="bbox 617 3522 2203 3601">
    <p class='ocr_par' dir='ltr' id='par_1_65' title="bbox 617 3522 2203 3601">
     <span class='ocr_line' id='line_1_65' title="bbox 617 3522 2203 3601; baseline -0.004 -17"><span class='ocrx_word' id='word_1_466' title='bbox 617 3536 829 3601; x_wconf 88' lang='lat' dir='ltr'><strong>guttam</strong></span> <span class='ocrx_word' id='word_1_467' title='bbox 877 3526 1266 3583; x_wconf 87' lang='lat' dir='ltr'><strong>ammoniatam</strong></span> <span class='ocrx_word' id='word_1_468' title='bbox 1304 3525 1588 3581; x_wconf 77' lang='lat' dir='ltr'><strong>dixerint:</strong></span> <span class='ocrx_word' id='word_1_469' title='bbox 1636 3539 1799 3594; x_wconf 86' lang='lat' dir='ltr'><strong>quem</strong></span> <span class='ocrx_word' id='word_1_470' title='bbox 1845 3522 2030 3579; x_wconf 83' lang='lat' dir='ltr'><strong>ﬂorem</strong></span> <span class='ocrx_word' id='word_1_471' title='bbox 2081 3537 2203 3580; x_wconf 90' lang='lat' dir='ltr'><strong>csse</strong></span> 
     </span>
    </p>
   </div>
   <div class='ocr_carea' id='block_1_66' title="bbox 510 3617 2202 3691">
    <p class='ocr_par' dir='ltr' id='par_1_66' title="bbox 510 3617 2202 3691">
     <span class='ocr_line' id='line_1_66' title="bbox 510 3617 2202 3691; baseline -0.002 -15"><span class='ocrx_word' id='word_1_472' title='bbox 510 3650 529 3669; x_wconf 68' lang='grc' dir='ltr'><strong>ι</strong></span> <span class='ocrx_word' id='word_1_473' title='bbox 615 3620 835 3691; x_wconf 71' lang='lat' dir='ltr'><strong>optima:</strong></span> <span class='ocrx_word' id='word_1_474' title='bbox 859 3618 1077 3674; x_wconf 88' lang='lat' dir='ltr'><strong>virtutis</strong></span> <span class='ocrx_word' id='word_1_475' title='bbox 1106 3632 1268 3673; x_wconf 78' lang='lat' dir='ltr'><strong>neuio</strong></span> <span class='ocrx_word' id='word_1_476' title='bbox 1296 3617 1557 3690; x_wconf 86' lang='lat' dir='ltr'><strong>ambigit,</strong></span> <span class='ocrx_word' id='word_1_477' title='bbox 1587 3617 1715 3673; x_wconf 90' lang='lat' dir='ltr'><strong>licet</strong></span> <span class='ocrx_word' id='word_1_478' title='bbox 1738 3618 1881 3671; x_wconf 92' lang='lat' dir='ltr'><strong>inter</strong></span> <span class='ocrx_word' id='word_1_479' title='bbox 1923 3619 2202 3688; x_wconf 81' lang='lat' dir='ltr'><strong>myrrham</strong></span> 
     </span>
    </p>
   </div>
   <div class='ocr_carea' id='block_1_67' title="bbox 616 3708 2204 3784">
    <p class='ocr_par' dir='ltr' id='par_1_67' title="bbox 616 3708 2204 3784">
     <span class='ocr_line' id='line_1_67' title="bbox 616 3708 2204 3784; baseline -0.003 -16"><span class='ocrx_word' id='word_1_480' title='bbox 616 3717 672 3769; x_wconf 67' lang='lat' dir='ltr'><strong>et</strong></span> <span class='ocrx_word' id='word_1_481' title='bbox 720 3712 997 3784; x_wconf 77' lang='lat' dir='ltr'><strong>myrrham</strong></span> <span class='ocrx_word' id='word_1_482' title='bbox 1043 3724 1238 3781; x_wconf 87' lang='lat' dir='ltr'><strong>magna</strong></span> <span class='ocrx_word' id='word_1_483' title='bbox 1276 3710 1532 3765; x_wconf 85' lang='lat' dir='ltr'><strong>distantia</strong></span> <span class='ocrx_word' id='word_1_484' title='bbox 1584 3724 1705 3765; x_wconf 87' lang='lat' dir='ltr'><strong>esse</strong></span> <span class='ocrx_word' id='word_1_485' title='bbox 1743 3708 2012 3763; x_wconf 89' lang='lat' dir='ltr'><strong>videatur.</strong></span> <span class='ocrx_word' id='word_1_486' title='bbox 2065 3709 2204 3776; x_wconf 86' lang='lat' dir='ltr'><strong>Quia</strong></span> 
     </span>
    </p>
   </div>
   <div class='ocr_carea' id='block_1_68' title="bbox 617 3798 2199 3872">
    <p class='ocr_par' dir='ltr' id='par_1_68' title="bbox 617 3798 2199 3872">
     <span class='ocr_line' id='line_1_68' title="bbox 617 3798 2199 3872; baseline -0.004 -12"><span class='ocrx_word' id='word_1_487' title='bbox 617 3803 728 3859; x_wconf 87' lang='lat' dir='ltr'><strong>alia</strong></span> <span class='ocrx_word' id='word_1_488' title='bbox 755 3811 841 3859; x_wconf 82' lang='lat' dir='ltr'><strong>est</strong></span> <span class='ocrx_word' id='word_1_489' title='bbox 877 3801 966 3856; x_wconf 87' lang='lat' dir='ltr'><strong>illa</strong></span> <span class='ocrx_word' id='word_1_490' title='bbox 1012 3815 1135 3872; x_wconf 83' lang='lat' dir='ltr'><strong>quae</strong></span> <span class='ocrx_word' id='word_1_491' title='bbox 1170 3800 1227 3855; x_wconf 88' lang='lat' dir='ltr'><strong>in</strong></span> <span class='ocrx_word' id='word_1_492' title='bbox 1254 3799 1475 3855; x_wconf 85' lang='lat' dir='ltr'><strong>modum</strong></span> <span class='ocrx_word' id='word_1_493' title='bbox 1528 3800 1669 3856; x_wconf 88' lang='lat' dir='ltr'><strong>roris</strong></span> <span class='ocrx_word' id='word_1_494' title='bbox 1699 3798 1817 3854; x_wconf 88' lang='lat' dir='ltr'><strong>ﬁuit</strong></span> <span class='ocrx_word' id='word_1_495' title='bbox 1843 3814 1911 3855; x_wconf 79' lang='lat' dir='ltr'><strong>ex</strong></span> <span class='ocrx_word' id='word_1_496' title='bbox 1961 3800 2156 3855; x_wconf 86' lang='lat' dir='ltr'><strong>arbore</strong></span> <span class='ocrx_word' id='word_1_497' title='bbox 2185 3817 2199 3853; x_wconf 92' lang='lat'><strong>:</strong></span> 
     </span>
    </p>
   </div>
   <div class='ocr_carea' id='block_1_69' title="bbox 618 3889 2205 3963">
    <p class='ocr_par' dir='ltr' id='par_1_69' title="bbox 618 3889 2205 3963">
     <span class='ocr_line' id='line_1_69' title="bbox 618 3889 2205 3963; baseline -0.004 -14"><span class='ocrx_word' id='word_1_498' title='bbox 618 3894 725 3949; x_wconf 89' lang='lat' dir='ltr'><strong>alia</strong></span> <span class='ocrx_word' id='word_1_499' title='bbox 745 3906 866 3963; x_wconf 68' lang='lat' dir='ltr'><strong>quae</strong></span> <span class='ocrx_word' id='word_1_500' title='bbox 887 3890 1257 3948; x_wconf 78' lang='lat' dir='ltr'><strong>excisionibus</strong></span> <span class='ocrx_word' id='word_1_501' title='bbox 1284 3899 1339 3947; x_wconf 88' lang='lat' dir='ltr'><strong>et</strong></span> <span class='ocrx_word' id='word_1_502' title='bbox 1364 3889 1533 3946; x_wconf 88' lang='lat' dir='ltr'><strong>variis</strong></span> <span class='ocrx_word' id='word_1_503' title='bbox 1557 3889 1831 3961; x_wconf 89' lang='lat' dir='ltr'><strong>eliquatur</strong></span> <span class='ocrx_word' id='word_1_504' title='bbox 1852 3889 2096 3955; x_wconf 90' lang='lat' dir='ltr'><strong>torturis,</strong></span> <span class='ocrx_word' id='word_1_505' title='bbox 2120 3889 2205 3944; x_wconf 86' lang='lat' dir='ltr'><strong>vel</strong></span> 
     </span>
    </p>
   </div>
   <div class='ocr_carea' id='block_1_70' title="bbox 616 3980 2204 4052">
    <p class='ocr_par' dir='ltr' id='par_1_70' title="bbox 616 3980 2204 4052">
     <span class='ocr_line' id='line_1_70' title="bbox 616 3980 2204 4052; baseline -0.003 -12"><span class='ocrx_word' id='word_1_506' title='bbox 616 3985 839 4041; x_wconf 84' lang='lat' dir='ltr'><strong>aliunde</strong></span> <span class='ocrx_word' id='word_1_507' title='bbox 868 3982 1155 4038; x_wconf 89' lang='lat' dir='ltr'><strong>eouticitur</strong></span> <span class='ocrx_word' id='word_1_508' title='bbox 1184 3984 1257 4038; x_wconf 86' lang='lat' dir='ltr'><strong>ad</strong></span> <span class='ocrx_word' id='word_1_509' title='bbox 1273 3982 1496 4038; x_wconf 89' lang='lat' dir='ltr'><strong>odorem</strong></span> <span class='ocrx_word' id='word_1_510' title='bbox 1523 3982 1755 4038; x_wconf 89' lang='lat' dir='ltr'><strong>incensi.</strong></span> <span class='ocrx_word' id='word_1_511' title='bbox 1793 3982 2022 4052; x_wconf 86' lang='lat' dir='ltr'><strong>Propter</strong></span> <span class='ocrx_word' id='word_1_512' title='bbox 2057 3980 2204 4051; x_wconf 89' lang='lat' dir='ltr'><strong>quod</strong></span> 
     </span>
    </p>
   </div>
   <div class='ocr_carea' id='block_1_71' title="bbox 618 4072 2202 4146">
    <p class='ocr_par' dir='ltr' id='par_1_71' title="bbox 618 4072 2202 4146">
     <span class='ocr_line' id='line_1_71' title="bbox 618 4072 2202 4146; baseline -0.002 -16"><span class='ocrx_word' id='word_1_513' title='bbox 618 4092 739 4143; x_wconf 92' lang='lat' dir='ltr'><strong>vos,</strong></span> <span class='ocrx_word' id='word_1_514' title='bbox 792 4074 1030 4146; x_wconf 83' lang='lat' dir='ltr'><strong>virgines</strong></span> <span class='ocrx_word' id='word_1_515' title='bbox 1061 4072 1299 4140; x_wconf 88' lang='lat' dir='ltr'><strong>Christi,</strong></span> <span class='ocrx_word' id='word_1_516' title='bbox 1348 4074 1552 4145; x_wconf 88' lang='lat' dir='ltr'><strong>optime</strong></span> <span class='ocrx_word' id='word_1_517' title='bbox 1603 4075 1871 4143; x_wconf 89' lang='lat' dir='ltr'><strong>scriptura</strong></span> <span class='ocrx_word' id='word_1_518' title='bbox 1924 4074 2202 4145; x_wconf 88' lang='lat' dir='ltr'><strong>myrrham</strong></span> 
     </span>
    </p>
   </div>
   <div class='ocr_carea' id='block_1_72' title="bbox 614 4163 2203 4237">
    <p class='ocr_par' dir='ltr' id='par_1_72' title="bbox 614 4163 2203 4237">
     <span class='ocr_line' id='line_1_72' title="bbox 614 4163 2203 4237; baseline -0.003 -15"><span class='ocrx_word' id='word_1_519' title='bbox 614 4167 849 4237; x_wconf 85' lang='lat' dir='ltr'><strong>primam</strong></span> <span class='ocrx_word' id='word_1_520' title='bbox 898 4180 996 4222; x_wconf 86' lang='lat' dir='ltr'><strong>seu</strong></span> <span class='ocrx_word' id='word_1_521' title='bbox 1044 4164 1276 4222; x_wconf 88' lang='lat' dir='ltr'><strong>electam</strong></span> <span class='ocrx_word' id='word_1_522' title='bbox 1313 4174 1500 4232; x_wconf 89' lang='lat' dir='ltr'><strong>vocat,</strong></span> <span class='ocrx_word' id='word_1_523' title='bbox 1549 4165 1676 4235; x_wconf 89' lang='lat' dir='ltr'><strong>quia</strong></span> <span class='ocrx_word' id='word_1_524' title='bbox 1731 4163 2203 4220; x_wconf 89' lang='lat' dir='ltr'><strong>mortiﬁcationem</strong></span> 
     </span>
    </p>
   </div>
   <div class='ocr_carea' id='block_1_73' title="bbox 615 4255 2200 4330">
    <p class='ocr_par' dir='ltr' id='par_1_73' title="bbox 615 4255 2200 4330">
     <span class='ocr_line' id='line_1_73' title="bbox 615 4255 2200 4330; baseline -0.004 -14"><span class='ocrx_word' id='word_1_525' title='bbox 615 4259 829 4317; x_wconf 88' lang='lat' dir='ltr'><strong>Domini</strong></span> <span class='ocrx_word' id='word_1_526' title='bbox 861 4259 918 4317; x_wconf 89' lang='lat' dir='ltr'><strong>in</strong></span> <span class='ocrx_word' id='word_1_527' title='bbox 945 4273 1177 4330; x_wconf 89' lang='lat' dir='ltr'><strong>corpore</strong></span> <span class='ocrx_word' id='word_1_528' title='bbox 1217 4265 1399 4315; x_wconf 81' lang='lat' dir='ltr'><strong>vestro</strong></span> <span class='ocrx_word' id='word_1_529' title='bbox 1449 4256 1836 4314; x_wconf 80' lang='lat' dir='ltr'><strong>circumiertis.</strong></span> <span class='ocrx_word' id='word_1_530' title='bbox 1862 4255 2031 4312; x_wconf 88' lang='lat' dir='ltr'><strong>Porro</strong></span> <span class='ocrx_word' id='word_1_531' title='bbox 2074 4270 2200 4311; x_wconf 84' lang='lat' dir='ltr'><strong>cas-</strong></span> 
     </span>
    </p>
   </div>
   <div class='ocr_carea' id='block_1_74' title="bbox 614 4342 2203 4425">
    <p class='ocr_par' dir='ltr' id='par_1_74' title="bbox 614 4342 2203 4425">
     <span class='ocr_line' id='line_1_74' title="bbox 614 4342 2203 4425; baseline -0.004 -16"><span class='ocrx_word' id='word_1_532' title='bbox 614 4352 696 4425; x_wconf 73' lang='lat' dir='ltr'><strong>sia</strong></span> <span class='ocrx_word' id='word_1_533' title='bbox 725 4367 823 4409; x_wconf 86' lang='lat' dir='ltr'><strong>seu</strong></span> <span class='ocrx_word' id='word_1_534' title='bbox 851 4344 1069 4419; x_wconf 69' lang='lat' dir='ltr'><strong>ﬁstula’,</strong></span> <span class='ocrx_word' id='word_1_535' title='bbox 1102 4342 1311 4406; x_wconf 83' lang='lat' dir='ltr'><strong>omnes</strong></span> <span class='ocrx_word' id='word_1_536' title='bbox 1355 4350 1583 4421; x_wconf 88' lang='lat' dir='ltr'><strong>pituitas</strong></span> <span class='ocrx_word' id='word_1_537' title='bbox 1631 4357 1690 4404; x_wconf 87' lang='lat' dir='ltr'><strong>et</strong></span> <span class='ocrx_word' id='word_1_538' title='bbox 1731 4349 2013 4403; x_wconf 87' lang='lat' dir='ltr'><strong>rheumata</strong></span> <span class='ocrx_word' id='word_1_539' title='bbox 2046 4347 2203 4403; x_wconf 85' lang='lat' dir='ltr'><strong>volu-</strong></span> 
     </span>
    </p>
   </div>
   <div class='ocr_carea' id='block_1_75' title="bbox 613 4438 2199 4515">
    <p class='ocr_par' dir='ltr' id='par_1_75' title="bbox 613 4438 2199 4515">
     <span class='ocr_line' id='line_1_75' title="bbox 613 4438 2199 4515; baseline -0.003 -16"><span class='ocrx_word' id='word_1_540' title='bbox 613 4453 824 4515; x_wconf 82' lang='lat' dir='ltr'><strong>ptatum</strong></span> <span class='ocrx_word' id='word_1_541' title='bbox 853 4440 976 4500; x_wconf 72' lang='lat' dir='ltr'><strong>.sdo</strong></span> <span class='ocrx_word' id='word_1_542' title='bbox 1024 4442 1218 4499; x_wconf 75' lang='lat' dir='ltr'><strong>calore</strong></span> <span class='ocrx_word' id='word_1_543' title='bbox 1266 4441 1322 4497; x_wconf 92' lang='lat' dir='ltr'><strong>in</strong></span> <span class='ocrx_word' id='word_1_544' title='bbox 1375 4441 1532 4497; x_wconf 86' lang='lat' dir='ltr'><strong>vobis</strong></span> <span class='ocrx_word' id='word_1_545' title='bbox 1582 4438 1853 4512; x_wconf 74' lang='lat' dir='ltr'><strong>excoquit</strong></span> <span class='ocrx_word' id='word_1_546' title='bbox 1880 4440 1948 4496; x_wconf 87' lang='lat' dir='ltr'><strong>ad</strong></span> <span class='ocrx_word' id='word_1_547' title='bbox 1980 4457 2199 4511; x_wconf 89' lang='lat' dir='ltr'><strong>purum,</strong></span> 
     </span>
    </p>
   </div>
   <div class='ocr_carea' id='block_1_76' title="bbox 2381 3238 3883 3314">
    <p class='ocr_par' dir='ltr' id='par_1_76' title="bbox 2381 3238 3883 3314">
     <span class='ocr_line' id='line_1_76' title="bbox 2381 3238 3883 3314; baseline 0.007 -21"><span class='ocrx_word' id='word_1_548' title='bbox 2381 3238 2535 3307; x_wconf 87' lang='lat' dir='ltr'><strong>Quod</strong></span> <span class='ocrx_word' id='word_1_549' title='bbox 2557 3241 2602 3295; x_wconf 93' lang='lat' dir='ltr'><strong>si</strong></span> <span class='ocrx_word' id='word_1_550' title='bbox 2632 3256 2759 3297; x_wconf 88' lang='lat' dir='ltr'><strong>vere</strong></span> <span class='ocrx_word' id='word_1_551' title='bbox 2800 3242 3153 3313; x_wconf 86' lang='lat' dir='ltr'><strong>perpenditis,</strong></span> <span class='ocrx_word' id='word_1_552' title='bbox 3181 3252 3235 3298; x_wconf 90' lang='lat' dir='ltr'><strong>et</strong></span> <span class='ocrx_word' id='word_1_553' title='bbox 3258 3258 3352 3298; x_wconf 86' lang='lat' dir='ltr'><strong>vos</strong></span> <span class='ocrx_word' id='word_1_554' title='bbox 3373 3243 3487 3314; x_wconf 89' lang='lat' dir='ltr'><strong>jam</strong></span> <span class='ocrx_word' id='word_1_555' title='bbox 3519 3248 3883 3303; x_wconf 80' lang='lat' dir='ltr'><strong>vestimentum</strong></span> 
     </span>
    </p>
   </div>
   <div class='ocr_carea' id='block_1_77' title="bbox 2309 3331 3884 3410">
    <p class='ocr_par' dir='ltr' id='par_1_77' title="bbox 2309 3331 3884 3410">
     <span class='ocr_line' id='line_1_77' title="bbox 2309 3331 3884 3410; baseline 0.003 -23"><span class='ocrx_word' id='word_1_556' title='bbox 2309 3331 2441 3387; x_wconf 88' lang='lat' dir='ltr'><strong>estis</strong></span> <span class='ocrx_word' id='word_1_557' title='bbox 2468 3332 2701 3398; x_wconf 87' lang='lat' dir='ltr'><strong>Domini,</strong></span> <span class='ocrx_word' id='word_1_558' title='bbox 2732 3334 2784 3387; x_wconf 90' lang='lat' dir='ltr'><strong>in</strong></span> <span class='ocrx_word' id='word_1_559' title='bbox 2823 3332 2980 3401; x_wconf 90' lang='lat' dir='ltr'><strong>cujus</strong></span> <span class='ocrx_word' id='word_1_560' title='bbox 3008 3349 3104 3388; x_wconf 87' lang='lat' dir='ltr'><strong>ora</strong></span> <span class='ocrx_word' id='word_1_561' title='bbox 3131 3335 3443 3391; x_wconf 87' lang='lat' dir='ltr'><strong>vestimenti</strong></span> <span class='ocrx_word' id='word_1_562' title='bbox 3478 3348 3807 3410; x_wconf 87' lang='lat' dir='ltr'><strong>unguentum</strong></span> <span class='ocrx_word' id='word_1_563' title='bbox 3831 3338 3884 3392; x_wconf 84' lang='lat' dir='ltr'><strong>il-</strong></span> 
     </span>
    </p>
   </div>
   <div class='ocr_carea' id='block_1_78' title="bbox 2308 3423 3882 3500">
    <p class='ocr_par' dir='ltr' id='par_1_78' title="bbox 2308 3423 3882 3500">
     <span class='ocr_line' id='line_1_78' title="bbox 2308 3423 3882 3500; baseline 0.005 -21"><span class='ocrx_word' id='word_1_564' title='bbox 2308 3423 2399 3480; x_wconf 91' lang='lat' dir='ltr'><strong>lud</strong></span> <span class='ocrx_word' id='word_1_565' title='bbox 2426 3427 2691 3496; x_wconf 89' lang='lat' dir='ltr'><strong>pervenit,</strong></span> <span class='ocrx_word' id='word_1_566' title='bbox 2722 3428 2938 3498; x_wconf 71' lang='lat'><strong>1278</strong></span> <span class='ocrx_word' id='word_1_567' title='bbox 2965 3429 3109 3499; x_wconf 87' lang='lat' dir='ltr'><strong>quod</strong></span> <span class='ocrx_word' id='word_1_568' title='bbox 3139 3444 3168 3482; x_wconf 89' lang='lat' dir='ltr'><strong>a</strong></span> <span class='ocrx_word' id='word_1_569' title='bbox 3196 3431 3364 3500; x_wconf 77' lang='lat' dir='ltr'><strong>capite</strong></span> <span class='ocrx_word' id='word_1_570' title='bbox 3390 3430 3444 3485; x_wconf 85' lang='lat' dir='ltr'><strong>in</strong></span> <span class='ocrx_word' id='word_1_571' title='bbox 3475 3431 3694 3486; x_wconf 75' lang='lat' dir='ltr'><strong>barbam</strong></span> <span class='ocrx_word' id='word_1_572' title='bbox 3723 3435 3882 3487; x_wconf 71' lang='lat' dir='ltr'><strong>Aaron</strong></span> 
     </span>
    </p>
   </div>
   <div class='ocr_carea' id='block_1_79' title="bbox 2308 3516 3885 3594">
    <p class='ocr_par' dir='ltr' id='par_1_79' title="bbox 2308 3516 3885 3594">
     <span class='ocr_line' id='line_1_79' title="bbox 2308 3516 3885 3594; baseline 0.004 -21"><span class='ocrx_word' id='word_1_573' title='bbox 2308 3518 2577 3573; x_wconf 80' lang='lat' dir='ltr'><strong>descendit</strong></span> <span class='ocrx_word' id='word_1_574' title='bbox 2608 3516 2782 3591; x_wconf 84' lang='lat' dir='ltr'><strong>(Psal.</strong></span> <span class='ocrx_word' id='word_1_575' title='bbox 2825 3534 3032 3587; x_wconf 72' lang='lat' dir='ltr'><strong>cxxxn,</strong></span> <span class='ocrx_word' id='word_1_576' title='bbox 3066 3520 3142 3592; x_wconf 72' lang='lat'><strong>2).</strong></span> <span class='ocrx_word' id='word_1_577' title='bbox 3179 3520 3384 3578; x_wconf 87' lang='lat' dir='ltr'><strong>Unctus</strong></span> <span class='ocrx_word' id='word_1_578' title='bbox 3424 3522 3626 3594; x_wconf 87' lang='lat' dir='ltr'><strong>quippe</strong></span> <span class='ocrx_word' id='word_1_579' title='bbox 3655 3524 3885 3580; x_wconf 87' lang='lat' dir='ltr'><strong>Christus</strong></span> 
     </span>
    </p>
   </div>
   <div class='ocr_carea' id='block_1_80' title="bbox 2307 3612 3880 3686">
    <p class='ocr_par' dir='ltr' id='par_1_80' title="bbox 2307 3612 3880 3686">
     <span class='ocr_line' id='line_1_80' title="bbox 2307 3612 3880 3686; baseline 0.003 -18"><span class='ocrx_word' id='word_1_580' title='bbox 2307 3622 2393 3668; x_wconf 88' lang='lat' dir='ltr'><strong>est</strong></span> <span class='ocrx_word' id='word_1_581' title='bbox 2436 3612 2551 3667; x_wconf 85' lang='lat' dir='ltr'><strong>oleo</strong></span> <span class='ocrx_word' id='word_1_582' title='bbox 2600 3612 2966 3668; x_wconf 68' lang='lat' dir='ltr'><strong>exsultationis</strong></span> <span class='ocrx_word' id='word_1_583' title='bbox 3014 3622 3069 3669; x_wconf 84' lang='lat' dir='ltr'><strong>et</strong></span> <span class='ocrx_word' id='word_1_584' title='bbox 3117 3625 3393 3685; x_wconf 88' lang='lat' dir='ltr'><strong>unguento</strong></span> <span class='ocrx_word' id='word_1_585' title='bbox 3445 3614 3682 3686; x_wconf 82' lang='lat' dir='ltr'><strong>Spiritus</strong></span> <span class='ocrx_word' id='word_1_586' title='bbox 3724 3615 3880 3673; x_wconf 75' lang='lat' dir='ltr'><strong>sancti</strong></span> 
     </span>
    </p>
   </div>
   <div class='ocr_carea' id='block_1_81' title="bbox 2305 3703 3885 3778">
    <p class='ocr_par' dir='ltr' id='par_1_81' title="bbox 2305 3703 3885 3778">
     <span class='ocr_line' id='line_1_81' title="bbox 2305 3703 3885 3778; baseline 0.002 -21"><span class='ocrx_word' id='word_1_587' title='bbox 2305 3717 2416 3775; x_wconf 71' lang='lat' dir='ltr'><strong>pm:</strong></span> <span class='ocrx_word' id='word_1_588' title='bbox 2461 3703 2697 3758; x_wconf 82' lang='lat' dir='ltr'><strong>omnibus</strong></span> <span class='ocrx_word' id='word_1_589' title='bbox 2730 3703 3075 3775; x_wconf 80' lang='lat' dir='ltr'><strong>participibus</strong></span> <span class='ocrx_word' id='word_1_590' title='bbox 3121 3707 3233 3760; x_wconf 87' lang='lat' dir='ltr'><strong>suis</strong></span> <span class='ocrx_word' id='word_1_591' title='bbox 3268 3704 3459 3778; x_wconf 81' lang='lat' dir='ltr'><strong>(Hebr.</strong></span> <span class='ocrx_word' id='word_1_592' title='bbox 3487 3722 3528 3773; x_wconf 93' lang='grc' dir='ltr'><strong>ι,</strong></span> <span class='ocrx_word' id='word_1_593' title='bbox 3553 3707 3607 3778; x_wconf 86' lang='lat'><strong>9)</strong></span> <span class='ocrx_word' id='word_1_594' title='bbox 3637 3726 3650 3761; x_wconf 89' lang='lat'><strong>:</strong></span> <span class='ocrx_word' id='word_1_595' title='bbox 3676 3709 3797 3778; x_wconf 83' lang='lat' dir='ltr'><strong>quia</strong></span> <span class='ocrx_word' id='word_1_596' title='bbox 3834 3707 3885 3761; x_wconf 81' lang='lat' dir='ltr'><strong>in</strong></span> 
     </span>
    </p>
   </div>
   <div class='ocr_carea' id='block_1_82' title="bbox 2306 3798 3883 3857">
    <p class='ocr_par' dir='ltr' id='par_1_82' title="bbox 2306 3798 3883 3857">
     <span class='ocr_line' id='line_1_82' title="bbox 2306 3798 3883 3857; baseline -0.001 -3"><span class='ocrx_word' id='word_1_597' title='bbox 2306 3810 2373 3854; x_wconf 76' lang='lat' dir='ltr'><strong>eo</strong></span> <span class='ocrx_word' id='word_1_598' title='bbox 2403 3806 2548 3854; x_wconf 87' lang='lat' dir='ltr'><strong>totus</strong></span> <span class='ocrx_word' id='word_1_599' title='bbox 2591 3799 2712 3853; x_wconf 78' lang='lat' dir='ltr'><strong>fons</strong></span> <span class='ocrx_word' id='word_1_600' title='bbox 2752 3800 3026 3856; x_wconf 89' lang='lat' dir='ltr'><strong>unctionis</strong></span> <span class='ocrx_word' id='word_1_601' title='bbox 3053 3810 3084 3854; x_wconf 82' lang='lat' dir='ltr'><strong>a</strong></span> <span class='ocrx_word' id='word_1_602' title='bbox 3114 3800 3397 3856; x_wconf 90' lang='lat' dir='ltr'><strong>divinitate</strong></span> <span class='ocrx_word' id='word_1_603' title='bbox 3437 3815 3535 3856; x_wconf 90' lang='lat' dir='ltr'><strong>sua</strong></span> <span class='ocrx_word' id='word_1_604' title='bbox 3562 3798 3617 3857; x_wconf 82' lang='lat' dir='ltr'><strong>in</strong></span> <span class='ocrx_word' id='word_1_605' title='bbox 3651 3800 3883 3857; x_wconf 83' lang='lat' dir='ltr'><strong>humani-</strong></span> 
     </span>
    </p>
   </div>
   <div class='ocr_carea' id='block_1_83' title="bbox 2306 3890 3881 3963">
    <p class='ocr_par' dir='ltr' id='par_1_83' title="bbox 2306 3890 3881 3963">
     <span class='ocr_line' id='line_1_83' title="bbox 2306 3890 3881 3963; baseline 0.001 -20"><span class='ocrx_word' id='word_1_606' title='bbox 2306 3897 2418 3944; x_wconf 73' lang='lat' dir='ltr'><strong>tate</strong></span> <span class='ocrx_word' id='word_1_607' title='bbox 2469 3890 2734 3961; x_wconf 88' lang='lat' dir='ltr'><strong>siquidem</strong></span> <span class='ocrx_word' id='word_1_608' title='bbox 2788 3891 2843 3945; x_wconf 90' lang='lat' dir='ltr'><strong>in</strong></span> <span class='ocrx_word' id='word_1_609' title='bbox 2898 3906 3006 3946; x_wconf 92' lang='lat' dir='ltr'><strong>uno</strong></span> <span class='ocrx_word' id='word_1_610' title='bbox 3057 3890 3357 3963; x_wconf 88' lang='lat' dir='ltr'><strong>eodemque</strong></span> <span class='ocrx_word' id='word_1_611' title='bbox 3400 3891 3620 3949; x_wconf 88' lang='lat' dir='ltr'><strong>Christo</strong></span> <span class='ocrx_word' id='word_1_612' title='bbox 3670 3894 3881 3948; x_wconf 77' lang='lat' dir='ltr'><strong>efﬂuxit.</strong></span> 
     </span>
    </p>
   </div>
   <div class='ocr_carea' id='block_1_84' title="bbox 2306 3979 3884 4054">
    <p class='ocr_par' dir='ltr' id='par_1_84' title="bbox 2306 3979 3884 4054">
     <span class='ocr_line' id='line_1_84' title="bbox 2306 3979 3884 4054; baseline 0.001 -20"><span class='ocrx_word' id='word_1_613' title='bbox 2306 3979 2510 4034; x_wconf 86' lang='lat' dir='ltr'><strong>Deinde</strong></span> <span class='ocrx_word' id='word_1_614' title='bbox 2537 3981 2691 4050; x_wconf 89' lang='lat' dir='ltr'><strong>quasi</strong></span> <span class='ocrx_word' id='word_1_615' title='bbox 2732 3994 2763 4034; x_wconf 89' lang='lat' dir='ltr'><strong>a</strong></span> <span class='ocrx_word' id='word_1_616' title='bbox 2792 3980 2978 4048; x_wconf 89' lang='lat' dir='ltr'><strong>barba,</strong></span> <span class='ocrx_word' id='word_1_617' title='bbox 3007 3996 3125 4052; x_wconf 82' lang='lat' dir='ltr'><strong>quae</strong></span> <span class='ocrx_word' id='word_1_618' title='bbox 3159 3990 3248 4038; x_wconf 88' lang='lat' dir='ltr'><strong>est</strong></span> <span class='ocrx_word' id='word_1_619' title='bbox 3273 3983 3445 4038; x_wconf 88' lang='lat' dir='ltr'><strong>virilis</strong></span> <span class='ocrx_word' id='word_1_620' title='bbox 3475 3985 3775 4054; x_wconf 87' lang='lat' dir='ltr'><strong>proportio,</strong></span> <span class='ocrx_word' id='word_1_621' title='bbox 3797 3997 3884 4054; x_wconf 85' lang='lat' dir='ltr'><strong>per</strong></span> 
     </span>
    </p>
   </div>
   <div class='ocr_carea' id='block_1_85' title="bbox 2305 4072 3884 4150">
    <p class='ocr_par' dir='ltr' id='par_1_85' title="bbox 2305 4072 3884 4150">
     <span class='ocr_line' id='line_1_85' title="bbox 2305 4072 3884 4150; baseline 0.001 -22"><span class='ocrx_word' id='word_1_622' title='bbox 2305 4072 2487 4128; x_wconf 85' lang='lat' dir='ltr'><strong>omnia</strong></span> <span class='ocrx_word' id='word_1_623' title='bbox 2526 4072 2884 4128; x_wconf 87' lang='lat' dir='ltr'><strong>ecclesiarum</strong></span> <span class='ocrx_word' id='word_1_624' title='bbox 2916 4075 3180 4142; x_wconf 89' lang='lat' dir='ltr'><strong>membra,</strong></span> <span class='ocrx_word' id='word_1_625' title='bbox 3204 4089 3327 4146; x_wconf 68' lang='lat' dir='ltr'><strong>quae</strong></span> <span class='ocrx_word' id='word_1_626' title='bbox 3367 4084 3495 4131; x_wconf 91' lang='lat' dir='ltr'><strong>sunt</strong></span> <span class='ocrx_word' id='word_1_627' title='bbox 3537 4091 3735 4150; x_wconf 89' lang='lat' dir='ltr'><strong>corpus</strong></span> <span class='ocrx_word' id='word_1_628' title='bbox 3780 4077 3884 4146; x_wconf 87' lang='lat' dir='ltr'><strong>ejus</strong></span> 
     </span>
    </p>
   </div>
   <div class='ocr_carea' id='block_1_86' title="bbox 2306 4164 3887 4241">
    <p class='ocr_par' dir='ltr' id='par_1_86' title="bbox 2306 4164 3887 4241">
     <span class='ocr_line' id='line_1_86' title="bbox 2306 4164 3887 4241; baseline 0.003 -23"><span class='ocrx_word' id='word_1_629' title='bbox 2306 4171 2362 4218; x_wconf 86' lang='lat' dir='ltr'><strong>et</strong></span> <span class='ocrx_word' id='word_1_630' title='bbox 2406 4164 2787 4219; x_wconf 84' lang='lat' dir='ltr'><strong>vestimentum</strong></span> <span class='ocrx_word' id='word_1_631' title='bbox 2836 4164 3078 4237; x_wconf 87' lang='lat' dir='ltr'><strong>adusque</strong></span> <span class='ocrx_word' id='word_1_632' title='bbox 3129 4168 3364 4223; x_wconf 79' lang='lat' dir='ltr'><strong>inﬂuxit.</strong></span> <span class='ocrx_word' id='word_1_633' title='bbox 3434 4168 3492 4224; x_wconf 86' lang='lat' dir='ltr'><strong>lu</strong></span> <span class='ocrx_word' id='word_1_634' title='bbox 3564 4185 3675 4241; x_wconf 89' lang='lat' dir='ltr'><strong>quo</strong></span> <span class='ocrx_word' id='word_1_635' title='bbox 3717 4173 3887 4240; x_wconf 86' lang='lat' dir='ltr'><strong>itaque</strong></span> 
     </span>
    </p>
   </div>
   <div class='ocr_carea' id='block_1_87' title="bbox 2305 4255 3888 4330">
    <p class='ocr_par' dir='ltr' id='par_1_87' title="bbox 2305 4255 3888 4330">
     <span class='ocr_line' id='line_1_87' title="bbox 2305 4255 3888 4330; baseline 0.005 -20"><span class='ocrx_word' id='word_1_636' title='bbox 2305 4268 2555 4326; x_wconf 86' lang='lat' dir='ltr'><strong>corpore,</strong></span> <span class='ocrx_word' id='word_1_637' title='bbox 2595 4255 2982 4324; x_wconf 69' lang='lat' dir='ltr'><strong>dilectissimm,</strong></span> <span class='ocrx_word' id='word_1_638' title='bbox 3015 4275 3111 4315; x_wconf 91' lang='lat' dir='ltr'><strong>vos</strong></span> <span class='ocrx_word' id='word_1_639' title='bbox 3158 4261 3499 4330; x_wconf 85' lang='lat' dir='ltr'><strong>potissimum</strong></span> <span class='ocrx_word' id='word_1_640' title='bbox 3550 4265 3687 4319; x_wconf 87' lang='lat' dir='ltr'><strong>estis</strong></span> <span class='ocrx_word' id='word_1_641' title='bbox 3731 4263 3888 4321; x_wconf 79' lang='lat' dir='ltr'><strong>vesti-</strong></span> 
     </span>
    </p>
   </div>
   <div class='ocr_carea' id='block_1_88' title="bbox 2304 4345 3890 4419">
    <p class='ocr_par' dir='ltr' id='par_1_88' title="bbox 2304 4345 3890 4419">
     <span class='ocr_line' id='line_1_88' title="bbox 2304 4345 3890 4419; baseline 0.006 -20"><span class='ocrx_word' id='word_1_642' title='bbox 2304 4353 2609 4400; x_wconf 87' lang='lat' dir='ltr'><strong>mentorum</strong></span> <span class='ocrx_word' id='word_1_643' title='bbox 2655 4345 2855 4413; x_wconf 86' lang='lat' dir='ltr'><strong>decus;</strong></span> <span class='ocrx_word' id='word_1_644' title='bbox 2889 4348 3171 4419; x_wconf 87' lang='lat' dir='ltr'><strong>inquibus</strong></span> <span class='ocrx_word' id='word_1_645' title='bbox 3218 4350 3322 4406; x_wconf 88' lang='lat' dir='ltr'><strong>hoc</strong></span> <span class='ocrx_word' id='word_1_646' title='bbox 3367 4352 3768 4411; x_wconf 90' lang='lat' dir='ltr'><strong>benedictionis</strong></span> <span class='ocrx_word' id='word_1_647' title='bbox 3799 4370 3890 4409; x_wconf 84' lang='lat' dir='ltr'><strong>un-</strong></span> 
     </span>
    </p>
   </div>
   <div class='ocr_carea' id='block_1_89' title="bbox 2306 4440 3890 4517">
    <p class='ocr_par' dir='ltr' id='par_1_89' title="bbox 2306 4440 3890 4517">
     <span class='ocr_line' id='line_1_89' title="bbox 2306 4440 3890 4517; baseline 0.007 -26"><span class='ocrx_word' id='word_1_648' title='bbox 2306 4445 2561 4509; x_wconf 87' lang='lat' dir='ltr'><strong>guentum</strong></span> <span class='ocrx_word' id='word_1_649' title='bbox 2591 4440 2888 4506; x_wconf 88' lang='lat' dir='ltr'><strong>emanavit,</strong></span> <span class='ocrx_word' id='word_1_650' title='bbox 2918 4442 3045 4511; x_wconf 87' lang='lat' dir='ltr'><strong>quia</strong></span> <span class='ocrx_word' id='word_1_651' title='bbox 3082 4444 3328 4499; x_wconf 89' lang='lat' dir='ltr'><strong>membra</strong></span> <span class='ocrx_word' id='word_1_652' title='bbox 3368 4442 3574 4501; x_wconf 91' lang='lat' dir='ltr'><strong>Christi</strong></span> <span class='ocrx_word' id='word_1_653' title='bbox 3622 4445 3890 4517; x_wconf 83' lang='lat' dir='ltr'><strong>pretiosis-</strong></span> 
     </span>
    </p>
   </div>
   <div class='ocr_carea' id='block_1_90' title="bbox 615 4502 3885 4606">
    <p class='ocr_par' dir='ltr' id='par_1_90' title="bbox 615 4502 3885 4606">
     <span class='ocr_line' id='line_1_90' title="bbox 615 4502 3885 4606; baseline -0.001 -13"><span class='ocrx_word' id='word_1_654' title='bbox 615 4502 913 4604; x_wconf 60' lang='lat' dir='ltr'><strong>;tmnesque</strong></span> <span class='ocrx_word' id='word_1_655' title='bbox 940 4535 1249 4606; x_wconf 85' lang='lat' dir='ltr'><strong>prurigines</strong></span> <span class='ocrx_word' id='word_1_656' title='bbox 1294 4534 1551 4590; x_wconf 89' lang='lat' dir='ltr'><strong>vitiorum</strong></span> <span class='ocrx_word' id='word_1_657' title='bbox 1585 4502 1834 4605; x_wconf 73' lang='lat' dir='ltr'><strong>detergit.</strong></span> <span class='ocrx_word' id='word_1_658' title='bbox 1877 4502 2013 4588; x_wconf 79' lang='lat' dir='ltr'><strong>Nam</strong></span> <span class='ocrx_word' id='word_1_659' title='bbox 2055 4502 2201 4604; x_wconf 87' lang='lat' dir='ltr'><strong>quod</strong></span> <span class='ocrx_word' id='word_1_660' title='bbox 2232 4502 2283 4565; x_wconf 78' lang='lat' dir='ltr'><strong>D</strong></span> <span class='ocrx_word' id='word_1_661' title='bbox 2306 4502 2444 4585; x_wconf 75' lang='lat' dir='ltr'><strong>sima</strong></span> <span class='ocrx_word' id='word_1_662' title='bbox 2474 4530 2527 4586; x_wconf 91' lang='lat' dir='ltr'><strong>in</strong></span> <span class='ocrx_word' id='word_1_663' title='bbox 2555 4545 2786 4602; x_wconf 88' lang='lat' dir='ltr'><strong>corpore</strong></span> <span class='ocrx_word' id='word_1_664' title='bbox 2814 4502 2966 4588; x_wconf 72' lang='lat' dir='ltr'><strong>estis.</strong></span> <span class='ocrx_word' id='word_1_665' title='bbox 3010 4534 3144 4590; x_wconf 83' lang='lat' dir='ltr'><strong>Rem</strong></span> <span class='ocrx_word' id='word_1_666' title='bbox 3175 4536 3347 4603; x_wconf 88' lang='lat' dir='ltr'><strong>vobis,</strong></span> <span class='ocrx_word' id='word_1_667' title='bbox 3378 4502 3647 4596; x_wconf 57' lang='lat' dir='ltr'><strong>matrona;</strong></span> <span class='ocrx_word' id='word_1_668' title='bbox 3672 4539 3885 4603; x_wconf 84' lang='lat' dir='ltr'><strong>Christi,</strong></span> 
     </span>
    </p>
   </div>
   <div class='ocr_carea' id='block_1_91' title="bbox 638 4619 3884 4702">
    <p class='ocr_par' dir='ltr' id='par_1_91' title="bbox 638 4619 3884 4702">
     <span class='ocr_line' id='line_1_91' title="bbox 638 4619 3884 4702; baseline 0.002 -24"><span class='ocrx_word' id='word_1_669' title='bbox 638 4619 833 4702; x_wconf 68' lang='lat'><strong>1277</strong></span> <span class='ocrx_word' id='word_1_670' title='bbox 869 4625 925 4679; x_wconf 91' lang='lat' dir='ltr'><strong>in</strong></span> <span class='ocrx_word' id='word_1_671' title='bbox 953 4625 1278 4696; x_wconf 88' lang='lat' dir='ltr'><strong>quibusdam</strong></span> <span class='ocrx_word' id='word_1_672' title='bbox 1307 4623 1585 4681; x_wconf 88' lang='lat' dir='ltr'><strong>codicibus</strong></span> <span class='ocrx_word' id='word_1_673' title='bbox 1628 4624 1888 4694; x_wconf 89' lang='lat' dir='ltr'><strong>scriptum</strong></span> <span class='ocrx_word' id='word_1_674' title='bbox 1920 4635 2024 4689; x_wconf 87' lang='lat' dir='ltr'><strong>est,</strong></span> <span class='ocrx_word' id='word_1_675' title='bbox 2052 4632 2203 4694; x_wconf 77' lang='lat' dir='ltr'><strong>gutta</strong></span> <span class='ocrx_word' id='word_1_676' title='bbox 2305 4636 2497 4677; x_wconf 88' lang='lat' dir='ltr'><strong>novam</strong></span> <span class='ocrx_word' id='word_1_677' title='bbox 2544 4621 2759 4691; x_wconf 90' lang='lat' dir='ltr'><strong>loquar,</strong></span> <span class='ocrx_word' id='word_1_678' title='bbox 2787 4625 3111 4682; x_wconf 83' lang='lat' dir='ltr'><strong>auctoritate</strong></span> <span class='ocrx_word' id='word_1_679' title='bbox 3156 4625 3567 4698; x_wconf 88' lang='lat' dir='ltr'><strong>Scripturarum</strong></span> <span class='ocrx_word' id='word_1_680' title='bbox 3599 4630 3884 4687; x_wconf 83' lang='lat' dir='ltr'><strong>ﬁrmatam.</strong></span> 
     </span>
    </p>
   </div>
   <div class='ocr_carea' id='block_1_92' title="bbox 629 4711 3888 4789">
    <p class='ocr_par' dir='ltr' id='par_1_92' title="bbox 629 4711 3888 4789">
     <span class='ocr_line' id='line_1_92' title="bbox 629 4711 3888 4789; baseline 0.001 -18"><span class='ocrx_word' id='word_1_681' title='bbox 629 4715 703 4772; x_wconf 72' lang='lat' dir='ltr'><strong>rel</strong></span> <span class='ocrx_word' id='word_1_682' title='bbox 750 4722 951 4770; x_wconf 76' lang='lat' dir='ltr'><strong>stacten</strong></span> <span class='ocrx_word' id='word_1_683' title='bbox 996 4714 1051 4769; x_wconf 92' lang='lat' dir='ltr'><strong>in</strong></span> <span class='ocrx_word' id='word_1_684' title='bbox 1119 4714 1386 4771; x_wconf 85' lang='lat' dir='ltr'><strong>Hebraico</strong></span> <span class='ocrx_word' id='word_1_685' title='bbox 1434 4715 1618 4779; x_wconf 81' lang='lat' dir='ltr'><strong>habet,</strong></span> <span class='ocrx_word' id='word_1_686' title='bbox 1658 4713 1907 4770; x_wconf 77' lang='lat' dir='ltr'><strong>Ahaloth.</strong></span> <span class='ocrx_word' id='word_1_687' title='bbox 1949 4713 2103 4771; x_wconf 90' lang='lat' dir='ltr'><strong>Unde</strong></span> <span class='ocrx_word' id='word_1_688' title='bbox 2147 4723 2205 4770; x_wconf 87' lang='lat' dir='ltr'><strong>et</strong></span> <span class='ocrx_word' id='word_1_689' title='bbox 2310 4711 2699 4769; x_wconf 76' lang='lat' dir='ltr'><strong>Vestimeutum</strong></span> <span class='ocrx_word' id='word_1_690' title='bbox 2735 4713 2932 4787; x_wconf 75' lang='lat' dir='ltr'><strong>Christi</strong></span> <span class='ocrx_word' id='word_1_691' title='bbox 2983 4730 3079 4771; x_wconf 89' lang='lat' dir='ltr'><strong>vos</strong></span> <span class='ocrx_word' id='word_1_692' title='bbox 3116 4718 3270 4783; x_wconf 85' lang='lat' dir='ltr'><strong>estis,</strong></span> <span class='ocrx_word' id='word_1_693' title='bbox 3312 4719 3439 4789; x_wconf 88' lang='lat' dir='ltr'><strong>quia</strong></span> <span class='ocrx_word' id='word_1_694' title='bbox 3469 4717 3812 4777; x_wconf 63' lang='lat' dir='ltr'><strong>confessione</strong></span> <span class='ocrx_word' id='word_1_695' title='bbox 3838 4728 3888 4774; x_wconf 87' lang='lat' dir='ltr'><strong>et</strong></span> 
     </span>
    </p>
   </div>
   <div class='ocr_carea' id='block_1_93' title="bbox 617 4804 2202 4879">
    <p class='ocr_par' dir='ltr' id='par_1_93' title="bbox 617 4804 2202 4879">
     <span class='ocr_line' id='line_1_93' title="bbox 617 4804 2202 4879; baseline 0.001 -17"><span class='ocrx_word' id='word_1_696' title='bbox 617 4804 943 4865; x_wconf 82' lang='lat' dir='ltr'><strong>Nieodemus</strong></span> <span class='ocrx_word' id='word_1_697' title='bbox 968 4813 1186 4863; x_wconf 85' lang='lat' dir='ltr'><strong>centum</strong></span> <span class='ocrx_word' id='word_1_698' title='bbox 1208 4806 1377 4863; x_wconf 88' lang='lat' dir='ltr'><strong>libras</strong></span> <span class='ocrx_word' id='word_1_699' title='bbox 1402 4807 1636 4879; x_wconf 78' lang='lat' dir='ltr'><strong>myrrhae</strong></span> <span class='ocrx_word' id='word_1_700' title='bbox 1665 4814 1721 4863; x_wconf 87' lang='lat' dir='ltr'><strong>et</strong></span> <span class='ocrx_word' id='word_1_701' title='bbox 1749 4807 1900 4863; x_wconf 90' lang='lat' dir='ltr'><strong>aloes</strong></span> <span class='ocrx_word' id='word_1_702' title='bbox 1926 4809 1995 4864; x_wconf 89' lang='lat' dir='ltr'><strong>ad</strong></span> <span class='ocrx_word' id='word_1_703' title='bbox 2024 4808 2202 4879; x_wconf 85' lang='lat' dir='ltr'><strong>sepul-</strong></span> 
     </span>
    </p>
   </div>
   <div class='ocr_carea' id='block_1_94' title="bbox 616 4896 2202 4971">
    <p class='ocr_par' dir='ltr' id='par_1_94' title="bbox 616 4896 2202 4971">
     <span class='ocr_line' id='line_1_94' title="bbox 616 4896 2202 4971; baseline 0.001 -17"><span class='ocrx_word' id='word_1_704' title='bbox 616 4907 799 4954; x_wconf 83' lang='lat' dir='ltr'><strong>turam</strong></span> <span class='ocrx_word' id='word_1_705' title='bbox 840 4896 1057 4955; x_wconf 86' lang='lat' dir='ltr'><strong>Domini</strong></span> <span class='ocrx_word' id='word_1_706' title='bbox 1100 4897 1446 4968; x_wconf 72' lang='lat' dir='ltr'><strong>prteparavit.</strong></span> <span class='ocrx_word' id='word_1_707' title='bbox 1491 4897 1642 4954; x_wconf 90' lang='lat' dir='ltr'><strong>Unde</strong></span> <span class='ocrx_word' id='word_1_708' title='bbox 1674 4913 1904 4968; x_wconf 88' lang='lat' dir='ltr'><strong>sponsus</strong></span> <span class='ocrx_word' id='word_1_709' title='bbox 1934 4899 2001 4954; x_wconf 90' lang='lat' dir='ltr'><strong>ad</strong></span> <span class='ocrx_word' id='word_1_710' title='bbox 2035 4915 2202 4971; x_wconf 87' lang='lat' dir='ltr'><strong>spon-</strong></span> 
     </span>
    </p>
   </div>
   <div class='ocr_carea' id='block_1_95' title="bbox 618 4986 2205 5060">
    <p class='ocr_par' dir='ltr' id='par_1_95' title="bbox 618 4986 2205 5060">
     <span class='ocr_line' id='line_1_95' title="bbox 618 4986 2205 5060; baseline 0 -14"><span class='ocrx_word' id='word_1_711' title='bbox 618 4998 734 5046; x_wconf 84' lang='lat' dir='ltr'><strong>sam</strong></span> <span class='ocrx_word' id='word_1_712' title='bbox 758 4986 1001 5057; x_wconf 65' lang='lat' dir='ltr'><strong>loquitur</strong></span> <span class='ocrx_word' id='word_1_713' title='bbox 1022 4988 1079 5044; x_wconf 84' lang='lat' dir='ltr'><strong>in</strong></span> <span class='ocrx_word' id='word_1_714' title='bbox 1106 4986 1347 5045; x_wconf 83' lang='lat' dir='ltr'><strong>Canticis</strong></span> <span class='ocrx_word' id='word_1_715' title='bbox 1365 4989 1433 5046; x_wconf 87' lang='lat' dir='ltr'><strong>de</strong></span> <span class='ocrx_word' id='word_1_716' title='bbox 1457 4989 1543 5045; x_wconf 86' lang='lat' dir='ltr'><strong>his</strong></span> <span class='ocrx_word' id='word_1_717' title='bbox 1568 5007 1581 5042; x_wconf 88' lang='lat'>:</span> <span class='ocrx_word' id='word_1_718' title='bbox 1609 4988 1832 5060; x_wconf 55' lang='lat' dir='ltr'><strong>Myrrha</strong></span> <span class='ocrx_word' id='word_1_719' title='bbox 1858 5000 1907 5045; x_wconf 85' lang='lat' dir='ltr'><strong>et</strong></span> <span class='ocrx_word' id='word_1_720' title='bbox 1931 4991 2061 5046; x_wconf 81' lang='lat' dir='ltr'><strong>Alae</strong></span> <span class='ocrx_word' id='word_1_721' title='bbox 2086 5008 2205 5047; x_wconf 86' lang='lat' dir='ltr'><strong>cum</strong></span> 
     </span>
    </p>
   </div>
   <div class='ocr_carea' id='block_1_96' title="bbox 618 5078 2205 5150">
    <p class='ocr_par' dir='ltr' id='par_1_96' title="bbox 618 5078 2205 5150">
     <span class='ocr_line' id='line_1_96' title="bbox 618 5078 2205 5150; baseline 0.001 -15"><span class='ocrx_word' id='word_1_722' title='bbox 618 5078 860 5135; x_wconf 71' lang='lat' dir='ltr'><strong>omnibus</strong></span> <span class='ocrx_word' id='word_1_723' title='bbox 890 5078 1175 5150; x_wconf 71' lang='lat' dir='ltr'><strong>unguentis</strong></span> <span class='ocrx_word' id='word_1_724' title='bbox 1197 5079 1401 5150; x_wconf 81' lang='lat' dir='ltr'><strong>primis.</strong></span> <span class='ocrx_word' id='word_1_725' title='bbox 1439 5079 1505 5135; x_wconf 87' lang='lat' dir='ltr'><strong>Et</strong></span> <span class='ocrx_word' id='word_1_726' title='bbox 1538 5078 1631 5134; x_wconf 89' lang='lat' dir='ltr'><strong>illa</strong></span> <span class='ocrx_word' id='word_1_727' title='bbox 1660 5081 1941 5150; x_wconf 88' lang='lat' dir='ltr'><strong>respondit</strong></span> <span class='ocrx_word' id='word_1_728' title='bbox 1972 5099 1985 5134; x_wconf 90' lang='lat'><strong>:</strong></span> <span class='ocrx_word' id='word_1_729' title='bbox 2009 5081 2205 5137; x_wconf 76' lang='lat' dir='ltr'><strong>Manus</strong></span> 
     </span>
    </p>
   </div>
   <div class='ocr_carea' id='block_1_97' title="bbox 619 5170 2205 5243">
    <p class='ocr_par' dir='ltr' id='par_1_97' title="bbox 619 5170 2205 5243">
     <span class='ocr_line' id='line_1_97' title="bbox 619 5170 2205 5243; baseline 0.001 -16"><span class='ocrx_word' id='word_1_730' title='bbox 619 5184 750 5227; x_wconf 76' lang='lat' dir='ltr'><strong>m</strong></span> <span class='ocrx_word' id='word_1_731' title='bbox 785 5170 1115 5229; x_wconf 63' lang='lat' dir='ltr'><strong>diuersurum</strong></span> <span class='ocrx_word' id='word_1_732' title='bbox 1149 5171 1439 5241; x_wconf 75' lang='lat' dir='ltr'><strong>myrrham,</strong></span> <span class='ocrx_word' id='word_1_733' title='bbox 1475 5170 1625 5242; x_wconf 84' lang='lat' dir='ltr'><strong>digiti</strong></span> <span class='ocrx_word' id='word_1_734' title='bbox 1664 5172 1768 5225; x_wconf 83' lang='lat' dir='ltr'><strong>mei</strong></span> <span class='ocrx_word' id='word_1_735' title='bbox 1807 5171 1947 5241; x_wconf 81' lang='lat' dir='ltr'><strong>pleni</strong></span> <span class='ocrx_word' id='word_1_736' title='bbox 1990 5174 2205 5243; x_wconf 81' lang='lat' dir='ltr'><strong>myrrha</strong></span> 
     </span>
    </p>
   </div>
   <div class='ocr_carea' id='block_1_98' title="bbox 618 5258 2206 5332">
    <p class='ocr_par' dir='ltr' id='par_1_98' title="bbox 618 5258 2206 5332">
     <span class='ocr_line' id='line_1_98' title="bbox 618 5258 2206 5332; baseline 0.003 -18"><span class='ocrx_word' id='word_1_737' title='bbox 618 5259 992 5330; x_wconf 76' lang='lat' dir='ltr'><strong>probatissima</strong></span> <span class='ocrx_word' id='word_1_738' title='bbox 1044 5258 1222 5332; x_wconf 71' lang='lat' dir='ltr'><strong>(Cant.</strong></span> <span class='ocrx_word' id='word_1_739' title='bbox 1264 5275 1339 5326; x_wconf 78' lang='lat' dir='ltr'><strong>IV,</strong></span> <span class='ocrx_word' id='word_1_740' title='bbox 1370 5258 1479 5331; x_wconf 70' lang='grc' dir='ltr'><strong>ιι).</strong></span> <span class='ocrx_word' id='word_1_741' title='bbox 1544 5259 1644 5317; x_wconf 89' lang='lat' dir='ltr'><strong>Ubi</strong></span> <span class='ocrx_word' id='word_1_742' title='bbox 1690 5260 1921 5316; x_wconf 84' lang='lat' dir='ltr'><strong>ostendit</strong></span> <span class='ocrx_word' id='word_1_743' title='bbox 1971 5261 2206 5331; x_wconf 82' lang='lat' dir='ltr'><strong>Spiritus</strong></span> 
     </span>
    </p>
   </div>
   <div class='ocr_carea' id='block_1_99' title="bbox 620 5347 2206 5420">
    <p class='ocr_par' dir='ltr' id='par_1_99' title="bbox 620 5347 2206 5420">
     <span class='ocr_line' id='line_1_99' title="bbox 620 5347 2206 5420; baseline 0 -12"><span class='ocrx_word' id='word_1_744' title='bbox 620 5358 844 5408; x_wconf 76' lang='lat' dir='ltr'><strong>sanctus</strong></span> <span class='ocrx_word' id='word_1_745' title='bbox 865 5350 1009 5420; x_wconf 82' lang='lat' dir='ltr'><strong>quod</strong></span> <span class='ocrx_word' id='word_1_746' title='bbox 1030 5347 1156 5407; x_wconf 71' lang='lat' dir='ltr'><strong>hanc</strong></span> <span class='ocrx_word' id='word_1_747' title='bbox 1172 5361 1415 5407; x_wconf 80' lang='lat' dir='ltr'><strong>aromata</strong></span> <span class='ocrx_word' id='word_1_748' title='bbox 1445 5350 1709 5406; x_wconf 88' lang='lat' dir='ltr'><strong>virtutum</strong></span> <span class='ocrx_word' id='word_1_749' title='bbox 1734 5351 2054 5408; x_wconf 87' lang='lat' dir='ltr'><strong>documenta</strong></span> <span class='ocrx_word' id='word_1_750' title='bbox 2078 5361 2206 5408; x_wconf 87' lang='lat' dir='ltr'><strong>sunt</strong></span> 
     </span>
    </p>
   </div>
   <div class='ocr_carea' id='block_1_100' title="bbox 621 5440 2204 5517">
    <p class='ocr_par' dir='ltr' id='par_1_100' title="bbox 621 5440 2204 5517">
     <span class='ocr_line' id='line_1_100' title="bbox 621 5440 2204 5517; baseline 0.003 -21"><span class='ocrx_word' id='word_1_751' title='bbox 621 5440 911 5513; x_wconf 81' lang='lat' dir='ltr'><strong>virginum.</strong></span> <span class='ocrx_word' id='word_1_752' title='bbox 952 5442 1091 5498; x_wconf 82' lang='lat' dir='ltr'><strong>Nam</strong></span> <span class='ocrx_word' id='word_1_753' title='bbox 1134 5444 1345 5514; x_wconf 85' lang='lat' dir='ltr'><strong>species</strong></span> <span class='ocrx_word' id='word_1_754' title='bbox 1382 5450 1719 5517; x_wconf 72' lang='lat' dir='ltr'><strong>terrenarum</strong></span> <span class='ocrx_word' id='word_1_755' title='bbox 1765 5457 1971 5512; x_wconf 89' lang='lat' dir='ltr'><strong>rerum,</strong></span> <span class='ocrx_word' id='word_1_756' title='bbox 1998 5444 2204 5516; x_wconf 86' lang='lat' dir='ltr'><strong>judicia</strong></span> 
     </span>
    </p>
   </div>
   <div class='ocr_carea' id='block_1_101' title="bbox 563 5533 2198 5594">
    <p class='ocr_par' dir='ltr' id='par_1_101' title="bbox 563 5533 2198 5594">
     <span class='ocr_line' id='line_1_101' title="bbox 563 5533 2198 5594; baseline 0.001 -1"><span class='ocrx_word' id='word_1_757' title='bbox 563 5562 567 5567; x_wconf 59' lang='grc' dir='ltr'><strong><em>ο</em></strong></span> <span class='ocrx_word' id='word_1_758' title='bbox 620 5534 780 5593; x_wconf 65' lang='lat' dir='ltr'><strong>Dubis</strong></span> <span class='ocrx_word' id='word_1_759' title='bbox 834 5533 1139 5594; x_wconf 70' lang='lat' dir='ltr'><strong>cmlestium</strong></span> <span class='ocrx_word' id='word_1_760' title='bbox 1167 5537 1565 5593; x_wconf 77' lang='lat' dir='ltr'><strong>demonstrare</strong></span> <span class='ocrx_word' id='word_1_761' title='bbox 1616 5537 1867 5592; x_wconf 88' lang='lat' dir='ltr'><strong>videntur</strong></span> <span class='ocrx_word' id='word_1_762' title='bbox 1918 5538 2198 5594; x_wconf 87' lang='lat' dir='ltr'><strong>virtutum.</strong></span> 
     </span>
    </p>
   </div>
   <div class='ocr_carea' id='block_1_102' title="bbox 622 5626 2204 5701">
    <p class='ocr_par' dir='ltr' id='par_1_102' title="bbox 622 5626 2204 5701">
     <span class='ocr_line' id='line_1_102' title="bbox 622 5626 2204 5701; baseline 0.003 -19"><span class='ocrx_word' id='word_1_763' title='bbox 622 5626 771 5683; x_wconf 74' lang='lat' dir='ltr'><strong>Alias</strong></span> <span class='ocrx_word' id='word_1_764' title='bbox 809 5636 987 5683; x_wconf 86' lang='lat' dir='ltr'><strong>autem</strong></span> <span class='ocrx_word' id='word_1_765' title='bbox 1033 5628 1159 5700; x_wconf 89' lang='lat' dir='ltr'><strong>quid</strong></span> <span class='ocrx_word' id='word_1_766' title='bbox 1199 5637 1509 5701; x_wconf 88' lang='lat' dir='ltr'><strong>poteramus</strong></span> <span class='ocrx_word' id='word_1_767' title='bbox 1545 5630 1612 5687; x_wconf 89' lang='lat' dir='ltr'><strong>de</strong></span> <span class='ocrx_word' id='word_1_768' title='bbox 1654 5629 1742 5685; x_wconf 90' lang='lat' dir='ltr'><strong>illa</strong></span> <span class='ocrx_word' id='word_1_769' title='bbox 1790 5629 2073 5699; x_wconf 86' lang='lat' dir='ltr'><strong>majestate</strong></span> <span class='ocrx_word' id='word_1_770' title='bbox 2111 5646 2204 5687; x_wconf 87' lang='lat' dir='ltr'><strong>co-</strong></span> 
     </span>
    </p>
   </div>
   <div class='ocr_carea' id='block_1_103' title="bbox 620 5711 2201 5792">
    <p class='ocr_par' dir='ltr' id='par_1_103' title="bbox 620 5711 2201 5792">
     <span class='ocr_line' id='line_1_103' title="bbox 620 5711 2201 5792; baseline 0.004 -19"><span class='ocrx_word' id='word_1_771' title='bbox 620 5711 901 5785; x_wconf 64' lang='lat' dir='ltr'><strong>gnoscere,</strong></span> <span class='ocrx_word' id='word_1_772' title='bbox 934 5720 1037 5776; x_wconf 89' lang='lat' dir='ltr'><strong>nisi</strong></span> <span class='ocrx_word' id='word_1_773' title='bbox 1077 5721 1231 5777; x_wconf 89' lang='lat' dir='ltr'><strong>nobis</strong></span> <span class='ocrx_word' id='word_1_774' title='bbox 1260 5722 1327 5778; x_wconf 91' lang='lat' dir='ltr'><strong>de</strong></span> <span class='ocrx_word' id='word_1_775' title='bbox 1367 5722 1481 5792; x_wconf 89' lang='lat' dir='ltr'><strong>ipsa</strong></span> <span class='ocrx_word' id='word_1_776' title='bbox 1525 5721 1726 5791; x_wconf 86' lang='lat' dir='ltr'><strong>aliquid</strong></span> <span class='ocrx_word' id='word_1_777' title='bbox 1764 5736 1860 5791; x_wconf 92' lang='lat' dir='ltr'><strong>per</strong></span> <span class='ocrx_word' id='word_1_778' title='bbox 1894 5721 2201 5790; x_wconf 87' lang='lat' dir='ltr'><strong>hujusmodi</strong></span> 
     </span>
    </p>
   </div>
   <div class='ocr_carea' id='block_1_104' title="bbox 2302 4807 3890 4884">
    <p class='ocr_par' dir='ltr' id='par_1_104' title="bbox 2302 4807 3890 4884">
     <span class='ocr_line' id='line_1_104' title="bbox 2302 4807 3890 4884; baseline 0.004 -22"><span class='ocrx_word' id='word_1_779' title='bbox 2302 4807 2556 4877; x_wconf 89' lang='lat' dir='ltr'><strong>operibus</strong></span> <span class='ocrx_word' id='word_1_780' title='bbox 2601 4818 2700 4862; x_wconf 84' lang='lat' dir='ltr'><strong>vos</strong></span> <span class='ocrx_word' id='word_1_781' title='bbox 2729 4807 2882 4863; x_wconf 88' lang='lat' dir='ltr'><strong>illurn</strong></span> <span class='ocrx_word' id='word_1_782' title='bbox 2916 4811 3241 4878; x_wconf 79' lang='lat' dir='ltr'><strong>exornastis,</strong></span> <span class='ocrx_word' id='word_1_783' title='bbox 3309 4816 3640 4884; x_wconf 81' lang='lat' dir='ltr'><strong>rursumque</strong></span> <span class='ocrx_word' id='word_1_784' title='bbox 3678 4831 3778 4871; x_wconf 83' lang='lat' dir='ltr'><strong>vos</strong></span> <span class='ocrx_word' id='word_1_785' title='bbox 3813 4816 3890 4884; x_wconf 86' lang='lat' dir='ltr'><strong>ip-</strong></span> 
     </span>
    </p>
   </div>
   <div class='ocr_carea' id='block_1_105' title="bbox 2305 4898 3891 4973">
    <p class='ocr_par' dir='ltr' id='par_1_105' title="bbox 2305 4898 3891 4973">
     <span class='ocr_line' id='line_1_105' title="bbox 2305 4898 3891 4973; baseline 0.004 -19"><span class='ocrx_word' id='word_1_786' title='bbox 2305 4913 2422 4954; x_wconf 91' lang='lat' dir='ltr'><strong>sum</strong></span> <span class='ocrx_word' id='word_1_787' title='bbox 2447 4898 2647 4953; x_wconf 66' lang='lat' dir='ltr'><strong>indutae</strong></span> <span class='ocrx_word' id='word_1_788' title='bbox 2669 4899 2824 4955; x_wconf 78' lang='lat' dir='ltr'><strong>esus.</strong></span> <span class='ocrx_word' id='word_1_789' title='bbox 2852 4900 3005 4956; x_wconf 89' lang='lat' dir='ltr'><strong>Unde</strong></span> <span class='ocrx_word' id='word_1_790' title='bbox 3032 4912 3217 4957; x_wconf 89' lang='lat' dir='ltr'><strong>monet</strong></span> <span class='ocrx_word' id='word_1_791' title='bbox 3236 4900 3529 4973; x_wconf 85' lang='lat' dir='ltr'><strong>Apostolus</strong></span> <span class='ocrx_word' id='word_1_792' title='bbox 3558 4904 3891 4961; x_wconf 72' lang='lat' dir='ltr'><strong>:Indaimini</strong></span> 
     </span>
    </p>
   </div>
   <div class='ocr_carea' id='block_1_106' title="bbox 2309 4990 3894 5070">
    <p class='ocr_par' dir='ltr' id='par_1_106' title="bbox 2309 4990 3894 5070">
     <span class='ocr_line' id='line_1_106' title="bbox 2309 4990 3894 5070; baseline 0.003 -24"><span class='ocrx_word' id='word_1_793' title='bbox 2309 4990 2589 5046; x_wconf 71' lang='lat' dir='ltr'><strong>Dominum</strong></span> <span class='ocrx_word' id='word_1_794' title='bbox 2610 4990 2792 5047; x_wconf 76' lang='lat' dir='ltr'><strong>Iesum</strong></span> <span class='ocrx_word' id='word_1_795' title='bbox 2820 4992 3086 5048; x_wconf 81' lang='lat' dir='ltr'><strong>Christum</strong></span> <span class='ocrx_word' id='word_1_796' title='bbox 3118 4993 3293 5067; x_wconf 82' lang='lat' dir='ltr'><strong>(Rom.</strong></span> <span class='ocrx_word' id='word_1_797' title='bbox 3316 5011 3439 5063; x_wconf 81' lang='lat' dir='ltr'><strong>xm,</strong></span> <span class='ocrx_word' id='word_1_798' title='bbox 3468 4996 3581 5070; x_wconf 62' lang='lat' dir='ltr'><strong>id).</strong></span> <span class='ocrx_word' id='word_1_799' title='bbox 3605 4994 3894 5055; x_wconf 84' lang='lat' dir='ltr'><strong>lnduimini</strong></span> 
     </span>
    </p>
   </div>
   <div class='ocr_carea' id='block_1_107' title="bbox 2305 5083 3897 5163">
    <p class='ocr_par' dir='ltr' id='par_1_107' title="bbox 2305 5083 3897 5163">
     <span class='ocr_line' id='line_1_107' title="bbox 2305 5083 3897 5163; baseline 0.003 -27"><span class='ocrx_word' id='word_1_800' title='bbox 2305 5092 2506 5149; x_wconf 88' lang='lat' dir='ltr'><strong>autem,</strong></span> <span class='ocrx_word' id='word_1_801' title='bbox 2535 5084 2783 5151; x_wconf 89' lang='lat' dir='ltr'><strong>obsecro,</strong></span> <span class='ocrx_word' id='word_1_802' title='bbox 2810 5083 3107 5153; x_wconf 88' lang='lat' dir='ltr'><strong>Christum,</strong></span> <span class='ocrx_word' id='word_1_803' title='bbox 3156 5086 3523 5155; x_wconf 65' lang='lat' dir='ltr'><strong>charissima,</strong></span> <span class='ocrx_word' id='word_1_804' title='bbox 3565 5091 3805 5163; x_wconf 83' lang='lat' dir='ltr'><strong>amplius</strong></span> <span class='ocrx_word' id='word_1_805' title='bbox 3844 5093 3897 5141; x_wconf 85' lang='lat' dir='ltr'><strong>et</strong></span> 
     </span>
    </p>
   </div>
   <div class='ocr_carea' id='block_1_108' title="bbox 2303 5176 3896 5253">
    <p class='ocr_par' dir='ltr' id='par_1_108' title="bbox 2303 5176 3896 5253">
     <span class='ocr_line' id='line_1_108' title="bbox 2303 5176 3896 5253; baseline 0.002 -23"><span class='ocrx_word' id='word_1_806' title='bbox 2303 5176 2616 5246; x_wconf 77' lang='lat' dir='ltr'><strong>perfectius,</strong></span> <span class='ocrx_word' id='word_1_807' title='bbox 2635 5176 2773 5247; x_wconf 79' lang='lat' dir='ltr'><strong>quia</strong></span> <span class='ocrx_word' id='word_1_808' title='bbox 2807 5176 3057 5233; x_wconf 89' lang='lat' dir='ltr'><strong>Christus</strong></span> <span class='ocrx_word' id='word_1_809' title='bbox 3087 5176 3339 5249; x_wconf 87' lang='lat' dir='ltr'><strong>dignatus</strong></span> <span class='ocrx_word' id='word_1_810' title='bbox 3371 5186 3457 5234; x_wconf 79' lang='lat' dir='ltr'><strong>est</strong></span> <span class='ocrx_word' id='word_1_811' title='bbox 3501 5193 3598 5236; x_wconf 81' lang='lat' dir='ltr'><strong>vos</strong></span> <span class='ocrx_word' id='word_1_812' title='bbox 3634 5180 3796 5253; x_wconf 84' lang='lat' dir='ltr'><strong>prius</strong></span> <span class='ocrx_word' id='word_1_813' title='bbox 3820 5178 3896 5235; x_wconf 87' lang='lat' dir='ltr'><strong>in-</strong></span> 
     </span>
    </p>
   </div>
   <div class='ocr_carea' id='block_1_109' title="bbox 2307 5264 3899 5341">
    <p class='ocr_par' dir='ltr' id='par_1_109' title="bbox 2307 5264 3899 5341">
     <span class='ocr_line' id='line_1_109' title="bbox 2307 5264 3899 5341; baseline 0.003 -22"><span class='ocrx_word' id='word_1_814' title='bbox 2307 5264 2470 5320; x_wconf 86' lang='lat' dir='ltr'><strong>duere</strong></span> <span class='ocrx_word' id='word_1_815' title='bbox 2500 5266 2553 5320; x_wconf 92' lang='lat' dir='ltr'><strong>in</strong></span> <span class='ocrx_word' id='word_1_816' title='bbox 2580 5280 2681 5322; x_wconf 88' lang='lat' dir='ltr'><strong>suo</strong></span> <span class='ocrx_word' id='word_1_817' title='bbox 2715 5272 2963 5336; x_wconf 87' lang='lat' dir='ltr'><strong>corpore.</strong></span> <span class='ocrx_word' id='word_1_818' title='bbox 2995 5266 3221 5322; x_wconf 81' lang='lat' dir='ltr'><strong>Constat</strong></span> <span class='ocrx_word' id='word_1_819' title='bbox 3255 5267 3423 5338; x_wconf 85' lang='lat' dir='ltr'><strong>igitur</strong></span> <span class='ocrx_word' id='word_1_820' title='bbox 3456 5270 3589 5341; x_wconf 72' lang='lat' dir='ltr'><strong>quia</strong></span> <span class='ocrx_word' id='word_1_821' title='bbox 3628 5270 3783 5327; x_wconf 79' lang='lat' dir='ltr'><strong>sicut</strong></span> <span class='ocrx_word' id='word_1_822' title='bbox 3820 5269 3899 5323; x_wconf 80' lang='lat' dir='ltr'><strong>di-</strong></span> 
     </span>
    </p>
   </div>
   <div class='ocr_carea' id='block_1_110' title="bbox 2308 5359 3905 5429">
    <p class='ocr_par' dir='ltr' id='par_1_110' title="bbox 2308 5359 3905 5429">
     <span class='ocr_line' id='line_1_110' title="bbox 2308 5359 3905 5429; baseline 0.003 -15"><span class='ocrx_word' id='word_1_823' title='bbox 2308 5373 2466 5415; x_wconf 88' lang='lat' dir='ltr'><strong>versa</strong></span> <span class='ocrx_word' id='word_1_824' title='bbox 2514 5366 2640 5415; x_wconf 92' lang='lat' dir='ltr'><strong>sunt</strong></span> <span class='ocrx_word' id='word_1_825' title='bbox 2683 5373 2882 5429; x_wconf 86' lang='lat' dir='ltr'><strong>genera</strong></span> <span class='ocrx_word' id='word_1_826' title='bbox 2938 5359 3383 5416; x_wconf 83' lang='lat' dir='ltr'><strong>vestimentorum</strong></span> <span class='ocrx_word' id='word_1_827' title='bbox 3430 5360 3641 5418; x_wconf 77' lang='lat' dir='ltr'><strong>Christi</strong></span> <span class='ocrx_word' id='word_1_828' title='bbox 3663 5404 3680 5429; x_wconf 87' lang='lat'><strong>,</strong></span> <span class='ocrx_word' id='word_1_829' title='bbox 3731 5363 3809 5421; x_wconf 82' lang='lat' dir='ltr'><strong>ita</strong></span> <span class='ocrx_word' id='word_1_830' title='bbox 3847 5368 3905 5418; x_wconf 76' lang='lat' dir='ltr'><strong>et</strong></span> 
     </span>
    </p>
   </div>
   <div class='ocr_carea' id='block_1_111' title="bbox 2307 5449 3899 5520">
    <p class='ocr_par' dir='ltr' id='par_1_111' title="bbox 2307 5449 3899 5520">
     <span class='ocr_line' id='line_1_111' title="bbox 2307 5449 3899 5520; baseline 0.003 -14"><span class='ocrx_word' id='word_1_831' title='bbox 2307 5450 2517 5506; x_wconf 89' lang='lat' dir='ltr'><strong>diversa</strong></span> <span class='ocrx_word' id='word_1_832' title='bbox 2558 5458 2956 5520; x_wconf 86' lang='lat' dir='ltr'><strong>unguentorum</strong></span> <span class='ocrx_word' id='word_1_833' title='bbox 2987 5449 3357 5507; x_wconf 86' lang='lat' dir='ltr'><strong>odoramenta.</strong></span> <span class='ocrx_word' id='word_1_834' title='bbox 3397 5450 3613 5510; x_wconf 73' lang='lat' dir='ltr'><strong>[dcimo</strong></span> <span class='ocrx_word' id='word_1_835' title='bbox 3642 5456 3759 5511; x_wconf 73' lang='lat' dir='ltr'><strong>tria</strong></span> <span class='ocrx_word' id='word_1_836' title='bbox 3803 5455 3899 5510; x_wconf 73' lang='lat' dir='ltr'><strong>ista</strong></span> 
     </span>
    </p>
   </div>
   <div class='ocr_carea' id='block_1_112' title="bbox 2307 5539 3899 5614">
    <p class='ocr_par' dir='ltr' id='par_1_112' title="bbox 2307 5539 3899 5614">
     <span class='ocr_line' id='line_1_112' title="bbox 2307 5539 3899 5614; baseline 0.004 -19"><span class='ocrx_word' id='word_1_837' title='bbox 2307 5539 2477 5603; x_wconf 86' lang='lat' dir='ltr'><strong>vobis,</strong></span> <span class='ocrx_word' id='word_1_838' title='bbox 2517 5539 2794 5609; x_wconf 80' lang='lat' dir='ltr'><strong>myrrham</strong></span> <span class='ocrx_word' id='word_1_839' title='bbox 2824 5539 3054 5605; x_wconf 85' lang='lat' dir='ltr'><strong>scilicet,</strong></span> <span class='ocrx_word' id='word_1_840' title='bbox 3080 5548 3136 5597; x_wconf 88' lang='lat' dir='ltr'><strong>et</strong></span> <span class='ocrx_word' id='word_1_841' title='bbox 3162 5549 3403 5613; x_wconf 87' lang='lat' dir='ltr'><strong>guttam,</strong></span> <span class='ocrx_word' id='word_1_842' title='bbox 3455 5553 3624 5614; x_wconf 85' lang='lat' dir='ltr'><strong>atque</strong></span> <span class='ocrx_word' id='word_1_843' title='bbox 3670 5547 3899 5609; x_wconf 79' lang='lat' dir='ltr'><strong>casiam,</strong></span> 
     </span>
    </p>
   </div>
   <div class='ocr_carea' id='block_1_113' title="bbox 2309 5631 3902 5710">
    <p class='ocr_par' dir='ltr' id='par_1_113' title="bbox 2309 5631 3902 5710">
     <span class='ocr_line' id='line_1_113' title="bbox 2309 5631 3902 5710; baseline 0.004 -23"><span class='ocrx_word' id='word_1_844' title='bbox 2309 5632 2542 5703; x_wconf 90' lang='lat' dir='ltr'><strong>Spiritus</strong></span> <span class='ocrx_word' id='word_1_845' title='bbox 2580 5642 2802 5689; x_wconf 86' lang='lat' dir='ltr'><strong>sanctus</strong></span> <span class='ocrx_word' id='word_1_846' title='bbox 2838 5631 3084 5706; x_wconf 82' lang='lat' dir='ltr'><strong>fragrare</strong></span> <span class='ocrx_word' id='word_1_847' title='bbox 3113 5636 3426 5707; x_wconf 71' lang='lat' dir='ltr'><strong>specialiter</strong></span> <span class='ocrx_word' id='word_1_848' title='bbox 3452 5638 3813 5710; x_wconf 78' lang='lat' dir='ltr'><strong>signiﬁcavit,</strong></span> <span class='ocrx_word' id='word_1_849' title='bbox 3844 5650 3902 5694; x_wconf 85' lang='lat' dir='ltr'><strong>ut</strong></span> 
     </span>
    </p>
   </div>
   <div class='ocr_carea' id='block_1_114' title="bbox 2306 5721 3905 5795">
    <p class='ocr_par' dir='ltr' id='par_1_114' title="bbox 2306 5721 3905 5795">
     <span class='ocr_line' id='line_1_114' title="bbox 2306 5721 3905 5795; baseline 0.008 -19"><span class='ocrx_word' id='word_1_850' title='bbox 2306 5721 2358 5777; x_wconf 92' lang='lat' dir='ltr'><strong>in</strong></span> <span class='ocrx_word' id='word_1_851' title='bbox 2387 5722 2637 5780; x_wconf 86' lang='lat' dir='ltr'><strong>omnibus</strong></span> <span class='ocrx_word' id='word_1_852' title='bbox 2672 5726 2961 5795; x_wconf 84' lang='lat' dir='ltr'><strong>unguentis</strong></span> <span class='ocrx_word' id='word_1_853' title='bbox 3000 5726 3444 5783; x_wconf 80' lang='lat' dir='ltr'><strong>vestimentorum</strong></span> <span class='ocrx_word' id='word_1_854' title='bbox 3480 5728 3737 5787; x_wconf 79' lang='lat' dir='ltr'><strong>Trinitas</strong></span> <span class='ocrx_word' id='word_1_855' title='bbox 3764 5731 3905 5789; x_wconf 76' lang='lat' dir='ltr'><strong>Dens</strong></span> 
     </span>
    </p>
   </div>
  </div>
