4048 6352
184 292 319 354 103⁸1
668 310 674 316 ‘
980 290 985 295 ’
1106 292 1473 352 EXPOSITIO
1511 292 1575 350 IN
1619 288 1951 353 PSALiIUiI
1992 297 2182 357 XLIV.
2221 332 2289 341 —
2329 300 2456 357 LIB.
2496 300 2562 357 II.
3327 306 3466 362 i058

185 411 287 468 ﬁde
322 408 592 466 sentiatur
631 408 840 479 integra
872 414 929 462 et
957 404 1234 463 intellectu
1264 409 1525 464 odoretur
1553 410 1769 480 impraa-
1802 415 1849 475 Α
1877 422 2140 470 matrona:
2167 416 2392 482 Christi,
2424 432 2519 473 vos
2549 418 2681 474 estis
2708 421 2871 493 βαρὺς
2898 417 2983 474 illa
3016 419 3222 475 scilicet
3249 420 3462 488 domus,

186 503 479 559 sentiarum
504 500 766 572 perfecto.
797 499 951 566 Quod
979 500 1023 555 si
1055 500 1342 572 diligenter
1368 502 1627 568 attendis,
1656 502 1772 556 vir-
1877 502 2155 559 aediﬁcata:
2186 506 2239 559 in
2279 508 2499 561 modum
2531 508 2715 575 turris,
2748 525 2854 563 una
2883 524 3003 564 cum
3050 511 3466 582 prepugnaculis

187 609 269 665 gn,
299 609 329 647 a
360 592 633 663 principio
659 590 819 660 hujus
846 590 1047 646 Psalmi
1080 606 1295 664 semper
1321 592 1558 649 Trinitas
1596 610 1776 649 rerum
1878 602 1933 648 et
1958 604 2232 649 armatura
2263 594 2546 664 virtutum,
2575 613 2641 653 ex
2677 600 2840 655 ebore
2870 600 3115 669 antiquo,
3146 617 3269 656 cum
3305 603 3467 658 casti~

186 697 278 751 per
307 680 551 752 singulos
581 696 770 735 versus
799 672 1128 736 declaratur.
1157 681 1283 738 Ideo
1310 691 1365 738 et
1394 683 1482 738 hic
1510 684 1612 738 tria
1644 683 1776 740 od0«
1881 695 1990 741 tate
2032 697 2288 759 perpetua
2316 689 2603 746 decoratae.
2650 693 2752 747 Vos
2774 693 2907 747 estis
2945 692 3065 747 ﬁlia:
3105 709 3312 764 regum,
3346 711 3465 765 qua:

188 779 551 826 ramentorum
598 784 796 842 genera
840 778 1049 825 tantum
1078 787 1145 826 ex
1172 773 1427 828 omnibus
1459 773 1679 845 delegit.
1719 774 1779 845 In
1879 779 2168 836 ltetiﬁcatis
2194 796 2450 854 sponsum
2487 783 2543 837 in
2572 785 2766 840 decore
2796 796 2998 852 vestro,
3033 786 3085 839 in
3115 786 3316 843 honore
3345 804 3464 843 suo.

186 865 377 936 quibus
405 861 653 933 profecto
679 862 1016 918 aromatibus
1046 864 1303 919 virtutem
1333 864 1458 920 boni
1494 865 1696 936 operis,
1721 862 1778 922 et
1881 860 2326 943 Quandoquidem
2363 875 2477 943 ipse
2508 890 2738 946 sponsus
2765 886 2946 933 vester
2967 886 3051 933 est
3075 878 3334 934 Dominus
3365 880 3465 933 do-

189 958 309 1012 ﬁdei
332 956 565 1028 gratiam
594 955 929 1026 praedicavit.
955 955 1095 1011 Hinc
1119 972 1333 1027 quoque
1359 958 1527 1023 casia,
1561 959 1604 1014 si
1658 959 1777 1015 oleo
1879 962 2203 1017 minantium
2234 981 2246 1017 :
2272 971 2327 1018 et
2353 964 2474 1019 ideo
2500 965 2698 1019 multos
2725 965 2824 1021 sub
2852 981 2912 1021 se
2942 967 3105 1021 habet
3131 982 3307 1039 reges,
3333 983 3468 1038 quo-

185 1044 607 1102 decocta'fuerit
633 1045 761 1101 dum
793 1045 846 1100 in
877 1044 1015 1101 ﬂore
1038 1053 1146 1113 est,
1177 1047 1378 1102 dicitur
1420 1049 1565 1117 quod
1607 1048 1675 1104 de
1717 1064 1778 1105 se
1880 1069 1999 1109 rum
2036 1054 2253 1127 1280
2294 1056 2426 1111 estis
2465 1057 2608 1112 ﬁliae.
2634 1058 2833 1113 Eorum
2877 1044 2921 1115 si
2963 1060 3177 1130 quidem
3212 1062 3468 1118 odoribus

186 1138 517 1197 odoriferam
554 1138 712 1194 valde
760 1138 924 1194 efﬁcit
965 1149 1324 1211 unguentum.
1370 1143 1445 1197 lta
1484 1152 1544 1198 ut
1585 1146 1778 1203 merito
1881 1157 1940 1202 et
1975 1146 2235 1203 doctrinis
2279 1156 2548 1213 attractae,
2575 1164 2763 1206 eorum
2796 1152 2983 1221 utique
3016 1154 3300 1223 unguentis
3329 1153 3465 1209 deli-

187 1247 282 1304 per
308 1234 413 1288 hoc
442 1239 647 1288 sancta).
677 1232 1071 1290 incarnationis
1106 1234 1309 1291 Christi
1349 1237 1520 1294 virtus
1552 1247 1611 1294 et
1656 1254 1777 1295 sua-
1881 1236 2045 1305 bulas,
2069 1253 2256 1294 eorum
2286 1238 2507 1295 ﬁoribus
2542 1251 2834 1298 exornatae.
2866 1242 3000 1297 Nam
3030 1245 3129 1299 sub
3164 1253 3315 1299 tanto
3343 1260 3468 1317 rege

187 1326 326 1380 vitas
357 1331 635 1395 perpetuae
678 1324 1072 1382 benedictionis
1110 1327 1474 1389 aromatizans
1511 1328 1781 1401 intelliga-
1880 1327 2101 1397 plurimi
2137 1337 2264 1385 sunt
2291 1337 2346 1385 et
2375 1331 2669 1401 subreguli,
2698 1348 2926 1403 quorum
2954 1335 3086 1389 estis
3117 1333 3240 1388 ﬁliae
3277 1344 3330 1389 et
3370 1334 3469 1405 ipsi

188 1424 293 1472 tur.
327 1416 558 1485 Propter
593 1415 738 1485 quod
783 1431 981 1486 sponsa
1025 1418 1079 1473 in
1110 1418 1352 1475 Canticis
1385 1438 1397 1474 :
1430 1418 1558 1475 Post
1601 1432 1671 1487 te,
1700 1422 1779 1476 in-
1881 1427 2085 1489 patres,
2112 1420 2367 1489 quoniam
2406 1435 2505 1491 per
2538 1421 2886 1492 Evangelium
2913 1420 3113 1478 Christi
3142 1439 3236 1479 vos
3275 1440 3470 1495 genuc-

188 1508 338 1578 quit,
396 1508 454 1561 in
505 1507 717 1561 odorem
788 1518 1173 1579 unguentorum
1229 1519 1440 1565 tuorum
1510 1527 1779 1567 curramus
1883 1512 2949 1581 runt,quorumestisdoetrinisimbutze,
2973 1516 3310 1571 documentis
3332 1530 3467 1570 cnu-

187 1596 365 1670 (ϐακε.
394 1612 438 1661 t,
468 1596 547 1669 4).
587 1596 822 1653 Curritis
865 1614 994 1670 ergo
1031 1608 1086 1654 et
1116 1615 1213 1656 vos
1238 1641 1251 1664 ,
1285 1610 1489 1657 saneta:
1519 1601 1777 1674 virgines,
1885 1601 2048 1667 tritaa,
2074 1603 2147 1657 ita
2194 1611 2251 1657 ut
2297 1611 2354 1659 et
2399 1605 2592 1661 domus
2630 1606 2725 1661 Dei
2769 1616 2823 1662 et
2850 1622 3063 1677 sponsa:
3088 1623 3153 1663 ac
3177 1608 3299 1664 ﬁliae
3327 1607 3469 1663 sitis.

187 1689 408 1747 curritis
442 1703 607 1758 quam
651 1689 792 1744 bene
828 1697 949 1760 post
978 1702 1252 1762 unguenta
1291 1691 1462 1756 varia,
1493 1700 1617 1761 post
1644 1693 1778 1747 odo-
1885 1691 2003 1760 Qua
2041 1708 2109 1748 ex
2153 1708 2340 1761 causa,
2373 1696 2727 1763 charissimae,
2758 1688 3068 1753 lietiticastis
3117 1715 3372 1769 Sponsum
3414 1699 3470 1754 in

186 1797 296 1838 rem
326 1780 537 1852 sponsi,
567 1788 623 1835 et
656 1780 787 1851 ipsa:
816 1781 1225 1852 pretiosissimis
1255 1782 1506 1857 delibuta:
1538 1799 1781 1856 unguen-
1811 1781 1857 1842 B
1884 1784 2137 1842 omnibus
2169 1788 2511 1843 vestimentis
2541 1789 2756 1854 vestris,
2782 1790 2907 1859 quia
2935 1790 3259 1845 vestimenta
3290 1802 3472 1845 vestra

185 1874 271 1930 tis.
302 1872 542 1938 Idcirco,
592 1872 947 1939 charissimtc,
985 1882 1046 1927 ut
1082 1874 1213 1939 dixi,
1255 1872 1368 1943 jam
1418 1875 1590 1929 bonus
1645 1875 1781 1929 odor
1882 1878 2113 1933 virtutes
2160 1889 2288 1935 sunt
2330 1881 2658 1950 animorum,
2695 1881 2749 1935 in
2780 1882 2988 1936 cunctis
3036 1882 3299 1936 bonorum
3338 1896 3471 1951 ope—

182 1964 319 2021 estis
345 1965 402 2018 in
430 1963 580 2018 omni
607 1961 727 2017 loco
754 1971 808 2017 et
835 1963 889 2018 in
912 1964 1060 2018 omni
1088 1964 1305 2034 negotio
1344 1963 1485 2018 vitm.
1514 1964 1616 2031 Qui
1648 1979 1781 2020 sane
1883 1985 2003 2024 rum
2029 1970 2308 2035 odoribus,
2334 1979 2601 2040 quatenus
2626 1972 2675 2025 ei
2698 1971 2958 2042 placeatis
2986 1971 3071 2026 cui
3100 1988 3197 2027 vos
3226 1972 3468 2028 vovistis.

183 2057 317 2113 odor
351 2063 683 2121 aromatum,
720 2055 816 2110 Dei
846 2055 1196 2125 dispensante
1239 2055 1431 2125 gratia,
1462 2055 1626 2110 etiam
1663 2064 1718 2111 et
1746 2069 1779 2110 a
1882 2058 2001 2129 Ipse
2030 2075 2266 2130 namque
2292 2062 2575 2131 speciosus
2603 2071 2688 2116 est
2726 2076 2838 2131 pra:
2871 2061 2994 2116 ﬁliis
3026 2062 3328 2127 hominum,
3362 2063 3476 2133 ipse

183 2148 438 2205 domibus
471 2147 728 2203 eburneis
771 2147 828 2202 in
872 2163 970 2203 vos
1014 2161 1185 2219 usque
1233 2148 1450 2220 1279
1481 2150 1622 2205 sicut
1657 2157 1711 2204 et
1748 2163 1780 2204 a
1884 2153 2118 2209 nobilior
2175 2154 2448 2219 omnibus,
2493 2154 2848 2209 esniillihus
2898 2153 3133 2219 electus,
3188 2154 3478 2225 gratiosior

181 2238 526 2294 vestimentis
557 2237 745 2293 venire
772 2236 1034 2293 creditur.
1258 2254 1267 2259 ·

1884 2247 2122 2311 cunctis,
2172 2247 2445 2316 potentior
2496 2246 2790 2313 universis,
2826 2247 3092 2301 excelsior
3142 2247 3317 2312 cretis,
3356 2263 3476 2317 pro-

254 2330 345 2386 Ea:
375 2331 587 2401 quibus,
632 2330 840 2403 inquit,
891 2339 953 2386 ut
992 2333 1346 2388 subaudiatur
1389 2334 1776 2401 odoramentis,
1884 2337 2102 2392 fundior
2150 2338 2298 2404 imis,
2346 2337 2508 2392 latior
2557 2339 2777 2405 mundo,
2808 2337 3019 2407 longior
3066 2338 3294 2393 sareulis.
3334 2337 3478 2393 Nihil

182 2423 488 2481 dilexerunt
519 2435 570 2481 te
595 2425 725 2495 ﬁlice
753 2442 932 2497 regum
965 2426 1020 2480 in
1052 2427 1249 2482 honore
1275 2438 1384 2483 tuo.
1417 2428 1524 2485 Sed
1552 2446 1581 2483 a
1611 2430 1781 2485 domi-
1885 2438 1986 2496 est,
2010 2431 2183 2501 virgo,
2211 2430 2261 2484 in
2293 2430 2385 2485 illo
2415 2445 2522 2500 quo
2555 2431 2933 2496 confundaris;
2966 2429 3240 2485 fastidium
3274 2431 3396 2485 boni
3426 2440 3478 2487 te

181 2518 309 2584 bus,
337 2532 519 2588 neque
556 2517 611 2572 in
654 2516 943 2585 Hebraico,
977 2534 1154 2589 neque
1196 2520 1249 2574 in
1297 2519 1488 2576 Graeco
1526 2521 1779 2588 habetur,
1886 2537 1916 2576 a
1949 2523 2091 2577 bono
2123 2531 2395 2576 extorrem
2428 2520 2637 2578 fecerit.
2683 2521 3025 2593 Quapropter
3054 2538 3249 2592 sponsa
3277 2522 3478 2577 Christi

183 2622 326 2668 teste
357 2611 523 2667 beato
550 2608 901 2682 Hieronymo,
932 2612 1181 2681 quamvis
1226 2612 1341 2682 ipse
1376 2612 1448 2666 ita
1491 2613 1785 2669 transtule-
1885 2613 2156 2669 delectare
2205 2615 2257 2668 in
2300 2614 2547 2681 Domino,
2577 2629 2685 2670 non
2717 2615 2769 2669 in
2822 2625 2895 2681 te,
2922 2624 3011 2669 aut
3056 2615 3108 2669 in
3140 2615 3265 2679 alio,
3300 2615 3391 2670 sed
3423 2616 3476 2669 in

183 2703 279 2758 rit.
310 2701 571 2770 Quinimo
614 2702 669 2757 in
694 2701 886 2759 Graeco
932 2704 1036 2760 ἀπὸ
1065 2705 1264 2780 βαρέων
1290 2706 1549 2775 scriptum
1579 2714 1679 2770 est,
1711 2707 1786 2760 si-
1885 2707 2094 2761 honore
2132 2708 2316 2777 sponsi
2366 2707 2462 2762 tui.
2502 2707 2640 2774 Quia
2698 2708 2776 2763 sic
2806 2708 2968 2763 Pater
3016 2708 3152 2763 Filio
3199 2708 3474 2779 loquitur:

184 2803 281 2852 ent
312 2802 371 2851 et
398 2796 453 2852 in
479 2794 724 2852 Behrzeo.
751 2793 888 2852 Nam
920 2798 1196 2854 domus-in
1226 2798 1416 2854 Graeco
1450 2800 1628 2870 potius
1650 2797 1785 2864 οἶκος
1886 2797 2196 2852 Dilexerunt
2225 2807 2273 2852 te
2297 2797 2426 2867 ﬁlim
2454 2815 2629 2869 regum
2665 2799 2719 2852 in
2748 2799 2943 2853 honore
2970 2810 3058 2852 tuo
3085 2796 3258 2870 (Psol.
3290 2816 3477 2865 xxxvi,

184 2886 413 2954 dicitur,
434 2889 602 2966 βαρὺς
616 2905 747 2946 vero
765 2891 957 2961 gravis.
979 2891 1133 2947 Unde
1154 2892 1416 2961 quosdam
1440 2894 1541 2950 ἀπὸ
1565 2894 1782 2972 βαρέων,

1885 2889 1964 2959 4).
1998 2889 2250 2960 Alioquin
2295 2904 2543 2959 sponsus,
2577 2890 2680 2945 nisi
2712 2890 2764 2944 in
2801 2890 2988 2962 gloria,
3021 2899 3077 2945 et
3106 2891 3284 2956 laude,
3319 2901 3480 2960 atque

185 2997 219 3034 ο
252 2979 508 3050 gravibus
546 2981 889 3037 transtulisse
935 2982 1194 3053 legimus,
1236 2983 1590 3053 ambiguitate
1633 2983 1785 3039 verbi
1889 2981 1943 3034 in
1994 2981 2202 3037 honore
2247 2996 2345 3036 suo
2383 2981 2660 3053 diligatur,
2690 2981 2850 3035 aliam
2897 2982 3196 3038 contemnit
3240 2980 3483 3037 dilectio-

187 3071 471 3143 deceptos.
518 3072 613 3127 Est
643 3082 825 3128 autem
855 3075 1024 3150 βαρὺς·
1042 3072 1196 3142 juxta
1226 3073 1528 3130 Palaestina:
1562 3076 1784 3147 provin-
1819 3136 1859 3150 _
1890 3087 2041 3139 nem,
2068 3087 2176 3143 qua
2225 3072 2368 3126 aliud
2417 3073 2547 3142 quid
2593 3088 2753 3143 quam
2804 3074 2913 3143 ipse
2953 3073 3211 3145 diligitur.
3246 3072 3400 3128 Unde
3435 3072 3483 3127 si

188 3164 289 3220 ciae
317 3164 729 3235 proprietatem,
752 3136 1150 3237 geniisdomus
1184 3180 1251 3223 ex
1289 3167 1436 3222 omni
1476 3174 1632 3237 parte
1661 3183 1789 3223 cou-
1813 3136 1860 3200 α
1891 3182 1998 3238 qua
2042 3174 2125 3221 est
2174 3181 2295 3236 qua:
2343 3166 2653 3221 adulterare
2693 3166 2885 3238 diligit,
2921 3166 3218 3221 timendum
3263 3181 3329 3220 ne
3375 3182 3481 3221 non

189 3256 379 3321 elusa,
434 3264 490 3310 et
520 3259 572 3311 in
601 3246 821 3312 modum
862 3256 1029 3312 turris
1066 3256 1362 3323 aediﬁcatae,
1413 3273 1479 3314 ac
1525 3259 1788 3314 moenium
1891 3259 1999 3314 ﬁlia
2044 3273 2253 3328 regum,
2279 3272 2384 3312 non
2417 3271 2613 3325 sponsa
2642 3256 2804 3327 regis,
2845 3257 2939 3310 sed
2974 3255 3220 3316 adultera
3251 3255 3478 3318 dicatur,

188 3348 558 3418 publicorum,
601 3364 720 3418 qua:
763 3349 928 3403 ebore
965 3348 1237 3403 interdum
1285 3349 1674 3405 vestiebantur.
1724 3350 1793 3404 Et
1890 3366 2012 3423 qum
2061 3349 2207 3404 aliud
2260 3365 2422 3420 quam
2470 3349 2659 3414 Deum,
2712 3357 2803 3403 aut
2849 3349 2903 3403 in
2956 3349 3085 3412 Deo,
3141 3347 3225 3401 vel
3264 3356 3484 3416 propter

191 3440 319 3496 ideo
355 3451 508 3497 recte
543 3442 614 3496 ab
652 3441 907 3496 omnibus
936 3440 1349 3511 interpretatum
1380 3450 1464 3496 est
1498 3441 1789 3504 eburneus;
1891 3441 2061 3496 Deum
2111 3439 2303 3511 diligit.
2357 3439 2511 3494 Unde
2561 3440 2730 3495 David
2773 3441 2850 3495 ait
2883 3458 2895 3493 :
2930 3438 3218 3493 Perdidisti
3255 3454 3477 3501 onmem,

193 3534 325 3602 quia
349 3533 726 3602 hujuscemodi
752 3532 979 3588 aediﬁcia
1008 3532 1201 3588 domus
1236 3542 1394 3587 erant
1430 3533 1593 3588 ebore
1628 3548 1790 3588 exor-
1892 3529 1981 3602 qui
2005 3529 2299 3599 fornicatur
2326 3528 2416 3582 abs
2443 3537 2490 3582 lc
2513 3528 2683 3600 (Psal.
2711 3544 2883 3594 Lxxu,
2903 3529 3016 3600 27).
3051 3528 3201 3583 Tunc
3226 3536 3310 3582 cst
3339 3527 3483 3597 quod

190 3636 356 3681 natae.
396 3626 542 3694 Quas
574 3628 757 3696 itaque
795 3627 987 3681 domus
1015 3641 1123 3680 non
1154 3626 1222 3681 ad
1263 3624 1408 3680 solas
1439 3627 1629 3695 patriae
1656 3624 1794 3679 divi-
1893 3634 2022 3674 vera
2064 3618 2290 3675 castitas
2324 3633 2535 3689 sponsa:
2568 3635 2675 3675 non
2715 3621 2865 3675 novit
2901 3619 3095 3675 odores
3125 3618 3480 3681 adulterinos,

189 3718 300 3774 tias
336 3717 669 3785 referamus,
704 3731 893 3773 verum
923 3718 1088 3771 etiam
1132 3718 1199 3773 ad
1224 3718 1451 3772 virtutes
1486 3716 1791 3771 animorum
1894 3726 2005 3767 non
2027 3712 2232 3778 oscula,
2260 3728 2368 3767 non
2396 3712 2695 3783 amplexus.
2720 3712 2974 3780 Quinimo
3008 3712 3116 3766 ﬁlia
3149 3727 3332 3783 regum
3363 3724 3483 3765 sese

183 3819 535 3880 coaptemus.
570 3808 841 3877 Quoniam
880 3808 1121 3879 elephas,
1153 3808 1307 3879 cujus
1338 3809 1454 3862 haec
1490 3822 1611 3861 ossa
1641 3813 1790 3870 sunt,
1895 3819 2110 3873 semper
2136 3804 2339 3859 Christi
2384 3814 2659 3875 praeparat
2695 3805 2966 3877 conjugio,
2998 3813 3053 3860 et
3092 3805 3389 3859 delectatur
3428 3804 3482 3857 in

184 3904 385 3960 nimiae
414 3903 685 3959 castitatis
713 3903 997 3968 asseritur,
1028 3910 1083 3956 et
1107 3903 1248 3956 inter
1278 3902 1460 3957 omnia
1488 3900 1792 3971 quadrupe-
1897 3896 2234 3967 amplexibus
2259 3896 2395 3967 ejus.
2421 3896 2606 3951 Currit
2625 3912 2755 3968 ergo
2788 3905 2908 3968 post
2935 3898 3157 3952 odorem
3182 3904 3484 3968 unguento-

183 3996 281 4051 dia
322 4011 484 4051 sensu
521 3995 816 4066 plurimum
854 3994 1035 4049 valere
1066 3994 1283 4049 dicitur.
1310 3992 1412 4060 Qui
1452 3992 1615 4048 etiam
1658 4001 1792 4046 tem-
1899 4004 2018 4044 rum
2058 3988 2197 4058 ejus,
2238 4004 2472 4061 quorum
2516 3990 2649 4045 odor
2685 3991 2889 4060 fragrat
2917 4003 2970 4046 et
3000 3990 3265 4059 respergit
3297 3987 3482 4043 orbem

184 4097 478 4160 peranter,
504 4075 574 4143 ut.
593 4088 768 4155 aiunt,
797 4086 1048 4158 conjugio
1070 4085 1258 4152 utitur,
1284 4095 1337 4141 et
1363 4085 1653 4140 secundam
1683 4099 1791 4138 non
1897 4082 2233 4137 universum.
2268 4082 2310 4136 A
2341 4082 2682 4145 vestimentis
2710 4082 2873 4154 igitur
2900 4083 3096 4152 quibus
3135 4081 3351 4135 indutus
3378 4089 3480 4139 est.

187 4184 403 4255 repetit
432 4183 712 4238 feminam.
741 4180 895 4250 Quod
920 4181 1286 4252 pudicissimis
1315 4191 1460 4237 recte
1486 4196 1590 4236 non
1618 4180 1790 4235 solum
1899 4178 2171 4234 interdum
2198 4177 2441 4250 diligitur
2470 4196 2483 4233 :
2509 4194 2539 4233 a
2575 4179 2823 4235 domibus
2852 4179 3106 4235 eburneis
3134 4176 3336 4233 foedere
3369 4192 3485 4247 per-

188 4272 423 4346 ap‘tatur
451 4274 605 4341 viris,
633 4289 823 4329 verum
869 4271 1036 4328 etiam
1064 4280 1120 4327 et
1148 4271 1384 4328 feminis.
1413 4271 1549 4326 Hinc
1589 4271 1695 4325 illae
1736 4272 1792 4327 in
1896 4277 2077 4340 petuo,
2111 4268 2265 4337 cujus
2288 4270 2515 4325 thronus
2547 4280 2630 4325 est
2674 4270 2728 4326 in
2778 4269 3032 4326 szeculum
3082 4268 3282 4324 saeculi.
3333 4268 3486 4323 Sata-

190 4367 457 4424 domibus
482 4366 740 4423 eburneis
779 4364 1048 4420 mansisse
1077 4374 1396 4430 noscuntur,
1425 4379 1545 4434 qua:
1578 4379 1677 4435 per
1706 4379 1794 4418 ca—
1898 4362 2007 4434 gite
2048 4362 2314 4432 siquidem
2359 4363 2582 4418 alternis
2630 4363 2855 4427 vicibus,
2888 4371 3178 4433 prmstaute
3220 4363 3348 4427 Deo,
3372 4361 3485 4430 jam

192 4459 448 4517 nitatem
478 4458 678 4514 mentis
711 4472 777 4513 ac
813 4457 1061 4528 corporis
1084 4455 1284 4512 Christi
1315 4463 1581 4526 prmeepta
1609 4470 1793 4511 serva—
1818 4508 1871 4528 ﬁ
1897 4462 1958 4509 ut
1980 4455 2106 4510 talia
2133 4455 2330 4511 saeculo
2352 4456 2554 4526 passim
2576 4457 2925 4511 odoramenta
2953 4456 3211 4510 virtutum
3240 4454 3483 4523 resplen—

193 4565 356 4618 νει-ε,
387 4551 674 4622 salumque
714 4508 1111 4622 monogamiam
1143 4508 1469 4603 dilexerunt.
1494 4508 1574 4602 ἐκ
1598 4548 1795 4618 quibus
1818 4508 1873 4571 θ
1900 4547 2082 4613 deant,
2106 4537 2250 4617 quod
2285 4508 2513 4604 etrfacit
2556 4547 2678 4603 talis
2724 4554 3120 4620 unguentorum
3163 4508 3483 4619 fragrantia,

194 4657 338 4716 ergo
359 4644 639 4709 domibus,
661 4650 720 4698 et
758 4641 1058 4713 inquibus,
1086 4654 1191 4696 non
1236 4639 1412 4696 solum
1455 4639 1799 4709 monogamia
1901 4647 2168 4710 quatenus
2206 4639 2404 4695 talibus
2453 4640 2723 4697 introrsus
2773 4641 3030 4697 defeeatae
3072 4640 3379 4712 unguentis,
3420 4639 3487 4694 ad

197 4735 520 4792 castissime
568 4734 902 4799 custoditur,
933 4746 1120 4788 verum
1157 4730 1321 4786 etiam
1378 4743 1506 4785 vera
1568 4729 1801 4784 viduitas
1902 4731 2140 4802 nuptias,
2172 4746 2295 4801 qua:
2331 4741 2597 4803 parantur
2623 4731 2799 4798 vobis,
2828 4732 3014 4789 felices
3041 4731 3248 4787 ornatis
3284 4731 3489 4801 lampa—

199 4836 529 4895 exercetur;
563 4828 785 4897 insuper
818 4834 874 4882 et
914 4825 1230 4896 incorrupta
1255 4823 1539 4896 virginitas
1567 4821 1802 4878 candore
1904 4821 2061 4877 dibus
2092 4822 2299 4878 intrare
2326 4824 2574 4895 possitis;
2609 4826 2863 4896 quoniam
2910 4842 3031 4897 qua:
3070 4834 3275 4897 paratae
3306 4831 3486 4889 erunt,

201 4920 394 4975 eboris
441 4919 693 4974 vestitur.
747 4914 1118 4972 Praedicantur
1176 4921 1357 4969 autem
1414 4913 1635 4983 antiqua
1686 4912 1804 4966 haec
1904 4921 2045 4970 teste
2064 4913 2303 4981 Christo,
2336 4931 2459 4971 cum
2489 4931 2553 4972 eo
2582 4917 2860 4974 intrabunt
2886 4919 2952 4974 ad
2980 4918 3218 4989 nuptias.

202 5018 456 5066 aromata
502 5010 760 5064 virtutum
800 5007 1003 5079 passim
1052 5005 1297 5077 fragrare
1332 5001 1549 5060 Christo
1587 5001 1718 5068 Deo,
1745 5009 1800 5057 et
1976 5007 2097 5064 Jam
2118 5008 2247 5080 quia
2275 5009 2436 5065 ﬁnem
2461 5009 2581 5065 libri
2611 5010 2815 5084 ﬂagitat
2838 5013 3034 5076 oratio,
3069 5010 3279 5081 1281
3305 5022 3489 5079 quaeso

202 5101 498 5167 omnibus,
535 5100 591 5155 in
641 5100 863 5157 odorem
912 5095 1214 5154 suavitatis.
1250 5094 1352 5163 Qui
1391 5094 1623 5165 denique
1668 5093 1800 5149 odor

1906 5101 2209 5174 legentibus
2241 5102 2343 5159 hoc
2372 5104 2689 5175 opusculum
2721 5104 3044 5168 dilectionis,
3077 5102 3221 5172 quod
3260 5100 3489 5173 virgini-

205 5193 341 5249 dum
371 5191 614 5247 vicissim
657 5204 687 5245 a
728 5189 1069 5246 vestimentis
1095 5195 1151 5242 et
1188 5202 1219 5241 α
1250 5186 1499 5244 domibus
1529 5183 1800 5257 vesparsi-
1908 5193 2011 5249 bus
2038 5193 2209 5249 sacris
2231 5208 2416 5249 amore
2439 5193 2639 5251 Christi
2667 5194 2861 5259 dicavi,
2894 5207 2960 5248 ne
2986 5192 3288 5262 despiciant
3314 5190 3491 5262 prius-

192 5290 295 5365 tnr
324 5282 616 5348 eburneis,
647 5290 759 5337 tota
794 5280 1032 5352 repletur
1060 5280 1275 5344 domus,
1306 5293 1427 5350 quae
1454 5287 1538 5334 est
1559 5277 1790 5334 Ecclesia

1911 5302 2075 5359 quam
2114 5289 2373 5358 probent;
2414 5290 2667 5358 quoniam
2716 5302 2835 5358 quas
2872 5286 3154 5342 charitatis
3203 5296 3351 5351 sunt,
3382 5298 3490 5340 non

189 5372 303 5436 :Bei
331 5376 471 5442 vivi,
496 5390 563 5431 ex
598 5377 765 5433 odore
789 5373 1091 5432 suavitatis.
1911 5379 2016 5437 nisi
2057 5380 2123 5436 de
2165 5380 2314 5436 fonte
2344 5381 2626 5436 charitatis
2656 5382 2790 5436 bene
2818 5379 3081 5451 legentur.
3114 5378 3320 5434 idcirco
3359 5390 3497 5450 rogo

266 5474 353 5533 Et
397 5472 530 5527 licet
569 5487 676 5526 una
726 5471 798 5526 sit
844 5470 1056 5531 domus,
1106 5481 1322 5540 unaque
1368 5467 1588 5538 coniux,
1627 5474 1806 5522 tamen
1910 5472 1982 5527 ne
2002 5472 2089 5526 me
2107 5470 2162 5525 in
2184 5470 2400 5542 eloquio
2420 5472 2665 5542 judicare
2691 5468 2877 5535 velint,
2901 5484 3073 5539 neque
3100 5468 3299 5525 stillam
3321 5481 3495 5539 quan-

170 5545 550 5637 f-di'lices
572 5563 735 5619 habet
765 5561 1079 5618 mansiones
1120 5569 1175 5616 et
1209 5561 1397 5616 domos
1424 5558 1818 5625 coaediﬁcatas,
1912 5569 2204 5634 taeunque,
2236 5562 2448 5633 magnis
2488 5570 2803 5630 comparare
2843 5559 3183 5627 ﬂuminibus;
3226 5560 3351 5631 quia
3384 5572 3493 5614 non

159 5650 246 5723 ,in
285 5655 889 5730 quibusmuetur
916 5651 1166 5710 Christus
1195 5651 1262 5707 ad
1296 5651 1510 5722 plenum
1540 5665 1662 5706 cum
1692 5665 1812 5707 sus-
1914 5668 2235 5727 magnorum
2278 5657 2514 5709 virorum
2547 5652 2798 5725 ingeniis,
2836 5652 2928 5707 sed
2972 5652 3108 5707 meis
3136 5667 3255 5709 sum
3286 5650 3494 5706 viribus

166 5748 425 5826 ceperit
469 5760 569 5802 eas
608 5746 663 5801 in
712 5760 905 5801 unum.
960 5744 1109 5800 [nter
1145 5759 1276 5815 quas
1309 5742 1563 5804 nimirum
1598 5744 1809 5810 domus,
1917 5746 2289 5810 aestimandus,
2320 5745 2576 5816 quoniam
2603 5758 2792 5800 eorum
2823 5758 2960 5812 quos
3003 5752 3219 5801 secutus
3251 5758 3369 5801 sum
3405 5756 3494 5796 ευ·
