4048 6352
169 292 290 352 toti
347 255 353 260 ’

1082 288 1445 354 EXPOSITIO
1483 295 1550 352 ΙΝ
1589 296 1921 356 PSALMUM
1962 297 2144 357 XLIV.
2184 331 2256 343 —
2289 300 2416 358 LIB.
2458 301 2541 357 111.

3300 304 3440 365 1042

167 407 473 480 pudicitiam
519 407 808 474 castitatis,
858 422 959 464 nec
989 410 1210 467 dubium
1251 411 1380 482 quin
1428 413 1480 467 in
1513 411 1740 483 virgini-
1771 415 1818 477 Α
1846 431 1939 485 pro
1955 415 2139 491 amicis
2168 416 2277 471 suis
2291 414 2473 488 (Joan.
2500 431 2591 481 xv,
2612 417 2720 488 15).
2754 417 2898 489 Ergo
2929 415 3030 475 nisi
3062 431 3207 479 esset
3239 426 3436 497 minor.

169 510 290 569 tate,
328 511 424 555 aut
450 499 713 557 viduitate
735 502 1120 572 permaneatis.
1162 502 1504 569 Permanete,
1533 519 1741 575 quaeso,

166 592 216 648 in
245 606 307 647 ea
335 593 620 647 vocatione
648 591 827 662 digne,
865 606 971 662 qua
1012 601 1218 649 vocata:
1252 595 1419 661 estis;
1447 595 1593 667 'quia
1637 610 1745 651 non

165 696 255 737 vos
289 680 465 747 illum,
505 683 601 738 sed
625 696 857 752 sponsus
888 691 1066 741 vester
1087 682 1341 743 Christus
1371 686 1534 758 elegit
1558 702 1656 744 vos
1680 688 1746 744 de

165 774 383 838 mundo,
417 780 473 829 et
509 773 825 846 aggregavit
855 774 960 830 hoc
996 774 1053 830 in
1087 775 1226 843 loco,
1259 785 1316 832 ut
1356 778 1408 833 ei
1457 780 1742 850 placeatis,

162 865 382 935 sitisque
408 865 465 920 in
493 864 709 922 laudem
735 875 792 923 et
832 867 1059 939 gloriam
1084 870 1320 927 nominis
1355 871 1494 943 ejus,
1523 873 1665 929 sicut
1690 882 1747 930 et

161 958 271 1030 ipse
309 958 426 1014 laus
462 967 567 1025 est,
597 958 792 1030 gloria,
823 960 997 1017 virtus
1033 976 1088 1017 et
1111 961 1289 1018 honor
1317 964 1411 1020 Dei
1439 963 1637 1021 Patris.
1684 965 1745 1021 lu

162 1052 259 1108 hoc
308 1067 546 1122 namque
588 1060 797 1109 vocata:
825 1055 977 1119 estis,
1019 1062 1077 1109 ut
1113 1071 1178 1111 ea
1216 1072 1340 1127 quae
1378 1056 1579 1117 Christi
1621 1067 1747 1115 sunt

159 1142 314 1214 digne
342 1144 691 1213 possideatis.
718 1144 844 1200 Haec
871 1146 1069 1216 quippe
1093 1156 1179 1202 est
1208 1147 1435 1203 victoria
1462 1163 1561 1218 pro
1590 1149 1741 1217 liliis,

159 1247 210 1295 et
248 1240 343 1295 hic
371 1238 679 1310 triumphus
715 1254 816 1311 pro
842 1238 1086 1307 ﬂoribus,
1121 1251 1389 1312 quatenus
1425 1242 1480 1297 in
1518 1258 1746 1314 corpore

158 1331 416 1388 Ecclesiae
444 1332 612 1388 decus
661 1341 719 1388 et
766 1342 1146 1388 ornamentum
1192 1334 1333 1389 sitis.
1387 1334 1746 1406 Symmachus
1791 1344 1794 1346 ‘

156 1440 281 1479 vero
310 1425 408 1489 ait,
436 1425 491 1479 in
514 1441 647 1479 auro
667 1441 819 1495 puro,
851 1425 1048 1497 Aquila
1077 1435 1132 1481 et
1157 1427 1345 1496 quinta
1373 1427 1559 1493 editio,
1605 1427 1747 1484 sicut

158 1515 460 1584 reperimus
490 1532 506 1570 :
537 1514 607 1571 In
633 1511 865 1570 tinctura
912 1516 991 1571 vel
1033 1532 1165 1571 auro
1206 1515 1393 1587 Ophir.
1443 1516 1521 1571 Ex
1549 1518 1747 1587 quibus

155 1608 426 1671 omnibus,
457 1616 517 1663 ut
536 1607 866 1679 dixi,1iquet
888 1608 1030 1678 quod
1057 1623 1164 1663 una
1190 1608 1433 1665 Ecclesia
1454 1609 1744 1676 catholica,

155 1718 253 1758 una
292 1702 545 1758 columba
580 1700 823 1773 perfecta
859 1710 916 1758 et
957 1702 1224 1772 proxima,
1259 1704 1507 1773 quamvis
1550 1711 1658 1758 stet
1689 1703 1743 1758 in

1850 521 2193 578 nequaquam
2234 509 2335 564 ista
2380 509 2652 565 diceretur
2691 509 2879 579 major.
2930 512 2999 568 Et
3027 515 3129 569 nisi
3161 527 3307 574 esset
3351 535 3440 575 se-

1850 598 2023 653 cunda
2061 598 2145 653 vel
2193 608 2457 666 extrema,
2506 617 2613 656 non
2662 601 2933 657 diceretur
2967 604 3067 661 ista
3122 607 3319 678 prima.
3365 611 3442 666 De

1849 703 1957 759 qua
2009 690 2232 763 angelus
2281 691 2537 748 Ecclesia:
2581 693 2638 749 in
2680 693 3004 767 Apocalypsi
3042 713 3057 752 :
3109 696 3314 766 Habeo,
3360 702 3442 757 in-

1850 780 1987 850 quit,
2042 782 2317 837 adversum
2363 794 2431 851 te,
2476 784 2614 855 quod
2664 786 2975 840 charitatem
3021 796 3168 842 tuam
3214 790 3441 860 primam
3489 791 3492 794 ’

1850 872 2107 943 reliquisti
2152 874 2336 946 (Apoc.
2390 891 2450 941 ιι,
2495 876 2573 948 4).
2636 877 2704 932 Ει
2743 877 2865 935 ideo
2906 878 2963 933 in
3013 879 3147 949 ipsis
3197 879 3438 950 ejusdem

1848 961 2145 1019 virtutibus
2205 965 2370 1021 multa
2417 973 2503 1022 est
2552 966 2867 1034 diversitas,
2920 977 2978 1025 et
3026 969 3185 1041 quasi
3238 971 3440 1028 tinctu-

1848 1071 2034 1111 rarum
2118 1057 2381 1113 varietate
2456 1057 2735 1130 multiplex
2811 1060 3155 1132 discolorque
3213 1062 3438 1118 merito-

1849 1162 1971 1203 rum
2026 1158 2273 1205 ornatus.
2346 1149 2460 1206 Una
2528 1159 2710 1207 tamen
2768 1154 2964 1225 conqu
3016 1153 3257 1210 Ecclesia
3299 1155 3437 1211 dici-

1848 1250 1957 1306 tur,
1995 1244 2209 1315 1285
2249 1253 2303 1299 et
2336 1248 2551 1316 regina;
2587 1262 2692 1302 una
2715 1247 2976 1302 virtutum
3001 1256 3214 1303 textura
3242 1257 3296 1304 et
3321 1262 3431 1303 una

1847 1334 2039 1399 vestis,
2079 1335 2166 1390 cui
2200 1345 2284 1391 est
2316 1345 2486 1391 totum
2535 1337 2763 1408 simplex
2799 1348 2961 1409 atque
2991 1354 3180 1394 unum.
3215 1338 3322 1395 Sed
3344 1354 3449 1405 va-.

1848 1426 2017 1482 rietas
2039 1435 2093 1481 et
2120 1426 2468 1497 pulchritudo
2511 1428 2564 1482 in
2598 1429 2712 1499 ipsa
2745 1429 2952 1485 unitate
2978 1429 3099 1485 ﬁdei
3153 1429 3427 1496 laudatur,

1849 1527 2070 1589 propter
2096 1516 2457 1574 dill‘erentiam
2489 1520 2749 1574 virtutum
2776 1530 2830 1576 et
2859 1522 3201 1587 meritorum,
3245 1521 3298 1577 in
3350 1521 3434 1577 di-

1848 1611 2106 1666 versitate
2132 1610 2458 1681 linguarum,
2509 1611 2564 1666 in
2609 1613 2961 1683 proprietate,
3018 1614 3073 1667 in
3118 1612 3439 1671 ascensione

1849 1702 2137 1773 graduum,
2169 1703 2221 1757 in
2252 1703 2646 1775 multiplicitate
2679 1712 2733 1759 el
2780 1705 3124 1761 distinctione
3175 1706 3435 1762 ecclesia-

157 1794 397 1849 dexteris
454 1792 675 1848 virtutis
725 1793 840 1859 Dei,
876 1801 935 1848 et
988 1792 1125 1848 nihil
1179 1792 1378 1848 habeat
1431 1794 1740 1860 sinistrum;
1773 1788 1820 1850 Β
1847 1807 1968 1847 rum
1988 1802 2150 1864 atque
2178 1793 2451 1859 ordinum,
2505 1794 2727 1865 insuper
2760 1796 3102 1865 psallentium
3134 1806 3188 1851 et
3217 1796 3431 1854 ofﬁcio-

154 1889 293 1958 quod
325 1886 489 1943 unius
516 1886 762 1957 corporis
788 1887 929 1943 sicut
952 1887 1166 1944 diversa
1198 1897 1325 1944 sunt
1359 1890 1626 1955 membra,
1665 1888 1741 1944 ita

154 1987 204 2034 et
237 1978 458 2034 diversa
515 1977 818 2047 specierum
864 1987 1028 2048 atque
1074 1988 1517 2035 ornamentorum
1545 1980 1743 2036 habeat

154 2085 380 2141 genera.
417 2068 572 2125 Unde
594 2069 737 2140 quod
770 2068 888 2125 ait:
915 2067 981 2124 In
1010 2070 1194 2124 vestitu
1216 2070 1494 2135 deaurato,
1527 2068 1744 2143 1284

151 2163 272 2235 quia
303 2162 481 2219 sancti
512 2175 727 2232 semper
745 2161 811 2217 ad
833 2160 1024 2216 altiora
1054 2170 1111 2217 et
1134 2160 1375 2217 cmlestia
1400 2162 1740 2229 attolluntur,

151 2257 309 2329 quasi
337 2263 488 2312 veste
511 2253 768 2310 deaurata
797 2254 1353 2317 circumamiciuntur,
1386 2254 1514 2309 dum
1541 2271 1611 2311 ex
1642 2256 1744 2313 hu-

151 2346 337 2402 manis
392 2344 796 2414 Scripturarum
840 2345 1091 2400 sensibus
1116 2343 1295 2400 divina
1329 2344 1659 2417 intelligunt,
1688 2353 1745 2403 et

151 2439 442 2511 requirunt
471 2436 734 2493 caelestia.
774 2436 831 2491 lu
857 2438 1053 2508 quibus
1100 2452 1232 2494 sane
1261 2435 1537 2493 deauratis
1573 2437 1741 2493 vesti-

146 2535 268 2599 bus,
306 2532 523 2604 fulgore
551 2530 718 2588 divini
740 2530 939 2602 eloquii
965 2530 1171 2598 vestiti,
1199 2529 1500 2602 proeedunt
1523 2529 1743 2602 gloriosi

149 2640 210 2679 ac
228 2625 273 2679 si
309 2624 371 2678 in
400 2637 536 2679 auro
555 2622 754 2693 primo.
784 2620 957 2678 Porro
984 2621 1128 2692 quod
1158 2621 1211 2676 in
1236 2620 1469 2676 tin’ctura
1496 2620 1579 2676 vel
1610 2635 1745 2677 auro

148 2719 344 2791 Ophir,
387 2719 609 2791 quidam
636 2717 980 2788 interpretati
1028 2727 1177 2781 sunt,
1220 2725 1558 2773 monstratur
1604 2716 1741 2770 mira

147 2812 399 2868 varietas
426 2809 701 2874 Ecclesiae,
733 2818 787 2863 et
815 2816 1265 2864 ornamentorum
1312 2808 1523 2878 species
1563 2808 1743 2863 diver-

146 2919 339 2961 serum
375 2901 642 2958 colorum.
670 2899 824 2969 Quod
868 2899 1007 2956 bene
1054 2897 1405 2970 Septuaginta
1436 2898 1744 2969 intelligen-

149 3006 230 3052 tes
308 2994 423 3051 soli
476 2992 872 3049 circumamicta
927 2990 1176 3046 varietate
1235 2988 1741 3060 superaddiderunt,

147 3089 295 3161 quod
362 3087 419 3142 in
476 3085 742 3142 Hebraico
800 3099 907 3139 non
959 3082 1209 3138 habetur.
1266 3080 1514 3138 Ostendit
1563 3089 1743 3157 tamen

1845 1901 1965 1941 rum
1996 1886 2352 1953 dissonantia,
2399 1889 2649 1957 quamvis
2677 1905 2781 1943 una
2827 1890 2898 1944 sit
2947 1889 3094 1953 laus;
3145 1891 3198 1945 in
3242 1892 3438 1960 quibus

1844 1978 2096 2033 omnibus
2127 1993 2233 2034 una
2258 1987 2315 2035 et
2330 1980 2626 2050 ‘multiplex
2673 1980 2941 2047 Ecclesia,
2971 1982 3095 2053 jme
3128 2000 3250 2038 cum
3275 1985 3437 2040 laude

1844 2070 1998 2124 varia
2024 2070 2371 2140 praedicatur.
2391 2066 2630 2128 Ornatur
2656 2073 2799 2128 enim
2818 2089 2881 2127 ac
2896 2073 2939 2128 si
2971 2089 3103 2129 auro
3130 2074 3304 2144 primo
3336 2074 3437 2130 ful-

1847 2175 1977 2232 gore
2003 2161 2387 2231 apostolorum,
2428 2162 2734 2234 resplendet
2774 2175 2998 2235 argento
3025 2165 3433 2236 prophetarum,

1847 2270 1911 2309 ac
1926 2255 2038 2310 siin
2059 2254 2259 2325 pallore
2271 2255 2393 2309 auri
2417 2256 2562 2311 intus
2582 2254 2783 2311 ferisve
2810 2257 3042 2328 gloriosa
3060 2256 3235 2329 (Paul.
3266 2274 3434 2325 ιιι-ιι,

1848 2346 1961 2419 14).
1993 2346 2235 2403 Gemmis
2282 2362 2498 2418 quoque
2536 2348 2803 2420 virginum
2836 2350 2977 2404 inter
2999 2350 3233 2420 reliquos
3264 2350 3440 2421 fulgo-

1848 2454 1959 2505 res,
1990 2453 2053 2494 ac
2073 2438 2116 2493 si
2141 2437 2332 2505 stellis,
2364 2440 2644 2505 radiatur;
2681 2439 2874 2495 deinde
2895 2441 3228 2512 martyribus
3254 2441 3434 2496 rubri-

1850 2537 1990 2594 cata,
2026 2526 2171 2583 velut
2191 2543 2357 2584 cocco
2371 2528 2466 2599 qui
2489 2528 2572 2583 bis
2599 2529 2843 2600 tingitur,
2867 2544 3030 2598 opere
3060 2529 3322 2602 polymito
3342 2531 3435 2585 de-

1848 2622 1995 2694 pieto
2021 2621 2328 2686 decoratur,
2355 2635 2596 2693 purpura
2632 2621 3015 2691 paenitentum,
3044 2620 3198 2691 quasi
3223 2636 3291 2676 ex
3320 2619 3439 2676 cili-

1849 2715 1937 2771 cio
1963 2721 2317 2775 commutata,
2343 2713 2398 2768 in
2418 2720 2800 2768 ornamentum
2828 2711 3075 2783 conjugis
3102 2721 3156 2769 et
3180 2710 3434 2768 decOrem

1847 2807 2096 2863 vertitur.
2120 2805 2251 2874 Quae
2264 2805 2518 2861 nimirum
2539 2803 2755 2874 conjux,
2778 2804 2863 2865 vel
2885 2805 3088 2878 regina.
3118 2805 3227 2861 Deo
3254 2816 3437 2861 astare

1850 2902 2071 2969 dicitur,
2101 2901 2228 2972 quia
2264 2900 2441 2956 adhuc
2493 2915 2726 2971 sponsus
2746 2900 2801 2955 in
2830 2901 2945 2955 acie
2974 2908 3103 2964 stat,
3129 2899 3257 2956 licet
3286 2894 3436 2956 thro-

1850 3011 1980 3052 num
2026 2994 2238 3067 imperii
2284 2994 2579 3065 possideat,
2614 2996 2786 3051 donec
2826 2994 3025 3051 subditi
3076 2994 3210 3050 ﬁant
3244 3009 3436 3049 omnes

1854 3087 2060 3143 inimici
2089 3085 2226 3156 ejus,
2258 3095 2316 3143 et
2339 3086 2558 3143 inimica
2584 3101 2733 3142 mors
2762 3086 3077 3143 destruatur
3093 3088 3248 3159 juxta
3272 3087 3440 3158 Apos-

148 3150 293 3251 quod
341 3193 452 3233 non
499 3193 530 3232 a
569 3186 760 3232 natura
817 3172 1083 3239 Ecclesia,
1118 3172 1204 3228 vel
1249 3171 1501 3244 quaelibet
1544 3155 1745 3239 anima,
1778 3150 1825 3216 δ
1858 3179 2046 3248 ιοΙιιιιι,
2077 3150 2361 3249 tradatque
2384 3193 2610 3250 regnum
2636 3178 2748 3233 Deo
2771 3177 2940 3245 Patri,
2972 3180 3060 3249 qui
3093 3150 3343 3248 *δυωδεῙῖ
3387 3180 3439 3235 ei

148 3272 301 3327 hunc
356 3266 563 3324 habeat
602 3266 857 3323 decorem
906 3275 962 3321 et
1009 3263 1504 3335 pulchritudinem;
1544 3264 1638 3320 sed
1683 3280 1750 3321 ex

147 3364 293 3421 dono
327 3363 544 3436 gratiae.
588 3359 743 3417 Unde
785 3374 891 3415 non
927 3358 1109 3414 minus
1147 3358 1203 3414 in
1242 3357 1441 3414 vestitu
1467 3356 1748 3424 deaurato,

144 3472 314 3526 quam
352 3455 412 3511 in
440 3454 690 3510 tinctura:
717 3451 982 3507 varietate
1028 3448 1439 3509 circumamicta
1476 3448 1746 3505 laudatur.

144 3547 266 3605 Non
320 3546 484 3603 enim
536 3545 675 3603 dixit
718 3544 774 3600 in
822 3543 1019 3600 vestitu
1078 3555 1265 3607 aureo,
1318 3540 1413 3597 sed
1465 3541 1744 3597 deaurato.

143 3640 494 3698 Deauratum
541 3652 671 3710 ergo
713 3636 968 3702 dicimus,
1006 3649 1131 3691 cum
1172 3633 1500 3705 superducta
1543 3632 1751 3704 species

143 3736 266 3791 auri
316 3736 384 3791 in
426 3733 610 3803 aliquo
648 3731 951 3803 glutinatur
989 3726 1334 3785 metallorum
1373 3739 1614 3797 genere:
1653 3740 1752 3796 per

137 3828 293 3899 quod
352 3826 499 3881 bene
542 3823 783 3879 charitas
836 3818 1172 3892 intelligitur.
1227 3817 1494 3886 Quoniam
1527 3816 1751 3886 reliqua:

136 3921 414 3986 virtutes,
440 3917 639 3989 quibus
664 3914 868 3972 Christi
898 3913 1066 3969 vestis
1090 3920 1182 3967 aut
1206 3909 1484 3976 Ecclesiae,
1507 3907 1750 3965 contexi-

138 4020 254 4077 tur,
315 4024 431 4083 per
483 4022 542 4064 se
596 4019 849 4076 parvam,
898 4015 993 4058 seu
1044 4000 1245 4058 nullam
1294 3999 1618 4067 claritatem,
1669 3997 1752 4053 vel

132 4106 428 4178 fulgorem
454 4100 679 4167 habent,
707 4099 828 4156 sine
854 4097 1144 4163 charitate,
1176 4096 1320 4168 quod
1350 4095 1486 4152 satis
1519 4095 1750 4166 Aposto-

130 4197 217 4254 lus
249 4198 639 4259 demonstrat,
657 4206 782 4248 eum
804 4190 919 4246 ait:
954 4188 1017 4246 Si
1037 4189 1237 4262 linguis
1264 4186 1535 4243 hominum
1564 4188 1754 4260 loquar

132 4300 183 4344 et
222 4285 583 4361 angelorum,
636 4292 685 4339 et
736 4282 782 4338 si
824 4281 1140 4337 diuribuero
1170 4281 1226 4335 in
1273 4279 1415 4336 cibos
1461 4296 1752 4352 pauperum

124 4399 323 4439 omnes
361 4378 671 4448 facultates,
700 4384 750 4432 et
778 4376 826 4432 si
846 4374 1115 4430 tradidero
1143 4390 1332 4445 corpus
1360 4389 1552 4439 meum,
1580 4374 1657 4428 ita
1693 4382 1751 4427 ut

124 4475 403 4536 ardeam,
431 4468 742 4523 charitatem
778 4474 953 4522 autem
993 4482 1098 4520 non
1146 4465 1399 4531 habuero,
1442 4465 1575 4520 nihil
1622 4465 1752 4519 mihi

1814 3340 1823 3345 1
1851 3270 2058 3337 omnia,
2089 3278 2147 3325 ut
2178 3269 2248 3325 sit
2275 3268 2529 3340 deinceps
2557 3269 2701 3324 Deus
2727 3268 2907 3324 omnia
2940 3268 2993 3323 in
3015 3269 3289 3324 omnibus.

1921 3364 2091 3421 Porro
2113 3363 2376 3419 hactenus
2404 3362 2519 3418 haec
2538 3361 2709 3417 vestis
2730 3360 3064 3426 contexitur,
3096 3361 3214 3417 haec
3237 3360 3432 3431 conjux

1849 3464 1905 3513 et
1936 3457 2117 3527 regina
2147 3453 2442 3526 colligitur.
2489 3452 2700 3508 interea
2732 3460 2914 3507 autem
2961 3452 3015 3507 in
3048 3450 3301 3525 .dexteris
3322 3453 3435 3525 jam

1851 3546 1921 3603 ob
1950 3545 2181 3618 gratiam
2208 3543 2494 3609 collocata,
2521 3542 2576 3598 in
2617 3542 2737 3599 loco
2778 3542 2869 3614 qui
2908 3557 3075 3614 penes
3110 3542 3278 3598 Deum
3330 3552 3436 3609 est,

1852 3638 2012 3694 debet
2038 3645 2093 3692 et
2113 3637 2229 3708 ipsa
2250 3636 2419 3691 armis
2432 3633 2710 3692 succincta
2732 3634 2962 3690 viriliter
2980 3635 3263 3691 dimicare.
3287 3633 3437 3691 Unde

1852 3729 2023 3801 Moysi
2048 3743 2207 3786 servo
2235 3743 2333 3785 suo
2363 3727 2495 3784 dicit
2523 3726 2662 3782 idem
2692 3740 2955 3797 sponsus:
2993 3723 3071 3779 Tu
3109 3741 3225 3780 vero
3249 3726 3333 3780 hic
3354 3736 3437 3781 sta

1852 3837 2075 3879 mecum.
2127 3819 2211 3875 Ad
2257 3819 2361 3875 hoc
2387 3818 2586 3890 quippe
2611 3831 2793 3873 secum
2820 3831 2945 3872 eum
2966 3815 3122 3885 jubet
3168 3826 3338 3883 stare,
3371 3833 3439 3872 ne

1852 3916 2031 3972 cadat.
2065 3912 2204 3969 Hinc
2232 3920 2289 3970 et
2332 3910 2655 3983 Apostolus:
2686 3909 2792 3977 Qui
2817 3920 2943 3976 stat,
2975 3911 3143 3966 videat
3174 3928 3236 3966 ne
3281 3911 3439 3966 cadat

1854 4004 1907 4080 (1
1920 4004 2043 4062 Cor.
2060 4020 2114 4071 x,
2135 4002 2245 4075 12).
2261 4002 2368 4059 Sed
2396 4016 2557 4057 nemo
2578 4001 2633 4057 in
2656 4002 2775 4058 acie
2795 4001 3024 4072 positus,
3053 4003 3262 4057 otiosus
3293 4012 3440 4060 stare

1852 4107 2054 4173 potest,
2081 4112 2150 4153 ne
2171 4096 2365 4152 cadat:
2389 4096 2514 4166 quia
2545 4102 2640 4148 aut
2665 4094 2917 4165 percutit,
2949 4110 3052 4149 non
3075 4094 3230 4163 quasi
3256 4109 3437 4149 aerem

1855 4191 2174 4251 verberans,
2202 4194 2294 4241 aut
2318 4184 2620 4258 percutitur
2639 4184 2857 4255 gravius
2879 4183 2947 4240 ab
2969 4183 3141 4249 hoste,
3169 4193 3225 4240 et
3255 4181 3441 4255 (1ιῇἱοὶ-

1856 4290 1964 4338 tur.
2019 4281 2125 4337 Sed
2181 4294 2345 4351 quam
2392 4275 2579 4333 felices
2608 4276 2966 4341 charissimte,
3023 4291 3119 4332 vos
3152 4292 3271 4347 quae
3298 4285 3353 4332 et
3382 4276 3438 4332 in

1855 4374 2164 4446 coniugium
2201 4370 2405 4428 Christi
2441 4369 2672 4425 transire
2728 4368 3026 4433 meruistis,
3073 4377 3129 4422 et
3176 4368 3230 4423 in
3270 4369 3437 4424 vesti-'

1857 4466 2056 4523 mentis
2093 4464 2354 4520 Ecclesiae
2396 4468 2776 4517 ornamentum
2828 4460 3041 4515 decoris
3096 4458 3232 4515 fieri.
3283 4458 3438 4517 Unde

119 4564 360 4637 prodest
384 4528 451 4633 '(I
464 4556 600 4614 Cor.
624 4573 746 4625 xm,
774 4558 851 4629 1),
877 4572 973 4614 seu
1002 4565 1199 4612 caatera
1227 4556 1297 4612 ab
1318 4528 1533 4627 ecquae
1558 4556 1747 4611 dicun-
1780 4528 1832 4588 Β
1858 4560 2039 4633 longe,
2070 4568 2131 4615 ut
2177 4574 2341 4631 supra
2384 4557 2648 4621 dixeram,
2715 4562 2858 4609 totus
2910 4554 3000 4611 hic
3048 4553 3296 4609 Psalmus
3335 4568 3440 4624 pro

124 4668 243 4713 tur.
297 4657 400 4712 Ex
425 4668 534 4725 quo
582 4661 735 4725 patet
775 4666 990 4718 sensus,
1023 4651 1167 4722 quod
1210 4651 1451 4707 omnium
1489 4652 1749 4707 virtutum

115 4764 349 4825 genera
384 4755 452 4802 ut
480 4745 747 4817 fulgorem
778 4744 1038 4809 habeant,
1076 4750 1133 4797 et
1151 4742 1401 4799 decorem
1426 4741 1610 4814 gloria:
1628 4742 1754 4798 cha-

116 4845 303 4899 ritate
328 4838 444 4897 Dei
467 4846 523 4894 et
541 4836 773 4908 proximi
798 4836 1029 4892 debeant
1049 4834 1303 4891 deaurari
1325 4842 1379 4890 et
1405 4834 1715 4906 superindui
1735 4849 1750 4889 :

115 4935 257 5008 quia
293 4930 579 5004 splendor
607 4928 892 4997 eharitatis
919 4927 1172 4984 omnibus
1221 4925 1497 4982 antecellit
1535 4926 1753 4982 virtuti-

110 5026 254 5090 bus,
300 5029 375 5079 et
408 5034 523 5090 pne
553 5018 808 5075 omnibus
846 5015 1055 5088 fulgore
1096 5031 1195 5072 suo
1230 5015 1559 5087 resplendet.
1603 5015 1757 5084 Quod

110 5118 163 5176 si
195 5117 407 5174 etiam
449 5112 503 5167 in
536 5125 671 5167 auro
711 5109 888 5182 primo
935 5095 1103 5179 Ophir
1141 5106 1321 5177 aliqua
1357 5107 1633 5164 distinctio
1665 5108 1759 5164 de-

108 5212 506 5267 monstratur
532 5201 835 5267 eharitatis,
864 5201 1126 5257 debemus
1152 5198 1473 5271 intelligere,
1501 5200 1629 5271 quia
1670 5215 1758 5256 or-

108 5305 333 5360 dinata
370 5306 468 5354 est
504 5296 762 5352 charitas.
810 5292 965 5350 Unde
985 5307 1182 5364 sponsa
1208 5293 1263 5347 in
1293 5292 1570 5349 Canticis:
1600 5290 1761 5347 Ordi-

102 5406 249 5452 ιιαιε
283 5396 358 5449 in
384 5407 474 5445 me
495 5388 802 5444 charitatem
832 5385 1011 5458 (Cant.
1039 5401 1100 5451 ιι,
1125 5385 1204 5458 4).
1234 5385 1501 5454 Quoniam
1528 5394 1611 5442 est
1632 5386 1761 5441 cha-

101 5490 299 5553 ritas,
336 5499 481 5557 quse
525 5483 581 5537 in
618 5482 769 5538 cibos
808 5495 1104 5551 pauperum
1130 5479 1220 5534 vix
1269 5479 1624 5534 substantiam
1656 5479 1758 5533 im-

95 5582 308 5654 pertit
342 5596 360 5631 :
411 5584 497 5632 est
529 5590 648 5646 quae
671 5583 728 5630 et
748 5575 987 5629 animam
1008 5586 1161 5627 suam
1184 5573 1348 5626 etiam
1373 5586 1474 5643 pro
1502 5570 1761 5626 fratribus

96 5669 462 5747 impendit.
495 5670 569 5723 De
594 5684 699 5738 qua
741 5665 1033 5722 Salvator:
1072 5662 1358 5734 Majorem,
1401 5664 1593 5734 inquit,
1635 5663 1760 5717 cha-

92 5770 371 5828 τετοκυῖα
404 5777 559 5816 nemo
576 5761 747 5827 habet,
771 5775 929 5833 quam
951 5768 1007 5813 ut
1029 5758 1262 5813 animam
1286 5773 1438 5813 suam
1459 5767 1616 5828 ponat
1643 5759 1759 5830 quis

1862 4654 2084 4710 tioribus
2108 4651 2309 4724 agitur,
2341 4658 2397 4705 et
2414 4664 2513 4719 pro
2536 4647 2682 4713 liliis,
2718 4656 2863 4703 totus
2910 4648 2962 4703 in
2987 4647 3146 4703 laude
3172 4647 3440 4719 virginum

1861 4746 2200 4803 decantatur.
2237 4743 2461 4808 Felices,
2490 4742 2731 4812 inquam.
2761 4756 2881 4810 qua:
2909 4755 3005 4796 vos
3033 4756 3061 4795 a
3085 4739 3271 4796 mundi
3303 4739 3439 4794 acti-

1860 4836 1964 4892 bus
1992 4833 2336 4906 segregastis,
2364 4832 2565 4903 spretis
2585 4823 2837 4886 omnibus
2858 4845 2978 4901 quae
3006 4828 3187 4886 saeculi
3214 4837 3359 4895 sunt,
3388 4839 3444 4883 et

1864 4927 1962 4985 soli
1999 4925 2109 4983 Deo
2136 4939 2234 4980 vos
2259 4922 2501 4979 vovistis.
2546 4921 2716 4987 Unde,
2746 4936 2951 4991 quzeso,
2976 4920 3104 4992 quia
3149 4920 3202 4975 in
3233 4919 3444 4974 dextris

1860 5034 2028 5094 penes
2056 5017 2224 5072 Deum
2246 5016 2358 5087 jam
2405 5013 2766 5070 constabilitae
2790 5014 2858 5068 ad
2892 5011 3256 5068 dimicandum
3286 5011 3441 5073 estis,

1862 5111 1949 5167 his
1972 5107 2269 5165 assuescite
2302 5107 2471 5162 armis
2499 5120 2762 5177 pugnare,
2784 5105 2976 5174 quibus
2997 5117 3229 5173 sponsus
3243 5111 3440 5166 vester.

1861 5211 1917 5259 et
1945 5201 2200 5272 magister
2225 5198 2486 5262 omnium,
2538 5212 2636 5253 vos
2675 5195 2858 5251 docuit
2888 5195 3073 5262 verbo,
3106 5203 3162 5252 et
3199 5194 3449 5252 exhibuit

1862 5290 2143 5363 exemplis.
2174 5287 2346 5345 Nemo
2376 5288 2479 5343 hoc
2528 5287 2582 5342 in
2612 5286 2746 5352 loco,
2789 5285 2889 5340 etsi
2926 5286 3131 5342 munita
3159 5287 3449 5342 videantur

1869 5384 2109 5439 claustra
2154 5390 2211 5436 et
2247 5380 2521 5444 obserata,
2554 5392 2743 5432 secura
2803 5377 3072 5446 quiescat,
3103 5376 3189 5432 vel
3229 5376 3446 5447 fastigio

1869 5478 2100 5534 devicta.
2130 5473 2267 5541 Quia
2295 5469 2542 5527 diabolus
2570 5468 2786 5540 1286
2809 5468 2972 5525 etiam
2997 5469 3050 5524 in
3073 5469 3211 5526 coelo
3241 5470 3448 5526 invenit

1868 5568 2046 5624 locum
2069 5563 2350 5636 peccandi,
2387 5576 2493 5632 quo
2523 5562 2757 5631 primum
2786 5561 3010 5625 corruit,
3043 5561 3239 5617 deinde
3267 5563 3319 5616 in
3351 5577 3445 5633 pa-

1869 5662 2050 5718 radiso
2079 5660 2350 5715 hominem
2376 5658 2608 5729 decepit.
2638 5658 2703 5712 Et
2732 5659 2852 5714 ideo
2897 5674 2962 5713 ex
2991 5674 3222 5731 persona
3266 5659 3448 5715 Patris

1867 5754 1948 5809 sic
1979 5753 2066 5807 uni
2103 5752 2360 5823 Loquitur,
2387 5759 2444 5805 ut
2466 5751 2713 5807 omnibus
2753 5751 2997 5807 dicatur:
3036 5752 3198 5818 Audi,
3223 5750 3360 5822 ﬁlia,
3398 5761 3450 5808 et
