4048 6352
610 308 745 362 1045

1431 305 1486 360 S.
1531 302 1882 358 PASCIIASII
1923 294 2271 354 RADBERTI
2311 293 2602 351 ABBATIS
2640 292 3088 351 CORBEIENSIS

3733 295 3849 352 10H

604 422 717 475 ride
766 431 811 475 et
865 418 1059 475 inclina
1106 435 1287 473 aurem
1349 429 1515 482 tuam,
1569 417 1867 472 obliviscere
1933 412 2185 486 populum
2213 412 2262 472 Α
2292 416 2459 465 tatem
2488 425 2705 480 semper
2730 408 3071 480 deprimere;
3107 418 3255 464 etne
3293 408 3479 480 priora
3504 409 3753 465 vitiorum
3778 412 3849 470 vel

604 524 751 566 tuum
805 521 852 566 et
884 512 1096 566 domum
1122 512 1287 582 patris
1338 510 1433 564 tui.
1478 509 1611 564 Mira
1664 524 1770 572 res,
1805 506 1967 562 ﬁliam
2000 512 2180 570 vocat,

604 606 691 659 cui
732 604 897 659 alium
928 615 1139 674 patrem
1167 603 1485 657 obliviscere
1507 600 1681 671 jubet.
1719 601 1796 654 Ex
1843 614 1950 669 quo
1978 597 2183 668 liquido

604 702 837 759 constat,
868 694 995 765 quia
1053 693 1153 748 etsi
1191 692 1348 747 alteri
1396 700 1522 746 nata
1547 690 1725 746 fuerat
1776 690 1830 744 in
1856 704 2038 753 carne,
2068 688 2183 757 jam

604 787 653 841 ci
679 787 769 857 qui
796 801 918 841 cum
949 786 1201 841 hortatur
1223 782 1450 853 etjubet
1478 792 1535 838 ut
1556 783 1907 838 obliviscatur
1928 779 2182 851 populum

605 889 659 934 et
692 889 923 950 patrem,
957 885 1145 933 renata
1168 886 1289 935 erat
1314 873 1368 931 in
1397 875 1634 947 Spiritu;
1687 883 1742 929 et
1792 875 1917 945 quia
1969 881 2181 939 renata,

603 978 892 1041 propterea
936 969 1187 1039 conjugio
1240 968 1537 1032 fmderata;
1599 975 1651 1021 et
1702 967 1828 1036 quia
1860 964 2183 1035 mederata,

604 1069 892 1131 propterea
914 1060 1128 1129 regina;
1155 1066 1210 1116 et
1228 1058 1354 1130 quia
1379 1059 1587 1129 regina,
1620 1059 1740 1113 ideo
1765 1059 1817 1112 in
1842 1058 2080 1113 dexteris
2101 1064 2187 1113 est

604 1151 857 1206 cxaltata.
889 1150 1274 1207 Verumtamen
1305 1152 1418 1222 ipsa
1446 1160 1531 1206 est
1578 1152 1783 1222 regina,
1815 1167 1935 1220 quae
1969 1159 2023 1205 et
2055 1150 2182 1204 ﬁlia.

604 1244 671 1299 Et
694 1245 831 1300 sicut
854 1260 958 1299 una
990 1260 1057 1300 ex
1084 1244 1335 1300 omnibus
1355 1252 1438 1298 est
1465 1244 1672 1315 regina,
1704 1244 1783 1298 sic
1810 1252 1864 1299 et
1911 1243 2037 1297 ﬁlia.
2078 1242 2186 1299 Sed

606 1334 738 1398 ﬁlia,
772 1335 896 1405 quia
922 1344 1108 1390 renata
1131 1344 1185 1391 et
1206 1335 1491 1406 adOptata;
1516 1333 1712 1404 conjux
1738 1350 1865 1390 vero
1894 1345 1947 1391 et
1977 1335 2182 1405 regina,

606 1425 729 1494 quia
761 1440 938 1495 regem
975 1425 1143 1479 ﬁlium
1174 1425 1317 1496 regis
1344 1426 1574 1479 duxerat
1604 1440 1864 1495 sponsum
1890 1443 1903 1477 :
1939 1440 2058 1494 qua:
2091 1438 2188 1493 per

605 1532 727 1572 eum
752 1517 866 1588 jam
891 1534 956 1574 ex
982 1534 1069 1583 eo,
1100 1518 1299 1573 multos
1328 1517 1437 1572 Deo
1494 1517 1597 1573 ﬁde
1621 1526 1845 1588 generat
1874 1516 2034 1571 ﬁlios.
2063 1516 2186 1571 Sta-

604 1610 775 1665 tuitur
798 1620 975 1666 autem
1005 1610 1056 1664 in
1092 1610 1353 1675 dexteris,
1390 1609 1479 1664 ubi
1511 1610 1789 1664 beatorum
1818 1617 1903 1663 est
1933 1608 2101 1673 locus,
2133 1615 2189 1663 et

604 1712 854 1758 monetur
884 1720 911 1755 a
943 1702 1130 1769 Patre,
1176 1702 1457 1773 quoniam,
1483 1710 1540 1755 ut
1571 1702 1705 1765 dixi,
1739 1700 1916 1755 adhuc
1952 1698 2187 1754 bellandi

2289 500 2631 556 saecularium
2682 501 2822 556 male
2850 508 3068 556 assueta
3100 501 3278 557 studia
3316 510 3572 564 mentem,
3607 502 3675 555 ob
3701 503 3850 572 pessi-

2286 609 2430 648 mam
2445 595 2891 650 consuetudinem
2908 593 3174 664 improbe,
3198 610 3266 649 ne
3287 595 3457 665 possit
3480 594 3647 649 libere
3666 596 3845 664 audire,

2284 684 2760 753 obsurdescerent,
2787 688 2894 741 ait:
2924 686 3241 741 Obliviscere
3266 686 3516 758 populum
3545 697 3689 741 tuum
3708 700 3751 740 et
3771 688 3850 745 do-

2284 792 2426 828 mum
2456 778 2623 845 pntris
2671 778 2765 831 tui.
2802 776 2955 832 Unde
2990 777 3245 847 quidam:
3273 776 3493 843 Canius,
3526 778 3714 847 inquit,
3740 780 3849 835 sire-

2286 883 2412 922 num
2444 869 2620 921 surdis
2648 886 2742 923 nos
2765 878 2963 939 oportet
2994 869 3210 922 auribus
3241 869 3488 921 transire.
3513 868 3619 923 Sed
3646 869 3850 926 Abrahae

2279 957 2391 1027 jam
2423 958 2549 1012 olim
2588 959 2790 1014 dicitur
2817 978 2831 1013 :
2859 957 2965 1013 Exi
2993 959 3058 1012 de
3077 970 3217 1012 terra
3240 968 3353 1023 tua,
3388 967 3438 1011 et
3476 958 3542 1011 de
3571 960 3851 1029 cognatione

2286 1058 2397 1113 tua,
2424 1060 2470 1104 et
2495 1052 2561 1105 de
2585 1052 2742 1106 domo
2772 1052 2937 1123 patris
2961 1052 3041 1105 tui
3067 1050 3220 1123 (Gen.
3254 1067 3353 1116 xtl,
3401 1051 3472 1122 1).

2357 1141 2507 1208 Quod
2538 1153 2595 1196 et
2618 1158 2732 1207 vos,
2765 1142 3120 1208 charissima,
3143 1143 3267 1211 quia
3294 1142 3416 1195 ﬁliae
3441 1142 3575 1196 estis
3606 1142 3777 1213 ipsius,
3801 1143 3852 1201 in

2286 1233 2531 1303 exemplo
2569 1234 2702 1288 tanti
2737 1234 2907 1304 patris
2940 1234 3164 1289 fecistis.
3210 1234 3414 1290 Exislis
3440 1235 3609 1299 enim,
3658 1236 3853 1293 Christo

2287 1323 2440 1387 duce,
2465 1323 2533 1377 de
2562 1332 2706 1379 terra
2727 1324 3026 1380 nativitatis
3052 1335 3267 1390 vestrm,
3283 1326 3349 1381 de
3369 1326 3617 1380 domibus
3635 1336 3684 1381 et
3702 1328 3851 1398 agris,

2288 1430 2501 1470 necnon
2524 1425 2580 1471 et
2608 1416 2819 1471 Domini
2855 1415 3115 1473 facultate
3143 1418 3286 1488 quod
3322 1418 3378 1472 in
3408 1418 3624 1474 saeculo
3675 1418 3854 1474 habere

2288 1509 2565 1580 potuistis.
2599 1509 2803 1565 Existis
2833 1510 2899 1565 de
2923 1510 3069 1565 omni
3100 1511 3422 1581 cognatione
3444 1510 3644 1575 carnis,
3675 1520 3724 1565 et
3741 1524 3855 1581 sup-

2292 1602 2554 1671 posuistis
2601 1617 2699 1657 vos
2744 1611 2966 1672 propter
3025 1617 3270 1657 amorem
3315 1602 3441 1657 vitae
3484 1611 3700 1658 aeterne
3736 1601 3856 1671 jugo

2290 1694 2515 1762 Christi,
2549 1697 2695 1766 quod
2721 1706 2805 1752 est
2826 1697 3174 1768 diligentibus
3209 1712 3269 1752 se
3288 1696 3447 1751 valde
3472 1712 3657 1762 suave,
3681 1705 3734 1752 et
3753 1712 3854 1751 sus-

602 1802 929 1863 esttempus.
962 1793 1156 1847 Dicunt
1185 1768 1346 1863 porro
1374 1794 1614 1862 quidam,
1635 1808 1663 1846 a
1698 1792 1963 1862 principio
1988 1790 2188 1847 Psalmi
2221 1768 2268 1830 Β
2295 1791 2486 1861 cepitis
2513 1807 2667 1853 onus,
2698 1792 2841 1861 quod
2869 1800 2954 1847 est
2979 1791 3283 1847 volentibus
3308 1789 3431 1845 leve
3451 1791 3730 1860 ipsumque
3758 1790 3852 1845 Do-

602 1899 775 1953 usque
802 1883 868 1936 ad
898 1884 1043 1937 hunc
1066 1899 1307 1949 versum,
1345 1883 1488 1953 quod
1521 1898 1620 1937 vox
1651 1883 1709 1936 ﬁt
1736 1883 2053 1952 Prophetas;
2090 1881 2189 1937 sed
2291 1885 2497 1940 minum
2518 1894 2571 1939 et
2595 1886 3043 1957 benignissimum
3063 1884 3402 1941 Salvatorem
3421 1884 3685 1939 vobismet
3709 1900 3853 1954 spon-

602 1978 738 2032 adco
765 1993 871 2030 non
905 1977 1115 2031 videtur
1147 1991 1447 2047 congruere
1477 1978 1631 2043 satis,
1667 1976 1838 2047 magis
1862 1976 2065 2031 idcirco
2090 1974 2192 2030 Pa-
2290 1990 2410 2032 sum
2438 1976 2697 2045 elegistis.
2730 1976 2982 2043 Quinimo
3006 1978 3120 2047 ipse
3145 1990 3243 2032 vos
3287 1976 3470 2046 elegit,
3510 1986 3566 2029 et
3596 1976 3767 2047 posuit
3801 1983 3850 2029 ut

607 2068 707 2123 tris
732 2084 835 2122 vox
855 2069 1116 2133 creditur,
1141 2078 1235 2123 aut
1254 2068 1490 2137 Spiritus
1515 2068 1687 2123 sancti
1710 2083 1809 2137 per
1829 2066 2180 2137 Prophetam.

604 2157 682 2212 Ex
710 2160 812 2215 hoc
840 2175 970 2213 vero
1003 2160 1120 2215 loco
1143 2160 1316 2225 aiunt,
1343 2160 1487 2230 quod
1512 2175 1612 2214 vox
1644 2158 1823 2213 Patris
1849 2159 2081 2227 primum
2109 2156 2191 2212 lo-

606 2253 823 2322 quentis
850 2252 1243 2317 introducitur;
1277 2252 1547 2322 quamvis,
1577 2252 1719 2322 quod
1764 2250 2111 2322 exposuimus
2138 2250 2192 2304 in

605 2357 836 2411 persona
861 2342 1061 2408 Patris,
1077 2360 1185 2398 non
1208 2343 1329 2398 dico
1356 2343 1659 2408 dissonare,
1683 2357 1872 2396 verum
1896 2341 2059 2396 etiam
2082 2354 2194 2396 me-

606 2433 712 2488 lius
740 2432 791 2488 iu
823 2436 1077 2491 omnibus
1101 2449 1400 2507 congruere
1449 2433 1716 2489 videatur.
1752 2432 1905 2501 Quod
1958 2442 2013 2488 et
2055 2448 2195 2488 nou-

606 2527 738 2582 nulli
770 2528 1055 2584 doctorum
1087 2527 1387 2595 afﬁrmant,
1410 2543 1547 2599 quos
1581 2538 1636 2583 ct
1663 2544 1761 2583 nos
1787 2527 1957 2583 secuti
1982 2542 2188 2583 sumus.

608 2618 991 2674 Verumtamen
1014 2620 1145 2674 nihil
1169 2635 1357 2675 corum
1386 2621 1643 2675 abhorret
1662 2634 1854 2684 avero,
1871 2620 2014 2689 quod
2040 2628 2191 2674 uter-

608 2728 712 2783 que
731 2712 956 2768 dixerit:
988 2714 1081 2768 sed
1108 2713 1266 2768 latior
1317 2729 1511 2769 sensus
1531 2713 1775 2784 aperitur
1801 2729 1869 2767 ex
1918 2712 2190 2768 omnibus.

604 2801 816 2858 Interea
844 2819 949 2857 vox
977 2804 1174 2868 Patris,
1201 2805 1341 2859 sicut
1365 2820 1526 2874 supra
1556 2819 1837 2874 sponsum,
1870 2802 1945 2857 ita
1968 2802 2196 2858 submis-

609 2895 721 2949 sius
747 2896 997 2965 deinceps
1024 2897 1201 2951 erudit
1228 2905 1282 2950 ct
1310 2898 1466 2952 docet
1504 2913 1780 2967 sponsam,
1811 2911 1974 2967 quam
2008 2905 2195 2965 aperte

609 2994 765 3039 vocat
814 2985 1002 3050 ﬁliam,
1031 3002 1096 3041 eo
1117 2988 1259 3056 quod
1283 2988 1399 3057 ejus
1430 2988 1668 3057 proprio,
1712 2986 1919 3042 laedere
1968 2995 2190 3053 aeterno,

610 3077 795 3146 nupsit
822 3077 951 3147 ﬁlio.
979 3078 1136 3144 Audi,
1162 3079 1299 3147 filia,
1330 3080 1525 3150 inquit,
1562 3089 1608 3134 et
1633 3080 1765 3146 vide,
1793 3096 1857 3135 ac
1879 3080 1924 3135 si
1947 3086 2196 3150 patenter

611 3168 756 3222 dicat
788 3185 806 3221 :
829 3168 963 3222 Audi
987 3168 1269 3242 diligenter
1299 3171 1440 3241 quod
1467 3172 1747 3241 propheta:
1770 3186 1834 3226 ex
1866 3170 1968 3225 hoc
1994 3170 2193 3225 docue-

613 3267 741 3313 runt
767 3260 1055 3326 connubio,
1107 3268 1161 3315 et
1207 3261 1326 3317 vide
1364 3260 1478 3332 jam
1526 3261 1706 3317 omnia
1757 3262 2011 3332 operibus
2045 3277 2194 3318 com-

610 3349 773 3422 pleta,
808 3367 1143 3424 quaecunque
1178 3352 1244 3408 de
1291 3354 1376 3409 his
1399 3354 1658 3424 praedicta
1688 3352 1959 3425 leguntur.
2004 3353 2072 3409 Et
2095 3370 2194 3410 no-

610 3444 851 3509 tandum,
900 3445 1025 3514 quia
1057 3446 1196 3500 sicut
1216 3462 1377 3517 supra
1407 3446 1460 3501 in
1488 3445 1647 3501 laude
1677 3446 1881 3516 sponsi,
1911 3462 2054 3517 saape
2081 3447 2188 3503 tria

610 3534 907 3605 conjunxit,
940 3537 1012 3592 ita
1043 3546 1097 3593 et
1150 3539 1238 3594 hic
1287 3555 1431 3593 nunc
1471 3539 1573 3594 tria
1626 3539 1917 3610 copulavit.
1948 3539 2193 3596 Primum

610 3626 744 3683 dixit
765 3628 953 3682 :Audi.
978 3628 1115 3697 Quia
1133 3630 1247 3685 lucc
1274 3638 1357 3685 est
1382 3630 1624 3685 omnium
1638 3631 1941 3702 disciplina,
1967 3631 2195 3702 quicun-

610 3735 716 3791 que
752 3721 954 3776 erudiri
992 3721 1234 3794 cupiunt,
1269 3732 1325 3776 ut
1367 3721 1592 3777 audiant
1633 3721 1948 3792 diligenter;
2002 3722 2195 3780 deinde

615 3812 690 3869 ait
717 3832 731 3868 :
765 3813 915 3868 Vide.
956 3813 1093 3881 Quia
1119 3829 1452 3885 quiecunque
1480 3815 1707 3885 quisque
1734 3814 1992 3882 audierit,
2023 3823 2196 3873 restat

612 3912 671 3958 ut
696 3904 989 3976 intelligat;
1014 3905 1248 3977 alioquin
1266 3907 1308 3962 si
1326 3921 1433 3962 non
1450 3903 1798 3973 intellexeris,
1822 3906 1953 3977 quid
1974 3906 2196 3977 prodest

614 3995 839 4050 audire?
864 3994 999 4050 Nam
1030 3996 1169 4053 sicut
1190 3996 1360 4053 oculis
1384 4011 1645 4068 corporea
1670 3997 2045 4068 unusquisque
2073 4012 2194 4053 cer-

612 4085 716 4153 nit,
752 4087 825 4141 ita
852 4087 1072 4144 omnino
1102 4088 1376 4145 intellectu
1402 4088 1603 4144 divina.
1634 4086 1902 4155 Quoniam
1926 4088 2066 4144 sicut
2095 4105 2194 4159 per

611 4176 798 4235 oculos
820 4179 967 4235 videt
992 4195 1207 4253 corpus,
1230 4189 1285 4237 et
1310 4180 1564 4235 videntur
1584 4194 1843 4249 corpora;
1877 4179 1957 4235 sic
1988 4187 2045 4235 et
2075 4180 2195 4235 ani-

612 4288 700 4329 ma
746 4273 978 4346 seipsam
1006 4289 1104 4344 per
1157 4288 1216 4330 se
1255 4272 1420 4338 videt,
1460 4279 1516 4327 et
1541 4286 1638 4344 per
1668 4269 1998 4326 intellectum
2026 4270 2192 4326 etiam

611 4374 894 4445 spiritalia.
931 4375 1144 4447 1287
1173 4374 1326 4443 Quod
1346 4381 1525 4430 autem
1551 4373 1719 4429 dicit:
1747 4372 1907 4439 Audi,
1924 4372 2061 4443 ﬁlia,
2084 4388 2195 4429 ma-

2291 2070 2522 2126 servelis
2546 2069 2746 2126 donum
2784 2067 2974 2140 gratia:
2996 2069 3141 2140 quod
3171 2069 3479 2140 accepistis.
3517 2067 3777 2123 Floreatis
3789 2066 3851 2122 si-

2295 2161 2515 2230 quidem
2555 2171 2757 2229 mente,
2800 2163 3112 2226 virtutibus,
3140 2171 3197 2217 et
3222 2162 3563 2217 fructiﬁcetis
3589 2178 3771 2232 opere,
3794 2162 3854 2216 ita

2294 2262 2356 2307 ut
2403 2251 2616 2309 fructus
2657 2262 2839 2309 vester
2890 2261 3108 2309 maneat
3153 2254 3206 2309 in
3265 2253 3633 2309 tribulatione.
3666 2255 3741 2306 Ad
3770 2255 3854 2308 hoc

2294 2345 2496 2416 quippe
2527 2346 2671 2401 hunc
2718 2346 2961 2417 elegistis
3011 2346 3188 2401 locum
3225 2346 3379 2402 vobis
3404 2362 3435 2401 a
3463 2346 3693 2402 Domino
3721 2345 3852 2402 dedi-

2293 2444 2474 2492 catum
2498 2437 2600 2493 etsi
2636 2447 2952 2510 angustum;
2984 2440 3110 2509 quia
3145 2449 3367 2509 augusta
3396 2449 3443 2493 et
3496 2449 3649 2494 arcta
3682 2449 3754 2494 est
3789 2440 3858 2494 ria

2292 2544 2410 2600 qute
2433 2528 2577 2583 ducit
2598 2529 2667 2583 ad
2690 2530 2847 2585 vitam
2865 2528 3079 2601 (Matth.
3103 2544 3201 2596 vu,
3226 2527 3335 2599 14).
3361 2527 3477 2584 Non
3499 2528 3701 2593 locum,
3725 2537 3779 2583 ut
3798 2529 3860 2584 ita

2295 2621 2512 2691 loquar,
2533 2621 2627 2676 sed
2656 2620 2932 2677 Christum
2956 2634 3213 2693 sponsum
3238 2620 3497 2694 elegistis,
3524 2619 3860 2677 totiusEccle-

2296 2717 2414 2781 sim,
2463 2725 2519 2771 et
2557 2724 2818 2771 vestrum.
2861 2717 3027 2788 Cujus
3076 2717 3258 2788 itaque
3287 2718 3580 2788 possessio,
3617 2730 3726 2774 non
3753 2717 3859 2772 dico

2298 2814 2445 2860 totus
2470 2816 2555 2861 est
2580 2807 2815 2862 mundus
2841 2820 3001 2876 quem
3052 2806 3328 2874 calcastis,
3361 2809 3457 2862 sed
3483 2815 3595 2862 tota
3633 2807 3722 2861 illa
3752 2805 3859 2861 Hie-

2296 2896 2533 2951 rusalem
2556 2896 2793 2953 cmlestis
2821 2897 3084 2953 immensa
3110 2895 3547 2953 Christianorum
3565 2895 3856 2962 hereditas,

2297 2991 2362 3045 de
2396 3006 2505 3060 qua
2526 2998 2582 3045 et
2606 3006 2705 3060 pro
2730 3004 2835 3061 qua
2865 2990 2954 3045 hic
2982 2990 3133 3046 vobis
3158 2998 3411 3045 cantatur
3436 2990 3719 3055 Psalmus,
3744 3004 3801 3044 ac
3821 2988 3861 3043 si

2298 3079 2355 3135 in
2383 3080 2538 3135 titulo
2566 3081 2725 3136 dotis.
2760 3080 2816 3135 In
2861 3096 2966 3151 qua
2986 3080 3099 3150 jam
3132 3095 3237 3136 non
3272 3081 3448 3136 solum
3474 3090 3583 3135 stat
3610 3081 3667 3135 in
3698 3081 3864 3136 dexte-

2298 3172 2376 3227 ris
2412 3171 2509 3226 Dei
2556 3186 2755 3243 sponsa
2800 3180 2855 3226 et
2874 3170 3092 3241 coniux,
3120 3187 3307 3227 verum
3339 3182 3396 3226 et
3434 3171 3622 3242 regina
3653 3183 3865 3242 regnare

2295 3262 2494 3318 dicitur
2513 3278 2639 3318 cum
2667 3278 2766 3318 suo
2789 3263 3097 3319 diademate
3119 3262 3332 3334 capitis.
3366 3261 3587 3332 1288
3617 3260 3687 3315 Et
3716 3276 3778 3315 ne
3795 3258 3862 3314 di-

2294 3363 2384 3410 cat
2413 3353 2644 3411 inﬁdelis
2673 3355 2906 3422 animus,
2959 3369 3067 3411 non
3097 3354 3227 3409 mihi
3284 3354 3403 3410 haec
3425 3367 3655 3417 corona,
3705 3354 3792 3408 sed
3813 3351 3860 3406 in

2295 3461 2583 3504 commune
2614 3463 2721 3502 una
2764 3447 3016 3503 omnibus
3044 3447 3460 3518 repromittitur.
3512 3443 3763 3509 Noveris,
3789 3459 3865 3500 so-

2295 3554 2409 3606 ror,
2455 3539 2599 3611 quod
2648 3555 2755 3594 non
2793 3539 3081 3611 negabitur
3101 3539 3194 3595 uni
3223 3541 3367 3610 quod
3393 3537 3649 3594 omnibus
3673 3536 3864 3593 dabitur

2293 3631 2762 3702 promerentihus:
2795 3632 2869 3687 ita
2919 3640 3122 3697 tamen,
3153 3631 3197 3687 si
3221 3629 3389 3686 fueris
3435 3645 3561 3687 cum
3593 3629 3852 3692 omnibus.

2297 3734 2353 3782 et
2376 3724 2630 3782 omnibus
2657 3725 2735 3782 Cb
2743 3726 2875 3781 risto
2894 3733 3306 3796 concorporata,
3325 3724 3522 3780 hortus
3539 3724 3861 3786 deliciarum,

2296 3818 2420 3875 fons
2468 3818 2712 3890 signatus
2759 3818 2936 3891 sigillo
2965 3818 3107 3885 ﬁdei,
3163 3828 3220 3874 et
3267 3818 3560 3875 conclusus
3588 3816 3868 3874 munimine

2286 3908 2586 3967 ’charitatis
2615 3908 2793 3983 (Cum.
2827 3926 2902 3979 iv,
2935 3911 3045 3982 12).
3079 3910 3192 3967 Hoc
3214 3919 3299 3967 est
3325 3912 3467 3966 intra
3499 3920 3742 3968 sanctam
3780 3904 3863 3963 Dei

2296 4000 2599 4057 Ecclesiam
2624 4003 2798 4074 magis
2826 4017 2896 4059 ex
2916 4012 3041 4058 voto
3062 4010 3152 4058 tuo
3175 4002 3407 4058 Domino
3422 4002 3696 4068 dedicata,
3723 4014 3863 4071 quasi

2300 4106 2368 4146 ex
2400 4092 2729 4149 necessitate
2755 4092 2896 4148 infra
2920 4094 3060 4151 banc
3086 4094 3383 4159 Vesonam,
3414 4094 3483 4148 ad
3513 4100 3731 4163 tempus
3754 4092 3863 4147 dum

2295 4182 2452 4249 vivis,
2509 4184 2651 4241 male
2678 4185 2975 4241 constricta
3027 4196 3083 4242 et
3113 4192 3493 4255 coangustata.
3544 4184 3866 4254 Quapropter

2296 4292 2499 4348 quieso,
2527 4295 2704 4346 soror,
2731 4295 2928 4337 caveas
2952 4295 3024 4336 ne
3044 4279 3270 4336 Suessio
3319 4281 3438 4336 haec
3464 4280 3521 4335 in
3567 4295 3680 4352 qua
3702 4281 3864 4350 deses,

2297 4369 2478 4425 suasio
2504 4370 2600 4425 tibi
2625 4370 2745 4436 ﬁat,
2805 4379 2862 4427 ct
2903 4371 3155 4443 incipias,
3194 4373 3340 4443 quod
3398 4372 3563 4437 absit,
3637 4378 3868 4444 aposuta

604 4483 774 4541 gnum
798 4468 1016 4543 pietatis
1038 4478 1119 4533 est
1138 4479 1560 4543 sacramentum,
1594 4485 1713 4545 quae
1743 4470 1917 4527 fuerat
1940 4469 2052 4526 ﬁlia
2083 4471 2193 4526 dia-
2218 4500 2272 4565 Β
2298 4468 2496 4565 mepte.
2529 4461 2813 4565 quia-jam
2860 4463 2999 4565 hinc.
3042 4463 3294 4565 refugere
3340 4479 3448 4520 non
3476 4464 3607 4519 licet
3633 4460 3860 4565 corpore:

609 4562 717 4617 buli
748 4572 968 4634 propter
988 4565 1342 4623 idololatriam
1380 4577 1435 4623 et
1455 4568 1753 4624 caecitatem
1786 4562 1983 4635 cordis,
2006 4571 2067 4622 ut
2093 4561 2191 4623 Dei

612 4653 791 4709 Patris
824 4655 931 4710 ﬁlia
960 4667 1201 4713 vocetur.
1255 4659 1409 4716 Unde
1436 4661 1582 4731 quod
1612 4661 1837 4728 addidit,
1884 4660 2034 4727 Vide,
2067 4676 2191 4717 cum

613 4748 758 4802 omni
782 4747 1142 4818 gratulatione
1165 4752 1344 4807 cordis
1370 4752 1652 4823 legendum
1682 4761 1796 4819 est;
1823 4753 1978 4824 quasi
2001 4752 2149 4809 dicat
2173 4769 2188 4806 :

614 4836 747 4892 Vide
775 4841 1028 4909 quoniam
1075 4857 1308 4911 sponsus
1333 4843 1426 4912 qui
1468 4843 1564 4898 tibi
1591 4843 1751 4916 longe
1786 4844 1877 4899 diu
1907 4844 2191 4915 promitte-

613 4926 773 4983 batur
793 4931 1029 4995 advenit,
1055 4933 1105 4987 in
1131 4948 1238 5003 quo
1279 4942 1363 4989 est
1391 4950 1550 4991 verus
1581 4952 1753 4999 amor,
1784 4936 1973 5005 gloria,
2019 4936 2192 4992 virtus

614 5030 663 5076 et
696 5031 955 5093 potestas,
986 5034 1147 5096 atque
1161 5041 1322 5081 omne
1348 5028 1623 5098 gaudium.
1649 5028 1897 5100 Hincque
1921 5030 2188 5100 sequitur:

616 5107 825 5165 htclina
863 5129 1043 5167 aurem
1090 5124 1256 5180 tuam,
1293 5116 1384 5171 ubi
1414 5116 1773 5174 humilitatem
1816 5118 2068 5173 audiendi
2098 5118 2195 5174 do-

616 5209 723 5267 cet,
746 5210 801 5256 et
828 5202 1066 5259 insinuat
1084 5205 1469 5261 venerabiliter
1495 5207 1682 5263 audire
1705 5207 1902 5263 debere
1927 5207 2096 5263 verba
2118 5207 2197 5261 di-

616 5290 726 5345 vini
750 5293 966 5364 cloquii,
995 5311 1092 5351 seu
1118 5297 1400 5354 doctorum
1427 5299 1877 5368 przedicamenta;
1916 5315 2025 5354 non
2053 5298 2195 5353 elato

617 5382 801 5447 corde,
830 5399 1004 5456 neque
1027 5402 1148 5440 cum
1187 5386 1403 5442 fastidio
1441 5388 1523 5443 vel
1564 5397 1779 5459 torpore
1810 5389 2007 5443 animi:
2036 5389 2198 5458 quin-

616 5470 725 5527 imo
763 5473 952 5530 devota
1003 5486 1184 5532 mente
1232 5487 1284 5532 et
1329 5478 1509 5533 cordis
1560 5480 1800 5534 auribus.
1836 5478 1988 5534 Unde
2017 5478 2198 5534 Domi-

618 5580 749 5619 nus:
780 5564 1072 5634 Quihabet,
1091 5569 1285 5638 inquit,
1303 5586 1456 5624 aures
1485 5569 1755 5635 audiendi,
1780 5568 2193 5640 audiat(Maltlt.

616 5668 696 5719 ιιι,
730 5656 837 5727 15).
856 5656 921 5712 Ει
942 5658 1061 5713 ideo
1086 5668 1145 5713 nt
1165 5669 1350 5734 parata
1374 5675 1589 5731 semper
1608 5661 1679 5715 sit
1708 5676 1860 5717 mens
1887 5662 1953 5716 ad
1969 5662 2196 5715 audien-

623 5743 750 5801 dum
777 5751 1000 5806 verbum
1031 5751 1146 5817 Dei,
1166 5751 1319 5823 jubet
1348 5767 1467 5808 eam
1499 5754 1792 5830 praeparari
1816 5764 1870 5812 et
1892 5755 1955 5810 al
1990 5752 2199 5810 humili-

2297 4551 2549 4626 Quinimo
2573 4556 2697 4611 audi
2727 4557 3010 4615 Dominum
3028 4565 3176 4613 tuum
3205 4558 3422 4613 Patrem
3450 4559 3642 4629 sponsi
3670 4558 3759 4622 uti,
3778 4553 3864 4627 qui

2297 4659 2351 4707 te
2376 4650 2656 4720 adoptavit
2701 4651 2755 4705 in
2800 4649 2991 4717 titiam,
3024 4649 3116 4721 qui
3164 4649 3441 4720 proprium
3472 4648 3679 4704 Filium
3730 4660 3866 4702 suum

2294 4744 2559 4817 virginem
2579 4760 2646 4799 ex
2684 4743 2902 4814 Virgine
2927 4753 3137 4810 natum,
3164 4743 3264 4798 tibi
3298 4742 3448 4797 misit
3474 4757 3766 4813 sponsum,
3788 4752 3871 4811 per

2293 4845 2506 4892 uterum
2538 4834 2797 4906 Virginis,
2828 4845 2888 4891 ut
2911 4844 2966 4891 tu
3018 4832 3094 4891 illi
3123 4850 3320 4906 sponsa
3346 4851 3603 4892 maneres
3626 4846 3686 4892 et
3716 4836 3868 4904 virga.

2293 4926 2479 4996 regina
2502 4935 2557 4981 et
2579 4924 2795 4994 coniux.
2824 4926 2961 4981 Audi
2991 4927 3121 4997 quid
3163 4926 3309 4983 dicat
3334 4943 3347 4981 :
3374 4925 3701 4982 Obliviscere
3722 4940 3870 4996 popu-

2296 5017 2405 5072 lum
2433 5028 2579 5073 tuum
2601 5029 2647 5072 et
2683 5019 2899 5073 domum
2924 5019 3093 5089 patris
3113 5019 3209 5073 tui.
3244 5018 3397 5076 Unde
3422 5028 3478 5074 et
3508 5020 3565 5075 in
3593 5016 3874 5088 Evangelia

2297 5108 2604 5165 Dominus:
2630 5105 2925 5162 Permittite
2953 5118 3206 5175 mortuos,
3258 5108 3453 5179 inquit,
3501 5110 3725 5180 sepelire
3750 5121 3875 5161 tuor-

2297 5209 2415 5255 tuos
2449 5217 2592 5266 suos,
2617 5209 2672 5253 tu
2714 5209 2891 5255 autem
2914 5216 3127 5271 sequere
3152 5216 3234 5254 me
3263 5199 3417 5272 (Luc.
3447 5215 3528 5266 ιχ,
3559 5200 3676 5272 60).
3710 5199 3774 5254 Et
3795 5211 3878 5251 no-

2300 5292 2523 5348 tandum
2554 5291 2697 5361 quod
2725 5290 3023 5346 obliviscere
3054 5291 3208 5356 dixit,
3244 5299 3301 5346 et
3323 5305 3431 5346 non
3484 5299 3703 5346 tantum
3732 5291 3876 5343 dese-

2301 5398 2423 5438 rere
2449 5394 2676 5452 corpore
2704 5382 3001 5448 mandavit,
3034 5382 3161 5452 quia
3192 5382 3336 5452 quod
3358 5382 3715 5438 obliviscitur
3747 5376 3882 5435 nullo

2302 5473 2496 5531 aﬁ‘ectu
2525 5474 2706 5530 cordis
2754 5474 3041 5529 retinetur.
3070 5474 3128 5528 In
3172 5474 3274 5529 bac
3327 5474 3530 5546 quippe
3562 5474 3883 5531 obliviones

2300 5565 2554 5622 cordibus
2576 5563 2813 5619 ﬁdelium
2837 5564 3160 5620 obliteratur
3181 5561 3447 5630 diabolus,
3465 5574 3740 5621 etcuncta
3766 5576 3881 5635 pro.

2300 5661 2486 5732 genios
2517 5660 2772 5715 vitiorum
2803 5673 2924 5727 quae
2945 5668 3072 5713 sunt
3091 5674 3158 5713 ex
3184 5666 3339 5730 parte
3358 5659 3583 5715 diaboli.
3608 5660 3771 5730 Quod
3795 5671 3886 5712 au-

2301 5762 2411 5813 tem
2442 5751 2688 5811 diabolus
2725 5758 2882 5829 pater
2908 5751 2980 5810 sit
3007 5750 3326 5823 inﬁdelium,
3361 5760 3588 5814 testatur
3629 5752 3895 5846 Dorum!
