4048 6352
606 355 741 418 1047

1390 353 1447 411 S.
1488 350 1847 410 PASCHASII
1885 346 2232 408 RADBERTI
2272 346 2564 404 ABBATIS
2603 346 3054 405 CORBEIENSIS

3736 350 3857 411 ιθιο

606 474 826 545 quidem
855 466 992 528 facie
1013 476 1067 524 et
1092 468 1309 533 decora,
1333 468 1459 539 quia
1482 466 1735 523 calcastis
1760 465 2054 536 spurcitias
2076 478 2192 519 car-
2219 462 2273 523 Α
2296 458 2524 517 lestibus
2552 461 2702 518 locus
2734 465 2785 518 in
2822 478 2929 534 quo
2955 463 3108 519 estis.
3148 463 3257 520 Vos
3281 474 3467 521 autem
3495 466 3649 537 quasi
3680 468 3731 522 in
3756 485 3857 526 me-

606 566 695 623 nis
719 574 775 622 et
801 563 1044 620 fallacias
1071 556 1279 625 mundi,
1314 570 1368 616 et
1394 560 1513 614 ideo
1536 567 1664 630 post
1698 557 1997 623 Christum,
2022 564 2080 610 ut
2102 571 2192 612 ca-

608 671 848 716 strorum
876 657 1024 713 acies
1046 656 1307 710 ordinatae
1321 652 1510 725 jugum
1534 652 1897 707 adolescentia
1929 664 2190 705 conscen-

609 754 757 811 ditis.
803 751 936 818 Quis
962 765 1067 804 non
1099 748 1362 812 miretur,
1410 740 1810 810 dilectissimaz,
1838 742 2196 814 pulchritudi-

607 863 733 904 nem
762 845 1041 916 religionis
1069 842 1297 897 vestrtu?
1321 840 1453 908 Quis
1477 856 1581 895 non
1608 840 1841 895 miretur
1862 840 2005 910 quod
2034 837 2194 908 fragi-

607 939 677 995 lis
705 953 869 994 sexus
895 938 976 992 sic
1005 950 1111 990 uno
1135 935 1336 1005 impetu
1364 932 1612 1003 graditur
1651 931 1720 987 ad
1749 947 2001 1003 superna,
2034 930 2108 985 ita
2138 939 2198 984 ut

609 1033 786 1087 adhuc
809 1031 951 1085 intra
977 1028 1258 1092 mundum,
1284 1027 1390 1096 jam
1413 1034 1570 1080 extra
1591 1040 1832 1091 carnem,
1857 1033 2010 1079 extra
2036 1040 2195 1079 mun-

608 1123 738 1177 dqu
760 1122 1006 1176 videatur
1030 1135 1150 1174 esse
1178 1117 1503 1171 virtutibus?
1523 1114 1632 1171 Nec
1658 1116 1821 1185 igitur
1846 1115 2044 1171 mirum
2066 1115 2192 1185 quia

608 1211 921 1280 concupivit
948 1209 1084 1274 Rex,
1122 1209 1214 1263 Dei
1238 1207 1416 1261 Patris
1448 1205 1639 1271 Filius,
1664 1206 1899 1276 speciem
1932 1215 2192 1271 vestram,

607 1303 736 1373 quia
764 1304 878 1372 ipse
906 1300 1223 1356 reformavit
1250 1300 1303 1354 in
1334 1298 1487 1354 vobis
1529 1299 1820 1371 imaginem
1859 1307 1915 1353 et
1936 1298 2194 1354 similitu-

607 1393 791 1451 dinem
820 1411 995 1450 suam.

686 1488 838 1545 Unde
869 1486 1116 1557 sequitur
1147 1502 1161 1540 :
1193 1483 1350 1540 Filia:
1384 1485 1507 1557 Tyri
1556 1487 1611 1541 in
1650 1486 1953 1540 muneribus
1998 1485 2196 1540 vultum

607 1592 759 1635 tuum
788 1580 1237 1650 deprecabuntur,
1273 1595 1451 1633 omnes
1499 1578 1682 1633 divites
1723 1579 1906 1649 plebis.
1942 1577 2111 1633 Porro
2141 1579 2195 1633 in

606 1670 878 1727 llebraico
908 1669 1107 1725 habet:
1141 1668 1187 1724 0
1217 1669 1331 1739 ﬁlia
1361 1669 1639 1739 fortissimi
1661 1671 1714 1723 in
1742 1669 2073 1734 muneribus,
2107 1668 2193 1739 fa-

606 1769 739 1823 ciem
767 1778 911 1822 tuam
935 1766 1355 1835 deprecabuntur
1374 1765 1559 1819 divites
1585 1764 1784 1834 populi.
1810 1764 1947 1831 Quia
1971 1764 2193 1819 verbum

2296 553 2387 608 dio
2406 556 2736 620 constitute,
2760 571 2928 611 unum
2950 556 3197 629 elegistis
3212 559 3468 631 angulum
3489 569 3698 616 tantum
3720 560 3865 619 Sues-

2302 645 2478 703 sionis
2510 658 2773 720 angustae,
2804 650 2932 721 quia
2960 650 3194 722 lapidem
3223 652 3372 708 illum
3402 654 3715 726 angularem
3742 654 3864 712 dile‘

2296 738 2476 805 xistis,
2498 740 2589 809 qui
2614 739 2787 810 factus
2807 751 2884 796 est
2914 743 3071 798 vobis
3096 759 3126 798 a
3149 744 3260 799 Deo
3281 745 3443 801 Patre
3472 745 3863 802 fundamentum

2295 828 2351 882 in
2390 840 2543 900 caput
2574 832 2758 904 anguli
2789 832 2904 905 (Ps.
2938 850 3111 901 cxvn,
3149 836 3265 907 2'2).
3301 837 3403 893 Ubi
3434 838 3478 894 si
3511 839 3650 895 bene
3678 841 3866 910 conspi-

2297 920 2442 984 citis,
2475 923 2644 977 turris
2684 924 2774 978 illa
2812 940 2881 980 ex
2905 926 3200 997 Evangelio
3228 928 3476 999 erigitur,
3509 930 3576 987 de
3604 945 3712 1002 qua
3753 931 3867 988 dici-

2296 1019 2386 1066 tur
2410 1027 2424 1066 :
2453 1012 2519 1068 Et
2543 1024 2600 1067 tu
2623 1016 2785 1071 turris
2817 1018 2987 1088 gregis
3018 1018 3269 1074 nebulosa
3290 1019 3419 1089 [ilice
3442 1018 3604 1086 Sion,
3637 1038 3795 1093 usque
3813 1024 3868 1079 ad

2297 1114 2346 1160 te
2371 1107 2533 1160 veniet
2561 1116 2790 1176 potestas
2817 1111 2989 1179 prima
3020 1111 3164 1181 regni
3186 1110 3315 1179 ﬁlia:
3338 1110 3675 1169 Hierusalem
3700 1113 3865 1185 (Misit.

2298 1214 2376 1264 tv,
2400 1197 2476 1268 8).
2522 1198 2657 1265 Quia
2702 1200 2803 1255 etsi
2856 1211 3018 1257 natus
3061 1203 3114 1257 in
3163 1217 3227 1257 ea
3277 1204 3613 1260 civitaticula
3661 1221 3869 1277 sponsus

2297 1298 2478 1344 vester
2502 1290 2752 1346 Christus
2773 1299 2877 1355 est,
2905 1309 3027 1363 qua:
3049 1293 3363 1351 Bethlebem
3388 1297 3708 1362 vocabatur,
3733 1296 3865 1366 juxta

2298 1395 2460 1450 quam
2493 1381 2546 1435 in
2572 1379 2686 1449 ejus
2707 1391 2830 1437 ortu
2862 1384 3036 1456 angeli
3069 1385 3430 1443 decantaruut
3462 1406 3475 1441 ε
3505 1386 3690 1442 Gloria
3718 1389 3773 1442 in
3792 1406 3867 1444 es-

2298 1469 2449 1524 celsis
2481 1470 2610 1536 Deo,
2642 1482 2691 1525 et
2717 1474 2773 1527 in
2799 1483 2940 1528 terra
2961 1491 3068 1545 pax
3095 1476 3393 1531 hominibus
3421 1476 3573 1531 bona:
3608 1479 3867 1535 voluntatis

2300 1559 2452 1632 (Luc.
2488 1577 2547 1626 ιι,
2579 1562 2666 1636 14)
2698 1580 2713 1629 ;
2749 1574 2927 1619 tamen
2955 1567 3023 1621 ad
3053 1582 3150 1623 vos
3175 1584 3370 1638 usque,
3404 1569 3779 1636 charissima,
3800 1571 3869 1628 illa

2299 1655 2808 1725 pervenit‘potestas
2833 1657 3030 1727 prima,
3054 1674 3176 1729 quae
3194 1659 3324 1714 olim
3347 1660 3422 1714 illi
3445 1662 3866 1731 promittebatur.

2300 1742 2410 1797 Nec
2438 1745 2661 1800 duhium
2691 1747 2821 1816 quin
2853 1750 3101 1819 pervenit
3120 1765 3293 1821 usque
3312 1752 3379 1807 ad
3398 1767 3518 1819 vos,
3538 1755 3666 1823 quia
3687 1764 3871 1811 vosmet

605 1861 935 1918 Hebraicum
973 1832 1076 1915 sor
1115 1858 1461 1929 interpretari
1496 1832 1675 1927 potest
1704 1866 1760 1911 et
1793 1857 1992 1927 Tyrus,
2022 1867 2073 1911 et
2099 1858 2194 1911 tri-

2298 1832 2549 1890 Chrisms
2590 1835 2754 1907 elegit
2782 1846 2837 1892 et
2877 1840 3055 1894 erexit
3082 1840 3138 1894 in
3187 1842 3468 1911 speculum
3513 1853 3569 1900 et
3612 1846 3868 1900 munimen

607 1954 840 2018 bulatio,
871 1961 927 2008 et
954 1952 1274 2022 fortissimus
1305 1950 1420 2005 sive
1449 1949 1759 2016 fortissima.
1795 1948 1946 2003 Unde
1974 1949 2026 2002 in
2054 1964 2198 2019 prae-

607 2046 748 2101 senti
771 2044 892 2100 loco
915 2044 1275 2112 interpretum
1301 2050 1420 2096 orta
1443 2049 1527 2094 est
1548 2040 1905 2095 dissonantia.
1941 2038 2046 2094 Sed
2073 2038 2196 2093 Ilie-

545 2159 549 2165 ν
607 2154 867 2210 ronymus
882 2147 1101 2193 secutus
1116 2135 1524 2207 Symmachum,
1553 2132 1694 2187 Filia
1712 2133 2008 2203 fortissimi,
2027 2142 2198 2188 trans-

608 2231 733 2285 tulit
764 2248 776 2284 :
810 2238 867 2283 ut
895 2228 983 2282 illa
1014 2228 1100 2283 cui
1131 2243 1294 2298 supra
1325 2227 1541 2281 dixerat
1575 2240 1589 2278 :
1624 2225 1764 2278 Audi
1797 2224 1909 2294 ﬁlia
1948 2233 1995 2278 et
2044 2223 2194 2291 vide,

610 2321 721 2375 ﬁlia
751 2318 1037 2374 fortissimi
1068 2316 1248 2371 Patris
1272 2298 1621 2387 intelligatur,
1646 2324 1741 2369 aut
1766 2327 1915 2370 certe
1943 2315 2057 2385 ipsa
2081 2313 2194 2371 for-

611 2414 816 2470 tissima
848 2413 937 2476 sit,
962 2412 1117 2482 juxta
1142 2411 1486 2466 Salomoucm
1514 2426 1528 2463 :
1556 2409 1831 2464 Mulierem
1863 2409 2048 2479 fortem
2080 2409 2196 2480 quis

605 2506 872 2560 inveniet?
900 2503 1083 2576 (Prov.
1121 2520 1269 2567 xxxi,
1297 2502 1410 2572 IO.)
1439 2503 1568 2569 Quae
1597 2502 1852 2557 nimirum
1894 2502 2016 2557 ideo
2040 2501 2197 2558 fortis

605 2608 852 2659 vocatur.
883 2598 1010 2668 quia
1044 2598 1097 2651 in
1120 2597 1340 2653 Christo
1369 2597 1547 2665 posuit
1568 2610 1786 2650 onmem
1819 2594 2194 2650 fortitudinem

605 2708 780 2756 suam,
803 2708 926 2746 cum
948 2691 1081 2745 dicit
1104 2708 1116 2744 :
1142 2688 1530 2743 Fortitudinem
1556 2706 1723 2743 meam
1744 2688 1814 2742 ad
1835 2699 1884 2742 te
1904 2689 2196 2743 custodiam

608 2781 779 2852 (l’sal.
806 2798 958 2847 LVIII,
994 2782 1104 2851 I0).
1139 2781 1213 2835 De
1240 2797 1345 2851 qua
1374 2797 1606 2851 sponsus
1636 2781 1688 2834 in
1714 2780 1953 2836 Canticis
1977 2798 1990 2835 :
2016 2779 2195 2835 Fortis

606 2875 749 2943 facta
775 2883 850 2926 est
878 2873 1015 2927 velut
1054 2889 1196 2926 mors
1220 2873 1431 2926 dilectio
1453 2882 1545 2926 tua
1567 2869 1745 2941 (Cant.
1771 2888 1890 2935 vm,
1914 2872 1989 2943 6).
2019 2871 2192 2926 Inter-

603 2983 667 3021 ea
696 2968 851 3035 juxta
901 2966 1255 3036 Septuaginta
1297 2983 1310 3018 :
1342 2963 1501 3019 Filia:
1531 2963 1654 3035 Tyri
1679 2964 1733 3018 in
1759 2963 2061 3019 muneribus
2086 2961 2197 3018 vul-

606 3069 717 3109 tum
745 3055 1004 3111 Ecclesiae
1025 3054 1463 3124 deprecabuntur,
1488 3054 1614 3123 quia
1637 3054 1880 3109 Ecclesia
1903 3053 1971 3110 de
1993 3051 2195 3108 Judteis

606 3148 841 3215 primum
875 3162 995 3202 esse
1041 3146 1339 3217 cmpit,’ut
1374 3147 1491 3217 ipsa
1537 3147 1609 3201 sit
1657 3147 1811 3217 cujus
1856 3146 2196 3217 concupiscit

2301 1927 2468 1982 totius
2493 1928 2734 1996 civitatis
2768 1948 2780 1983 :
2818 1931 2891 1986 ita
2915 1940 2975 1986 ut
3002 1932 3197 1987 merito
3220 1931 3452 2000 dicatur,
3476 1934 3632 1991 locus
3654 1936 3763 1992 iste
3785 1946 3871 1992 tur-

2298 2024 2375 2079 ris
2418 2025 2598 2096 gregis
2647 2026 2833 2098 inclyti
2884 2028 3166 2083 nebulosa.
3219 2028 3277 2083 In
3310 2045 3418 2100 quo
3446 2046 3614 2103 grege
3644 2030 3870 2089 Salvator

2296 2115 2414 2186 ipse
2444 2115 2621 2172 factus
2647 2128 2731 2174 est
2757 2127 2967 2188 pastor,
2994 2120 3086 2176 ubi
3110 2121 3286 2191 angeli
3310 2122 3709 2180 descendentes
3735 2133 3791 2179 et
3803 2139 3870 2179 as-

2298 2209 2593 2264 cendentes
2620 2212 2896 2267 credimus
2920 2212 3064 2282 quod
3107 2213 3278 2284 gloria
3314 2214 3367 2269 in
3402 2215 3621 2270 excelsis
3651 2216 3761 2272 Deo
3800 2218 3869 2271 dcc

2298 2309 2539 2365 cantant,
2567 2311 2619 2357 et
2646 2302 2790 2372 quod
2815 2319 2922 2374 pan:
2948 2303 3097 2358 bona:
3119 2303 3402 2360 voluntatis
3428 2306 3482 2361 in
3518 2306 3676 2362 vobis
3692 2307 3869 2379 jugitet

2296 2388 2487 2445 floreat
2530 2393 2754 2449 uberius
2787 2402 2843 2449 et
2890 2396 3219 2464 requiescat.
3260 2395 3362 2451 Ubi
3394 2396 3647 2453 custodia
3690 2397 3872 2469 vigilis~

2297 2497 2439 2547 rum,
2465 2492 2521 2538 et
2540 2486 2812 2554 exsequis:
2834 2486 3095 2541 virtutum
3118 2487 3491 2543 indesinenter
3507 2496 3774 2560 aguntur;
3798 2489 3869 2544 ubi

2297 2574 2415 2630 laus
2442 2586 2498 2632 et
2517 2578 2800 2648 jubilatio,
2830 2587 3096 2650 quantum
3135 2579 3217 2637 fas
3242 2589 3328 2637 est
3354 2581 3715 2648 mortalitati,
3758 2598 3870 2638 nun-

2297 2684 2459 2739 quam
2486 2671 2700 2739 ﬁnitur;
2737 2672 2827 2727 ubi
2868 2688 3058 2743 preces
3080 2682 3137 2729 et
3175 2675 3409 2745 gemitus
3446 2683 3617 2746 atque
3641 2675 3871 2748 lacrymz

2296 2760 2538 2830 quotidie
2567 2762 2765 2818 cadum
2797 2763 3037 2833 pulsant,
3067 2773 3123 2820 et
3156 2763 3329 2820 ﬂuunt
3355 2781 3482 2821 cum
3511 2767 3665 2841 omni
3695 2768 3872 2836 impetu

2298 2853 2502 2907 amoris
2539 2853 2592 2908 in
2639 2854 2808 2910 Deum
2859 2872 2873 2909 :
2924 2856 3015 2911 ubi
3059 2864 3182 2912 vota
3220 2856 3527 2913 offeruntur
3553 2858 3667 2914 Deo
3698 2868 3753 2913 et
3772 2870 3871 2931 gra-

2299 2943 2496 2998 tiarum
2532 2960 2779 2999 munera.
2817 2945 3026 3001 Idcirco
3060 2947 3165 3029 εξξί
3206 2945 3467 3003 nebulosa
3502 2956 3600 3002 aut
3640 2947 3872 3019 squalens

2297 3033 2580 3090 dicebatur
2621 3035 2710 3090 illa
2747 3051 2911 3106 quam
2953 3004 3177 3108 pessimi
3221 3038 3440 3105 colunt,
3482 3040 3614 3110 quia
3650 3004 3870 3110 patrem-

2298 3124 2534 3186 familias
2583 3130 2902 3185 oeciderunt
2951 3139 3008 3187 et
3057 3130 3344 3189 coluerunt
3397 3146 3416 3186 :
3469 3148 3571 3191 vos
3619 3134 3749 3203 quia
3781 3141 3873 3187 tur-

606 3211 724 3295 ltex
754 3240 1028 3295 decorem.
1057 3211 1250 3309 ln-quo
1272 3211 1546 3294 secundus
1568 3211 1760 3293 modus
1782 3248 1866 3294 est
1892 3211 2068 3295 laudis
2092 3253 2106 3292 :
2132 3247 2193 3294 ut
2216 3211 2267 3275 ο
2298 3222 2403 3278 ﬁt“
2453 3222 2508 3278 in
2536 3221 2719 3278 ⁸³³θάίο
2753 3222 3065 3299 collocastis
3109 3224 3454 3297 torcularque
3478 3267 3495 3294 ν
3536 3226 3593 3283 id
3630 3235 3718 3283 εει
3753 3224 3870 3281 ³1⁸³⁸

607 3330 753 3386 sicut
781 3330 995 3386 dixerat
1018 3345 1240 3401 sponso,
1272 3328 1522 3395 Intende,
1554 3346 1797 3401 prospere
1821 3330 2044 3401 procede
2062 3372 2076 3397 ,
2107 3346 2190 3386 re-

605 3435 731 3488 gna,
761 3419 833 3473 ita
862 3425 918 3476 et
941 3420 1047 3475 hoc
1073 3419 1128 3473 in
1156 3419 1275 3475 loco
1298 3418 1535 3489 dignitas
1565 3428 1619 3473 et
1651 3418 1822 3490 gloria
1849 3419 2194 3477 commende-

608 3519 697 3565 tur
728 3510 1004 3576 Ecclesiae,
1035 3525 1159 3566 cum
1190 3511 1415 3566 devotus
1440 3510 1668 3581 populus
1696 3512 1764 3566 ad
1793 3526 1915 3567 eam
1944 3513 2189 3579 veniens,

606 3602 937 3672 deprecatur
964 3602 1018 3657 in
1053 3601 1394 3658 confessione
1436 3602 1560 3658 fidei
1599 3603 1806 3660 vultum
1835 3605 2004 3676 ipsius
2025 3646 2040 3673 ,
2071 3622 2193 3677 quae
2220 3666 2223 3669 λ

606 3704 689 3750 est
712 3695 903 3751 notitia
934 3703 991 3751 et
1015 3694 1236 3750 habitus
1264 3710 1329 3751 ac
1349 3695 1697 3766 pulchritudo
1726 3712 1868 3752 verae
1891 3696 2189 3769 religionis.

605 3786 737 3854 Qua:
761 3789 1017 3843 nimirum
1036 3788 1207 3859 gloria
1229 3797 1285 3844 et
1303 3789 1480 3844 honor
1498 3790 1563 3844 de
1578 3789 1780 3845 Christi
1802 3790 2014 3846 cultura
2039 3805 2195 3861 spon-

604 3895 680 3935 sa:
706 3881 893 3936 venire.
922 3880 1249 3937 declaratur.
1286 3880 1426 3954 Ergo
1451 3880 1626 3951 Tyrus
1657 3882 1851 3937 civitas
1878 3890 1963 3937 est
1984 3882 2113 3938 olim
2137 3883 2216 3944 in.-

604 3971 787 4026 medio
817 3971 1001 4033 maris,
1036 3988 1141 4027 non
1170 3971 1326 4042 longe
1351 3973 1419 4027 ab
1444 3971 1833 4043 Hierosolymis
1861 3974 2189 4040 constituta,

605 4062 674 4117 de
702 4077 809 4131 qua
840 4061 1009 4118 Isaias
1036 4063 1202 4118 multa
1231 4063 1485 4133 loquitur,
1520 4064 1573 4119 in
1605 4065 1773 4135 figura
1809 4066 1973 4120 totius
2001 4065 2190 4121 Eccle-

604 4154 719 4208 siae.
747 4154 893 4209 Inter
915 4164 1109 4210 caetera
1139 4156 1216 4209 ait
1244 4173 1256 4208 :
1290 4154 1429 4220 Quia
1450 4166 1602 4209 erunt
1641 4156 1902 4210 mercedes
1926 4156 2040 4226 ejus
2063 4172 2191 4211 san-

603 4247 848 4318 ctiﬁcata:
878 4248 1103 4304 Domino
1131 4247 1266 4317 (Isa.
1312 4263 1476 4313 χχιιι,
1508 4248 1629 4320 I8),
1662 4247 1805 4304 unde
1852 4248 1991 4304 ﬁlias
2032 4247 2193 4319 hujus

603 4340 860 4406 civitatis,
887 4357 1008 4411 qua:
1029 4342 1083 4396 in
1108 4339 1363 4396 fluetibus
1387 4339 1548 4409 hujus
1570 4340 1755 4395 szcculi
1783 4347 1895 4396 tota
1922 4348 2187 4405 versatur,

602 4434 818 4488 animas
848 4433 967 4493 vult
986 4431 1297 4503 signiﬁcare
1322 4432 1583 4497 ﬁdelium,
1618 4432 1704 4487 vel
1725 4432 1992 4503 speciales
2015 4432 2192 4488 eccle-

601 4525 714 4579 sias
733 4539 833 4593 per
855 4524 968 4578 loca
995 4524 1046 4577 in
1072 4523 1290 4578 Christo
1312 4522 1564 4578 fundatas
1600 4540 1614 4577 :
1652 4524 1778 4593 quia
1802 4539 1909 4578 non
1938 4522 2050 4578 sola
2075 4521 2187 4594 Ty-

600 4616 700 4666 tus
729 4611 866 4666 ﬁlias
896 4611 1154 4666 Ecclesia:
1184 4611 1334 4665 misit
1362 4611 1548 4666 ﬁdeles
1573 4653 1588 4677 ,
1616 4628 1803 4666 verum
1837 4613 1999 4667 etiam
2024 4613 2193 4668 totius

601 4705 789 4759 mundi
821 4705 886 4760 ad
922 4703 1135 4774 1292
1166 4692 1285 4758 eain
1320 4704 1550 4759 incurrit
1575 4707 1809 4760 aduuala
1843 4705 2150 4760 diversitas.

672 4780 820 4853 Inter
863 4814 999 4868 quas
1032 4798 1195 4852 etiam
1228 4796 1440 4852 Vesona
1463 4838 1476 4861 ,
1532 4814 1694 4868 quam
1723 4799 1981 4855 'incolitis
2004 4840 2020 4866 ,
2070 4816 2191 4871 qnze

601 4893 754 4964 prius
784 4891 1235 4947 meretrieabatur
1260 4899 1383 4960 post
1432 4890 1573 4945 idola
1617 4889 1992 4947 fornicationis
2017 4933 2033 4957 ,
2064 4876 2190 4948 eum

601 4985 921 5041 muneribus
950 4986 1117 5051 venit,
1145 4993 1201 5039 et
1229 4983 1367 5038 facta
1397 4991 1481 5039 est
1507 4983 1700 5049 ﬁdelis,
1730 5000 1851 5054 quae
1876 4983 2054 5041 fuerat
2079 4976 2213 5051 filiai

600 5072 883 5132 fortissimi
915 5074 1133 5129 diaboli.
1162 5073 1230 5129 Et
1257 5083 1317 5129 ut
1346 5090 1573 5131 cernere
1599 5077 1848 5146 potestis,
1881 5077 2023 5133 sicut
2054 5078 2191 5132 dixit

599 5168 790 5235 Isaias,
820 5169 1099 5224 mercech
1121 5166 1236 5237 ejus
1249 5166 1362 5237 jam
1385 5167 1741 5224 sanctiﬁcata:
1765 5177 1892 5223 sunt
1916 5169 2146 5226 Domino
2171 5187 2185 5224 :

601 5267 729 5337 quia
756 5275 865 5321 tota
891 5265 1153 5321 Ecclesiis
1176 5262 1381 5334 repleta
1411 5255 1598 5333 fulget,
1624 5270 1679 5319 et
1704 5260 1847 5318 facta
1870 5272 1955 5318 est
1971 5278 2191 5333 posses-

602 5359 685 5414 sio
713 5358 941 5431 piissimi
966 5356 1288 5420 Salvatoris,
1312 5370 1432 5425 quae
1458 5355 1633 5410 fuerat
1660 5353 1764 5408 ﬁlia
1787 5354 2110 5424 perditionis
2133 5363 2189 5410 et

599 5454 784 5524 praeda
830 5452 1142 5506 vastator-is.
1196 5450 1370 5505 Habet
1420 5463 1652 5517 namque
1684 5447 1750 5502 ad
1794 5447 2059 5501 orientem
2103 5448 2184 5502 sui

599 5562 749 5601 nunc
784 5552 962 5601 castra
1011 5545 1400 5599 monachorum
1432 5557 1555 5597 cum
1597 5541 1711 5596 suis
1741 5540 1946 5595 sanctis
1976 5540 2190 5596 confes-

602 5641 817 5695 sorihus
847 5647 1007 5708 atque
1037 5637 1399 5708 martyribus;
1432 5636 1497 5691 ad
1528 5636 1863 5690 occidentem
1897 5649 2027 5688 vero
2054 5649 2116 5689 ac
2143 5636 2189 5689 si

601 5739 728 5800 post
758 5739 965 5799 tergum
994 5739 1255 5792 vestrum,
1291 5729 1414 5782 tuba
1450 5728 1675 5782 resultat
1705 5724 1877 5780 sancti
1910 5725 2186 5795 Evangelii

606 5823 662 5879 in
682 5836 815 5877 voce
836 5822 1120 5887 mouentis,
1150 5822 1313 5892 ﬁtque
1335 5829 1393 5875 ut
1415 5819 1575 5875 nullis
1601 5819 1880 5873 fraudetur
1901 5816 2057 5873 donis
2077 5832 2188 5872 cm-

2216 4574 2273 4637 D

2298 3332 2359 3373 re
2383 3356 2399 3382 ,
2438 3314 2715 3372 Christum
2776 3318 3029 3375 erexistis
3085 3318 3141 3374 in
3201 3320 3456 3377 cordibus
3513 3321 3753 3387 vestris,
3797 3334 3874 3374 su-

2296 3407 2487 3463 xilium
2537 3408 2853 3479 angelorum
2899 3424 3006 3465 non
3054 3409 3258 3478 deerit,
3299 3413 3601 3470 secundum
3635 3413 3777 3483 quod
3809 3410 3873 3464 ait

2297 3497 2468 3554 David
2508 3516 2520 3552 :
2560 3498 2814 3555 Imminet
2849 3489 3079 3573 Angelus
3115 3502 3331 3559 Domini
3383 3503 3560 3574 (Psal.
3594 3503 3870 3573 nmt,8),

2296 3590 2387 3647 ille
2426 3591 2635 3647 scilicet
2677 3593 2860 3666 magni
2909 3594 3122 3651 consilii
3166 3596 3393 3668 angelus
3435 3600 3496 3653 in
3544 3601 3768 3655 circuitu
3811 3598 3870 3652 ti-

2296 3673 2548 3738 mentium
2578 3683 2794 3756 1293
2829 3700 2947 3740 eum
2970 3726 2985 3751 ,
3022 3696 3072 3741 et
3112 3687 3296 3759 eripiet
3330 3704 3438 3744 eos.
3466 3688 3755 3759 'Quoniam
3780 3688 3873 3745 nisi

2296 3772 2562 3830 Dominus
2596 3789 2717 3841 vos,
2751 3776 3127 3846 charissima,
3167 3780 3507 3849 custodierit,
3541 3781 3762 3840 Suessio
3785 3796 3867 3836 an—

2298 3871 2457 3934 gusta
2485 3904 2499 3929 ,
2551 3865 2676 3936 quia
2745 3866 2800 3921 in
2858 3868 3091 3924 circuitu
3140 3884 3423 3927 murorum
3478 3874 3797 3945 parvissima
3822 3881 3872 3927 et

2297 3954 2575 4010 destructa
2619 3964 2736 4024 est,
2767 3973 2800 4012 a
2828 3958 2979 4015 nullo
3012 3975 3111 4017 vos
3140 3961 3300 4018 hoste
3328 3962 3583 4020 salvabit.
3612 3965 3738 4023 Ideo
3761 3980 3871 4021 eon-

2296 4046 2448 4105 fidite
2475 4050 2599 4107 inde
2625 4052 2821 4124 magis,
2852 4053 2980 4123 quia
3012 4055 3080 4110 ad
3106 4069 3204 4121 vos
3230 4071 3406 4127 usque
3433 4066 3675 4129 potestas
3692 4062 3870 4131 pet-reo

2296 4140 2379 4196 nit
2398 4143 2595 4213 prima.
2614 4144 2747 4213 Quae
2768 4154 3011 4217 potestas
3034 4155 3119 4205 est
3136 4163 3363 4220 regnum
3378 4150 3505 4206 tilia:
3527 4151 3849 4209 Hierusalem

2296 4236 2553 4304 quoniam
2589 4255 2806 4309 regnum
2836 4239 2936 4295 Dei
2966 4241 3108 4295 intra
3148 4258 3238 4297 nos
3277 4252 3356 4298 est
3402 4242 3562 4315 (Luc.
3598 4260 3735 4310 xm,
3763 4242 3871 4314 21),

2295 4335 2351 4383 et
2380 4330 2447 4385 ad
2474 4344 2573 4387 vos
2599 4331 2891 4402 imperium
2919 4342 2972 4388 et
2999 4334 3338 4405 principatus
3365 4336 3489 4407 ejus
3506 4338 3768 4409 pervenit,
3789 4334 3872 4405 qui

2296 4418 2511 4475 dixerat
2542 4438 2555 4475 :
2586 4421 2699 4493 Ego
2724 4440 2840 4478 sum
2864 4446 2900 4481 α
2929 4435 2977 4480 et
3000 4448 3063 4491 ω,
3090 4427 3409 4497 principium
3433 4439 3487 4483 et
3517 4429 3661 4499 finis,
3688 4430 3874 4502 primas

2296 4521 2343 4566 et
2392 4514 2703 4569 novissimus
2755 4515 2944 4588 (Apoc.
2984 4534 3027 4583 ι,
3074 4518 3149 4591 8).
3202 4518 3429 4577 Habetis
3458 4537 3595 4594 ergo
3632 4521 3870 4579 etiamad

2300 4607 2581 4663 meridiem
2615 4608 2670 4662 in
2700 4619 2989 4681 prospectu
3011 4612 3239 4668 orientis
3258 4623 3479 4671 sanctos
3504 4626 3760 4688 martyres
3780 4610 3871 4667 Dei

2298 4706 2557 4769 patronos
2579 4710 2812 4765 vestros,
2827 4700 3134 4771 Crispinum
3159 4702 3369 4758 scilicet
3393 4713 3449 4759 et
3467 4704 3869 4778 Crispinisnum.

2299 4790 2607 4847 rubricatos
2654 4806 2755 4847 suo
2803 4801 2858 4848 et
2906 4793 3185 4849 dealbatos
3234 4796 3504 4865 sanguine
3544 4797 3763 4860 Christi,
3791 4792 3874 4863 qui

2297 4880 2441 4935 hanc
2484 4880 2782 4937 fundarunt
2810 4883 3086 4939 civitatem
3114 4885 3166 4939 in
3196 4884 3336 4951 ﬁde,
3367 4894 3425 4940 et
3463 4896 3723 4943 emerunt
3766 4897 3875 4940 esu.

2298 4971 2366 5026 de
2393 4972 2696 5043 praecipitio
2719 4975 2932 5030 mortis.
2956 4973 3087 5042 Qua:
3106 4990 3251 5030 nunc
3282 4975 3355 5029 ita
3383 4974 3544 5032 ﬂoret
3571 4978 3624 5032 in
3648 4974 3874 5037 Christo,

2298 5072 2359 5118 ut
2386 5063 2544 5134 plena
2570 5056 2823 5120 videatur
2846 5081 2970 5122 esse
2996 5066 3124 5121 liliis
3162 5075 3328 5137 atque
3352 5058 3519 5133 rosis,
3557 5084 3653 5140 pro
3691 5066 3878 5137 quibus

2298 5153 2389 5210 hic
2440 5156 2691 5212 Psalmus
2740 5159 2977 5213 canitur.
3035 5157 3315 5229 Siquidem
3376 5161 3554 5216 sancti
3619 5168 3879 5230 martyres

2295 5249 2489 5317 vestri,
2515 5260 2643 5306 sunt
2670 5265 2807 5307 rosa:
2832 5249 3073 5307 suaviter
3111 5250 3340 5317 olentes,
3388 5250 3790 5313 dilectissime;
3831 5256 3882 5301 et

2294 5358 2393 5400 vos
2423 5343 2555 5410 lilia,
2601 5344 2742 5399 unde
2788 5343 3097 5414 resplendet
3138 5344 3266 5400 hine
3292 5344 3419 5399 inde
3452 5353 3565 5400 tota
3589 5344 3801 5405 civitas,
3829 5345 3881 5393 et

2294 5435 2549 5491 lmtantur
2574 5438 2773 5509 angeli.
2801 5437 2910 5493 Ista
2940 5439 3106 5509 igitur
3121 5446 3249 5493 sunt
3268 5453 3497 5493 munera
3522 5451 3638 5508 quae
3654 5435 3884 5506 proban—

2295 5538 2384 5597 tur
2410 5531 2680 5586 divinitati
2705 5531 2932 5586 nimium
2961 5530 3298 5603 gratissima,
3328 5546 3451 5601 qua:
3477 5530 3637 5586 mittit
3670 5529 3880 5582 Vesana

2294 5624 2545 5692 Christo,
2590 5624 2718 5679 olim
2770 5624 2947 5679 dicata
2993 5624 3361 5690 dzemonihus,
3391 5639 3539 5679 nunc
3564 5626 3884 5678 consecrata

2261 5706 2407 5779 'Deo
2434 5734 2488 5779 et
2513 5724 2820 5780 consociata
2869 5723 3097 5794 angelis.
3137 5722 3194 5777 In
3233 5721 3390 5792 cujus
3415 5721 3618 5777 vultum
3660 5713 3882 5788 prospi-

2296 5817 2446 5873 ciunt
2499 5818 2773 5885 universi,
2816 5826 2874 5875 et
2897 5817 3281 5887 deprecantur,
3322 5823 3384 5871 ut
3425 5813 3667 5871 Pssimo:
3705 5806 3885 5875 canit,
