4048 6352
191 379 321 440 1049

1108 376 1468 435 EXPOSITIO
1505 378 1571 434 IN
1615 378 1945 436 PSALMUM
1987 380 2168 438 XLIV.
2207 415 2276 425 —
2314 382 2441 439 LIB.
2479 384 2562 438 Ill.

3330 386 3470 448 1050

190 497 347 552 etiam
365 510 490 551 cum
513 489 830 549 muneribus
847 501 1033 542 omnes
1051 487 1244 542 divites
1264 488 1438 558 plebis
1455 489 1772 553 Galliarum,
1806 491 1854 552 Λ
1882 493 1947 545 dc
1989 493 2092 548 ﬁde
2132 510 2236 548 non
2282 497 2403 549 ﬁcta
2444 503 2499 549 et
2530 496 2859 551 conscientia
2909 496 3048 552 bona
3107 500 3267 554 venit.
3314 499 3468 558 Unde

190 589 309 659 quia
350 589 418 644 de
457 587 599 643 rosis
628 582 862 656 gaudent
902 595 960 635 se
999 580 1364 636 vindemiassc
1397 581 1526 636 lilia.
1574 582 1778 636 Divites

188 691 365 737 autem
398 682 492 753 qui
516 684 845 735 venerantur
871 683 927 728 et
947 674 1307 743 deprecantur
1351 675 1555 730 Christi
1592 675 1778 730 Eccle-

187 777 320 833 siam
365 777 421 830 in
459 773 672 831 cunctis
713 769 968 840 operibus
1009 768 1188 831 bonis.
1237 779 1363 823 sunt
1409 769 1643 840 religiosi
1674 769 1776 824 viri

187 884 277 923 seu
311 867 528 931 divites,
553 865 645 934 qui
679 863 937 917 dicuntur
980 861 1253 930 sapientes
1296 861 1509 927 Steculi,
1541 861 1782 931 philoso-

185 959 416 1030 phorum
464 955 768 1026 disciplinis
798 952 1020 1018 eruditi,
1063 967 1293 1024 quorum
1323 952 1507 1022 adjuta
1548 953 1778 1024 eloquiis

185 1051 414 1106 multum
446 1051 497 1104 in
528 1048 800 1121 principio
843 1045 1048 1112 ﬂoruit,
1080 1062 1184 1100 una
1212 1063 1333 1102 cum
1363 1048 1532 1116 signis
1556 1056 1610 1102 et
1648 1064 1774 1118 pro-

184 1142 363 1211 digiis.
411 1141 519 1196 Sed
558 1149 612 1194 et
652 1138 851 1194 divites
882 1135 1052 1200 fuere,
1080 1137 1276 1207 quibus
1309 1139 1542 1219 primum
1571 1140 1774 1194 credita

183 1244 306 1290 sunt
332 1235 548 1304 eloquia
581 1234 701 1299 Dei,
731 1233 994 1288 habentes
1024 1233 1272 1287 notitiam
1303 1233 1631 1288 Testamenli
1659 1235 1774 1299 Dei,

181 1326 467 1381 scientiam
489 1326 872 1397 prophetarum
890 1334 945 1379 et
968 1334 1434 1381 sacramentorum
1451 1312 1808 1382 ctelestinm.‘

179 1416 330 1472 inter
381 1433 518 1487 quos
570 1417 806 1488 primum
856 1415 1172 1484 compulsus
1217 1415 1416 1470 Paulus
1463 1427 1518 1471 et
1563 1416 1772 1486 Apnllo,

180 1523 392 1564 necnon
417 1517 471 1563 et
495 1507 844 1578 quamplures
868 1506 978 1567 alii,
1004 1505 1170 1560 multa
1194 1522 1420 1561 munera
1445 1507 1774 1573 detulerunt,

180 1598 377 1667 quibus
408 1597 576 1652 ditata
607 1605 692 1651 est
730 1595 968 1650 Ecclesia
1000 1611 1065 1649 ex
1111 1594 1386 1666 gentibus,
1421 1598 1774 1664 deprecantes

179 1698 361 1743 tamen
390 1697 450 1742 ut
475 1688 850 1757 reciperentur
885 1685 951 1740 ad
984 1685 1143 1741 ﬁdem
1175 1685 1313 1739 inira
1350 1684 1550 1740 Christi
1589 1685 1775 1740 Eccle-

176 1784 332 1842 siam.
365 1790 632 1851 quatenus
662 1779 890 1835 salutem
935 1795 1095 1849 quam
1127 1778 1476 1848 perdiderant
1506 1779 1557 1833 in
1597 1778 1769 1850 Syna-

1884 585 2082 643 I’aulus
2111 589 2324 645 aiebat:
2359 587 2539 644 Gloria
2573 601 2752 644 nostra
2800 591 2910 644 lia'c
2957 601 3062 656 est,
3115 595 3468 649 testimonium

1883 681 2212 733 conscientia:
2257 690 2446 735 nostra:
2493 679 2591 750 (II
2635 681 2756 734 Cor.
2795 697 2848 746 ι,
2897 681 2984 752 1).
3036 681 3165 750 Quae
3211 683 3468 740 nimirum

1882 771 2050 842 gloria
2088 789 2192 827 non
2224 774 2372 827 venit
2400 773 2504 828 nisi
2539 773 2604 828 de
2634 774 2872 830 novitate
2895 775 3040 840 vitae,
3074 785 3129 831 et
3155 777 3469 832 indumento

1833 863 1837 866 “
1881 864 2142 919 virtutum
2164 906 2179 929 ,
2209 866 2403 935 quibus
2430 867 2606 920 omnis
2637 867 2813 921 anima
2845 867 3173 938 pulchrescit
3209 878 3264 924 et
3304 871 3467 925 deco-

1882 968 2054 1019 ratur.
2081 959 2132 1014 in
2157 976 2260 1029 qua
2285 961 2425 1015 Dens
2453 976 2549 1030 per
2574 960 2730 1016 ﬁdem
2759 962 3044 1028 inhabitat,
3073 973 3126 1018 et
3147 962 3471 1032 jocundatur

1883 1048 1936 1102 in
1970 1048 2298 1104 abundantia
2327 1051 2636 1106 charitalis.
2670 1051 2799 1118 Quae
2821 1053 3189 1122 pulchritudo,
3221 1054 3470 1124 quamvis

1881 1139 2014 1195 foris
2043 1141 2381 1212 resplendeat
2414 1143 2466 1196 in
2497 1143 2754 1214 operibus
2780 1145 2968 1209 bonis,
3000 1145 3146 1200 intus
3177 1154 3354 1200 tamen
3386 1154 3472 1201 est

1881 1230 1964 1285 vis
2013 1241 2067 1285 et
2114 1231 2277 1287 decor
2320 1233 2541 1287 amoris.
2601 1232 2758 1288 Unde
2811 1242 2867 1288 et
2911 1250 3122 1304 sponsae
3170 1235 3368 1290 dicitur
3413 1234 3468 1290 in

1881 1321 2122 1378 Canticis
2148 1323 2350 1390 :Quam
2377 1325 2600 1396 pulchra
2621 1342 2694 1390 es,
2719 1326 2890 1379 amica
2913 1344 3048 1391 mea,
3073 1345 3227 1398 quam
3250 1327 3468 1397 pulchra

1881 1414 1969 1468 es!
1996 1415 2136 1469 oculi
2162 1417 2240 1470 tui
2270 1416 2652 1482 columbarum,
2681 1419 2878 1489 absque
2902 1436 2961 1472 eo
2993 1420 3130 1489 quod
3156 1419 3470 1475 intrinsecus

1880 1505 2002 1560 latet
2033 1507 2208 1574 (Cant.
2236 1525 2275 1572 ι,
2305 1509 2414 1579 15).
2447 1508 2563 1563 Νοη
2590 1510 2766 1565 omnis
2794 1509 3033 1565 Ecclesia
3063 1510 3188 1565 licet
3229 1512 3468 1567 exterius

1885 1597 2100 1669 1295
2149 1601 2381 1671 gloriosa
2419 1602 2684 1674 refulgeat
2725 1612 2780 1658 et
2823 1604 3053 1669 decora,
3099 1604 3243 1659 intus
3287 1614 3466 1660 tamen

1878 1686 2157 1755 pulchrior
2187 1688 2404 1754 renitet,
2440 1690 2529 1745 ubi
2580 1689 2830 1746 Christus
2879 1692 3172 1753 inhabitat.
3202 1702 3256 1748 et
3285 1693 3466 1748 omnia

1877 1775 2138 1829 virtutum
2160 1787 2477 1832 ornamenta
2503 1779 2864 1848 resplendent.
2883 1780 2960 1834 Ex
2980 1797 3086 1850 quo
3103 1781 3228 1834 nulli
3249 1781 3466 1835 dubium

176 1889 309 1946 goga
361 1871 692 1935 Judaaorum,
744 1870 1051 1925 invenirent
1095 1868 1148 1925 in
1199 1868 1302 1923 ﬁde
1344 1870 1602 1939 gentium.
1635 1869 1773 1935 Quia
1804 1865 1850 1924 B
1878 1868 2022 1938 quod
2053 1870 2228 1923 omnis
2259 1869 2426 1937 gloria
2463 1869 2734 1932 Ecclesiae,
2771 1871 2854 1926 vel
2886 1872 3230 1942 pulchritudo
3273 1871 3465 1926 animat

174 1967 317 2021 sicut
352 1965 615 2019 Dominus
642 1971 896 2028 testatur,
926 1978 1027 2014 non
1067 1960 1272 2014 invenit
1298 1969 1499 2014 tantam
1531 1960 1687 2029 fidem
1717 1960 1771 2013 in

172 2057 349 2112 Israel
378 2056 595 2128 (Matth.
619 2070 739 2120 vnt,
777 2054 888 2125 i0),
920 2062 1179 2124 quantam
1215 2053 1266 2106 in
1300 2053 1571 2121 gentibus.

238 2151 509 2221 Sequitur
541 2168 553 2204 :
587 2148 773 2203 Omnis
803 2147 972 2217 gloria
1004 2147 1118 2217 ejus
1159 2145 1286 2215 filia:
1329 2145 1480 2215 Regis
1513 2145 1576 2198 ab
1606 2147 1767 2211 intus,

171 2242 223 2296 in
248 2241 482 2310 ﬁmbriis
513 2241 688 2293 aureis
730 2238 1123 2291 circumamicta
1161 2236 1521 2289 varietatibus.
1577 2235 1676 2290 Ubi
1717 2236 1769 2289 in

172 2332 448 2390 Hebraico
468 2331 630 2384 habet
656 2347 668 2382 :
698 2328 880 2382 Omnis
905 2327 1074 2396 gloria
1098 2326 1226 2394 filia:
1255 2323 1405 2394 Regis
1430 2323 1767 2386 intrinsecus,

170 2425 223 2478 in
252 2422 443 2492 fasciis
473 2420 671 2484 aureis,
697 2417 878 2472 vestita
902 2426 976 2470 est
1001 2417 1054 2469 in
1076 2414 1373 2468 scutulatis.
1407 2413 1541 2468 Nam
1572 2429 1672 2484 pro
1707 2429 1772 2468 eo

171 2514 316 2587 quod
354 2513 617 2585 scriptum
648 2520 753 2576 est,
785 2508 1084 2565 secundum
1117 2507 1470 2578 Septuaginta
1497 2507 1547 2560 in
1580 2505 1771 2562 Graeco

174 2605 398 2679 1294
425 2605 633 2662 ἔσωθεν.
669 2603 1033 2674 Hieronymus
1063 2601 1127 2654 ab
1168 2601 1308 2654 intus
1347 2599 1656 2664 transtulit,
1686 2600 1771 2654 vel

172 2700 530 2763 intrinsecus,
560 2704 615 2752 et
641 2696 839 2767 legisse
869 2710 928 2750 se
964 2692 1098 2749 dicit
1132 2692 1183 2746 in
1213 2693 1534 2762 quibusdam
1571 2693 1774 2749 codici.

171 2790 268 2844 bus
307 2803 418 2860 pro
442 2787 548 2842 hoc
577 2787 746 2842 verbo
779 2785 1013 2847 Esebon,
1051 2783 1194 2853 quod
1219 2782 1558 2853 cogitationes
1585 2793 1766 2839 sonat.

169 2880 246 2939 Ex
278 2895 398 2952 quo
429 2879 666 2936 ostendit
693 2891 910 2938 omnem
929 2875 1157 2946 gloriam
1181 2873 1454 2939 Ecclesiae,
1489 2875 1575 2928 cui
1605 2889 1771 2943 supra

171 2977 380 3034 dictum
427 2983 513 3030 est
541 2991 554 3027 :
588 2971 758 3036 Audi,
787 2970 922 3040 ﬁlia,
949 2980 997 3023 et
1033 2968 1167 3030 vide,
1198 2975 1252 3022 et
1287 2965 1330 3019 Ο
1361 2965 1475 3035 ﬁlia
1515 2963 1641 3036 Tyri
1680 2983 1771 3020 seu

169 3067 478 3138 fortissimi,
501 3080 661 3136 quam
705 3077 848 3118 nunc
890 3058 1125 3130 appellat
1155 3057 1318 3112 ﬁliam
1352 3057 1534 3128 Regis,
1572 3055 1772 3111 intrin-

171 3175 332 3217 secus
379 3171 503 3212 esse
545 3157 597 3212 in
638 3151 1084 3225 cogitationibus,
1123 3150 1177 3204 in
1227 3149 1485 3206 interiore
1515 3149 1770 3206 videlicet

170 3253 419 3316 homine,
455 3257 509 3306 et
560 3249 612 3303 in
662 3244 1082 3302 circumcisione
1127 3257 1235 3298 non
1285 3241 1614 3297 manufacta.
1647 3241 1774 3297 Vult
1801 3220 1846 3284 Ο

168 3343 222 3398 in
274 3343 480 3414 spiritu
531 3347 586 3396 et
633 3336 968 3395 conscientia
1039 3333 1241 3389 habere
1313 3331 1566 3388 ﬁduciam
1630 3333 1772 3404 apud

169 3435 343 3490 Deum
379 3476 392 3500 ,
464 3441 519 3487 et
583 3438 754 3486 totam
820 3423 1278 3497 pulchritudinem
1335 3423 1663 3479 intrinsecus
1718 3422 1771 3476 in

168 3537 358 3582 mente
389 3523 649 3596 positam,
680 3520 854 3590 magis
886 3519 939 3572 in
985 3517 1150 3571 tacita
1195 3514 1523 3585 cogitatione
1572 3513 1770 3580 cordis,

171 3635 337 3690 quam
369 3620 425 3672 in
457 3616 591 3671 ﬂore
613 3614 699 3669 vel
725 3611 1032 3682 eloquentia
1065 3608 1388 3673 verborum:
1411 3607 1504 3663 sed
1537 3607 1771 3676 Septua-

169 3713 318 3783 ginta
374 3709 544 3763 omnis
590 3706 760 3778 gloria
789 3704 904 3773 ejus
939 3701 1068 3770 ﬁlia:
1099 3715 1277 3770 regum
1320 3697 1384 3751 ab
1431 3698 1572 3750 intus
1617 3696 1768 3751 dixe-

170 3813 320 3867 runt,
357 3800 605 3854 volentes
635 3805 690 3852 et
731 3795 831 3866 ipsi
878 3791 1166 3848 ostendere
1201 3790 1344 3860 quod
1387 3787 1565 3844 omnis
1602 3786 1773 3860 gloria

166 3893 439 3952 Ecclesia:
461 3933 476 3957 ,
507 3889 596 3946 cui
643 3901 808 3957 supra
851 3883 1066 3938 dixerat
1095 3901 1109 3934 :
1140 3881 1314 3945 Audi,
1346 3878 1484 3949 ﬁlia,
1512 3889 1562 3933 et
1589 3895 1777 3933 concu-

167 3989 329 4058 piscet
371 4001 464 4038 rex
490 3983 729 4036 decorem
752 3988 922 4041 tuum,
956 3990 1051 4031 seu
1071 3981 1268 4028 caetera
1300 3989 1313 4024 :
1348 3971 1476 4042 ipsa:
1497 3979 1623 4026 sunt
1653 3969 1776 4026 ﬁliae

163 4077 510 4150 principium
563 4073 676 4128 sive
723 4069 1037 4138 iustorum,
1093 4078 1217 4119 cum
1275 4070 1663 4118 convertuntur
1707 4061 1775 4117 ad

165 4168 510 4231 Dominum,
553 4171 607 4218 et
657 4167 865 4218 secreta
908 4172 966 4213 se
1006 4155 1295 4212 devotione
1351 4152 1529 4209 cordis
1573 4151 1778 4223 jugiter

161 4261 418 4320 offerunt
439 4255 670 4312 Domino
694 4271 707 4307 :
739 4250 880 4323 quod
903 4247 1174 4320 signiﬁcat
1201 4260 1325 4301 cum
1352 4244 1489 4300 dicit
1518 4244 1583 4299 ab
1606 4245 1767 4300 intus.

165 4355 271 4412 Ubi
310 4367 429 4408 non
454 4364 593 4404 vana
621 4345 791 4419 gloria
838 4342 1152 4414 requiritur,
1183 4353 1289 4394 non
1318 4338 1612 4395 ostentatio
1645 4353 1777 4409 ope-

159 4463 289 4503 rum
377 4444 825 4500 demonstratur,
891 4449 998 4489 non
1065 4431 1445 4500 concrepantia
1511 4429 1774 4486 lahiorum

157 4537 500 4612 jactantium
565 4531 898 4593 meditatur,
958 4543 1063 4581 non
1119 4525 1228 4579 ulla
1297 4524 1504 4578 inﬂatio
1578 4525 1778 4578 mentis

1879 1958 2207 2015 intrinsecus
2235 1969 2338 2026 est,
2371 1961 2462 2015 ubi
2495 1961 2711 2015 habitus
2737 1963 2996 2016 virtutum
3021 1963 3227 2018 caelesti
3259 1963 3468 2032 sapien-

1879 2050 1952 2104 tia
1986 2049 2320 2117 illustratur,
2376 2061 2433 2106 et
2488 2052 2766 2106 renitescit
2822 2053 3105 2123 integritas
3163 2052 3464 2106 charitalis.

1877 2139 2144 2206 Quoniam
2171 2182 2185 2206 ,
2237 2151 2294 2195 ut
2337 2141 2653 2212 philosophi”
2681 2142 2900 2207 dicunt,
2930 2143 3104 2198 virtus
3134 2153 3215 2197 est
3253 2140 3467 2196 habitus

1878 2233 2044 2287 animi
2076 2234 2126 2286 in
2166 2234 2381 2288 modum
2414 2243 2644 2298 naturre,
2684 2233 2880 2288 rationi
2926 2250 3143 2312 semper
3185 2244 3468 2288 consenta-

1876 2338 2030 2378 neus.
2065 2323 2132 2378 Et
2172 2324 2291 2379 ideo
2329 2325 2396 2378 ab
2425 2325 2590 2389 intus,
2621 2325 2672 2378 in
2706 2339 2811 2394 quo
2839 2325 2980 2380 Deus
3007 2333 3113 2389 est,
3147 2325 3285 2380 sicut
3314 2327 3467 2398 origo

1875 2424 1961 2469 est
2015 2416 2275 2469 virtutum
2325 2423 2377 2468 et
2431 2413 2550 2469 fons
2598 2415 2892 2480 bonitatis,
2941 2417 3012 2470 ita
3070 2417 3249 2471 omnis
3297 2418 3466 2486 gloria

1875 2506 2072 2561 exinde
2099 2516 2153 2560 et
2181 2507 2400 2561 claritas
2426 2505 2792 2562 fructiﬁcatur
2822 2517 2876 2562 et
2915 2509 3112 2563 crescit
3134 2507 3286 2563 foris.
3316 2509 3468 2566 Unde

1877 2595 2112 2650 dicitur:
2145 2595 2296 2651 Sicut
2345 2607 2521 2652 cortex
2570 2597 2696 2652 mali
2731 2599 2908 2668 punici
2944 2615 3088 2668 gena:
3118 2606 3246 2664 tua’,
3277 2599 3471 2671 absque

1875 2703 1937 2742 eo
1962 2687 2103 2757 quod
2143 2689 2455 2743 intrinsecus
2482 2688 2607 2743 latet
2642 2679 2822 2760 (Cant.
2855 2705 2929 2756 vt,
2958 2692 3034 2758 7).
3067 2689 3202 2758 Quia
3234 2692 3286 2745 in
3319 2693 3470 2763 genis

1877 2781 2020 2851 quod
2044 2782 2286 2835 exterius
2325 2782 2512 2848 rubet;
2541 2783 2608 2837 ab
2636 2783 2781 2837 intus
2812 2784 3052 2839 nascitur
3078 2793 3136 2838 ut
3164 2784 3372 2848 rubeat,
3401 2800 3468 2839 ex

1877 2886 1944 2926 eo
1983 2873 2126 2940 quod
2179 2872 2406 2928 interius
2447 2873 2578 2928 vivit
2621 2882 2673 2928 et
2725 2874 2905 2944 viget:
2940 2883 2993 2929 et
3038 2874 3159 2930 ideo
3205 2875 3467 2940 exterius,

1879 2965 2008 3020 dum
2057 2965 2158 3020 ista
2187 2966 2476 3021 marcescit
2521 2965 2896 3036 pulchritudo,
2929 2968 3156 3023 interius
3198 2976 3282 3023 est
3324 2967 3468 3038 quod

1876 3056 2033 3118 vivit,
2064 3057 2206 3112 unde
2255 3059 2366 3111 vita
2419 3057 2472 3111 in
2523 3057 2677 3128 fruge
2707 3068 2956 3124 maneat,
2984 3069 3036 3113 et
3062 3059 3205 3129 quod
3232 3060 3470 3115 exterius

1878 3146 2095 3212 decidit,
2114 3148 2182 3202 ab
2205 3163 2271 3204 eo
2294 3148 2434 3218 quod
2457 3149 2785 3205 intrinsecus
2808 3160 2912 3215 est,
2940 3152 3086 3205 vivat
3105 3151 3466 3221 pulcherrime

1878 3249 1931 3294 et
1978 3249 2280 3310 reparetur.
2332 3240 2696 3310 Quapropter,
2728 3241 3095 3306 charissima,
3126 3242 3470 3298 considerate

1877 3329 2164 3399 diligenter
2185 3331 2527 3386 vocationem
2550 3340 2805 3395 vestram,
2831 3329 3082 3386 discutite
3105 3332 3470 3387 conscientias

1877 3429 2122 3486 vestras,
2171 3421 2298 3489 quia
2342 3420 2488 3475 nulla
2535 3428 2622 3475 est
2662 3435 2790 3475 vera
2826 3420 3033 3493 gloria,
3080 3422 3184 3477 nisi
3233 3437 3354 3492 quae
3399 3423 3467 3477 de

1877 3513 2094 3580 propria
2145 3510 2295 3566 venit
2355 3511 2712 3567 conscientia.
2777 3511 2916 3566 Sunt
2973 3512 3117 3567 enim
3174 3514 3469 3583 prudentes

1876 3602 2136 3673 virgines,
2168 3610 2295 3658 sunt
2319 3611 2376 3658 et
2405 3601 2587 3670 fatuae,
2615 3618 2845 3672 quarum
2876 3603 2992 3658 laus
3021 3604 3290 3659 interdum
3327 3603 3464 3660 falsa

1875 3697 2057 3767 potius
2089 3707 2172 3753 est
2210 3712 2373 3768 quam
2399 3712 2552 3762 vera,
2585 3696 2820 3751 maxime
2844 3712 3030 3752 earum
3061 3712 3198 3768 quas
3230 3705 3284 3750 et
3311 3703 3470 3752 ornat

1877 3787 2062 3860 lingua
2114 3788 2484 3854 adulantium,
2535 3798 2590 3844 et
2637 3788 2873 3844 delectat
2919 3805 3052 3843 vana
3099 3789 3288 3861 gloria.
3333 3788 3471 3845 Hinc

1880 3895 2012 3951 rogo
2050 3882 2245 3952 probet
2283 3895 2344 3937 se
2373 3883 2528 3952 virgo
2573 3880 2768 3936 devota
2791 3920 2806 3944 ,
2849 3879 3005 3949 juxta
3035 3880 3374 3950 Apostolum,
3411 3889 3470 3937 et

1880 3969 1960 4025 sic
1992 3969 2046 4024 in
2077 3970 2372 4042 semetipsa
2409 3971 2636 4042 gloriam
2676 3969 2917 4038 habebit,
2944 3979 3000 4026 et
3026 3987 3132 4028 non
3175 3971 3229 4026 in
3267 3971 3464 4040 altero;

1881 4062 2140 4132 quoniam
2169 4063 2543 4132 unusquisque
2569 4063 2638 4118 de
2663 4062 2997 4120 conscientia
3021 4063 3238 4134 propria
3261 4061 3472 4131 judica-

1881 4154 2050 4210 bitur.
2109 4154 2265 4211 Unde
2316 4155 2486 4210 David
2537 4155 2685 4211 canit
2725 4172 2740 4209 :
2794 4152 3152 4210 Exsultabunt
3203 4156 3370 4210 sancti
3415 4156 3471 4209 in

1879 4244 2074 4315 gloria,
2117 4244 2440 4299 ltetabuntur
2465 4246 2520 4300 in
2547 4244 2804 4300 cubilibus
2827 4245 2937 4300 suis
2969 4244 3142 4317 (Psal.
3177 4261 3358 4311 chtx,
3389 4245 3466 4316 5).

1880 4334 2023 4405 Ergo
2040 4335 2388 4390 exsultabunt
2414 4335 2465 4390 in
2494 4335 2666 4407 gloria
2687 4352 2847 4406 quam
2874 4350 3091 4408 semper
3118 4337 3263 4392 intus
3284 4339 3468 4403 corde,

1882 4428 1983 4482 sub
2013 4442 2108 4498 spe
2138 4437 2354 4482 aeterna:
2374 4427 2748 4482 retributionis
2772 4428 3096 4482 habuerunt.
3121 4426 3473 4488 Laetabuntur

1884 4517 1937 4571 in
1983 4517 2252 4572 cubilibus
2299 4518 2441 4582 suis,
2493 4517 2549 4572 in
2597 4518 2795 4588 quibus
2839 4533 2907 4573 ex
2951 4519 3089 4574 bona
3138 4519 3470 4574 conscientia

160 4585 764 4694 {ggagvs—cdﬂﬁuus
797 4585 1026 4676 ίηιέι-Ῑοιο
1053 4619 1217 4674 Ιιοιῃο
1255 4618 1418 4672 tacita
1452 4617 1772 4684 intentione,
1803 4585 1858 4645 Β
1884 4608 2202 4662 innocenter
2250 4622 2432 4662 coram
2481 4608 2592 4662 Deo
2645 4607 3037 4664 lructillcantes
3081 4609 3353 4664 vixerunt.
3402 4609 3470 4664 Et

160 4740 285 4796 quae
335 4724 455 4778 Deo
482 4719 683 4791 placita
714 4725 841 4771 sunt
870 4712 1128 4778 revolvit,
1165 4710 1502 4766 solummodo
1543 4725 1609 4764 ea
1654 4726 1776 4781 qua:

155 4819 227 4873 ad
277 4817 474 4872 divina
513 4811 667 4867 novit
709 4809 984 4880 pertinere
1032 4805 1330 4877 mysteria,
1379 4805 1676 4860 delectatur
1720 4813 1776 4860 et

157 4913 299 4984 agit,
337 4907 492 4981 quod
518 4906 683 4961 nullis
707 4902 956 4959 convenit
989 4901 1161 4972 magis
1183 4916 1343 4970 quam
1370 4899 1463 4954 Dei
1489 4899 1774 4964 ministris,

155 5004 253 5074 qui
288 5001 478 5056 sacris
508 4996 770 5051 altaribus
798 4993 1112 5049 deserviunt
1136 5000 1192 5046 et
1222 4991 1424 5046 sanctis
1452 4990 1771 5062 virginibus,

156 5097 293 5169 quia
313 5102 534 5166 quanto
555 5091 917 5163 proximiores
937 5087 1049 5141 Deo
1068 5086 1344 5148 videntur,
1362 5092 1511 5138 tanto
1529 5084 1777 5154 puriores

153 5207 288 5249 esse
317 5188 534 5244 debent
561 5187 726 5239 etiam
759 5182 1108 5246 intrinsecus,
1147 5194 1268 5234 cum
1299 5178 1500 5248 quibus
1531 5184 1779 5231 versatur

155 5284 339 5342 Deus.
376 5279 635 5348 Alioquin
665 5291 862 5346 sponsa
889 5273 1115 5336 Christi,
1145 5271 1414 5341 quomodo
1459 5269 1604 5324 dicat
1649 5267 1776 5322 illud

153 5379 224 5432 de
261 5372 527 5431 Canticis
559 5389 571 5422 :
606 5368 908 5423 Introduxit
955 5383 1036 5419 me
1076 5363 1188 5418 Rea:
1217 5365 1271 5417 in
1302 5361 1597 5417 cubiculum
1623 5377 1775 5415 suum

154 5467 378 5540 (Cant.
437 5481 473 5528 I,
534 5461 659 5532 14).
715 5460 831 5515 Non
880 5459 1024 5512 enim
1065 5455 1369 5512 cubiculum
1423 5455 1555 5508 tanti
1611 5452 1779 5524 Regis

150 5559 464 5614 adulteras
515 5553 740 5622 suscipit
780 5552 984 5605 amicas
1023 5559 1076 5603 et
1121 5547 1291 5603 foedas
1317 5547 1370 5601 in
1402 5546 1774 5601 conscientia:

148 5648 447 5720 quoniam
476 5660 596 5714 quae
620 5651 748 5698 sunt
778 5643 830 5696 in
865 5642 1028 5696 corde
1068 5639 1344 5693 hominum
1395 5653 1606 5707 semper
1635 5635 1777 5691 oculi

145 5741 281 5807 ejus
331 5736 556 5799 vident,
583 5745 639 5790 et
671 5734 980 5790 considerat
1025 5733 1298 5786 universa.
1345 5731 1552 5786 Idcirco
1599 5731 1778 5786 omnis

145 5830 346 5906 gloria
385 5841 597 5896 sponsa?
629 5824 810 5894 Regis,
843 5839 1005 5896 quam
1053 5837 1214 5893 supra
1244 5823 1356 5892 ipse
1402 5821 1566 5877 ﬁliam
1600 5829 1775 5889 vocat,

1885 4699 2184 4754 notandum
2211 4700 2355 4768 quod
2381 4699 2456 4752 ait
2491 4716 2503 4750 :
2539 4696 2696 4754 Filia:
2719 4715 2896 4770 regum
2924 4700 2989 4753 ab
3018 4701 3183 4761 intus,
3211 4701 3335 4769 quia
3369 4699 3469 4753 ista

1884 4789 2084 4846 locutio
2107 4807 2381 4861 nunquam
2406 4792 2458 4846 in
2479 4792 2829 4848 saecularibus
2856 4793 3087 4849 habetur
3112 4793 3330 4859 litteris,
3373 4793 3469 4850 sed

1885 4885 2029 4939 inter
2049 4884 2263 4954 propria
2289 4883 2421 4955 legis
2450 4883 2645 4939 divina:
2671 4895 3097 4940 connumeratur
3126 4884 3362 4956 eloquia.

1959 4976 2216 5046 Sequitur
2262 4995 2274 5030 :
2311 4979 2376 5030 In
2419 4975 2643 5045 fimbriis
2677 4978 2854 5031 aureis
2882 4978 3277 5031 circumamicta
3303 4977 3470 5032 varie-

1883 5077 2010 5122 tate.
2040 5065 2423 5121 Verumtamen
2469 5066 2524 5121 in
2569 5066 2835 5122 Hebraico
2883 5068 3116 5122 habetur
3146 5084 3159 5121 :
3191 5065 3260 5121 In
3288 5066 3469 5136 fasciis

1884 5161 2058 5215 aureis
2082 5161 2263 5214 vestita
2287 5171 2359 5214 est
2396 5161 2448 5214 in
2482 5159 2778 5214 scutulatis.
2811 5158 2911 5215 Ubi
2947 5159 3076 5214 licet
3104 5159 3315 5216 diversa
3361 5159 3472 5215 sint

1883 5256 2072 5317 verba,
2104 5264 2281 5308 tamen
2317 5269 2454 5308 unus
2482 5263 2566 5308 est
2594 5267 2803 5318 sensus,
2842 5253 2935 5306 sed
2958 5250 3120 5306 latior
3144 5262 3200 5308 et
3233 5253 3472 5308 admira-

1882 5347 2031 5402 bilis.
2062 5346 2196 5401 Nam
2230 5348 2457 5402 iimhrizc
2485 5346 2852 5416 quarumlibet
2879 5345 3110 5400 vestium
3137 5347 3203 5401 de
3237 5347 3470 5403 stamine

1884 5455 2098 5511 semper
2123 5441 2458 5509 dependent,
2487 5440 2539 5493 in
2569 5454 2675 5508 quo
2705 5439 2989 5492 subtemen
3021 5439 3301 5494 intexitur.
3331 5438 3468 5494 Nam

1883 5543 1992 5588 tota
2041 5535 2346 5588 vestimenti
2396 5534 2570 5587 virtus
2614 5533 2667 5586 in
2716 5531 2946 5586 stamine
2992 5531 3243 5598 habetur,
3284 5547 3314 5585 a
3361 5545 3470 5601 quo

1883 5627 2222 5682 ﬁmbriarum
2268 5625 2614 5695 pulchritudo
2658 5624 2959 5678 descendit.
2998 5623 3104 5680 Sed
3135 5641 3256 5681 cum
3289 5639 3470 5680 aureae

1883 5720 2157 5784 dicuntur,
2208 5718 2440 5773 divinior
2485 5732 2679 5772 sensus
2727 5717 3108 5772 introducitur.
3161 5718 3296 5786 Quia
3345 5732 3471 5773 cum

1883 5813 2133 5883 superius
2163 5812 2350 5883 regina
2395 5812 2450 5866 in
2496 5810 2695 5890 vestitu
2737 5811 3000 5869 deaurato
3025 5820 3202 5884 astare
3255 5808 3473 5884 1296

2537 5985 2568 6020 ζ.

2586 6020 2618 6038 δ
