4048 6352
574 336 717 403 i051

1422 329 1488 388 5.
1516 329 1879 390 HSGHASII
1918 326 2266 386 RADBERTI
2302 326 2591 383 ABllATlS
2630 323 3077 384 CORllElENSlS

577 450 810 517 dicatur,
841 449 932 507 hic
958 449 1185 505 ﬁmbriae
1214 446 1455 518 ejusdem
1481 448 1649 503 vestis
1674 461 1855 502 aurea:
1880 446 2155 517 leguntur.
2178 444 2237 505 Δ
2528 457 2657 511 qua
2686 457 2852 513 aqua
2884 446 3081 510 pom
3120 443 3513 495 tim
3532 434 3746 491 hinc
3766 433 3846 492 ἂ-

579 540 659 599 Ex
709 558 816 614 quo
853 542 1209 615 intelligitur,
1247 541 1371 611 quia
1424 540 1720 611 perfectior
1769 547 1825 594 et
1872 538 2165 610 pretiosior

580 649 796 706 semper
822 649 943 691 esse
972 634 1133 689 debet
1161 634 1283 688 linis
1316 634 1441 688 vitze
1469 650 1629 703 quam
1660 633 2007 703 principium.
2042 632 2165 686 Haec

580 727 777 799 quippe
803 726 988 789 vestis,
1015 727 1141 780 dum
1169 727 1275 781 vita
1306 726 1541 782 hominis
1563 742 1726 797 super
1755 733 1953 779 terram
1984 742 2166 780 versa~

583 827 713 883 tur,
771 833 986 888 semper
1042 817 1263 872 texitur.
1317 818 1470 873 [inde
1514 818 1849 874 amarissime
1908 818 2166 873 Ezechias

581 908 743 963 ﬁebat
773 909 961 965 dicens
990 927 1003 963 :
1040 907 1273 965 Pra’cisa
1297 922 1395 974 est,
1422 909 1554 964 velut
1577 928 1609 964 a
1639 921 1858 970 texente,
1892 912 1995 964 rita
2029 927 2164 978 mea,

582 1000 707 1054 dum
739 1001 911 1055 adhuc
938 1000 1143 1055 ordirer
1183 1001 1318 1073 (lsa.
1351 1018 1582 1067 xxxvnt,
1617 1001 1702 1073 12)
1726 1043 1739 1067 ,
1769 1001 2077 1072 signiﬁcans
2108 1017 2169 1057 se

584 1092 927 1148 immaturius
960 1094 1085 1148 hinc
1113 1094 1311 1149 iturum
1350 1092 1503 1161 iuxta
1538 1093 2013 1149 comminationcm
2043 1109 2169 1165 pro-

581 1185 777 1255 pbctze,
822 1202 983 1257 quam
1016 1196 1133 1242 erat
1162 1187 1213 1241 in
1243 1196 1401 1242 :etate
1433 1188 1699 1253 hominis;
1732 1204 1825 1243 seu
1870 1189 1921 1243 in
1963 1197 2168 1244 aeterno

584 1274 678 1330 Dci
704 1276 955 1343 consilio,
973 1277 1017 1333 si
1044 1276 1215 1332 abiret
1236 1277 1386 1349 prius
1408 1294 1569 1350 quam
1595 1296 1660 1335 ex
1690 1280 1779 1334 illo
1801 1281 2169 1352 generationis

586 1365 789 1422 Christi
839 1369 972 1423 ordo
1026 1377 1321 1424 tereretur.
1376 1369 1579 1425 Idcirco
1629 1387 1729 1442 per
1775 1372 2013 1427 ﬁmbrias
2060 1375 2166 1429 vita

583 1451 864 1508 hominum
882 1455 1221 1527 significatur
1239 1467 1504 1522 extrema,
1522 1474 1681 1529 quam
1705 1475 1811 1514 non
1832 1460 2167 1526 dcauratam,

585 1553 648 1599 ut
673 1560 834 1614 supra
876 1547 1044 1600 vestis
1081 1546 1244 1602 fuisse
1275 1558 1629 1615 monstratur,
1664 1550 1756 1605 sed
1797 1568 2018 1606 auream
2050 1567 2170 1608 esse

504 1698 507 1701 _
586 1641 750 1688 totam
780 1636 976 1691 debere
1015 1639 1335 1694 ostenditur.
1380 1639 1513 1707 Quia
1543 1641 1594 1695 in
1624 1640 1729 1696 ﬁne
1758 1642 1881 1697 vit:e
1914 1652 2020 1698 tota
2048 1660 2171 1714 per-

583 1723 746 1783 fectio
795 1729 999 1784 amoris
1041 1730 1135 1785 Dei
1186 1732 1465 1801 quaeritur.
1516 1731 1933 1790 Circumamicta
1988 1744 2167 1793 tamen

583 1820 868 1889 varietate,
897 1832 1118 1894 propter
1144 1825 1326 1880 varias
1349 1826 1580 1882 virtutes
1605 1827 1862 1891 ﬁdelium,
1893 1845 2029 1899 quas
2051 1829 2166 1900 jam
2195 1800 2243 1861 Β

584 1926 743 1983 supra
771 1922 985 1968 constat
1009 1915 1301 1984 expositas.
1328 1914 1535 1983 Quibus
1554 1916 1740 1971 induta
1763 1917 2170 1978 diversitatibus

582 2001 787 2073 Regina
803 2003 968 2074 Regis
989 2003 1117 2070 ﬁlia,
1137 2006 1317 2061 anima
1333 2006 1581 2063 videlicet
1602 2008 1705 2062 ﬁde
1719 2008 1920 2066 Christi
1948 2011 2168 2077 vcsrita,

587 2106 811 2149 necesse
852 2103 936 2150 est
968 2096 1169 2151 amictu
1219 2096 1473 2164 discolor,
1512 2098 1673 2154 sicuti
1702 2108 1757 2155 et
1797 2100 2037 2157 Ecclesia
2078 2119 2170 2158 ca-

583 2183 784 2240 tholica
822 2187 1108 2242 vestiatur.
1143 2188 1268 2245 llmc
1296 2205 1530 2260 namque
1562 2200 1647 2247 est
1671 2193 1837 2249 vestis
1869 2192 1957 2248 illa
1993 2195 2167 2266 signi-

586 2275 768 2342 licata,
800 2292 907 2349 qua
934 2279 1267 2335 vestiebatur
1312 2279 1526 2346 Aaron,
1565 2298 1686 2352 quae
1715 2299 1871 2348 auro,
1906 2298 2165 2355 purpura,

583 2364 767 2438 bysso,
794 2384 963 2427 cocco
989 2380 1043 2425 et
1074 2372 1367 2443 hyacintho
1393 2381 1651 2431 contexta
1679 2374 1845 2432 fuisse
1866 2376 2167 2435 divinitatis

583 2458 927 2529 praedicatur.
957 2460 1130 2529 Quam
1169 2478 1300 2519 sane
1334 2472 1539 2520 vestem
1570 2467 1813 2538 mysticis
1836 2476 2168 2525 ornaverunt

584 2551 944 2607 sacramentis
993 2551 1280 2619 mulieres,
1324 2555 1520 2625 quibus
1561 2557 1704 2614 Deus
1753 2558 1821 2615 ad
1876 2560 2167 2616 texendum

584 2638 730 2695 dedit
779 2642 1121 2714 sapientiam.
1168 2645 1226 2701 In
1278 2662 1385 2717 qua
1436 2648 1605 2703 multa
1649 2650 1991 2722 praeﬁgurata
2043 2660 2169 2708 sunt

581 2730 763 2788 divina
806 2737 1087 2808 mysteria.
1130 2737 1249 2808 Ipsa
1284 2748 1367 2795 est
1396 2741 1561 2796 etiam
1608 2749 1664 2796 et
1714 2744 1895 2798 tunica
1948 2742 2166 2808 talaris,

579 2837 687 2894 qua
737 2824 1065 2883 induebatur
1113 2827 1347 2901 Joseph,
1382 2816 1544 2902 quam
1579 2832 1629 2886 ei
1671 2833 1949 2888 contexuit
1994 2844 2169 2889 mater

580 2912 847 2973 Ecclesia.
887 2918 962 2973 De
1003 2918 1232 2991 hujusce
1278 2921 1531 2989 ﬁmbriis,
1563 2939 1726 2978 unam
1755 2925 1930 2996 tetigit
1975 2924 2169 2981 mulier

580 3006 671 3064 illa
701 3023 768 3064 ex
796 3009 1117 3082 Evangelio,
1147 3027 1268 3083 quae
1298 3015 1570 3085 sanguinis
1617 3017 1813 3085 [iumen
1849 3016 2167 3087 patiebatur.

581 3098 736 3171 Quod
763 3109 943 3156 autem
962 3101 1117 3174 juxta
1148 3102 1473 3160 llebraicum
1504 3124 1516 3160 :
1553 3103 1761 3161 Fasciis
1784 3110 1959 3162 aureis
1983 3108 2165 3163 vestita

2266 532 2425 593 citur.
2462 534 2550 588 ubi
2578 549 2609 586 a
2650 547 2865 588 summo
2890 528 3147 602 pontiﬁce
3176 526 3465 592 rationale,
3499 525 3554 581 in
3581 540 3692 595 quo
3735 531 3847 583 erat

2265 622 2511 678 doctrina
2549 633 2599 679 et
2631 625 2851 689 veritas,
2883 623 3220 694 portabatur.

2345 717 2490 773 Nihil
2517 718 2680 787 igitur
2707 716 2887 770 minus
2912 722 3091 786 portat
3118 714 3269 783 virgo
3289 710 3513 775 Christi,
3546 726 3669 781 quae
3699 726 3851 780 spon-

2267 831 2384 871 sum
2415 822 2469 868 et
2499 812 2837 867 Salvatorcm
2890 825 3044 864 suum
3094 807 3235 878 gerit
3282 807 3334 860 in
3364 814 3607 874 pectore,
3650 814 3706 859 et
3743 804 3853 859 ideo

2268 908 2451 964 fasciis
2476 905 2958 976 intelligentiarnm
2984 902 3165 958 aureis
3192 909 3468 974 teguntur,
3492 910 3548 954 et
3564 899 3855 954 obvolvun-

2268 1015 2356 1059 tur
2385 1005 2435 1059 in
2464 1018 2528 1057 eo
2559 1001 2740 1057 divina
2769 1007 3132 1063 sacramenta,
3177 997 3321 1051 intus
3354 995 3408 1051 in
3453 995 3639 1050 animo
3667 1011 3854 1048 recon-

2268 1099 2399 1161 dita,
2428 1098 2517 1152 ubi
2562 1095 2693 1149 ﬁdes
2725 1092 2952 1165 virginis
2977 1100 3082 1157 est,
3124 1088 3428 1146 sacrarium
3478 1096 3537 1143 ει
3573 1087 3856 1140 thesaurus

2270 1190 2499 1244 dilectio.
2536 1186 2668 1256 Quia
2702 1185 2748 1240 si
2793 1183 2998 1239 deliciae
3027 1181 3304 1254 sapientia:
3350 1186 3496 1243 sunt,
3523 1187 3581 1231 ut
3617 1177 3733 1248 ipsa
3785 1175 3857 1229 fa-

2270 1291 2413 1338 tetur
2457 1296 2555 1352 per
2587 1278 2955 1341 Salomoncm,
2993 1290 3114 1329 esse
3158 1288 3281 1329 cum
3326 1270 3664 1333 hominibus,
3698 1268 3857 1322 multo

2267 1372 2441 1443 magis
2467 1369 2673 1425 delicia:
2699 1367 2905 1438 sponsi,
2936 1365 3026 1438 qui
3050 1372 3135 1421 est
3165 1365 3280 1437 ipsa
3308 1363 3403 1417 Dei
3434 1362 3615 1416 Patris
3648 1362 3858 1431 sapien-

2273 1463 2364 1530 tia,
2409 1463 2707 1518 creduntur
2751 1475 2873 1514 esse
2914 1474 3036 1515 cum
3066 1456 3196 1526 ipsis
3227 1465 3285 1510 ιιι
3324 1454 3554 1509 reddant
3592 1460 3719 1506 vota
3764 1466 3854 1505 sua

2270 1554 2402 1620 Deo,
2432 1562 2489 1608 ut
2518 1551 2839 1625 perveniant
2864 1566 2981 1604 cum
3014 1546 3362 1603 exsultatione
3381 1554 3654 1618 portantes
3690 1542 3856 1597 inani-

2267 1646 2420 1718 pulos
2448 1662 2570 1700 suos
2600 1646 2654 1700 in
2680 1642 2937 1715 templum
2970 1639 3136 1714 Regis
3166 1637 3339 1711 (Psal.
3370 1654 3532 1701 cxxv,
3578 1636 3656 1707 6).
3690 1635 3857 1689 Porro

2270 1732 2337 1790 ad
2371 1736 2627 1806 templum
2656 1734 2737 1790 sic
2767 1733 3127 1795 adducantur,
3166 1739 3225 1784 ut
3272 1729 3589 1784 sacerdotes
3619 1727 3763 1791 sint;
3795 1724 3855 1780 ad

2271 1826 2564 1882 thalamum
2613 1842 2743 1882 vero
2792 1823 2979 1895 Regis,
3024 1821 3164 1877 sicut
3213 1836 3426 1891 sponsae
3470 1827 3527 1874 et
3574 1817 3850 1889 coniuges.
3921 1872 3935 1888 ,

2270 1916 2384 1972 lmo
2410 1932 2477 1972 ex
2524 1916 2774 1972 omnibus
2812 1924 2870 1969 ut
2917 1930 3111 1984 sponsa
3141 1920 3194 1967 et
3221 1909 3416 1981 coniux
3452 1926 3557 1965 una
3586 1911 3657 1966 sit
3686 1912 3852 1981 virgo.

2270 2006 2386 2063 Hoc
2416 2008 2618 2079 quippe
2639 2004 2898 2076 templum
2927 2016 3010 2059 εει
3042 2003 3183 2075 quod
3215 2001 3451 2059 Joannes
3475 2001 3609 2055 vidit
3639 2001 3694 2055 in
3720 2002 3855 2069 Apo-

2269 2100 2469 2173 calypsi
2514 2115 2631 2156 sua.
2672 2098 2737 2154 Et
2776 2098 3046 2168 Propheta
3097 2094 3267 2150 dicit:
3296 2092 3468 2149 Unam
3519 2093 3643 2164 petii
3684 2111 3718 2146 a
3761 2090 3855 2145 Do-

2269 2197 2410 2247 mino
2448 2193 2583 2247 hanc
2626 2190 2909 2260 requiram,
2958 2197 3013 2241 ut
3054 2185 3281 2239 habitem
3328 2186 3383 2237 in
3421 2184 3578 2237 domo
3624 2181 3853 2246 Domini,

2268 2283 2507 2338 erunibus
2535 2279 2715 2334 diebus
2742 2279 2858 2333 vita:
2894 2293 3023 2331 mere
3046 2272 3218 2345 (Psal.
3247 2289 3397 2339 xxvi,
3428 2272 3502 2342 4).
3536 2272 3604 2326 Ει
3627 2270 3852 2326 iterum:

2268 2372 2513 2437 Domine,
2541 2370 2702 2426 dilexi
2724 2368 2961 2423 decorem
2995 2365 3182 2421 domus
3210 2374 3335 2431 tua',
3362 2375 3409 2417 et
3441 2361 3617 2416 locum
3652 2362 3855 2416 habita-

2268 2467 2425 2523 tionis
2447 2464 2630 2537 gloriae
2671 2474 2776 2517 tua:
2805 2458 2979 2533 (Psal.
3008 2473 3165 2523 mn,
3197 2456 3275 2530 8).
3303 2455 3385 2510 Ad
3406 2469 3572 2525 quam
3604 2453 3854 2509 nimirum

2270 2557 2495 2630 gloriam
2522 2552 3016 2625 contemplandum,
3051 2549 3411 2614 charissimte,
3434 2562 3561 2603 cum
3594 2545 3788 2601 lmtitia
3809 2552 3858 2601 et

2268 2651 2628 2711 exsultatione
2673 2647 2999 2706 veniendum
3041 2652 3143 2702 est.
3178 2641 3284 2700 Sed
3312 2643 3439 2715 quia
3470 2640 3666 2696 oﬁiciis
3705 2655 3858 2695 evan.

2268 2745 2457 2816 gelicis
2499 2741 2741 2813 quotidie
2792 2738 3085 2795 invitamur
3126 2744 3181 2792 et
3209 2735 3494 2790 erudimur
3530 2732 3601 2788 ad
3637 2731 3731 2787 illa
3777 2745 3858 2786 su-

2266 2851 2436 2907 perna
2457 2834 2676 2906 gaudia,
2701 2831 2896 2887 merito
2912 2829 3115 2886 dictum
3135 2833 3218 2882 est
3241 2824 3609 2879 Adducsntur.
3631 2820 3857 2876 Maxime

2271 2936 2452 2983 tamen
2488 2926 2729 2998 virgines
2779 2939 2875 2979 seu
2905 2922 3101 2987 viduae,
3137 2918 3265 2990 quia
3309 2916 3526 2987 magnis
3568 2914 3859 2970 invitantur

2267 3017 2527 3089 praemiis,
2556 3015 2768 3089 magnis
2796 3012 3119 3070 laetabuntur
3150 3008 3383 3082 gaudiis,
3416 3006 3550 3077 quia
3586 3006 3642 3061 in
3685 3003 3855 3075 fragili

2271 3126 2403 3168 sexu
2446 3107 2798 3182 gravissimas
2844 3104 3162 3160 devicerunt
3213 3114 3506 3171 corporum
3558 3097 3852 3168 passiones.

580 3201 652 3246 est
683 3192 739 3246 in
763 3191 1060 3258 scutulatis,
1082 3194 1206 3250 licet
1234 3193 1355 3250 aliis
1376 3194 1578 3261 verbis,
1603 3196 1835 3265 idipsum
1861 3196 2164 3268 signiﬁcare
2191 3180 2237 3245 (ἶ
2269 3205 2412 3276 Ergo
2433 3180 2653 3258 uim-emi
2681 3199 2900 3258 dabitur
2923 3196 3073 3252 edere
3097 3196 3161 3251 de
3186 3193 3326 3266 ligno
3345 3192 3464 3247 vita:
3490 3189 3680 3264 (Apoc.
3704 3204 3765 3252 ιι,
3781 3186 3850 3257 7).

579 3282 793 3340 videtur
836 3284 981 3356 quod
1008 3285 1222 3341 dixerat
1249 3304 1262 3341 :
1308 3284 1492 3343 Omnis
1513 3286 1685 3358 gloria
1712 3289 1825 3359 ejus
1850 3288 1976 3358 filiae
2008 3288 2163 3360 Regis

577 3377 641 3433 ob
683 3378 846 3434 intus.
900 3377 1108 3435 Fasciis
1154 3395 1389 3450 namque
1440 3381 1809 3451 pectoralibus
1865 3390 1974 3437 tota
2021 3383 2165 3439 uteri

580 3469 781 3541 tegitur
807 3468 1053 3536 ambitio,
1084 3478 1141 3525 et
1168 3471 1513 3541 componitur
1541 3472 1801 3529 resolutio
1830 3473 2161 3529 mammilla-

580 3576 702 3616 rum
732 3579 744 3614 :
785 3561 979 3618 deinde
1005 3564 1381 3634 astringuntur
1404 3564 1613 3621 viscera
1634 3605 1649 3632 ,
1678 3581 1747 3620 ne
1776 3574 1966 3622 venter
2002 3566 2165 3626 latius

579 3650 927 3709 intumescat.
960 3652 1067 3711 Sed
1097 3654 1389 3712 fasciarum
1418 3656 1538 3713 alite
1562 3667 1688 3714 sunt
1707 3660 1906 3729 quibus
1924 3661 2165 3733 virgines

579 3754 845 3801 ornantur
869 3764 882 3803 :
907 3746 1029 3805 aliae
1053 3762 1183 3804 vero
1206 3748 1272 3804 de
1291 3750 1488 3821 quibus
1509 3761 1791 3818 matronae,
1819 3760 1879 3806 ut
1906 3752 2163 3819 diximus,

578 3835 1048 3908 constringuntur.
1068 3837 1223 3894 Unde
1244 3837 1546 3896 Hieremias
1569 3841 1829 3913 propheta
1850 3858 1863 3895 :
1883 3840 2165 3913 Nunquid,

579 3922 679 3990 ait,
712 3926 854 3996 virgo
877 3926 1197 3983 obliviscitur
1220 3929 1515 3984 ornamenti
1556 3929 1661 3995 sui,
1704 3940 1795 3985 aut
1828 3948 2043 4002 sponsa,
2068 3949 2165 3990 seu

579 4017 795 4085 mulier,
840 4018 1024 4090 [ascite
1057 4022 1337 4095 pectoralis
1378 4040 1490 4080 sua:
1529 4025 1746 4096 (Jerem.
1799 4042 1877 4093 ιι,
1926 4025 2055 4100 52)?
2083 4028 2164 4085 Ex

578 4124 688 4185 quo
753 4108 957 4181 liquido
1022 4111 1271 4177 Christus
1325 4130 1557 4187 sponsus
1610 4116 1847 4189 Virginis
1905 4118 2165 4176 Ecclesia:

577 4202 901 4270 ostenditur,
948 4212 1004 4261 et
1050 4202 1335 4281 Synagoga
1382 4221 1581 4277 sponsa
1614 4206 1958 4275 nominatur,
1991 4210 2165 4283 magis

577 4294 958 4364 exprobrantis
1034 4294 1231 4353 all'ectu
1295 4313 1460 4369 quam
1532 4299 1739 4358 honore
1810 4301 2160 4374 virginitatis.

579 4382 649 4446 Et
701 4386 823 4443 ideo
881 4387 1008 4461 quia
1063 4388 1177 4459 jam
1238 4390 1606 4447 contaminata
1668 4401 1789 4448 erat
1848 4394 1902 4448 in
1970 4395 2160 4463 idolis,

578 4474 722 4546 quod
763 4474 942 4537 fuerat
987 4478 1295 4555 replicatur.
1351 4479 1555 4537 Tamen
1608 4496 1676 4536 ex
1724 4482 2012 4557 clementia
2060 4486 2160 4543 be-

578 4564 883 4635 nignissimi
927 4564 1226 4625 Salvatoris
1254 4569 1323 4637 ad
1359 4570 1733 4643 paenitentiam
1780 4572 2060 4641 invitatur,
2099 4586 2162 4632 ut

578 4655 804 4712 fasciam
834 4673 996 4727 quam
1027 4659 1216 4715 habuit
1244 4662 1311 4718 ad
1347 4672 1729 4719 ornamentum
1767 4663 2013 4733 decoris,
2054 4667 2164 4724 sal-

580 4768 685 4816 tem
720 4757 931 4833 1297
970 4760 1198 4833 recipiat
1236 4763 1305 4819 ad
1343 4772 1733 4836 tegumentum,
1779 4774 1836 4823 ει
1867 4766 2160 4838 obligatio-

579 4866 702 4906 nem
759 4865 874 4911 suae
918 4851 1300 4909 deformitatis.
1348 4855 1420 4909 At
1466 4870 1595 4910 vero
1639 4856 1840 4913 Christi
1882 4857 2159 4930 Ecclesia,

577 4942 731 5015 virgo
765 4952 821 4999 ct
849 4959 1047 5016 sponsa
1078 4944 1298 5009 dicitur,
1330 4946 1453 5015 quia
1481 4962 1584 5002 non
1612 4946 1764 5002 habet
1786 4950 2048 5004 maculam
2069 4967 2162 5006 ne-

576 5051 676 5108 que
708 5052 891 5106 rugam
916 5035 1130 5107 (Ephes.
1155 5053 1208 5101 v,
1236 5037 1350 5108 27).
1378 5037 1582 5093 Idcirco
1604 5032 1788 5095 fasciis
1811 5042 2162 5112 praecingitur

580 5126 780 5191 aureis,
815 5135 870 5184 et
895 5126 1183 5185 decoratur
1208 5129 1371 5183 etiam
1398 5128 1704 5185 scutulatis.
1729 5130 1823 5185 Illa
1846 5147 1975 5188 vero
1999 5148 2161 5188 orna-

578 5226 819 5283 mentum
848 5219 1085 5291 perdidit
1123 5236 1304 5291 sunm,
1335 5237 1668 5293 quacunque
1717 5224 1943 5280 recessit
1983 5241 2015 5285 ιι
2051 5225 2162 5282 Do-

581 5310 751 5377 mino,
774 5326 1095 5384 amoresque
1129 5322 1311 5370 secuta
1335 5322 1418 5368 est
1442 5314 1667 5370 alienos.
1699 5315 1809 5371 Nec
1836 5317 1915 5372 sic
1940 5318 2159 5386 quidem

578 5400 905 5474 relinquitur
925 5420 957 5459 a
983 5404 1210 5461 Domino
1237 5424 1250 5462 :
1283 5421 1468 5463 verum
1498 5408 1746 5462 hortatur
1776 5416 1836 5461 ut
1866 5409 2051 5464 redeat
2091 5409 2160 5466 ad

580 5494 759 5552 virum
782 5511 960 5561 suum,
986 5506 1043 5552 et
1065 5498 1299 5566 priorem
1330 5498 1557 5567 recipiat
1582 5498 1928 5566 cbaritatem,
1958 5499 2160 5570 prima-

583 5602 689 5659 que
712 5588 1011 5643 dilectionis
1033 5604 1196 5657 opera
1230 5589 1412 5653 faciat,
1440 5605 1511 5644 ne
1534 5590 1672 5644 nuda
1700 5590 1752 5643 in
1782 5589 2042 5662 sanguine
2062 5606 2160 5647 suo

583 5678 911 5746 inveniatur,
956 5696 1077 5750 qua:
1122 5679 1297 5736 fuerat
1345 5682 1529 5751 sponsi
1580 5682 1841 5754 sanguine
1889 5682 2156 5737 dealbata.

578 5766 726 5863 βίης
766 5783 982 5851 quoque
1029 5770 1269 5828 insinuat
1297 5782 1532 5845 quantus
1573 5775 1747 5832 honor
1793 5782 1848 5832 ει
1873 5774 2041 5847 gloria
2088 5774 2160 5833 sit

2188 4535 2240 4603 D

2269 3297 2467 3370 Sicque
2512 3296 2567 3352 in
2609 3290 2932 3366 Apocalypsi
2959 3288 3203 3355 Joannis,
3243 3302 3351 3343 non
3381 3283 3506 3339 aliis
3551 3297 3718 3355 quam
3745 3280 3853 3335 vin-

2268 3388 2515 3445 centibus
2537 3383 2762 3457 prtemia
2803 3380 3215 3455 promittuntur.
3246 3376 3455 3433 idcirco
3478 3374 3675 3430 reddat
3702 3370 3852 3428 vidua

2265 3489 2394 3536 vota
2423 3478 2726 3543 viduitatis,
2755 3474 2947 3532 reddat
2989 3481 3043 3529 et
3080 3471 3231 3543 virgo
3254 3478 3378 3525 vota
3410 3476 3704 3539 parentum
3738 3478 3851 3521 suo-

2265 3585 2388 3627 rum
2415 3588 2428 3625 :
2455 3569 2563 3625 imo
2590 3578 2645 3624 et
2670 3580 2791 3639 quae
2821 3574 3110 3639 parentum
3145 3562 3319 3629 fuere,
3369 3560 3498 3632 quia
3525 3559 3643 3631 jam
3682 3555 3852 3613 adulta

2268 3672 2371 3730 est,
2405 3662 2569 3719 faciat
2596 3678 2691 3718 sua
2718 3679 2732 3715 :
2759 3674 2827 3717 eo
2855 3658 3001 3730 quod
3028 3673 3134 3714 non
3178 3654 3335 3711 alteri
3366 3662 3455 3710 est
3483 3651 3667 3710 oblata
3698 3661 3849 3721 quam

2265 3756 2318 3813 ei
2347 3755 2435 3813 cui
2462 3770 2521 3811 se
2548 3753 2708 3811 debet
2738 3761 2925 3811 totam.
2956 3749 3095 3807 Nam
3130 3748 3254 3820 quia
3286 3745 3502 3803 fructus
3528 3745 3735 3802 ventris
3773 3748 3851 3797 est

2269 3844 2401 3911 ﬁlia,
2450 3852 2693 3917 potestas
2719 3850 3005 3914 parentum
3054 3847 3159 3905 est,
3191 3853 3290 3893 sua
3316 3834 3444 3906 jure
3479 3833 3679 3890 aﬂ'erre
3722 3834 3847 3899 Deo,

2267 3947 2361 3995 aut
2387 3936 2577 4007 nuptui
2600 3934 2813 3995 tradere
2840 3933 3084 4006 pignora.
3109 3927 3266 3987 Unde
3285 3926 3582 4000 Apostolus
3607 3920 3855 3997 :1298

2267 4030 2371 4101 Qui
2404 4032 2658 4102 virginem
2702 4045 2857 4086 suam
2892 4025 3083 4097 nuptui
3114 4024 3299 4091 tradit,
3324 4021 3680 4100 inquitnbene
3704 4018 3849 4089 facit,

2264 4133 2313 4180 et
2350 4123 2442 4195 qui
2488 4138 2592 4178 non
2627 4120 2813 4186 tradit,
2860 4117 3047 4174 melius
3089 4116 3217 4189 facit
3260 4113 3315 4188 (Ι
3342 4112 3468 4169 Cor.
3494 4128 3595 4179 vn,
3629 4111 3737 4181 38).
3769 4109 3853 4165 Id-

2265 4216 2413 4273 circo
2456 4231 2563 4272 non
2604 4213 2929 4286 displiceant
2980 4211 3097 4278 tibi,
3152 4224 3326 4273 soror,
3372 4216 3663 4283 parentum
3705 4215 3846 4266 vota,

2264 4306 2357 4377 qui
2380 4304 2479 4362 tibi
2509 4304 2564 4360 id
2591 4304 2736 4374 quod
2766 4302 2960 4360 melius
2988 4309 3075 4357 est
3093 4299 3393 4372 elegerunt.
3425 4297 3543 4354 lmo
3572 4294 3852 4352 considera

2265 4398 2576 4470 diligentius
2602 4396 2732 4468 quid
2758 4395 3078 4468 parentibus
3114 4393 3335 4474 debeas,
3367 4389 3498 4463 quid
3540 4389 3669 4446 Deo.
3702 4387 3847 4454 Quo-

2267 4474 2413 4546 niam
2458 4498 2686 4561 utraque
2723 4487 2974 4544 retineris
2998 4486 3140 4560 lege,
3171 4484 3216 4541 si
3242 4497 3569 4555 corrumpas
3607 4476 3855 4537 sacriﬁcii

2263 4591 2410 4649 vota,
2441 4583 2566 4652 quia
2606 4582 2709 4653 ipsi
2754 4587 3022 4637 voverunt
3065 4588 3126 4635 ut
3176 4587 3233 4632 tu
3274 4570 3746 4644 exsolveres:ipsi
3790 4577 3853 4622 ne

2263 4675 2577 4735 obtulerunt
2621 4682 2683 4731 ut
2716 4687 3055 4744 permaneas.
3098 4671 3287 4735 Audis,
3318 4669 3665 4733 charissima,
3692 4663 3854 4720 Isaac

2262 4765 2531 4838 quomodo
2556 4765 2870 4835 exsequitur
2897 4771 3177 4835 paternam
3204 4757 3541 4815 oblationem
3584 4770 3753 4825 usque
3781 4749 3853 4807 ad

2260 4857 2500 4932 gladium
2543 4865 2599 4911 et
2620 4870 2791 4927 usque
2832 4853 2899 4909 ad
2935 4853 3086 4925 ignes
3112 4870 3126 4906 :
3151 4866 3278 4906 nam
3325 4857 3596 4921 quantum
3632 4862 3693 4903 ex
3724 4852 3858 4900 voto

2262 4956 2367 5014 est,
2398 4947 2560 5003 etiam
2591 4960 2761 5015 usque
2791 4944 2859 4999 ad
2893 4951 3123 4999 mortem
3161 4956 3269 4997 non
3305 4938 3531 5012 refugit,
3571 4954 3674 4995 non
3702 4936 3859 4991 rein-

2264 5048 2463 5105 ctatur,
2507 5054 2614 5094 non
2661 5035 3003 5093 contradicit.
3045 5033 3208 5091 Forte
3247 5032 3396 5089 dices
3428 5018 3559 5101 quia
3589 5032 3668 5086 vir
3704 5028 3816 5084 fuit
3841 5041 3863 5081 :

2264 5131 2407 5186 unde
2431 5137 2683 5185 occurrat
2717 5126 2815 5183 tibi
2845 5127 2955 5182 ﬁlia
2986 5123 3199 5197 Jepbte,
3243 5139 3365 5196 qua
3396 5138 3467 5180 ne
3496 5123 3868 5181 frustraretur

2263 5233 2549 5294 paternum
2580 5232 2763 5275 votum
2809 5233 2868 5274 se
2895 5219 2951 5275 in
2994 5226 3226 5275 mortem
3265 5215 3485 5283 obtulit,
3536 5216 3657 5287 quia
3700 5223 3870 5286 pater

2264 5320 2559 5384 aperuerat
2582 5327 2644 5368 os
2677 5326 2836 5366 suum
2872 5325 2991 5380 qua:
3014 5325 3124 5365 non
3148 5308 3326 5364 solum
3371 5321 3481 5363 non
3524 5306 3749 5377 refugit,
3780 5320 3872 5359 ve-

2266 5420 2385 5459 rum
2419 5403 2736 5457 adhortatur
2762 5410 2994 5470 patrem,
3031 5408 3092 5454 ut
3119 5397 3451 5469 promissum
3498 5398 3612 5453 Deo
3646 5410 3871 5453 manus

2266 5493 2559 5566 adimplcat
2582 5512 2595 5547 :
2621 5493 2694 5547 ita
2724 5501 2779 5547 ct
2808 5507 2926 5559 vos,
2955 5488 3341 5555 dilectissimte,
3382 5490 3645 5561 complete
3672 5488 3739 5543 in
3774 5503 3873 5544 vo-

2265 5586 2351 5641 bis
2392 5585 2569 5639 felicia
2614 5579 2899 5654 paren'tum
2947 5590 3105 5648 vota;
3154 5579 3420 5650 complete
3462 5595 3581 5650 quae
3619 5576 3877 5635 vovistis

2266 5676 2406 5742 Deo;
2435 5681 2776 5747 perseveratc
2801 5688 2921 5727 cum
2945 5671 3194 5727 Samncle
3224 5671 3276 5725 in
3303 5670 3533 5741 templo,
3548 5669 3633 5739 qui
3668 5669 3874 5725 Naza—

2267 5786 2408 5843 rzeus
2449 5767 2664 5825 Domini
2691 5782 2863 5841 usque
2903 5765 2968 5823 ad
2999 5766 3165 5823 ﬁnem
3207 5765 3345 5823 vixit
3370 5786 3383 5821 :
3408 5764 3658 5838 quoniam
3718 5764 3877 5825 nulli
