4048 6352
157 380 289 436 1055
1078 370 1434 428 EXPOSITIO
1470 370 1532 424 ΙΝ
1574 366 1754 424 PSALI

1856 364 1904 418 M
1944 361 2125 419 XLIV.
2155 393 2225 404 -—
2259 359 2387 415 LIB.
2427 359 2513 414 Ill.
3281 353 3421 411 ΝΜ

155 490 305 549 alteri
330 504 496 559 quam
525 488 638 542 Deo
676 494 819 542 natae
849 485 1051 550 fuistis,
1094 502 1202 540 non
1246 484 1580 557 parentibus,
1622 494 1731 534 non
1759 484 1809 541 Α
1836 478 1930 533 size
1952 478 2180 541 dicatur,
2212 476 2307 530 filii
2335 476 2434 540 tui,
2467 489 2601 545 quos
2635 470 2867 543 genuisti
2903 469 3022 537 tibi,
3050 477 3336 526 vertentur
3362 470 3418 524 in

157 582 240 638 ulli
269 579 603 643 mortalium,
649 579 745 633 sed
788 592 987 646 sponso
1024 578 1241 631 Christo
1278 576 1484 645 legibus
1512 573 1732 628 aeternis
1832 578 2039 639 patres,
2070 583 2190 622 cum
2215 583 2281 645 ex
2309 564 2591 636 discipulis
2616 562 2812 618 feceris
2840 576 2935 617 eos
2963 562 3272 632 magistros.
3303 558 3421 615 Hoc

156 673 456 730 devinctae:
484 667 638 737 cujus
676 678 971 738 antequam
991 669 1057 723 de
1078 669 1234 723 vulva
1263 667 1453 722 matris
1485 666 1730 730 exiretis,
1833 662 2030 731 quippe
2062 659 2179 713 fieri
2208 658 2449 729 quotidie
2493 657 2764 710 cernimus
2795 654 2849 708 in
2894 652 3136 708 Ecclesia
3177 651 3320 722 quod
3360 658 3420 707 et

155 780 269 821 esse
305 764 549 833 cmpistis
574 778 785 833 sponsae
829 761 1032 819 foedere
1060 771 1282 816 aeterno.
1315 760 1438 815 ideo
1460 760 1586 814 licet
1612 773 1732 813 om-
1834 768 2006 822 usque
2036 753 2090 805 in
2119 753 2281 807 ﬁnem
2327 748 2529 812 saeculi,
2559 748 2792 802 ftendum
2834 746 3056 800 minime
3083 745 3413 809 dubitamus,

156 871 247 911 nes
273 871 375 911 nos
399 855 517 926 ejus
537 854 724 917 simus,
759 868 857 908 vos
885 862 1062 908 tamen
1098 852 1424 922 specialiter,
1456 852 1580 921 quia
1608 860 1732 904 vota
1835 853 1893 898 ut
1918 858 2261 898 successores
2297 842 2663 913 apostolorum
2705 840 2943 910 episcopi
2982 838 3202 894 sibimet
3232 850 3416 894 succe-

154 956 442 1019 pareutum
496 946 648 1011 estis,
701 960 823 1015 quas
867 945 1009 999 dotis
1061 944 1276 998 titulum
1324 943 1634 1012 accepistis,
1676 950 1737 996 ut
1836 935 2028 990 dentes
2063 942 2439 1004 permaneant.
2483 933 2581 988 Sin
2615 940 2791 987 autem
2833 931 3331 995 Ahrahaszaac,
3368 936 3422 985 et

155 1040 347 1111 virgini
406 1053 603 1109 sponso
655 1039 710 1092 in
766 1037 1079 1107 virginitate
1120 1037 1351 1092 feliciter
1403 1044 1737 1091 consecratae
1835 1024 2025 1092 Iacob,
2078 1037 2262 1095 patres
2314 1024 2758 1089 intellexerimus,
2810 1022 2950 1077 filios
2995 1019 3270 1083 Ecclesiae,
3325 1019 3421 1090 qui

154 1131 537 1207 permaneatis.
566 1130 834 1197 Quoniam
861 1130 1044 1185 omnia
1085 1130 1137 1184 in
1168 1131 1271 1185 hoc
1301 1129 1442 1183 dotis
1481 1127 1739 1198 epithala-

155 1226 284 1291 mio,
317 1240 440 1296 quae
481 1225 762 1295 praemissa
809 1232 937 1278 sunt
961 1233 1151 1293 parata
1200 1232 1327 1278 sunt
1353 1222 1525 1277 vobis.
1571 1221 1739 1275 Adest

156 1320 357 1390 ubique
379 1335 610 1391 sponsus
638 1326 835 1382 vester,
864 1318 1127 1387 speciosus
1159 1317 1330 1386 forma
1362 1332 1470 1387 prce
1491 1315 1615 1385 ﬁliis
1643 1316 1740 1369 Ito-

156 1414 375 1475 stimmt,
417 1419 640 1483 paratus
686 1425 974 1464 occurrere
1002 1408 1175 1473 vobis,
1220 1422 1485 1476 suumque
1516 1421 1614 1461 vos
1658 1407 1741 1459 in-

156 1503 443 1564 troducere
476 1503 529 1556 in
572 1501 851 1570 templum,
888 1499 978 1553 ubi
1008 1508 1135 1553 sunt
1171 1513 1232 1551 ea
1261 1512 1381 1567 qute
1427 1513 1518 1552 nec
1560 1496 1739 1551 oculos

156 1598 304 1661 sidit,
328 1612 423 1651 nec
459 1596 605 1651 auris
634 1593 833 1648 audivit
865 1592 917 1664 (Ι
946 1590 1071 1671 Cur.
1109 1608 1171 1655 ιι,
1202 1591 1277 1661 9).
1325 1590 1442 1644 Non
1473 1591 1615 1645 enim
1644 1605 1742 1658 pos

154 1698 256 1744 test
298 1686 520 1763 lieriut
557 1685 694 1739 desit
739 1683 1106 1752 qnmrentibus
1135 1680 1287 1735 vobis
1333 1681 1386 1734 in
1423 1678 1737 1748 Scriptnris,

156 1779 501 1848 diligentibus
524 1778 575 1832 in
604 1776 943 1846 praecordiis,
965 1774 1305 1845 pulsantibus
1328 1773 1379 1827 in
1412 1785 1592 1842 prece,
1618 1787 1742 1841 per-

1838 1122 1950 1174 nati
1983 1129 2108 1175 sunt
2128 1121 2178 1174 ei
2208 1119 2260 1174 in
2290 1119 2416 1175 loco
2436 1118 2710 1189 apostolos
2737 1116 3069 1171 voluerimus
3094 1115 3416 1186 intelligere,

1841 1212 1931 1281 qui
1961 1212 2111 1266 missi
2139 1219 2267 1267 sunt
2294 1227 2323 1265 ιι
2350 1211 2578 1266 Domino
2602 1209 2898 1280 praedicare
2936 1221 3107 1277 usque
3134 1206 3201 1260 ad
3235 1213 3421 1261 extre-

1840 1318 1987 1358 mum
2015 1310 2209 1367 terrae;
2248 1316 2371 1355 mox
2398 1299 2745 1371 qurerendutn
2784 1297 3055 1369 quomodo
3083 1295 3324 1352 Ecclesia
3356 1294 3426 1351 de

1841 1397 2095 1463 gentibus
2136 1403 2323 1465 patres
2350 1392 2601 1447 habuerit
2630 1389 2985 1459 patriarchas,
3018 1402 3140 1442 cum
3176 1386 3226 1441 ei
3258 1398 3425 1454 supra

1841 1488 2041 1542 dictum
2069 1487 2140 1540 sit
2173 1504 2186 1539 :
2213 1484 2525 1539 Obliviscere
2546 1480 2795 1554 populum
2825 1490 2994 1544 tuum,
3023 1489 3072 1533 et
3094 1478 3306 1532 domum
3331 1492 3428 1547 pa-

1842 1579 1940 1631 tris
1981 1579 2079 1631 tui.
2114 1576 2227 1631 Nisi
2273 1575 2423 1646 quia,
2455 1574 2597 1629 sicut
2626 1572 2855 1642 legimus
2887 1569 2941 1624 in
2977 1567 3290 1639 Evangelio,
3333 1581 3431 1635 po.

1844 1679 1958 1723 tens
1987 1679 2060 1723 est
2091 1667 2233 1722 Deus
2261 1666 2325 1720 de
2367 1664 2629 1736 lapidibus
2661 1663 2773 1718 istis
2813 1663 3067 1717 suscitare
3093 1660 3231 1729 ﬁlios
3258 1658 3426 1712 Abra-

1845 1760 1926 1814 Ita:
1958 1759 2173 1829 (Matth.
2207 1774 2292 1823 ιιι,
2320 1757 2398 1827 9),
2440 1756 2493 1811 id
2524 1764 2607 1810 est
2649 1755 2715 1808 de
2751 1752 3036 1824 gentibus:
3065 1749 3209 1821 quod
3245 1757 3303 1803 et
3346 1747 3425 1801 fa-

154 1835 530 1927 sevErantibus
568 1835 623 1923 in
674 1868 798 1933 fide,
848 1835 1191 1937 sperantibus
1238 1865 1292 1919 in
1340 1835 1730 1925 misericordia,
1767 1835 1817 1894 Β
1845 1859 1994 1905 Clum
2017 1850 2312 1904 credimus.
2336 1847 2471 1915 Quia
2495 1844 2635 1901 illisi
2664 1844 2758 1898 filii
2779 1850 2962 1899 essent
2983 1839 3238 1904 Abrahae,
3259 1851 3425 1908 opera

152 1962 237 2031 qui
264 1961 448 2032 palam
490 1959 664 2016 factus
693 1968 778 2015 est
811 1974 918 2013 non
953 1957 1322 2028 quterentibus
1351 1970 1429 2021 se,
1456 1963 1512 2010 et
1549 1955 1736 2009 inven—

154 2064 235 2110 tus
262 2067 351 2111 ess
380 2070 413 2109 a
442 2071 548 2113 non
578 2052 1055 2124 interrogantibus.

220 2148 485 2217 Sequitur
512 2166 526 2201 :
552 2143 661 2200 Pro
682 2144 919 2216 patribus
946 2142 1049 2196 tuis
1075 2142 1186 2196 nati
1208 2149 1331 2195 sunt
1351 2140 1444 2193 tibi
1467 2138 1588 2209 ﬁlii,
1617 2154 1741 2192 con-

152 2244 340 2297 stitues
368 2257 456 2294 eos
484 2240 742 2310 principes
781 2252 936 2306 super
975 2250 1177 2289 onmem
1211 2243 1423 2287 terram.
1466 2232 1742 2286 Laudatur

152 2348 283 2405 ergo
313 2346 512 2402 Sponsa
542 2345 609 2385 en
632 2327 825 2385 ordine
849 2340 957 2396 quo
991 2340 1152 2396 supra
1186 2324 1433 2378 laudatus
1457 2331 1541 2376 est
1584 2336 1744 2390 spon-

154 2442 243 2482 sus
282 2440 317 2479 a
350 2422 531 2479 Patre.
557 2418 836 2475 Laudatur
863 2418 1096 2488 primum
1123 2432 1153 2471 a
1191 2413 1438 2471 domibus
1465 2412 1739 2476 eburneis,

154 2530 204 2578 et
224 2518 607 2577 odoramentis
627 2516 1097 2571 vestimentorum.
1121 2511 1397 2566 Laudatur
1412 2505 1742 2575 etiam,quia

157 2610 205 2665 in
236 2609 486 2665 dexteris
517 2606 702 2678 regina
738 2603 1108 2667 constituitur,
1139 2608 1195 2656 et
1220 2599 1399 2654 Patris
1428 2597 1534 2652 filia
1558 2595 1742 2650 erudi-

157 2710 260 2756 tur.
297 2698 490 2755 Tertio
514 2713 643 2753 vero
688 2697 741 2751 in
771 2695 1031 2751 membris
1060 2693 1172 2748 suis
1214 2690 1444 2761 gloriosa
1483 2687 1744 2759 praedica-

156 2801 261 2847 tur.
300 2791 374 2847 Et
397 2790 519 2847 vide
544 2804 706 2860 quam
734 2792 984 2857 potenter
1012 2784 1258 2839 ordinem
1286 2780 1520 2836 custodit
1547 2778 1740 2833 laudis.

156 2889 526 2950 Adducentur,
567 2882 764 2953 inquit,
793 2880 923 2951 Regi
947 2879 1171 2948 virgines
1204 2885 1315 2946 post
1344 2890 1460 2927 eam
1495 2871 1748 2942 proxima:

156 2980 292 3049 ejus,
351 2979 404 3033 id
454 2986 538 3035 est
570 2972 863 3030 Ecclesiae:
891 2971 1016 3041 quia
1047 2968 1196 3038 prius
1236 2966 1420 3022 decuit
1460 2973 1519 3019 ut
1567 2962 1749 3016 unitas

159 3073 274 3142 ejus
303 3067 800 3125 commendaretur,
831 3072 1017 3133 postea
1042 3075 1175 3114 vero
1205 3057 1482 3114 distinctio
1512 3054 1748 3124 partium

158 3169 511 3232 sequeretur.
538 3158 605 3213 Et
626 3166 688 3212 ut
708 3156 927 3225 copiosa
950 3151 1207 3207 Ecclesiae
1232 3148 1327 3205 Dei
1348 3162 1571 3203 munera
1594 3159 1749 3198 mon-

160 3262 370 3310 straret
387 3250 734 3314 conferenda,
756 3247 888 3303 dicit
904 3245 1093 3315 eamin
1116 3242 1301 3298 laetitia
1319 3249 1373 3296 et
1393 3237 1752 3296 exsultatione

162 3344 391 3418 1299
404 3342 747 3407 ministeriis,
769 3338 1143 3395 adducendam
1164 3334 1443 3406 angelicis.
1470 3332 1623 3399 Quod
1652 3346 1752 3386 au-

162 3448 269 3495 tem
298 3436 641 3493 adducenda:
659 3434 791 3497 sint,
820 3429 1075 3487 continuo
1101 3426 1610 3483 subnectitdicens:
1640 3422 1752 3476 Ad-

158 3530 430 3585 ducentur
470 3525 541 3581 ad
580 3524 828 3594 templum
870 3520 1048 3591 Regis.
1080 3518 1161 3573 Ad
1191 3515 1439 3586 templum
1466 3522 1648 3568 autem
1676 3513 1756 3568 di-

159 3624 256 3686 cit,
283 3618 451 3691 quasi
476 3618 546 3673 ad
585 3616 881 3673 thalamum
911 3622 1005 3668 aut
1038 3615 1105 3665 ad
1153 3606 1475 3672 sacrarium,
1506 3605 1596 3660 ubi
1626 3618 1757 3674 gau-

157 3713 311 3767 dium
362 3719 449 3768 est
482 3717 540 3765 et
565 3707 800 3780 gloriosa
829 3702 1141 3763 exsultatio.
1172 3698 1376 3755 Deinde
1406 3697 1476 3751 ad
1506 3696 1756 3750 ultimum
1810 3738 1827 3757 ,

158 3802 399 3875 Regina,
429 3816 554 3872 quae
590 3814 621 3854 a
643 3797 886 3854 dexteris
914 3794 1010 3849 Dei
1036 3791 1285 3847 ordinata
1313 3786 1563 3844 consistit
1587 3785 1756 3840 virtu-

157 3897 336 3963 tibus,
375 3903 637 3965 quantum
675 3888 969 3961 profecerit
1006 3886 1344 3941 incremento
1384 3879 1646 3935 doctrina:
1675 3876 1756 3931 in-

158 3990 377 4053 sinuat,
404 4002 529 4044 cum
569 3983 821 4048 infertur,
861 3978 969 4035 Pro
995 3977 1231 4049 patribus
1251 3974 1356 4029 tuis
1385 3973 1497 4028 nati
1520 3978 1641 4025 sunt
1661 3968 1757 4023 tibi

153 4082 282 4151 ﬁlii.
316 4078 593 4148 Quoniam
621 4077 689 4132 ad
715 4075 878 4132 finem
923 4085 1097 4141 usque
1120 4066 1302 4125 saeculi
1326 4063 1567 4136 Magistri
1595 4076 1664 4117 ex
1689 4074 1759 4116 ea

155 4192 270 4232 non
314 4175 572 4236 deerunt,
617 4170 710 4240 qui
753 4175 810 4222 et
837 4181 936 4237 pro
960 4161 1277 4234 parentibus
1307 4159 1664 4219 honorentur,
1702 4159 1760 4208 et

152 4270 409 4325 ﬁliorum
431 4273 557 4319 vota
583 4260 913 4331 compleant,
942 4265 1002 4310 ut
1028 4255 1141 4310 sint
1163 4258 1347 4323 patres
1376 4247 1539 4305 simul
1557 4254 1615 4302 et
1638 4244 1756 4311 filii,

153 4377 223 4417 ne
254 4359 491 4416 aliunde
520 4370 683 4428 quam
717 4368 784 4409 ex
812 4367 875 4407 ea
904 4349 1017 4404 nati
1037 4347 1341 4408 videantur,
1376 4341 1590 4397 et'lides
1614 4338 1760 4411 peri-

147 4454 396 4510 clitetur
431 4459 532 4506 :ut
559 4458 688 4520 puta
725 4460 828 4516 pro
874 4440 1218 4513 patriarchis,
1248 4437 1527 4508 prophetae
1561 4442 1619 4489 et
1660 4447 1760 4505 pro

149 4543 455 4617 prophetis
480 4539 741 4611 apostoli,
774 4537 961 4607 sicque
993 4533 1247 4622 deinceps
1275 4528 1603 4600 apostolicus
1624 4524 1761 4580 ordo
1786 4550 1839 4610 D

147 4649 460 4710 sequatur,
489 4642 552 4689 ut
584 4634 655 4690 sit
694 4645 833 4685 unus
864 4626 1106 4684 omnium
1133 4617 1325 4680 eorum
1352 4621 1587 4676 filiorum
1620 4617 1761 4674 Core

150 4732 484 4788 intellectus
522 4727 578 4781 in
607 4723 872 4788 Ecclesia,
896 4737 928 4776 a
959 4718 1226 4792 principio
1261 4730 1433 4787 usque
1474 4714 1541 4770 ad
1571 4713 1760 4778 linem,

1843 1942 2078 1995 Abraha:
2118 1940 2383 1994 facerent.
2437 1934 2592 1993 Unde
2632 1934 2740 1989 illis
2783 1929 3080 1995 abdicatis,
3125 1929 3184 1983 in
3233 1926 3429 1982 semine

1838 2034 2076 2091 Abrahae
2126 2030 2496 2085 benedicentur
2543 2042 2719 2080 omnes
2759 2033 2933 2095 gentes
2958 2020 3111 2092 (Gen.
3147 2016 3425 2089 xxtt,18).

1842 2124 2108 2192 Quoniam
2160 2123 2310 2178 sicut
2349 2120 2440 2175 ille
2481 2120 2536 2174 in
2586 2116 2852 2188 praeputio
2890 2111 3219 2185 jnstilicatus
3259 2107 3428 2165 estin

1844 2217 1948 2271 fide
1976 2234 1987 2268 :
2016 2215 2089 2269 ita
2120 2221 2176 2267 et
2228 2226 2325 2267 nos
2356 2210 2414 2263 in'
2459 2208 2575 2278 ejus
2610 2206 2717 2261 ﬁde
2737 2202 3120 2273 justilicamur,
3163 2205 3224 2253 ut
3257 2196 3433 2253 simus

1844 2306 1940 2361 filii
1968 2306 2107 2375 ejus,
2132 2304 2220 2358 cui
2251 2303 2368 2359 haec
2398 2300 2532 2355 fides
2558 2303 2806 2367 reputata
2841 2291 3054 2363 13w
3077 2297 3162 2346 est
3183 2288 3251 2343 ad
3271 2283 3429 2355 justi-

1845 2399 1977 2454 tiam
2007 2397 2181 2467 (Rom.
2209 2411 2281 2461 tv,
2310 2394 2388 2463 3).

1921 2489 2216 2559 Sequitur:
2250 2485 2454 2540 Memor
2477 2499 2567 2538 ero
2589 2483 2813 2536 nominis
2849 2478 2926 2532 tui
2950 2478 3008 2530 in
3041 2475 3182 2529 omni
3208 2486 3428 2542 genera-

1849 2581 1986 2634 tione
2021 2590 2068 2634 et
2115 2577 2465 2648 generatione.
2519 2572 2677 2626 Prius
2723 2569 2944 2640 quidem
2981 2580 3084 2621 vox
3124 2563 3308 2619 divina
3359 2562 3430 2617 ad

1850 2673 2021 2743 ipsam
2052 2668 2369 2740 loquebatur
2404 2663 2737 2727 Ecclesiam;
2768 2668 2912 2715 nunc
2939 2664 3121 2712 autem
3146 2668 3179 2710 e
3206 2660 3429 2710 contra.

1850 2763 1956 2827 rio,
1984 2763 2127 2818 sicut
2149 2775 2310 2830 quam
2331 2773 2473 2830 saepe
2493 2757 2575 2825 fit,
2597 2754 2836 2812 maxime
2858 2753 2911 2807 in
2932 2748 3231 2822 prophetis,
3256 2752 3432 2800 mutat

1852 2869 2160 2924 personam,
2199 2860 2254 2905 et
2274 2866 2371 2921 pro
2404 2844 2657 2904 omnibus
2685 2842 2987 2909 beneficiis,
3027 2855 3151 2897 cum
3175 2854 3235 2895 se
3276 2834 3428 2892 intel-

1852 2944 1984 3000 lexit
2036 2936 2406 3006 subliniatam,
2462 2937 2700 3010 praemiis
2747 2937 2994 3001 dilatam,
3054 2929 3322 2988 convertit
3364 2925 3436 2983 ad

1853 3038 2029 3109 ipsum
2055 3026 2315 3107 sponsum
2333 3045 2522 3088 vocem
2545 3044 2718 3092 suam,
2745 3036 2801 3083 et
2821 3025 3105 3097 pollicetur
3124 3020 3441 3079 recordatuo

1856 3144 1973 3184 ram
2018 3126 2254 3183 nominis
2297 3124 2414 3194 ejus
2458 3123 2515 3179 in
2556 3120 2706 3177 omni
2729 3118 3080 3190 generatione
3127 3124 3185 3171 et
3210 3127 3437 3187 genera-

1778 3192 1824 3256 (ἶ
1858 3221 2025 3285 tione,
2060 3219 2114 3274 id
2148 3226 2229 3274 est
2264 3192 2560 3273 inicunctis
2582 3210 3027 3284 generationibus
3051 3205 3232 3264 saeculi
3256 3222 3269 3260 :
3294 3201 3439 3274 quod

1855 3312 2031 3366 adhuc
2058 3311 2218 3366 hodie
2260 3307 2583 3379 completur,
2625 3312 2681 3359 et
2711 3302 3039 3374 completum
3077 3299 3324 3354 videmus
3349 3296 3437 3351 in-

1856 3410 2090 3466 tantum,
2115 3409 2172 3455 ut
2209 3413 2404 3455 nomen
2445 3394 2650 3451 Christi
2693 3392 2797 3448 sibi
2826 3388 3149 3461 imposuerit
3186 3387 3306 3457 ipsa
3345 3384 3442 3441 Ee-

1855 3493 2040 3550 clesia.
2071 3492 2226 3547 Unde
2251 3504 2440 3545 omnes
2464 3485 2808 3542 Christiania
2837 3482 3058 3539 Christo
3089 3487 3215 3537 sunt
3236 3476 3439 3552 vocati,

1855 3584 1926 3640 ob
1967 3581 2399 3649 recordationem
2443 3586 2499 3634 et
2522 3574 2924 3633 confessionem
2958 3570 3192 3629 nominis
3213 3566 3440 3633 Christi,
3484 3622 3487 3623 ν

1856 3677 2000 3748 quod
2031 3683 2116 3731 est
2152 3689 2349 3729 nomen
2378 3684 2602 3735 novum,
2624 3667 2681 3721 in
2706 3681 2814 3736 quo
2839 3663 3231 3721 benedicentur
3250 3672 3445 3715 orunes

1856 3769 2074 3825 familiae
2094 3767 2354 3838 gentium.
2388 3762 2445 3819 in
2471 3775 2579 3831 quo
2606 3757 2826 3815 nomine
2857 3763 2913 3811 et
2936 3769 3051 3819 vos,
3080 3750 3440 3815 citatissimae,

1856 3860 1946 3915 hic
1970 3865 2271 3930 aggregata:
2290 3853 2449 3920 estis,
2493 3864 2705 3922 sponsae
2733 3847 2903 3920 ipsius
2932 3854 2989 3901 et
3025 3842 3291 3908 membra,
3318 3854 3445 3912 per-

1859 3958 2173 4007 severantes
2222 3948 2277 4003 in
2331 3942 2673 4002 confessione
2713 3938 2949 3997 nominis
2991 3937 3128 4008 ejus.
3180 3931 3444 3991 Mirabilis

1860 4043 2078 4116 quidem
2103 4041 2297 4117 gloria,
2328 4048 2385 4095 et
2409 4036 2761 4095 ecclesiarum
2791 4045 3061 4090 summum
3088 4025 3447 4100 praeconium,

1859 4136 2001 4191 inter
2031 4143 2140 4188 tam
2187 4130 2513 4200 multiplices
2536 4125 2819 4183 hominum
2868 4120 3259 4185 successiones,
3301 4132 3444 4172 nun—

1860 4242 2024 4299 quam
2052 4226 2218 4280 linem
2242 4222 2419 4279 laudis
2446 4220 2669 4276 habere.
2719 4213 2831 4271 Sed
2871 4212 3160 4287 gloriosior
3194 4209 3248 4265 in
3290 4205 3447 4263 vobis

1861 4332 2026 4393 atque
2044 4321 2280 4387 felicior,
2302 4330 2424 4389 quas
2444 4330 2724 4386 nunquam
2740 4328 2773 4367 a
2799 4311 2959 4366 laude
2978 4305 3208 4364 cessatis
3228 4303 3283 4361 in
3300 4299 3450 4358 omni

1862 4418 1996 4473 hora
2026 4425 2081 4470 et
2111 4414 2249 4471 loco.
2278 4411 2417 4480 Quia
2438 4411 2762 4479 inquantum
2788 4400 3081 4459 infirmitas
3098 4395 3278 4454 carnis
3298 4392 3446 4459 sinit,

1865 4512 2074 4584 angelis
2119 4507 2390 4579 comquari
2436 4511 2565 4559 voto
2609 4500 2810 4557 velitis.
2868 4495 3025 4551 Unde
3071 4491 3236 4549 etiam
3292 4495 3348 4543 et
3395 4486 3473 4541 in-

1866 4578 2063 4661 szeculo
2108 4600 2406 4674 gratiarum
2454 4595 2597 4651 actio
2639 4592 2763 4662 jure
2811 4586 3153 4662 persolvitur,
3196 4596 3264 4639 eo
3306 4578 3457 4651 quod.

1865 4696 2075 4769 fragilis
2110 4667 2174 4750 et
2201 4688 2510 4747 immundus
2554 4685 2809 4749 vincitur,
2852 4688 2905 4736 et
2937 4680 2990 4735 in
3031 4676 3194 4733 terris
3225 4673 3339 4743 jam
3368 4667 3454 4724 fu-

1866 4799 1987 4844 tura
2007 4789 2139 4852 vita,
2169 4785 2260 4841 ubi
2289 4777 2620 4850 incorruptio
2647 4781 2855 4847 regnat,
2887 4771 3312 4827 demonstratur.

1940 4883 2248 4952 Propterea,
2278 4874 2474 4946 inquit,
2504 4868 2682 4942 populi
2707 4855 3277 4936 conﬁtebunturtibiin
3302 4860 3455 4908 teter-

1870 4991 2017 5040 num,
2040 4947 2084 5027 et
2109 4975 2165 5025 in
2188 4966 2442 5024 swculum
2465 4960 2665 5019 saeculi.
2690 4959 2821 5027 Quae
2844 4949 3117 5012 confessio
3138 4947 3210 5003 sit
3226 4953 3453 5008 aeterna,

1874 5037 2013 5137 quia
2029 5076 2157 5118 vera
2207 5066 2263 5115 et
2301 5056 2411 5128 pia.
2452 5053 2660 5108 idcirco
2700 5063 2820 5119 quae
2848 5037 3335 5137 impraesentiarum
3372 5039 3459 5088 est

1874 5125 2171 5229 gratiarum
2207 5125 2369 5213 actio,
2400 5145 2539 5207 laus,
2568 5139 2654 5196 vel
2693 5133 2980 5197 confessio,
3004 5128 3119 5199 jam
3160 5125 3341 5181 futura
3373 5129 3460 5177 est

1876 5218 1987 5303 vita
2013 5246 2070 5300 in
2106 5239 2363 5297 saeculum
2403 5232 2586 5292 saeculi
2617 5249 2631 5285 :
2658 5228 2786 5299 quia
2828 5226 2941 5295 ipsa
2972 5218 3161 5289 incipit
3187 5222 3309 5272 esse
3336 5226 3460 5284 qua)

1878 5347 2231 5410 permansura
2278 5335 2362 5386 est
2396 5329 2448 5383 in
2485 5333 2773 5384 aeternum,
2798 5330 2907 5386 quo
2948 5311 3061 5367 sola
3094 5307 3331 5363 Charitas
3376 5317 3462 5367 re-

1879 5394 2009 5502 gnat
2039 5436 2215 5484 morte
2241 5418 2830 5485 devicta.Quapropter
2865 5406 3038 5462 adhuc
3067 5402 3122 5457 in
3157 5412 3347 5502 agone,
3374 5394 3467 5499 (ιι-ι

1878 5486 2204 5584 lectissimus,
2238 5515 2364 5586 quia
2392 5526 2511 5581 quae
2539 5501 2820 5579 praesentis
2848 5500 2971 5553 vitae
2996 5501 3123 5551 sunt
3160 5486 3457 5586 devicistis.

1879 5614 2014 5669 nihil
2045 5617 2214 5667 restat
2250 5605 2353 5661 nisi
2386 5611 2445 5657 ut
2470 5612 2642 5667 usque
2675 5595 2728 5648 in
2754 5591 2931 5650 .finem
2964 5585 3375 5657 perseverantes
3393 5571 3462 5669 il-

1881 5709 1988 5763 lam
2018 5699 2333 5777 percipiatis
2357 5704 2564 5766 partem
2597 5685 2941 5757 sempiterna:
2979 5680 3123 5744 vitae,
3155 5686 3318 5745 quam
3357 5666 3463 5725 ele-

1883 5769 2059 5878 gistis.
2091 5769 2230 5871 Quia
2286 5789 2487 5859 Maria,
2510 5793 2656 5853 teste
2693 5778 2944 5849 Domino,
2977 5772 3229 5849 optimam
3259 5769 3465 5842 partem

144 4821 437 4895 quoniam
467 4818 522 4873 in
553 4815 806 4875 omnibus
832 4813 911 4869 sic
942 4816 1267 4882 propagatur
1286 4815 1342 4863 et
1366 4804 1624 4860 Ecclesia.
1649 4802 1764 4857 Cte-

148 4892 355 4972 terum
381 4911 428 4967 si
458 4909 537 4964 ad
566 4923 688 4964 eam
726 4904 966 4975 loquitur
996 4909 1204 4956 tantum
1231 4898 1316 4955 cui
1344 4897 1577 4962 dixerat,
1616 4892 1766 4949 Obli-

142 5011 370 5066 εἰκαῖα
403 5002 657 5076 populum
700 5010 869 5064 tuum,
903 5013 966 5053 ex
1001 4995 1251 5067 gentibus
1301 4992 1559 5048 debemus
1582 4995 1765 5059 patres

143 5106 365 5165 noSse,
399 5096 597 5167 quibus
631 5090 727 5146 lilii
757 5088 871 5144 nati
910 5094 1055 5153 sunt,
1097 5098 1286 5140 omnes
1316 5082 1457 5138 idola
1503 5080 1761 5136 colentes.

141 5196 231 5251 De
277 5189 499 5263 quibus
528 5182 828 5240 Hieremias
853 5181 1068 5238 locutus
1092 5187 1197 5245 est,
1229 5175 1402 5242 Quam
1434 5173 1567 5245 false
1594 5188 1769 5243 posse—

140 5288 375 5342 derunt
408 5290 583 5351 patres
622 5274 789 5332 nostri
833 5272 995 5338 idola,
1033 5281 1087 5326 at
1127 5285 1232 5323 non
1281 5277 1355 5322 est
1407 5267 1496 5337 qui
1540 5264 1684 5337 pluat
1716 5264 1769 5318 in

138 5382 225 5437 eis
262 5374 429 5449 (Jer.
472 5386 587 5433 xtv,
617 5367 731 5439 22),
783 5380 877 5420 seu
912 5362 1278 5435 philosophos,
1306 5358 1586 5413 Platonem
1614 5355 1775 5427 scili-
1856 5396 1861 5403 ι

141 5483 243 5531 cet
272 5477 341 5525 et
372 5462 745 5525 Aristotelem,
779 5472 984 5513 necnon
1016 5463 1072 5510 et
1099 5453 1357 5522 reliquos,
1385 5465 1520 5520 quos
1545 5461 1769 5504 enume-

139 5577 293 5620 rare
322 5560 559 5628 lnngum
585 5563 688 5618 est,
718 5552 1055 5606 diversorum
1078 5547 1389 5618 dogmatum
1412 5542 1496 5598 vel
1522 5554 1770 5597 errorum

136 5656 500 5727 magistros.
554 5647 660 5702 Pro
691 5643 885 5713 quibus
909 5640 1161 5695 omnibus
1208 5636 1319 5701 nati
1364 5644 1487 5689 sunt
1519 5630 1774 5687 Ecclesia:

132 5749 217 5806 de
248 5742 540 5820 gentibus
566 5737 711 5801 filiis,
742 5735 990 5789 doctores
1027 5729 1237 5785 scilicet
1280 5736 1335 5782 et
1377 5734 1638 5787 rectores,
1655 5736 1774 5815 quae

133 5803 477 5918 conztitttit
500 5829 774 5919 principes
800 5822 1209 5909 veldmagistros
1234 5838 1249 5901 ι
1279 5833 1346 5878 ac
1368 5818 1417 5877 si
1456 5816 1561 5894 ipsi
1587 5803 1775 5873 Eccle-
