4048 6352
556 304 695 363 1035

1387 296 1445 352 S.
1485 291 1837 350 PASCHASII
1878 288 2223 347 RADBERTI
2265 286 2555 345 ABBATIS
2592 284 3043 344 CORBEIENSIS

3689 288 3809 346 {056

556 420 708 490 elegit
750 416 902 487 (Luc.
950 429 1009 478 x,
1039 410 1151 480 42).
1183 408 1316 464 Novi
1348 408 1511 479 igitur
1532 407 1673 477 quod
1714 407 1930 463 beatam
1960 406 2138 475 Virgi-
2168 409 2219 470 Α
2244 403 2446 474 obtegit
2475 411 2530 459 et
2557 402 2720 458 volvit
2748 403 2947 467 aureis,
2976 403 3104 473 quia
3131 418 3253 458 eum
3280 415 3444 474 quem
3470 401 3657 474 diligit,
3684 404 3811 462 intus

557 527 682 568 nem
728 508 1022 582 plurimum
1066 504 1303 575 diligatis
1336 503 1583 566 Mariam,
1631 498 1785 569 cujus
1832 499 2001 555 cultui
2046 512 2141 553 vos

557 599 932 671 mancipastis.
966 596 1122 653 Unde
1156 595 1228 650 sit
1269 594 1423 649 vobis
1454 602 1712 662 tanquam
1743 591 1797 646 in
1828 590 2140 661 imaginem,

560 698 673 768 ipsa
701 693 821 763 ejus
845 689 1115 760 descripta
1151 685 1457 757 virginitas,
1486 684 1560 740 sit
1597 684 1650 738 in
1692 680 1997 752 exemplum
2028 679 2146 749 ejus

558 783 868 848 humilitas,
897 793 1198 849 omnesque
1224 778 1456 832 virtutes
1484 776 1602 846 ejus
1631 773 1804 829 forma
1851 771 2149 844 pulchritu-

558 877 722 933 dinis.
766 875 897 944 Qua:
936 884 1064 929 tunc
1092 887 1212 929 eam
1252 886 1383 927 vere
1415 869 1661 941 diligitis,
1690 868 1735 924 si
1779 867 1979 922 imitari
2019 880 2149 921 con-

564 968 788 1029 tenditis
813 985 828 1022 :
859 968 902 1022 si
949 964 1214 1035 refulgeat
1243 963 1397 1018 vobis
1427 961 1479 1016 in
1526 960 1745 1030 speculo
1772 958 2060 1020 castitatis,
2095 965 2152 1012 et

562 1064 609 1119 si
665 1061 833 1118 fuerit
879 1061 1090 1131 species
1125 1058 1365 1114 virtutis.
1412 1055 1621 1110 Sumite
1659 1055 1729 1109 ab
1766 1054 1853 1108 illa
1905 1051 2150 1121 exempla

563 1154 800 1215 vivendi,
825 1151 1054 1207 formam
1082 1149 1355 1220 pudicitia
1380 1149 1431 1201 in
1454 1162 1559 1217 qua
1583 1154 1711 1201 sunt
1732 1143 2041 1215 magisteria
2059 1157 2153 1197 ex-

562 1260 750 1317 pressa
785 1244 1102 1315 probitatis,
1158 1241 1288 1311 quid
1331 1241 1639 1311 corrigere,
1692 1237 1821 1309 quid
1871 1236 2150 1305 refugere,

571 1334 781 1406 1301
826 1334 955 1403 quid
1004 1342 1186 1387 tenere
1231 1330 1493 1384 debeatis.
1545 1328 1678 1383 Nam
1711 1328 1882 1397 prima
1914 1325 2155 1380 discendi

568 1424 951 1490 incitamenta,
982 1423 1238 1479 nobilitas
1272 1438 1365 1477 seu
1407 1420 1549 1476 fama
1584 1420 1825 1492 magistri
1855 1428 1957 1474 est.
1991 1418 2155 1472 Fama

571 1525 756 1574 autem
780 1518 954 1572 beata
988 1514 1212 1586 virginis
1238 1522 1341 1579 est,
1369 1514 1495 1583 quia
1528 1512 1873 1568 beatiﬁcatur
1897 1510 1966 1564 ab
1988 1509 2159 1564 omni-

566 1611 694 1676 bus,
715 1611 843 1681 quia
869 1608 1147 1665 humilitas
1176 1608 1294 1677 ejus
1316 1614 1558 1676 respecta
1584 1613 1687 1660 est.
1718 1603 1980 1658 Nobilitas
2008 1617 2157 1665 vero,

567 1700 712 1771 quod
742 1699 877 1754 nihil
904 1698 1000 1753 Dei
1029 1707 1203 1752 matre
1232 1697 1467 1751 nobilius
1493 1705 1607 1761 est;
1644 1694 1780 1749 nihil
1825 1693 2159 1764 splendidius

2245 495 2526 552 abscondit
2555 511 2679 552 cum
2709 495 3000 561 charitate,
3024 511 3188 565 quam
3229 496 3366 551 nihil
3412 496 3467 551 in
3514 498 3705 553 mundo
3728 513 3815 569 po-

2245 595 2352 644 test
2377 587 2686 654 devincere,
2729 602 2905 657 neque
2943 586 3067 641 ullis
3100 586 3306 644 violare
3352 587 3655 644 fraudibus.
3680 590 3817 657 Quod

2245 696 2377 736 vero
2419 682 2474 736 in
2504 680 2789 739 scutulatis
2829 682 3022 736 vestita
3054 681 3204 753 virgo
3244 681 3476 748 dicitur;
3516 682 3633 752 ipsa
3667 684 3824 739 varie-

2247 780 2352 836 tas,
2385 781 2445 826 ut
2472 787 2615 843 sape
2641 771 2846 827 dictum
2893 782 2996 839 est,
3047 771 3308 829 virtutum
3359 773 3696 845 designatur.
3745 773 3825 837 Esi

2250 865 2394 919 enim
2424 864 2694 920 scutulata
2722 864 2908 929 vestis,
2936 880 3058 936 qua
3098 865 3225 922 alibi
3267 865 3565 939 stragulata
3599 876 3827 923 vocatur.

2252 955 2327 1012 De
2374 971 2483 1027 quo
2508 955 2786 1022 Salomon,
2839 973 2965 1022 cum
3017 957 3085 1012 de
3135 957 3361 1013 muliere
3411 957 3562 1021 forti,
3605 973 3723 1027 qua
3759 968 3832 1014 est

2252 1046 2515 1112 Ecclesia,
2563 1045 2899 1116 loqueretur,
2937 1046 3015 1101 ait
3050 1065 3063 1101 :
3103 1045 3462 1119 Stragulatam
3502 1058 3691 1103 uestem
3726 1049 3831 1117 fecit

2253 1141 2372 1205 sibi,
2417 1139 2598 1209 byssus
2646 1150 2695 1194 et
2748 1156 2985 1209 purpura
3038 1140 3401 1195 indumentum
3444 1140 3583 1210 ejus.
3636 1139 3830 1208 Quibus

2255 1231 2464 1286 duobus
2504 1231 2640 1285 bene
2684 1230 2951 1285 scutulata
2993 1231 3161 1285 vestis
3203 1232 3418 1286 texitur.
3454 1231 3668 1286 Dicitur
3694 1231 3825 1287 enim

2256 1321 2521 1377 scutulata
2566 1331 2788 1391 propter
2816 1322 2978 1376 orbes
3003 1331 3242 1377 rotarum
3271 1323 3556 1389 candidos,
3586 1334 3679 1377 aut
3705 1324 3826 1380 alte-

2256 1413 2372 1467 rius
2399 1413 2719 1477 venustatis,
2746 1427 2880 1482 quos
2910 1412 3072 1469 habet
3108 1415 3249 1469 inter
3285 1431 3604 1485 purpuram,
3629 1431 3721 1471 seu
3748 1432 3832 1472 cu-

2252 1506 2479 1578 juslibet
2529 1505 2868 1561 admirabilis
2913 1507 3370 1575 pulchritudinem
3420 1508 3638 1564 coloris.
3679 1508 3832 1576 Quam

2259 1596 2453 1652 stolam
2482 1611 2577 1651 seu
2606 1606 2811 1650 vestem
2839 1606 2931 1650 aut
2970 1596 3217 1659 fasciam,
3249 1605 3354 1652 nun
3382 1598 3581 1654 habent
3616 1600 3719 1654 nisi
3740 1602 3833 1656 vir-

2260 1687 2434 1758 gines,
2461 1702 2581 1757 qua
2610 1701 2875 1741 mammas
2905 1686 3094 1757 ligant,
3121 1702 3189 1742 ne
3216 1688 3566 1744 inveniantur
3592 1689 3832 1747 lactantes

568 1806 652 1855 ea,
682 1806 844 1861 quam
876 1789 1132 1859 splendor
1155 1797 1395 1859 paterna
1420 1787 1606 1858 gloria
1645 1786 1807 1855 elegit
1833 1794 1888 1839 et
1917 1784 2155 1839 illustra—
2186 1800 2232 1859 Β
2260 1788 2315 1834 et
2344 1779 2664 1834 nutrientes.
2703 1779 2834 1847 Qua
2870 1780 3230 1851 cogitationes
3278 1790 3468 1852 tegunt
3499 1791 3557 1838 et
3584 1786 3834 1840 constrin-

568 1882 677 1947 vit;
711 1881 847 1937 nihil
885 1881 1089 1935 castius
1110 1895 1198 1944 ea,
1234 1896 1355 1950 qua
1379 1879 1550 1934 Deum
1577 1878 1853 1933 hominem
1892 1877 2010 1931 sine
2040 1891 2162 1931 cor-

567 1976 718 2047 poris
740 1974 1062 2045 contagione
1084 1973 1382 2044 generavit.
1409 1970 1582 2038 Quam
1614 1980 1741 2026 tunc
1763 1985 1891 2025 vere
1914 1969 2154 2040 diligitis,

569 2070 618 2124 si
654 2083 775 2124 eam
805 2066 1096 2138 sequimini
1126 2065 1370 2121 moribus
1394 2072 1448 2119 et
1477 2063 1585 2117 vita
1615 2079 1682 2118 ex
1715 2070 1850 2127 toto,
1881 2078 2003 2132 qua
2030 2060 2164 2116 nihil

570 2159 715 2216 aliud
745 2174 908 2230 quam
943 2158 1111 2213 Deum
1141 2156 1349 2212 dilexit.

643 2251 889 2316 Habetis,
941 2249 1310 2312 charissima,
1361 2263 1533 2320 nugas
1585 2247 1681 2303 otii
1734 2247 1840 2301 mei
1892 2265 1904 2300 :
1955 2246 2165 2302 habetis

571 2344 715 2415 quod
743 2343 902 2398 matri
933 2343 1062 2398 olim
1092 2357 1380 2407 voveram;
1417 2356 1525 2396 non
1554 2339 1697 2409 quod
1731 2339 1955 2394 idoneus
1982 2352 2163 2392 essem

571 2433 752 2490 divina
788 2433 1008 2502 explere
1035 2433 1195 2503 digne
1222 2441 1561 2487 sacramenta
1595 2432 1648 2486 in
1683 2430 1838 2485 titulo
1863 2431 2036 2494 dotis;
2068 2429 2162 2484 sed

572 2535 635 2582 ut
657 2527 1001 2583 devotionem
1030 2526 1235 2581 servitii
1278 2526 1711 2596 comprobarent.
1740 2524 1865 2579 Ideo
1893 2522 2161 2593 epithala-

572 2617 743 2672 mium
775 2617 1089 2689 gloriosum,
1136 2616 1279 2686 quod
1316 2615 1585 2687 Propheta
1633 2630 1757 2671 cum
1805 2614 2165 2669 exsultatione

572 2707 962 2766 decantaverat
986 2708 1326 2777 percucurri,
1355 2717 1413 2762 nt
1439 2721 1698 2778 sponsum
1728 2706 1882 2760 vobis
1909 2705 2165 2759 ostende-

575 2813 712 2861 rem,
744 2814 901 2869 quem
933 2798 1179 2854 Psalmus
1205 2798 1467 2869 depingit,
1508 2813 1573 2853 ac
1616 2798 1660 2852 si
1709 2797 1764 2852 in
1794 2798 1937 2852 dotis
1981 2796 2161 2861 titulo,

578 2891 841 2963 inclytum
870 2889 1026 2945 valde
1069 2898 1125 2944 et
1150 2890 1452 2959 speciosum
1498 2905 1611 2959 pra
1638 2889 1909 2955 omnibus,
1950 2888 2165 2957 ‘glorio-

578 2996 703 3037 sum
739 2980 794 3034 in
827 2980 1057 3043 cunctis,
1087 2989 1144 3035 et
1163 2980 1537 3051 gratiosiorem
1569 2980 1859 3036 universis.
1894 2978 2162 3050 Sponsam

578 3088 797 3145 quoque
852 3073 1088 3128 mirabili
1135 3073 1398 3128 varietate
1445 3082 1784 3129 exornatam.
1850 3072 2164 3128 Celebratas

2268 1881 2430 1942 gunt;
2466 1872 2592 1941 quia
2618 1873 2800 1927 omnia
2831 1872 2934 1927 sibi
2964 1874 3102 1929 dona
3135 1889 3390 1931 concessa
3431 1885 3486 1931 et
3515 1889 3834 1935 sacramenta

2266 1961 2431 2034 Regis
2476 1964 2527 2017 in
2570 1973 2789 2034 pectore
2844 1962 3052 2030 fovent,
3100 1976 3397 2038 contegunt
3442 1978 3500 2023 et
3545 1971 3833 2036 enutriunt,

2268 2071 2546 2126 quousque
2577 2066 2789 2127 tempus
2823 2058 3072 2114 evolandi
3103 2060 3229 2116 hinc
3252 2063 3453 2129 veniat,
3484 2073 3543 2117 ut
3572 2079 3835 2120 renascan-

2270 2155 2378 2211 tur,
2411 2148 2464 2201 in
2494 2147 2716 2203 calum.

2343 2238 2492 2293 Unde
2517 2239 2764 2309 sequitur
2787 2259 2801 2294 :
2828 2241 3170 2296 Adducentur
3194 2242 3325 2316 Regi
3352 2244 3583 2316 virgines
3601 2258 3715 2318 post
3738 2264 3837 2302 east

2266 2331 2521 2397 proxima:
2559 2331 2694 2402 ejus.
2737 2331 3041 2403 Olferentur
3079 2335 3135 2388 in
3167 2335 3353 2390 latitia
3396 2347 3445 2391 et
3486 2339 3837 2405 exsultatione,

2268 2422 2599 2477 adducentur
2626 2425 2681 2479 in
2707 2424 2952 2497 templum
2975 2424 3147 2497 Regis.
3178 2426 3278 2484 Ubi
3297 2427 3455 2499 juxta
3481 2428 3839 2503 Septuaginta,

2268 2514 2419 2585 prior
2459 2515 2757 2572 versiculus
2791 2516 2968 2572 adhuc
2993 2517 3060 2573 de
3087 2517 3213 2573 lilia
3260 2520 3479 2575 canitur
3508 2533 3725 2587 ornatu,
3771 2537 3842 2577 se-

2268 2620 2442 2676 quens
2492 2606 2559 2661 ad
2605 2607 2781 2677 ipsum
2834 2608 3036 2679 Regem
3089 2609 3364 2681 dirigitur.
3415 2610 3730 2669 Secundum
3755 2613 3845 2668 lle-

2268 2700 2511 2756 braicum
2537 2708 2719 2756 autem
2741 2718 2807 2757 ex
2834 2702 3046 2774 integro
3069 2704 3136 2758 ad
3159 2720 3416 2775 sponsam
3447 2708 3672 2775 dicitur,
3695 2726 3843 2781 usque

2271 2792 2336 2847 ad
2371 2808 2495 2848 cum
2523 2793 2702 2849 locum
2730 2795 2820 2850 ubi
2851 2795 3112 2866 scriptum
3143 2805 3227 2853 est
3251 2813 3264 2852 :
3292 2796 3469 2855 Panes
3492 2817 3581 2856 eos
3602 2804 3840 2874 principes

2268 2888 2325 2941 in
2356 2889 2595 2942 universa
2630 2898 2790 2944 terra.
2844 2888 2949 2944 Sed
2997 2890 3276 2948 distinctio
3328 2909 3589 2950 versuum
3641 2897 3843 2952 nimiam

2271 2994 2412 3050 sape
2440 2979 2761 3050 Scripturis,
2791 2982 3028 3038 maxime
3078 2992 3256 3041 tamen
3304 2980 3617 3057 in'psalmis
3654 2998 3708 3044 et
3735 3005 3843 3061 pro-

2269 3072 2469 3144 phetis,
2504 3074 2633 3130 facit
2671 3074 3106 3146 ambiguitatem,
3139 3089 3193 3133 et
3232 3078 3486 3136 immutat
3528 3097 3737 3137 sensus.
3772 3082 3845 3138 Si-

583 3162 845 3235 spiritalis
889 3163 1121 3235 conjugii
1167 3166 1407 3235 nuptias,
1453 3165 1692 3220 maxime
1738 3165 1794 3221 in
1841 3165 2162 3237 virginibus,
2194 3173 2239 3235 (ζ
2271 3166 2472 3222 militer
2517 3176 2573 3222 et
2617 3168 2925 3224 immutatio
2998 3185 3395 3239 personarum,
3447 3173 3595 3242 quod
3657 3173 3729 3235 in,
3756 3173 3844 3229 hoc

579 3255 693 3312 Deo
730 3266 982 3327 acceptas
1022 3258 1256 3323 ostendi,
1304 3258 1359 3313 in
1405 3257 1603 3329 quibus
1647 3268 1961 3330 perseverat
2014 3273 2167 3313 amor

577 3348 870 3415 castitatis,
897 3357 953 3403 et
979 3348 1033 3404 in
1071 3349 1219 3405 nullo
1247 3348 1567 3404 obfuscatur
1589 3349 1761 3422 pudor
1802 3348 2161 3419 integritatis:

579 3440 639 3496 in
664 3441 862 3511 quibus
890 3441 1115 3497 castitas
1137 3450 1339 3497 aterna
1362 3441 1586 3514 fragrat,
1614 3442 1890 3498 vinculum
1916 3442 2168 3513 perfecta

576 3530 888 3590 dilectionis
935 3534 1083 3591 nullo
1110 3534 1422 3591 dissolvitur
1465 3536 1591 3592 tlne.
1624 3536 1864 3603 Quarum
1897 3536 2167 3592 thalamus

581 3637 690 3678 una
724 3634 812 3680 est
839 3625 1055 3694 domus,
1082 3642 1301 3698 unaque
1329 3627 1514 3685 latitia
1542 3629 1710 3700 jugis.
1741 3628 1873 3696 Qua
1897 3630 2078 3684 omnia
2110 3630 2165 3685 in

579 3713 688 3771 hoc
714 3713 956 3785 Psalmo,
999 3733 1066 3776 ac
1105 3720 1150 3774 si
1191 3720 1245 3774 in
1285 3719 1441 3775 titulo
1485 3721 1648 3787 dotis,
1694 3722 2059 3777 ascribuutur.
2107 3721 2167 3777 In

581 3822 693 3878 quo
729 3809 1114 3879 prophetarum
1164 3820 1416 3884 tympana
1453 3813 1616 3870 nimis
1659 3814 1882 3884 provida
1920 3828 2168 3868 cumex-

582 3898 880 3955 sultatione
926 3902 1105 3958 cordis
1133 3904 1457 3972 pracinunt,
1489 3919 1608 3974 qua
1631 3903 1746 3973 jam
1796 3902 1940 3961 facta
1968 3904 2167 3976 gaude-

546 4038 561 4054 ,
584 4006 728 4048 Inus.
759 3989 817 4046 In
843 4007 952 4063 quo
996 3994 1362 4065 apostolorum
1415 3996 1765 4052 constituitur
1808 3998 2166 4069 principatus,

583 4096 815 4154 quorum
863 4085 987 4140 tuba
1011 4100 1203 4142 omnes
1229 4096 1419 4158 gentes
1459 4087 1723 4154 edomuit,
1756 4091 1979 4160 suisque
2007 4104 2167 4160 orga-

585 4172 673 4228 nis
706 4174 776 4228 ad
804 4183 1017 4232 vestras
1069 4176 1309 4247 nuptias,
1340 4178 1699 4244 charissima,
1729 4195 1891 4235 omne
1935 4181 2171 4236 invitant

584 4264 865 4331 saculum,
895 4275 951 4322 et
995 4268 1110 4323 suis
1140 4269 1435 4329 concinunt
1480 4270 1747 4337 melodiis,
1776 4279 1831 4327 et
1875 4273 2169 4341 propheta—

585 4369 706 4412 rum
751 4356 1001 4428 eloquiis.
1050 4358 1109 4413 In
1138 4374 1248 4428 quo
1275 4358 1573 4434 mai-tyrum
1623 4362 1846 4417 cithara
1869 4377 1976 4417 non
2004 4363 2169 4418 chor-

585 4447 690 4512 dis,
735 4449 832 4504 sed
870 4449 1161 4506 virtutibus
1200 4450 1386 4507 laudes
1433 4452 1811 4509 concelebrant
1861 4463 2167 4525 perpetuas,

2268 3258 2483 3317 Psalmo
2512 3259 2798 3316 manifeste
2824 3260 3154 3317 declaratur.
3205 3260 3366 3319 Unde
3384 3318 3389 3323 ,
3408 3273 3465 3319 et
3494 3264 3588 3320 hic
3615 3265 3752 3334 quod
3776 3265 3844 3319 di-

2271 3353 2468 3418 ximus,
2500 3353 2556 3408 in
2585 3352 2888 3420 scutulatis,
2913 3352 3043 3408 huic
3066 3353 3245 3409 versui
3277 3353 3604 3425 applicatur,
3638 3366 3689 3412 et
3714 3356 3844 3427 prin-

2270 3446 2470 3516 cipium
2501 3444 2649 3501 facit.
2688 3445 2756 3499 In
2786 3445 3064 3501 scutulatis
3105 3446 3361 3501 ducentur
3395 3448 3466 3501 ad
3488 3446 3680 3519 Regem
3704 3449 3844 3518 virgi-

2270 3553 2380 3601 nes,
2423 3545 2471 3591 et
2514 3545 2796 3608 sequentur
2822 3554 2938 3592 eam
2973 3537 3156 3593 amica?
3189 3538 3328 3609 ejus.
3388 3537 3664 3593 Ducentur
3704 3538 3837 3601 illuc,

2269 3630 2527 3684 ducentur
2554 3631 2610 3684 in
2642 3630 2843 3686 latitiis
2865 3640 2915 3685 et
2951 3630 3299 3687 exsultatione
3326 3632 3385 3687 in
3406 3631 3657 3703 templum
3683 3632 3837 3703 Regis.

2272 3721 2374 3777 Ubi
2414 3736 2522 3778 non
2565 3730 2675 3777 tam
2721 3737 2916 3779 sensus
2957 3738 3121 3793 quam
3164 3722 3423 3779 distantia
3458 3725 3761 3779 animarum
3793 3724 3837 3779 in

2270 3810 2490 3869 Christo
2522 3812 2859 3869 credentium
2890 3814 3315 3879 demonstratur,
3352 3829 3482 3871 cum
3510 3815 3664 3880 dicit,
3688 3814 3842 3869 addu-

2270 3914 2455 3959 centur
2497 3905 2567 3959 ad
2611 3903 2800 3975 Regem
2841 3906 3109 3976 virgines;
3148 3904 3344 3961 deinde
3400 3916 3695 3977 sequentur
3735 3920 3838 3961 eam

2272 3996 2461 4051 amica
2496 3994 2634 4064 ejus.
2683 3994 2817 4063 Quia
2867 3995 3011 4065 quod
3055 3994 3192 4050 dixit
3232 3996 3598 4062 Adducentur,
3644 3995 3840 4050 Domini

2271 4089 2448 4157 gratia
2474 4086 2795 4151 declaratur,
2829 4102 2952 4157 qua
2978 4102 3079 4143 nos
3108 4087 3176 4142 ad
3214 4101 3275 4143 se
3301 4089 3488 4144 venire
3525 4087 3652 4143 facit
3677 4107 3690 4142 :
3715 4088 3842 4141 sicut

2271 4178 2328 4234 in
2353 4177 2646 4249 Evangelia
2693 4178 2806 4248 ipse
2843 4186 3121 4244 testatur,-
3144 4177 3332 4233 dicens
3356 4196 3371 4232 :
3399 4178 3571 4234 Nemo
3614 4182 3749 4234 venit
3782 4176 3843 4231 ad

2270 4285 2373 4335 me,
2401 4270 2503 4325 nisi
2526 4268 2690 4323 Pater
2729 4285 2876 4323 meus
2913 4270 3134 4324 traxerit
3171 4285 3289 4324 eum
3333 4268 3520 4342 (lana.
3546 4285 3619 4333 vt,
3648 4268 3758 4340 44).
3786 4267 3844 4322 Et

2271 4361 2515 4417 Ecclesia
2544 4360 2784 4417 Canticis
2813 4378 2828 4417 :
2860 4359 3032 4415 Trahe
3077 4378 3158 4416 me
3204 4371 3320 4431 post
3368 4370 3451 4427 te,
3498 4377 3767 4415 curremus
3795 4359 3844 4412 iu

2271 4454 2486 4508 odorem
2507 4462 2890 4524 unguentorum
2918 4462 3126 4506 tuorum
3152 4451 3332 4525 (Cant.
3363 4468 3403 4518 l,
3428 4453 3511 4524 4).
3547 4451 3689 4507 Bene
3711 4450 3840 4505 novit

585 4539 677 4609 qui
701 4553 917 4610 sponsa
949 4540 1216 4597 thalamos
1245 4556 1569 4616 respargunt
1600 4544 1758 4599 rosis.
1809 4544 1962 4600 Unde
1991 4554 2048 4601 et
2073 4561 2170 4601 vos
2200 4567 2252 4628 ο
2274 4546 2455 4601 anima
2482 4545 2678 4611 ﬁdelis,
2706 4545 2852 4615 quod
2882 4545 2985 4600 nisi
3019 4534 3202 4599 trahat
3220 4544 3437 4600 Domini
3464 4546 3663 4617 gratia,
3686 4557 3844 4616 persc

585 4630 820 4687 feliciter
867 4630 970 4702 ipsi
1020 4647 1117 4702 per
1142 4632 1419 4690 Christum
1459 4643 1767 4705 genuerunt
1808 4634 1924 4703 illa.
1973 4635 2031 4690 In
2063 4652 2171 4706 quo
2273 4652 2435 4694 nemo
2463 4637 2689 4693 idoneus
2714 4645 2800 4692 est
2823 4644 2880 4691 ut
2911 4636 3211 4707 perveniat.
3243 4635 3351 4692 Sed
3380 4653 3504 4706 qua
3536 4638 3770 4709 virgines
3790 4637 3847 4690 ad

584 4732 898 4778 sanctorum
942 4724 1315 4780 confessorum
1345 4727 1566 4792 chorus,
1603 4736 1761 4780 natus
1786 4740 1853 4781 ex
1889 4727 2168 4797 apostolis,

586 4816 922 4886 spiritalibus
959 4816 1089 4887 lyris
1120 4817 1489 4888 gratissimum
1524 4818 1795 4889 depromit
1817 4834 2048 4886 sonum;
2093 4820 2168 4875 ita

586 4917 648 4962 ut
686 4923 784 4978 per
816 4924 912 4965 eos
948 4909 1001 4964 in
1039 4924 1258 4965 omnem
1301 4920 1505 4966 terram
1548 4911 1858 4981 pervenerit
1907 4912 2170 4984 quidquid

586 5000 941 5070 apostolicum
990 5000 1275 5065 inhabitat,
1325 5009 1381 5055 et
1422 5000 1734 5056 deambulat
1779 5002 1894 5071 ipse
1924 5004 2074 5074 virgo
2112 5002 2167 5057 in

588 5094 704 5149 suis
730 5096 1031 5167 virginibus
1072 5096 1370 5161 radicatus,
1411 5103 1467 5149 et
1514 5092 1771 5151 fundatus
1811 5096 1866 5149 in
1916 5095 2172 5150 cordibus

587 5186 807 5255 earum;
856 5198 1008 5246 tanto
1050 5190 1245 5245 melius
1290 5200 1347 5245 et
1369 5189 1665 5260 perfectius
1693 5190 1942 5255 dilectus,
1969 5197 2174 5259 quanto

587 5287 645 5335 et
672 5281 799 5352 ipsa
821 5282 1111 5352 jucundius
1154 5298 1339 5338 amore
1365 5292 1419 5338 et
1447 5283 1741 5353 perfectius
1769 5282 2049 5338 intellectu
2083 5296 2173 5336 su-

538 5374 543 5381 ’
589 5382 689 5440 per
740 5380 927 5440 pectus
955 5370 1156 5427 Christi
1205 5373 1568 5442 requiescunt.
1612 5371 1781 5449 Unde
1822 5383 1877 5427 et
1913 5371 2168 5437 Joannes,

589 5461 716 5531 quia
762 5461 913 5532 virgo
963 5471 1109 5529 erat,
1159 5463 1357 5518 dicitur
1401 5462 1723 5518 familiarius
1766 5479 1931 5535 super
1982 5469 2170 5533 pectus

590 5550 853 5609 Dominus
887 5556 1217 5611 recubuisse.
1268 5555 1399 5611 Nam
1428 5565 1482 5610 et
1507 5556 1759 5611 sacerdos
1808 5556 1950 5609 inter
1973 5564 2168 5609 catera

591 5647 972 5714 separationis,
1023 5650 1392 5717 pectusculnm
1426 5649 1636 5720 1302
1668 5649 1732 5704 de
1772 5647 2059 5705 sacrificiis
2086 5648 2168 5702 vi-

592 5736 881 5795 ctimarum
912 5740 1236 5810 accipiebat;
1280 5741 1423 5811 quod
1453 5741 1591 5796 bene
1616 5741 1766 5813 virgo
1789 5739 1973 5800 fasciis
1999 5747 2170 5796 totum

2274 4727 2496 4799 Regem,
2531 4735 2588 4783 et
2618 4727 2686 4781 ad
2717 4726 2880 4798 [legis
2915 4726 3211 4782 thalamum
3242 4736 3353 4781 tam
3384 4725 3599 4799 1303
3624 4725 3850 4799 Speciali-

2272 4829 2358 4875 ter
2382 4820 2758 4876 deducuntur?
2799 4819 2917 4889 Ego
2941 4829 3092 4890 puto,
3123 4818 3482 4884 charissima,
3520 4821 3589 4875 de
3617 4819 3849 4889 hujuscco

2271 4912 2415 4967 modi
2449 4910 2746 4982 virginibus
2770 4911 2994 4974 dictum,
3022 4909 3210 4981 quales
3237 4925 3335 4965 vos
3363 4925 3487 4965 esse
3517 4911 3688 4967 credo
3710 4926 3724 4963 :
3746 4922 3851 4980 qua

2259 4997 2574 5072 sequuntur
2603 5017 2709 5056 una
2733 5001 3012 5057 vobiscum
3046 5000 3367 5068 Ecclesiam,
3402 5013 3457 5057 et
3481 5003 3698 5074 Agnum
3729 5010 3851 5073 quo-

2281 5108 2493 5165 cunque
2533 5094 2700 5159 vadit,
2731 5102 2786 5149 et
2808 5100 3083 5163 ponuntur
3105 5095 3160 5149 in
3188 5095 3364 5166 primo
3388 5095 3580 5166 gradu,
3609 5095 3852 5167 quoniam

2280 5181 2466 5238 ﬁdeles
2494 5184 2549 5238 in
2583 5184 2895 5255 virginitate
2921 5184 3168 5254 corporis
3194 5193 3250 5240 et
3273 5185 3464 5253 animi,
3497 5186 3644 5241 sicut
3668 5196 3726 5242 et
3749 5200 3852 5248 vos,

2278 5278 2471 5348 pudica
2513 5288 2692 5334 mente
2720 5286 3154 5348 permanserunt.
3186 5277 3470 5348 Alioquin,
3512 5280 3644 5349 quid
3672 5277 3854 5352 prode-

2278 5369 2351 5424 rit
2376 5369 2689 5439 pudicitiam
2715 5368 2896 5425 carnis
2926 5369 3192 5440 integram
3223 5382 3491 5433 servasse,
3522 5371 3569 5425 si
3600 5387 3715 5426 non
3740 5379 3843 5425 mte

2277 5463 2526 5534 gritatem
2574 5462 2697 5517 ﬁdei
2751 5463 3137 5517 servaverint?
3184 5462 3250 5517 Et
3298 5463 3422 5518 ideo
3468 5464 3522 5518 in
3563 5465 3717 5519 omni
3768 5462 3854 5516 do-

2276 5554 2450 5609 ctrina
2492 5562 2548 5609 et
2592 5554 2857 5625 virtutum
2904 5555 3287 5625 conspersione
3313 5596 3326 5621 ,
3377 5555 3739 5610 custodienda
3782 5560 3861 5607 est

2277 5644 2575 5717 Virginitas
2614 5647 2781 5702 animi
2831 5657 2884 5703 et
2924 5648 3169 5718 corporis
3220 5648 3272 5702 in
3313 5647 3553 5705 Christo.
3595 5647 3855 5716 Quoniam

2278 5752 2398 5810 qua
2421 5738 2659 5810 perfecta
2689 5747 2793 5809 est,
2824 5749 2880 5797 et
2908 5749 3105 5798 sancta
3135 5755 3365 5812 corpore
3392 5756 3458 5817 ac
3482 5740 3702 5815 spiritu,
3745 5739 3865 5815 ipsa
