4048 6352
171 274 301 331 1057
643 312 658 326 ,
1091 267 1452 326 EXPOSITIO
1489 266 1557 324 IN
1595 268 1927 328 PSALMUM
1963 272 2145 328 XLIV.
2188 304 2255 313 —
2296 273 2421 328 LIB.
2464 274 2543 330 III.
3313 269 3447 329 I058
3512 322 3519 329 .

178 386 222 450 in
261 390 505 447 Canticis
535 395 761 445 vocatur
808 389 1055 444 columba
1107 390 1473 454 immaculata,
1527 397 1581 445 et
1627 405 1754 460 pro-
1784 394 1832 454 Α
1859 392 2022 446 etiam
2060 392 2104 447 si
2135 393 2625 463 permanseriut'in
2656 391 2923 457 libertate,
2957 393 3057 450 sibi
3087 380 3268 451 oblata
3304 410 3451 466 prro-

175 486 327 542 xima,
361 483 428 536 de
461 497 566 551 qua
607 480 843 534 dicitur:
887 477 1139 534 Viderunt
1185 496 1300 534 eam
1331 479 1480 548 filim,
1511 490 1563 534 et
1591 480 1762 534 beati-
1869 483 1975 536 mia
2007 483 2415 552 promittuntur.
2461 482 2611 538 Unde
2639 483 2924 552 Apostolus
2950 501 2964 537 :
2989 483 3222 550 Beatior,
3252 484 3450 556 inquit,

176 577 451 647 ﬁcarerunt
477 590 616 638 eam,
650 574 841 643 regina:
866 582 913 626 et
947 573 1250 627 concubinre
1273 572 1622 628 laudauerunt
1649 591 1763 629 eam
1864 573 1980 637 erit,
2019 576 2064 628 si
2101 576 2175 630 sic
2214 577 2602 642 permanserit,
2646 576 2931 629 secundant
2973 577 3248 632 consilium
3278 594 3451 632 meum

176 669 342 740 (Cant.
381 684 454 730 vt,
482 667 562 738 8).
616 667 694 721 Ex
742 681 851 736 quo
897 675 1048 736 patet
1093 680 1308 732 sensus,
1357 667 1484 737 quia
1514 668 1764 738 quamvis
1867 663 1918 734 (1
1944 663 2066 719 Cor.
2104 681 2202 730 vu,
2233 665 2345 734 40).
2383 664 2488 720 Sed
2516 665 2713 736 quibus
2751 667 3163 723 necessitatibus
3188 670 3452 738 'premau-

176 774 272 813 una
303 758 377 812 sit
407 756 644 811 Ecclesia
666 796 681 822 ,
714 771 932 826 unaque
978 754 1174 824 conjux
1222 766 1277 811 et
1322 758 1526 828 regina,
1561 758 1763 814 diversi
1869 761 1956 808 tur
1987 755 2038 808 in
2066 754 2335 828 coajugio,
2365 763 2422 810 et
2451 765 2509 809 ut
2540 771 2570 809 a
2601 753 2854 828 conjugio
2904 756 3186 823 absolutae,
3233 759 3451 829 longum

176 858 295 906 sunt
333 850 577 914 ordines,
611 857 668 904 et
706 850 1029 904 meritorum
1081 848 1248 905 multa
1296 849 1622 906 differentia.
1663 852 1763 907 Ubi
1866 860 2208 902 enumerare.
2253 847 2640 904 Verumtamen
2688 849 2804 920 ipse
2845 851 2912 906 de
2943 865 3003 907 se
3030 850 3225 907 melius
3255 859 3455 906 norunt

176 942 454 1013 sexaginta
481 941 644 995 etiam
671 949 1139 997 connumerantur
1166 943 1389 1013 regium,
1416 952 1470 999 et
1493 944 1764 1014 octoginta
1868 942 1993 1012 quid
2034 942 2331 1008 evaserint,
2363 944 2557 1012 quibus
2583 941 2833 1000 Christus
2874 944 2929 1000 in
2969 953 3092 1000 voto
3126 954 3232 1000 est.
3285 943 3458 1000 Porro

178 1033 512 1098 concubinas,
543 1044 599 1088 et
624 1033 1038 1090 adolescentulae
1064 1051 1296 1106 quarum
1329 1053 1434 1091 non
1465 1047 1548 1092 est
1579 1053 1766 1094 nume-
1867 1037 2150 1106 virginitas
2180 1037 2230 1091 in
2263 1037 2462 1092 mundo
2487 1037 2600 1092 sola
2627 1037 2797 1094 libera
2827 1047 2928 1101 est,
2962 1038 3209 1094 libertate
3233 1037 3452 1104 Christi,

177 1139 284 1180 rus.
315 1123 523 1179 Idcirco
551 1123 604 1178 in
632 1124 804 1195 prima
837 1125 955 1180 acie
983 1126 1328 1209 adducuntur
1351 1127 1480 1198 Regi
1508 1129 1763 1200 virgines,
1869 1129 2030 1183 nullis
2063 1129 2298 1184 obnoxia
2341 1130 2512 1194 vitiis,
2555 1130 2716 1185 nullis
2757 1130 2975 1202 alligata
3018 1130 3268 1195 vinculis,
3300 1128 3454 1189 nullis

179 1230 310 1286 quas
349 1215 462 1283 ipse
494 1230 726 1286 sponsus
755 1217 1020 1284 speciosus
1045 1233 1156 1288 pra:
1186 1218 1314 1287 ﬁliis
1353 1219 1624 1274 hominum
1658 1221 1766 1276 elc-
1869 1220 2235 1274 contaminata
2273 1220 2733 1289 corruptionibus,
2757 1235 2876 1292 quae
2905 1219 3016 1274 sola
3043 1220 3247 1292 angelis
3273 1219 3325 1274 in
3353 1226 3457 1274 ter.

180 1307 275 1378 git,
313 1320 451 1374 quas
487 1307 601 1374 ipse
637 1305 739 1360 sibi
779 1309 878 1361 suo
908 1307 1101 1378 dignos
1135 1309 1361 1364 sociavit
1411 1313 1680 1383 conjugio,
1710 1321 1768 1367 ut
1873 1310 1947 1365 ris
1971 1321 2338 1381 comparatur,
2362 1311 2473 1367 sola
2524 1311 2694 1367 libera
2725 1320 2846 1367 est:
2873 1326 3130 1382 sponsum
3159 1310 3452 1376 Christum,

178 1396 287 1466 ipse
316 1396 469 1466 virgo
498 1396 551 1450 in
581 1397 754 1466 capite
782 1413 906 1452 cum
931 1399 1044 1454 suis
1070 1410 1417 1468 permaneret
1441 1403 1764 1473 virginibus.
1873 1418 1936 1458 ac
1960 1405 2002 1458 si
2036 1420 2219 1460 comes
2256 1405 2309 1460 in
2342 1413 2572 1470 remota,
2602 1420 2923 1476 quocunque
2947 1405 3097 1462 vadit
3126 1406 3388 1475 sequitur.

177 1488 326 1544 Inter
351 1504 486 1557 quas
517 1503 636 1552 vos,
671 1489 1060 1558 dilectissimze,
1097 1508 1293 1548 censeo
1324 1494 1552 1549 Domino
1582 1512 1770 1553 conse-
1946 1496 2011 1550 Et
2040 1496 2160 1552 ideo
2184 1513 2304 1565 vos,
2330 1497 2693 1562 cbarissirnae,
2719 1495 2906 1554 felices
2926 1497 3182 1562 dixerim,
3204 1497 3457 1567 quoniam

179 1590 382 1646 cratas,
411 1590 465 1635 et
493 1581 857 1652 virginitatem
890 1585 1156 1656 integram
1187 1587 1297 1643 Deo
1332 1589 1554 1644 vovistis
1581 1607 1593 1643 :
1625 1590 1771 1644 insu-
1875 1588 2126 1642 nescistis
2160 1597 2336 1643 torum
2371 1589 2425 1643 in
2452 1588 2671 1654 delicto,
2707 1588 2980 1644 habebitis
3011 1587 3247 1645 fructum
3280 1589 3333 1642 in
3380 1604 3466 1643 rc-

179 1689 273 1744 per
301 1673 468 1728 etiam
497 1675 567 1727 ad
596 1674 904 1744 exemplum
934 1677 1301 1745 apostolorum
1339 1679 1520 1733 omnia
1553 1681 1772 1751 rrliqni—
1810 1751 1819 1752 ί
1877 1683 2152 1750 spectione
2193 1683 2499 1736 animarum
2540 1689 2874 1737 sanctarum.
2918 1681 3129 1738 Felices
3171 1696 3290 1752 quae
3320 1681 3462 1736 bibi-

177 1765 310 1828 stis;
345 1779 447 1818 nec
475 1765 580 1820 hoc
612 1764 808 1831 solum,
837 1769 1193 1824 verumetiam
1225 1771 1324 1825 sub
1361 1773 1659 1826 monastica
1691 1773 1772 1836 di-
1801 1751 1848 1812 Β
1877 1782 1977 1828 ειιε
2014 1790 2138 1829 cum
2187 1775 2326 1830 lacte
2355 1775 2538 1830 carnis
2585 1774 2669 1828 lac
2708 1775 2833 1830 vitae
2869 1782 3116 1838 aeternae,
3156 1751 3212 1828 et
3244 1788 3364 1826 mox
3411 1771 3466 1826 in

179 1857 412 1928 sciplina
439 1871 535 1912 vos
568 1857 873 1929 redegistis.
908 1858 1015 1915 Sed
1043 1862 1172 1931 quia
1219 1862 1462 1934 fragilior
1493 1879 1657 1919 sexus
1687 1866 1770 1919 vi-
1880 1876 2000 1919 ortu
2031 1865 2139 1919 Deo
2163 1865 2355 1920 dicatae
2385 1865 2536 1920 estis.
2589 1863 2734 1918 Nihil
2766 1864 2913 1919 enim
2965 1863 3109 1917 aliud
3147 1863 3283 1918 estis
3304 1875 3466 1932 quam

180 1950 458 2014 debatur,
510 1964 633 2004 cum
685 1960 829 2005 esset
881 1953 1120 2008 charitas
1167 1953 1467 2010 ferventior
1495 1956 1550 2011 in
1601 1958 1770 2022 vobis,
1879 1957 2209 2012 sacrificium
2242 1957 2374 2022 Deo,
2418 1966 2544 2011 vota
2573 1966 2882 2026 parentum,
2930 1957 3202 2026 possessio
3233 1954 3471 2025 Spiritus

178 2042 346 2096 etiam
390 2040 549 2112 longa
593 2056 660 2097 ex
710 2044 1104 2099 consuetudine
1149 2055 1350 2100 :eterna
1396 2046 1646 2102 clausura
1680 2064 1775 2104 vos
1881 2050 2074 2114 sancti,
2109 2050 2264 2120 cujus
2295 2047 2566 2103 iufusione
2604 2047 2924 2104 sacrificales
2960 2047 3094 2102 estis
3135 2055 3190 2102 et
3225 2046 3467 2100 nutritae.

177 2133 500 2198 obserastis,
535 2132 864 2188 unanimiter
899 2147 1309 2205 perseverantes
1347 2137 1401 2193 in
1435 2139 1634 2209 templo
1668 2140 1774 2194 Do-
1880 2141 2158 2213 Siquidem
2198 2142 2447 2196 enutrita:
2478 2141 2618 2196 lacte
2645 2139 2808 2196 Verbi
2838 2140 2904 2194 ab
2932 2139 3150 2194 ineunte
3175 2146 3355 2202 :etate,
3386 2137 3468 2190 in-

177 2232 318 2286 mini
349 2247 362 2283 :
392 2246 620 2300 quarum
670 2246 761 2284 cor
803 2248 988 2295 unum,
1037 2243 1084 2286 et
1139 2234 1318 2288 anima
1369 2251 1474 2288 una
1521 2235 1662 2290 facta
1694 2244 1779 2292 est
1881 2244 1964 2291 ter
1992 2235 2306 2304 angelorum
2331 2234 2715 2304 frequentiam,
2744 2232 2883 2288 infra
2909 2247 3125 2305 gregem
3142 2231 3363 2296 Christi,
3393 2232 3474 2284 in-

176 2321 328 2394 (Act.
360 2338 429 2386 tv,
455 2322 565 2393 52),
599 2333 945 2378 concremata
981 2325 1103 2395 igne
1132 2325 1297 2381 divini
1330 2328 1550 2392 amoris,
1579 2338 1638 2382 ut
1662 2330 1779 2399 plu-
1884 2337 1962 2383 ter
1982 2343 2180 2399 pascua
2204 2327 2349 2392 vitae,
2365 2342 2429 2381 ac
2451 2326 2565 2381 siin
2584 2325 2835 2396 paradiso
2857 2325 2974 2390 Dei,
2992 2326 3134 2379 inter
3148 2323 3471 2378 alleluiatica

175 2429 265 2470 res
299 2431 469 2468 unum
498 2414 711 2479 fierent,
742 2414 809 2467 ad
843 2415 1150 2484 exemplum
1183 2415 1325 2471 illius
1357 2418 1643 2486 primitivae
1673 2419 1776 2473 Ec-
1881 2434 2097 2488 semper
2137 2419 2352 2488 gaudia,
2408 2417 2552 2472 inter
2599 2416 2869 2472 sacrificia
2912 2424 2967 2470 et
3010 2414 3471 2470 ltolocaustomata

173 2507 386 2568 clesiae,
419 2521 580 2575 quam
615 2503 851 2575 Spiritus
897 2515 1118 2561 sanctus
1159 2507 1212 2561 in
1245 2523 1411 2562 unum
1443 2508 1680 2574 decoxit,
1721 2517 1782 2564 ut
1882 2511 1976 2564 Dei
2005 2529 2016 2563 :
2044 2525 2165 2580 qute
2197 2509 2330 2563 nihil
2364 2508 2507 2563 aliud
2541 2507 2806 2564 didicistis
2831 2523 2992 2576 quam
3015 2505 3314 2569 Christum,
3340 2500 3475 2557 nihil

173 2607 220 2654 et
251 2596 448 2651 multis
475 2596 768 2651 virtutibus
805 2613 910 2651 una
951 2605 1097 2653 esset
1143 2613 1321 2653 massa
1365 2600 1673 2655 charitalis.
1721 2602 1778 2655 lu
1883 2616 2068 2656 amare
2115 2600 2284 2655 nostis
2310 2614 2473 2669 quam
2508 2599 2704 2669 ipsum.
2751 2595 2866 2652 Etsi
2896 2594 3104 2667 1305
3129 2602 3252 2650 vota
3280 2605 3477 2662 paren-

172 2703 417 2760 quarum
451 2688 717 2758 principio
741 2703 838 2743 vos
865 2689 1201 2744 consociavit
1228 2689 1368 2743 idem
1393 2689 1630 2760 Spiritus
1657 2707 1781 2746 san-
1885 2703 1995 2749 tum
2022 2710 2116 2748 vos
2151 2693 2511 2756 deduxerunt,
2541 2689 2932 2754 dilectissimze,
2969 2687 3158 2742 felices
3198 2701 3318 2756 quae
3343 2699 3463 2756 per-

173 2791 325 2847 ctus,
365 2781 458 2850 qui
493 2789 752 2848 operatur
780 2781 963 2835 omnia
995 2781 1048 2835 in
1074 2781 1346 2847 omnibus,
1377 2791 1431 2837 et
1459 2782 1588 2838 fecit
1615 2800 1780 2838 unum
1885 2787 2164 2842 mansistis
2201 2786 2252 2840 in
2284 2799 2457 2856 agone
2500 2783 2856 2840 certaminis:
2885 2781 3142 2853 quoniam
3185 2779 3320 2835 fides
3355 2794 3477 2849 qua:

133 2937 136 2939 Α
169 2889 387 2945 corpus
424 2872 478 2926 in
508 2871 751 2938 Christo,
783 2888 1061 2943 unumque
1099 2889 1194 2929 cor
1228 2882 1282 2929 et
1317 2874 1554 2929 animam
1594 2891 1778 2930 uuam.
1883 2890 1980 2931 vos
2004 2877 2115 2931 Deo
2141 2876 2194 2930 in
2217 2875 2546 2946 baptismate
2573 2872 2932 2938 consecravit,
2964 2872 3080 2942 ipsa
3108 2885 3206 2926 vos
3229 2885 3330 2941 pro
3353 2877 3480 2925 voto

172 2968 281 3023 Sed
315 2966 457 3038 quia
487 2981 784 3036 paucorum
819 2974 903 3021 est
947 2966 1052 3021 ista
1083 2967 1278 3032 virtus,
1309 2977 1454 3022 recte
1504 2968 1780 3038 sequitur:
1885 2971 1975 3026 hic
2001 2970 2187 3034 etiam,
2222 2978 2358 3025 teste
2389 2968 2650 3033 Ecclesia,
2682 2965 2877 3024 obtulit
2906 2973 2962 3021 et
2998 2963 3233 3020 devovit.
3271 2962 3479 3019 Idcirco

169 3059 305 3116 Post
363 3076 482 3113 eam
511 3058 766 3129 proxima:
801 3059 914 3128 ejus
955 3059 1244 3128 afferentur
1289 3060 1404 3126 tibi,
1440 3060 1494 3114 id
1537 3068 1622 3115 est
1660 3069 1783 3129 post
1813 3112 1854 3133 η
1887 3064 2098 3118 habetis
2121 3064 2351 3133 primam
2376 3062 2607 3133 gratiam
2635 3061 2688 3115 in
2713 3059 3038 3131 baptismate
3063 3075 3076 3112 :
3101 3058 3323 3112 alteram
3350 3070 3480 3111 vero

169 3112 191 3114 7
373 3112 382 3113 7
511 3112 522 3129 .
811 3112 843 3128 7.
990 3112 1018 3128 ..
1097 3112 1104 3113 7
1185 3112 1206 3113 77
1315 3112 1344 3113 77
1391 3112 1403 3126 .
1442 3112 1492 3139 777
1661 3112 1779 3129 τ--τ
1887 3112 2884 3133 --—-~--7-r-7777—777Dum—77—7—7—77t777
2916 3112 2920 3113 7

167 3155 340 3219 hanc,
385 3153 436 3206 in
467 3167 571 3222 qua
603 3167 699 3206 vos
727 3151 908 3206 divina
937 3152 1111 3223 gratia
1142 3150 1301 3209 flores
1324 3169 1445 3208 esse
1471 3154 1779 3209 constituit:
1810 3112 1856 3176 Ο
1887 3164 1942 3209 et
1971 3153 2078 3208 Deo
2123 3153 2398 3224 placitam,
2432 3152 2500 3206 ad
2550 3152 2722 3206 instar
2749 3149 3040 3212 Samuelis,
3092 3147 3236 3218 quod
3279 3148 3390 3201 Deo
3419 3147 3474 3200 in

164 3243 487 3300 aﬂ'erentur
518 3243 711 3297 amica:
743 3259 835 3297 seu
867 3244 1150 3313 proximm,
1188 3245 1254 3299 ad
1302 3245 1470 3314 ipsam
1518 3247 1785 3300 eamdem-
1889 3247 2266 3302 holocaustum
2297 3245 2490 3300 oblata:
2521 3244 2672 3298 estis.
2721 3242 2926 3296 Deinde
2957 3241 3022 3295 ad
3056 3240 3326 3303 ultimum,
3353 3239 3482 3308 quia

162 3354 273 3408 que
305 3337 651 3400 Ecclesiam,
683 3344 743 3389 ut
774 3337 884 3390 sint
929 3346 985 3390 et
1036 3336 1166 3406 ipsa:
1201 3337 1256 3391 iu
1288 3338 1493 3393 unitate
1542 3339 1784 3408 corporis
1889 3338 2069 3392 omnia
2109 3336 2421 3404 reliquistis.
2457 3333 2774 3404 Reliquistis
2803 3340 3004 3395 autem,
3036 3331 3082 3385 si
3114 3331 3314 3384 habere
3349 3343 3482 3384 con-

160 3430 435 3484 membra
472 3427 670 3482 fidelia.
707 3426 836 3494 Quae
863 3429 1149 3498 proximae,
1179 3444 1274 3483 seu
1311 3429 1520 3492 amicae,
1554 3439 1679 3484 sunt
1707 3430 1786 3483 vi-
1891 3429 2161 3494 temnitis;
2191 3429 2316 3498 quia
2345 3427 2458 3482 haec
2482 3435 2566 3481 est
2588 3440 2716 3480 vera
2742 3423 3087 3480 mortificatio
3108 3422 3307 3488 saaculi,
3338 3429 3398 3475 ut
3423 3421 3482 3477 in

160 3525 290 3580 duae
323 3532 492 3578 caste
523 3522 786 3586 viventes,
816 3523 1116 3593 virginibus
1142 3523 1312 3594 gradu
1360 3521 1604 3578 inferiori
1651 3538 1782 3578 con-
1889 3521 2086 3577 szeculo
2122 3536 2220 3575 nec
2264 3520 2508 3575 habeatis
2558 3520 2876 3589 quidquam,
2912 3533 3012 3574 nec
3045 3519 3244 3573 habere
3281 3515 3478 3573 velitis.

157 3617 433 3674 sociatm.
485 3614 620 3669 Nam
655 3630 776 3669 cum
810 3614 1094 3684 virginitas
1143 3613 1500 3669 centesimum
1548 3613 1784 3670 fructum
1888 3613 2014 3668 Hanc
2043 3621 2191 3678 vota,
2223 3621 2484 3666 matrona:
2515 3611 2739 3675 Christi,
2770 3612 2873 3666 hoc
2908 3611 2963 3665 in
3010 3609 3130 3665 loco
3171 3611 3478 3664 communia

155 3711 414 3774 habeat,
446 3707 684 3763 viduitas
733 3705 946 3779 1304
988 3707 1407 3777 sexagesimum,
1457 3708 1608 3777 quasi
1655 3722 1783 3777 pro-
1890 3713 2017 3762 sunt
2046 3704 2199 3760 vobis
2237 3719 2360 3774 qum
2390 3702 2635 3767 vovistis,
2668 3711 2728 3756 ut
2773 3700 2934 3757 simul
2970 3702 3194 3771 innupta
3223 3708 3277 3756 et
3302 3699 3477 3772 virgo,

152 3803 314 3860 xime
350 3803 728 3858 honorantur.
757 3800 822 3854 Et
850 3800 971 3854 ideo
993 3814 1155 3868 quam
1184 3800 1322 3855 bene
1345 3814 1413 3854 ex
1441 3799 1558 3856 istis
1579 3800 1788 3855 duobus
1883 3797 2037 3869 juxta
2081 3795 2398 3866 Apostolum
2446 3794 2496 3867 (I
2519 3793 2641 3849 Cor.
2679 3809 2774 3858 vit,
2804 3792 2919 3862 54),
2967 3808 3086 3863 quae
3110 3792 3321 3847 Domini
3352 3799 3479 3846 sunt

150 3898 505 3959 ordinibus,
533 3894 894 3959 charissimae,
924 3903 1163 3949 vestrum
1192 3903 1533 3964 compactum
1559 3903 1645 3950 est
1673 3910 1788 3950 cor-
1890 3887 2112 3957 cogitet,
2161 3895 2219 3940 ut
2255 3886 2326 3941 sit
2363 3894 2548 3941 sancta
2595 3893 2650 3940 et
2695 3899 2924 3956 corpore
2962 3893 3018 3940 et
3065 3884 3278 3954 spiritu.
3328 3881 3482 3938 Hanc

146 4008 258 4063 pus
293 4001 360 4048 et
417 3989 801 4045 coadunatum.
865 3988 969 4043 Sed
1003 3988 1242 4060 virgines
1272 3989 1524 4043 dicuntur
1569 3989 1784 4056 adduci,
1890 3984 2088 4054 quippe
2136 3983 2422 4049 unitatem,
2467 3984 2532 4037 de
2575 3981 2806 4037 diversis
2852 3981 3098 4052 partibus
3145 3979 3476 4044 venientem,

144 4087 290 4156 quia
327 4083 601 4154 corporis
648 4082 962 4153 integritate
1012 4081 1346 4135 robustiores
1391 4089 1516 4135 sunt
1559 4098 1572 4134 :
1612 4081 1786 4136 vidum
1892 4076 2027 4147 lapis
2062 4076 2151 4131 ille
2176 4076 2424 4132 Christus
2462 4076 2761 4146 conjunxit,
2789 4075 2879 4144 qui
2911 4085 2996 4129 est
3024 4071 3476 4156 lapisaugularis,

147 4151 292 4233 vero
323 4151 550 4236 afferri,
572 4188 690 4244 quae
706 4151 1025 4244 plerumque
1050 4171 1231 4226 fractae
1245 4173 1475 4227 diversis
1498 4173 1788 4244 multisque
1891 4170 2083 4240 etfacit
2108 4179 2327 4239 utraque
2363 4184 2525 4222 unum
2549 4167 2766 4238 (Ep/tes.
2800 4183 2860 4231 η,
2892 4165 3004 4237 20).
3039 4164 3209 4232 Quem
3239 4179 3368 4218 sane
3398 4151 3478 4217 Ia-

141 4268 472 4331 molestiis,
495 4264 663 4320 multa
677 4262 788 4332 jam
812 4263 1448 4333 corporisimbecillifate
1467 4264 1784 4336 fatigantur.
1891 4265 2072 4334 pidem
2121 4263 2434 4334 angularem
2483 4263 2536 4316 in
2581 4260 2934 4316 fundamento
2978 4259 3159 4314 cordis
3201 4256 3479 4329 posuistis,

135 4360 281 4417 Ideo
319 4357 589 4430 gratuita
623 4356 798 4428 gratia
844 4356 1168 4421 offeruntur,
1195 4373 1314 4426 quae
1344 4372 1402 4412 se
1428 4372 1526 4427 pro
1559 4359 1790 4414 diversis
1892 4365 1948 4412 et
1987 4357 2109 4412 ideo
2146 4357 2213 4412 ad
2246 4357 2390 4410 hunc
2438 4353 2694 4425 angulum
2720 4353 2944 4408 Vesonte
2977 4349 3322 4407 couvolastis.
3364 4347 3483 4406 Non

132 4455 277 4510 vitae
314 4449 812 4509 sollicitudinibus
845 4450 1128 4521 dispendio
1163 4450 1524 4508 tradiderunt.
1570 4453 1785 4518 Interea
1814 4497 1866 4521 η
1893 4451 2036 4520 quod
2065 4447 2322 4519 angulum
2353 4445 2648 4515 diligeretis
2694 4445 2902 4513 exiguae
2928 4442 3203 4498 civitatis:
3231 4440 3325 4496 sed
3356 4439 3482 4510 quia

129 4545 206 4599 ad
240 4544 391 4599 haec
444 4539 595 4596 forte
636 4539 855 4595 solertia
905 4539 1162 4610 puellaris
1213 4540 1482 4596 dictatura
1509 4555 1614 4609 est,
1641 4545 1785 4613 quod
1818 4538 1864 4557 ν
1893 4543 2180 4608 dilexistis,
2229 4549 2284 4596 et
2321 4540 2547 4611 diligere
2590 4538 2799 4594 debetis
2842 4539 3066 4592 arduam
3101 4546 3157 4591 et
3193 4544 3480 4606 angustam

126 4634 473 4694 debuerim
521 4631 706 4686 dicere
735 4631 973 4703 virgines
1017 4631 1200 4688 afferri
1240 4631 1459 4699 debere,
1490 4634 1787 4705 viduasque
1890 4640 2056 4703 viam,
2084 4651 2201 4706 qua:
2235 4634 2379 4688 ducit
2414 4632 2483 4686 ad
2511 4632 2688 4697 vitam,
2721 4631 2976 4701 quoniam
3012 4630 3121 4685 lata
3151 4637 3208 4684 et
3235 4627 3480 4699 spaciosa

124 4728 390 4785 adduci.
465 4723 780 4778 Praesertim
821 4739 943 4777 cum
991 4724 1169 4780 viduae
1215 4725 1283 4780 ad
1314 4741 1412 4783 vos
1452 4742 1548 4781 sua
1595 4737 1788 4798 sponte
1891 4739 1975 4784 est
2006 4743 2126 4799 quae
2151 4727 2299 4782 ducit
2329 4725 2396 4779 ad
2428 4733 2682 4780 mortem.

116 4822 415 4882 veniant,
460 4828 675 4883 suaque
703 4813 1294 4885 devotionewirgines
1321 4831 1450 4871 vero
1475 4830 1667 4875 Oenea
1695 4833 1791 4873 cu-
1969 4817 2140 4882 Unde,
2221 4813 2580 4880 charissimae,
2641 4813 2770 4884 quia
2831 4813 3079 4869 Christus
3139 4813 3276 4882 lapis
3327 4811 3484 4866 vivus

113 4912 385 4976 biIIbIlS,
427 4916 496 4962 et
517 4903 634 4973 jam
664 4906 872 4970 adlmc,
908 4914 967 4960 ut
995 4906 1067 4960 ita
1093 4906 1287 4973 fatear,
1320 4909 1464 4964 inter
1491 4911 1788 4980 crepundia
1895 4924 2061 4964 unum
2089 4923 2185 4961 vos
2229 4907 2358 4961 fecit
2391 4921 2627 4978 gregem,
2657 4920 2932 4976 unumque
2968 4905 3108 4960 ovile
3147 4904 3199 4959 iu
3230 4904 3331 4958 hoc
3388 4917 3484 4958 an-

107 5015 358 5060 tenctae
390 4996 599 5052 aetatis
624 4995 926 5051 offeruntur
946 4996 1076 5068 Regi
1098 4997 1228 5062 Deo,
1257 5013 1324 5054 ex
1353 5010 1478 5054 voto
1500 5010 1784 5070 parentum
1892 5002 2038 5073 gulo,
2071 5000 2262 5072 erigite
2292 5008 2346 5055 et
2395 4999 2548 5054 vobis
2603 5000 2796 5054 turrim
2845 4997 2992 5052 illam
3039 5012 3104 5052 ex
3169 4993 3484 5066 Evangelio,

105 5097 326 5168 potius
367 5103 569 5162 quam
599 5103 666 5142 ex
698 5102 808 5142 suae
839 5088 1040 5143 mentis
1073 5088 1360 5146 electione.
1405 5091 1559 5147 Unde
1587 5094 1788 5150 rectius
1893 5095 2087 5152 turrim
2130 5094 2333 5167 anguli,
2371 5102 2432 5148 ut
2459 5094 2580 5150 sitis
2609 5093 2762 5149 vobis
2785 5093 3014 5148 invicem
3053 5088 3485 5160 supplementum
3547 5163 3554 5168 θ

101 5190 245 5246 illas
278 5180 524 5242 afferri
558 5180 755 5235 debere
807 5179 1032 5250 intelligi
1079 5198 1092 5234 :
1135 5181 1269 5238 istas
1303 5196 1431 5238 vero
1474 5199 1570 5239 sua
1604 5186 1789 5242 venire
1892 5187 2132 5252 virtutis,
2161 5195 2217 5241 et
2247 5185 2616 5257 magisterium
2641 5183 2951 5241 castitatis:
2995 5181 3069 5236 ita
3099 5188 3157 5233 ut
3203 5178 3484 5249 virginitas

97 5282 379 5338 volunta
393 5285 492 5334 te,
539 5271 761 5341 suisque
789 5287 847 5327 se
884 5270 1079 5329 afferre
1106 5274 1267 5329 votis.
1299 5274 1419 5352 'Nec
1450 5283 1626 5332 tamen
1655 5277 1787 5332 satis
1894 5282 2068 5338 discat
2103 5279 2352 5351 exemplo
2380 5279 2518 5335 casti
2546 5277 2780 5348 conjugii
2815 5274 3031 5331 Christo
3074 5271 3287 5330 deferre
3323 5270 3488 5327 casti-

95 5371 398 5431 attendit
443 5363 587 5420 talis
613 5379 968 5435 quaecunque,
1003 5366 1258 5435 quoniam
1303 5367 1540 5438 virgines
1572 5385 1787 5439 semper
1893 5381 2101 5429 tatem:
2132 5382 2402 5444 quatenus
2432 5372 2574 5428 sicut
2597 5369 2683 5424 illa
2732 5367 3025 5424 custodivit
3069 5366 3248 5421 cubile
3288 5364 3484 5419 imma-

92 5485 171 5527 ει
228 5473 400 5521 voto
463 5457 720 5520 veniunt,
754 5465 808 5513 et
849 5473 918 5512 ex
948 5457 1224 5514 voluntate
1262 5458 1557 5516 offerentur
1591 5477 1783 5532 paren-
1893 5467 2131 5522 culatum
2167 5485 2180 5520 :
2216 5467 2292 5521 ita
2317 5465 2601 5535 virginitas
2631 5478 2696 5518 eo
2718 5461 2950 5531 amplius
2987 5474 3149 5530 quam
3171 5457 3341 5521 vo‘a't,
3376 5457 3487 5511 Deo

90 5574 257 5628 tum,
285 5554 538 5630 potius
560 5565 722 5620 quam
751 5566 820 5606 ex
845 5552 1186 5610 necessitate.
1212 5553 1383 5610 Porro
1409 5557 1595 5613 viduas
1623 5572 1783 5628 quam
1897 5559 2262 5629 integritatem
2288 5557 2557 5612 custodiat
2580 5555 2779 5609 montis
2811 5562 2868 5608 et
2897 5551 3142 5623 corporis
3174 5569 3185 5604 :
3229 5547 3486 5618 quoniam

83 5667 262 5726 saepe
301 5640 671 5703 necessitas
702 5642 902 5713 cogit:
949 5645 1184 5700 maxime
1219 5654 1396 5702 tamen
1447 5664 1568 5703 cum
1607 5650 1783 5704 absol-
1889 5649 2282 5722 propemodum
2330 5665 2435 5703 non
2471 5649 2698 5703 inferior
2743 5650 2914 5703 virtus
2973 5655 3055 5702 est
3107 5661 3172 5702 eo
3227 5646 3500 5701 abstinet“

78 5758 368 5810 vuntur,
430 5742 600 5794 teste
636 5733 917 5806 Apostolo,
968 5739 1187 5796 vinculo
1229 5743 1523 5799 servitutis.
1577 5745 1783 5812 Quibus
1889 5742 2581 5815 conjugio,oblcctaiuenta
2609 5741 2834 5797 nescire.
2864 5740 2970 5797 Sed
2988 5744 3497 5801 etviduitascxem-
