4048 6352
638 268 780 327 1059

1420 270 1479 327 s.
1519 262 1876 328 PAscuASIt
1913 263 3078 336 mansuri'ABBATIS’CORBEIE‘NSIS

3761 283 3867 347 {000

635 381 726 455 pio
761 381 1031 454 virginum
1080 382 1248 438 multa
1302 382 1461 438 debet
1502 383 1747 440 ediscere
1790 399 1910 455 qua:
1947 385 2214 457 deploret,
2245 389 2297 448 Α
2322 395 2417 441 aut
2459 402 2527 442 ex
2568 390 2909 458 necessitate,
2940 391 3035 447 sed
3059 390 3269 462 singula
3291 407 3415 465 quae
3439 391 3462 416 θ
3489 393 3510 416 ⁶
3537 394 3558 418 ⁶

635 474 803 530 multa
834 489 954 545 qua:
986 474 1248 540 imitetur,
1277 474 1444 530 multa
1466 474 1629 530 etiam
1677 491 1797 546 quae
1851 477 2220 546 congaudeat;

636 576 695 623 ut
715 583 833 640 quae
853 566 1088 638 perdidit
1120 566 1277 623 vidua
1317 568 1372 621 in
1402 566 1672 645 coniugio,
1720 578 1890 623 totum
1947 570 2224 641 possideat

633 662 876 734 gaudens
898 676 1021 716 cum
1061 660 1324 716 cbaritate
1353 660 1407 715 in
1440 658 1571 717 tlore
1623 661 1968 733 virginitatis.
2022 661 2223 732 Sicque

635 752 691 809 in
724 759 954 821 utroque
976 749 1169 816 fortes,
1193 750 1546 817 eliarissimte,
1595 753 1786 807 turrim
1832 753 1980 807 l'Ham
2028 753 2223 824 erigite

631 857 700 900 ex
721 842 1033 913 Evangelia,
1060 857 1222 897 unam
1258 851 1313 896 et
1338 840 1556 908 fortem,
1583 843 1848 898 munitam
1877 858 2002 899 cum
2042 860 2219 898 arma-

636 936 776 991 turis
798 944 854 989 et
873 932 1293 1006 propugnaculis
1313 932 1461 991 suis:
1495 933 1622 1003 quia
1670 933 1832 988 simul
1889 935 1943 989 in
1989 943 2220 1006 utraque

630 1026 834 1082 virtute
863 1026 1087 1097 prmmia
1111 1027 1436 1098 repromissa
1464 1033 1590 1082 sunt
1618 1025 1770 1081 vobis
1790 1034 2007 1082 aeterna:
2042 1042 2220 1081 remu-

632 1118 948 1174 nerationis.
978 1117 1170 1175 Turris
1200 1134 1436 1189 namque
1476 1119 1694 1190 quando
1742 1120 2113 1187 constituitur,
2163 1121 2219 1177 in

630 1214 854 1271 modum
906 1214 1044 1287 ignis
1070 1214 1333 1284 erigitur;
1360 1211 1483 1285 quia
1512 1213 1649 1285 ignis
1664 1211 1802 1268 'licet
1829 1212 1989 1268 latior
2013 1213 2066 1267 in
2094 1213 2219 1269 imis

630 1322 845 1378 semper
864 1306 1072 1371 ardeat,
1095 1321 1273 1362 .amen
1297 1307 1511 1362 acuitur
1529 1306 1582 1360 in
1606 1305 1853 1371 summis,
1870 1314 1924 1361 et
1945 1305 2011 1361 ad
2031 1320 2218 1375 super-

629 1416 698 1455 na
721 1415 936 1472 semper
958 1400 1147 1456 tendit.
1177 1398 1316 1455 Hinc
1336 1414 1567 1470 eamque
1581 1399 1768 1464 turris,
1785 1408 1846 1453 ut
1875 1398 2049 1465 aiunt,
2076 1399 2219 1469 apud

627 1489 848 1547 Gmcos
859 1508 1049 1563 pyagos
1062 1490 1285 1558 dicitur,
1297 1504 1363 1545 eo
1377 1490 1517 1560 quod
1534 1490 1586 1544 in
1601 1490 1819 1545 modum
1834 1488 2064 1545 ﬂammae
2076 1489 2218 1544 acui-

629 1590 717 1636 tur
750 1581 967 1655 1306
986 1590 1043 1637 et
1088 1581 1386 1654 consurgit.
1425 1578 1600 1649 Quam
1623 1596 1846 1652 prorsus
1872 1582 2064 1638 turrim
2089 1590 2219 1638 tunc

626 1673 765 1730 bene
787 1675 1125 1741 construitis,
1153 1675 1197 1731 si
1230 1677 1574 1739 charitatem,
1599 1690 1704 1746 qua
1735 1676 1900 1731 corda
1924 1675 2214 1731 multorum

2328 480 2441 536 suis
2462 481 2681 550 organis
2710 482 3017 537 dulcissima
3063 485 3324 541 societate
3350 497 3668 554 sonuerant,
3718 491 3765 544 in
3787 508 3871 563 quo
3946 483 3948 486 ’

2326 570 2595 626 thalamus
2620 572 2864 627 omnium
2906 573 3175 645 virginum
3204 576 3507 638 dedicatur.
3567 588 3624 634 et
3682 596 3872 651 sponsus

2324 661 2595 717 inducitur
2622 662 2741 718 oleo
2787 662 3059 719 delibutus
3105 663 3339 736 Spiritus
3384 671 3581 735 sancti,
3632 687 3696 727 ac
3753 675 3792 729 si
3832 677 3870 732 in

2323 752 2589 824 palaestra,
2614 771 2726 825 prae
2756 755 3099 812 consortibus
3127 758 3258 825 suis,
3288 768 3414 815 ante
3461 777 3625 833 quam
3678 766 3871 822 musico-

2324 858 2441 898 rum
2470 844 2520 899 in
2552 844 2653 899 hoc
2668 846 2909 901 carmine
2936 848 3118 902 omnia
3142 850 3402 905 resultant
3422 867 3642 923 genera,
3664 864 3719 910 et
3741 872 3872 915 unam

2321 936 2609 992 universus
2634 937 2783 992 orbis
2818 953 2939 993 etim
2968 940 3217 1011 supernis
3256 942 3464 998 civibus
3512 952 3662 1001 tenet
3693 945 3870 1005 harmo-

2320 1028 2489 1085 niam.
2522 1029 2579 1084 ln
2628 1046 2735 1101 quo
2758 1029 2938 1101 itaque
2959 1032 3306 1102 epithalamio
3353 1034 3479 1090 talia
3523 1046 3741 1094 movent
3789 1041 3875 1096 vir-

2320 1118 2473 1189 gines
2500 1118 2701 1173 Christi
2722 1126 2847 1175 ante
2882 1128 3095 1176 vestras
3135 1124 3392 1178 excubias
3439 1126 3764 1183 musicorum
3803 1144 3871 1185 or-

2320 1224 2477 1278 gana,
2535 1219 2595 1264 ut
2650 1226 2838 1266 eorum
2897 1211 3165 1268 mellinuis
3207 1216 3358 1269 sonis
3415 1216 3872 1287 impraesentiarum

2314 1302 2496 1357 omnis
2526 1301 2777 1357 vincatur
2808 1302 3045 1357 humana
3072 1303 3279 1367 laetitia,
3302 1315 3356 1361 et
3376 1306 3683 1363 futurorum
3728 1311 3777 1365 in
3810 1312 3873 1367 his

2311 1390 2423 1461 jam
2470 1392 2693 1463 jamque
2745 1393 3089 1448 celebrentur
3140 1395 3357 1467 gaudia.
3404 1396 3463 1451 ln
3499 1413 3608 1467 quo
3647 1400 3871 1456 nimirum

2319 1484 2535 1554 gaudio,
2569 1484 2926 1551 charissimze,
2960 1486 3328 1541 sacratissima
3359 1489 3556 1544 vestris
3586 1490 3715 1560 quia
3757 1492 3870 1547 volui

2317 1577 2511 1633 cubilia
2541 1578 2719 1634 cordis
2739 1577 2959 1634 ﬂoribus
2980 1594 3314 1650 respergere.
3341 1579 3447 1635 Sed
3471 1582 3597 1652 quia
3622 1598 3730 1637 non
3750 1598 3872 1640 eram

2317 1668 2564 1733 idoneus,
2583 1668 2840 1723 humilem
2865 1669 2986 1723 misi
3010 1669 3281 1740 pulegium
3307 1669 3446 1725 bene
3466 1671 3702 1728 olentem
3725 1674 3871 1741 valde,

625 1767 928 1838 animaeque
945 1784 1110 1824 unum
1136 1767 1291 1835 ﬁunt,
1306 1768 1361 1823 in
1379 1767 1642 1823 vobismet
1655 1783 1870 1838 semper
1889 1768 2209 1833 accenditis,

2316 1774 2424 1830 quo
2452 1769 2807 1830 aspergantur
2832 1759 3021 1815 saltem
3045 1776 3263 1831 gressus
3301 1761 3543 1817 euntium
3571 1774 3700 1819 ante
3740 1766 3869 1820 ostia.

624 1857 749 1928 quia
773 1857 1014 1914 Charitas
1046 1859 1140 1914 Dei
1171 1868 1226 1913 et
1244 1858 1479 1928 proximi
1513 1875 1730 1915 sursum
1758 1868 1818 1914 ut
1838 1860 1975 1930 ignis
1997 1858 2211 1915 evolare

623 1948 924 2005 contendit.
962 1946 1159 2003 Verum
1198 1949 1344 2020 quod
1372 1946 1505 2003 nulli
1535 1949 1735 2020 gradus
1763 1949 2018 2005 Ecclesiae
2039 1951 2212 2023 magis

622 2039 726 2097 sibi
755 2040 1085 2095 conveniunt
1115 2056 1280 2111 quam
1332 2041 1612 2115 virginitas
1637 2053 1693 2099 et
1736 2042 1971 2099 viduitas
2007 2046 2209 2101 sancti-

624 2130 965 2197 monialium,
995 2147 1226 2203 quarum
1264 2148 1431 2188 unum
1483 2143 1568 2188 est
1634 2143 1820 2190 votum
1867 2136 2207 2201 obedientiae,

621 2236 730 2277 una
755 2222 828 2277 sit
851 2223 1137 2279 conversio
1175 2238 1410 2289 morum,
1461 2236 1569 2277 una
1607 2224 1875 2281 stabilitas
1930 2225 2056 2292 loci,
2104 2241 2210 2282 una

621 2313 964 2371 conversatio
1012 2314 1148 2381 .itw,
1176 2330 1282 2370 una
1311 2315 1663 2385 repromissio
1688 2317 1836 2387 regni
1870 2335 1882 2370 :
1917 2325 1973 2372 et
2010 2334 2077 2372 ne
2106 2318 2210 2374 ista

620 2403 836 2463 inﬂetur
860 2407 1122 2464 adversus
1151 2407 1380 2464 alteram
1404 2424 1615 2476 earum,
1668 2425 1773 2465 una
1798 2421 1986 2467 vocata
2036 2412 2208 2484 virgo,

618 2498 791 2556 altera
818 2515 949 2557 vero
975 2502 1220 2573 proxima
1241 2502 1328 2560 vel
1355 2502 1552 2559 amica.
1583 2502 1790 2571 Quibus
1825 2505 1985 2560 simul
2012 2505 2211 2560 dicitur

616 2590 674 2647 in
706 2590 951 2648 Cauticis
977 2611 989 2647 :
1027 2591 1143 2648 Una
1177 2604 1254 2649 eu
1284 2593 1526 2649 columba
1553 2611 1690 2661 mea,
1722 2597 1894 2650 amica
1923 2613 2059 2663 mea,
2082 2613 2208 2667 pro-

614 2683 762 2737 xima
788 2701 903 2739 mea
937 2684 1113 2757 (Cum.
1134 2703 1195 2752 ιι,
1230 2686 1338 2758 l0),
1369 2686 1495 2757 quia
1518 2703 1746 2758 sponsus
1770 2703 1983 2759 semper
2014 2689 2066 2743 in
2091 2705 2208 2744 om-

614 2776 779 2832 nibus
798 2793 966 2832 unum
990 2779 1241 2849 requirit,
1280 2795 1556 2852 unumque
1595 2797 1785 2837 omnes
1822 2797 2036 2853 semper
2087 2797 2207 2839 esse

614 2865 748 2921 vult.
790 2866 907 2934 Quo
932 2868 1093 2923 simul
1131 2883 1341 2935 omnes,
1372 2885 1494 2941 quae
1522 2870 1845 2939 oll‘eruntur,
1878 2881 1933 2927 et
1965 2887 2085 2942 qua:
2107 2872 2204 2928 ad-

614 2954 909 3024 ducuntur,
940 2960 1204 3027 agendum
1223 2968 1307 3015 est
1337 2970 1396 3041 ut
1416 2959 1714 3017 all'erautur
1742 2963 1796 3018 in
1812 2962 1997 3018 laetitia
2025 2971 2081 3017 et
2107 2978 2206 3018 ex-

643 3046 902 3103 ultatione
942 3048 1025 3118 (ιι
1082 3048 1204 3104 Cor.
1236 3066 1317 3115 ix,
1340 3051 1426 3120 7);
1462 3068 1531 3108 ne
1572 3052 1678 3109 ulla
1703 3068 1769 3108 ex
1794 3053 2016 3108 tristitia
2054 3061 2205 3125 agat,

2314 1852 2577 1920 Quoniam
2606 1852 2706 1907 etsi
2740 1851 2841 1906 vile
2866 1851 3115 1906 videatur
3139 1852 3192 1907 in
3219 1852 3427 1918 Galliis,
3468 1854 3612 1923 apud
3639 1852 3789 1910 Indos
3806 1864 3869 1909 ta~

2314 1962 2437 2000 men
2466 1946 2688 1999 charum
2720 1952 2773 1999 et
2799 1945 3096 2015 pretiosum
3131 1954 3213 2001 est
3263 1945 3553 2016 plusquam
3604 1948 3758 2017 piper
3795 1963 3872 2019 pro

2314 2037 2425 2092 suis
2448 2035 2721 2090 odoribus.
2762 2034 2916 2091 Unde
2945 2045 3157 2090 constat
3181 2037 3325 2106 quod
3365 2051 3473 2093 non
3502 2051 3700 2094 omnes
3720 2039 3870 2094 omnia

2312 2128 2542 2193 habent;
2574 2142 2749 2196 neque
2782 2144 2919 2182 unus
2948 2143 3111 2197 Sapor
3143 2129 3354 2185 cunctis
3406 2130 3691 2200 aequaliter
3714 2132 3766 2186 iu
3803 2146 3873 2203 μ-

2313 2221 2421 2277 lato
2447 2222 2626 2277 cordis
2649 2223 2789 2292 sapit
2822 2240 2833 2275 :
2866 2222 3007 2276 sicut
3043 2236 3143 2277 nec
3163 2237 3270 2277 una
3294 2221 3597 2293 eademque
3630 2226 3872 2279 medicina

2311 2314 2451 2386 apud
2481 2328 2670 2369 omnes
2698 2312 2976 2382 aequaliter
3026 2313 3187 2367 valet.
3243 2312 3360 2380 Qua
3407 2315 3474 2369 de
3516 2329 3686 2371 causa
3740 2316 3875 2371 credo

2309 2406 2451 2478 quod
2475 2407 2615 2461 inter
2642 2420 2738 2462 vos
2770 2407 2871 2461 hoc
2899 2414 3142 2462 nostrum
3181 2406 3500 2477 opusculum
3523 2407 3784 2478 quasdam
3802 2408 3873 2462 in-

2310 2499 2514 2564 veniat,
2545 2498 2741 2568 quibus
2761 2499 2931 2567 prosit
2957 2506 3011 2552 et
3035 2496 3261 2568 placeat.
3289 2497 3407 2553 Non
3434 2500 3584 2569 quod
3631 2510 3875 2567 nostrum,

2310 2593 2552 2663 inquam,
2578 2591 2671 2645 sed
2701 2590 2844 2660 quod
2873 2590 2990 2651 Dei,
3038 2591 3163 2660 quia
3196 2591 3262 2645 de
3283 2598 3471 2645 nostro
3515 2605 3630 2646 non
3657 2592 3758 2647 nisi
3780 2592 3878 2647 sola

2310 2686 2583 2741 rusticitas
2621 2686 2820 2739 sordet.
2849 2683 3114 2738 Cancrum
3142 2692 3268 2739 sunt
3312 2686 3522 2744 delicia:
3578 2688 3728 2743 intus
3768 2685 3881 2743 boui

2308 2777 2489 2848 Regis,
2516 2777 2711 2848 quibus
2750 2791 2849 2832 nos
2878 2777 3177 2831 esurientes
3202 2777 3343 2848 pasti
3370 2794 3562 2835 sumus
3593 2781 3663 2836 de
3717 2788 3880 2835 vestro

2307 2871 2530 2945 nuptiali
2555 2870 2821 2935 convivio,
2844 2886 2980 2940 quas
3020 2872 3351 2941 proutlicuit
3402 2874 3884 2945 impraseutiarum

2307 2966 2588 3021 uausimus
2616 2966 2669 3021 in
2703 2964 2855 3020 titulo
2883 2974 3080 3021 vestra:
3116 2964 3282 3021 dotis.

628 3230 3883 3276 Μ

1107 3390 1251 3505 8..
1330 3300 2309 3506 PASCﬁASII
2385 3396 3377 3512 RADBERTI

1860 3604 2149 3660 ABBATIS
2184 3604 2633 3662 CORBEIENSIS

846 3790 977 3946 IN
1083 3672 1597 3951 THREN08
1704 3792 1964 3952 sum
2076 3794 3040 3959 lAllllN’l‘Al‘lONllS
3151 3805 3687 3965 lllltlllm}

1807 4077 2083 4154 LIBRI
2160 4079 2660 4173 QUINQUE.

1607 4250 1771 4317 (Apud
1796 4252 2064 4315 Slrmond.,
2088 4252 2214 4317 Opp.
2238 4252 2293 4303 S.
2319 4253 2565 4307 Paschasii
2589 4256 2867 4324 Radbertl.)

2018 4400 2410 4424 ᾖ

1961 4532 2532 4611 PROLOGUS

1737 4701 1831 4758 AD
1866 4701 2331 4762 ODILMANNUM
2369 4704 2719 4769 SEVEBUM.

664 4957 1123 5039 πων-ιω
1143 4957 1469 5017 Pascentes
1501 4960 1849 5036 RADBBRTUS,
1883 4971 2177 5028 monacho-
2202 4975 2230 5040 (

2306 4988 2460 5029 amen
2502 4986 2733 5046 nequeo,
2780 4974 2871 5033 illa
2923 4977 3251 5051 decipiente,
3301 4995 3429 5053 qua
3484 4986 3705 5047 amisi.
3758 4985 3915 5048 Unde

587 5073 707 5114 rum
723 5057 964 5112 omnium
992 5052 1319 5124 perimam,
1333 5056 1451 5111 aeni
1471 5055 1791 5118 Οιηιωισο
1810 5062 2024 5122 διωο
2051 5066 2175 5137 plu-

584 5148 779 5205 rimam
817 5156 871 5204 et
893 5145 1277 5218 sempiternam
1306 5146 1555 5204 salutem.

654 5241 821 5296 Multo
853 5254 1018 5312 cogor
1080 5236 1350 5310 longoque
1378 5241 1660 5301 confectus
1686 5248 1812 5302 vitae
1839 5249 2017 5315 taedio,
2065 5250 2164 5307 tri-

582 5341 694 5390 stes
714 5332 1076 5403 lacrymarum
1101 5327 1241 5384 inire
1268 5330 1474 5387 modos.
1501 5330 1851 5394 Gemebunda
1887 5339 2000 5412 jam
2037 5344 2163 5413 quia

582 5423 824 5497 profecto
852 5420 988 5476 meis
1023 5429 1358 5492 praegravata
1386 5424 1544 5481 malis
1600 5427 1874 5502 inopinate
1911 5443 2163 5490 senectus

582 5535 689 5574 non
714 5524 907 5573 vocata
953 5512 1127 5569 venit.
1174 5511 1347 5581 Quam
1391 5516 1519 5573 dum
1585 5522 1834 5595 inspicio,
1862 5527 2042 5599 specie
2069 5528 2164 5585 de-

583 5606 866 5678 formatus,
900 5613 1076 5672 aliena
1104 5617 1485 5686 perhorresco,
1523 5629 1587 5671 eo
1647 5617 1792 5689 quod
1842 5633 1929 5673 me
1983 5620 2163 5677 subito

584 5701 765 5759 animo
803 5720 908 5762 non
934 5716 1195 5778 mutatus,
1221 5710 1364 5779 quod
1391 5708 1465 5767 fui
1491 5727 1597 5768 non
1646 5711 1883 5780 invenio,
1930 5712 2160 5772 evadere

2280 5065 2596 5137 congelatus
2626 5084 2725 5123 usu
2765 5067 2997 5142 longiori
3031 5072 3220 5129 durior
3246 5072 3508 5144 effectus,
3562 5081 3750 5137 nullis
3800 5080 3913 5151 jam

2278 5154 2509 5213 emolliri
2531 5173 2677 5229 queo
2694 5159 2945 5237 ﬂetibus,
2974 5165 3225 5234 quamvis
3277 5165 3471 5223 multis
3540 5173 3914 5231 miseriarum

2276 5263 2519 5305 mearum
2568 5250 2712 5306 intus
2773 5251 2979 5310 ferisve
3023 5269 3249 5327 premar
3301 5256 3645 5321 dum
3708 5266 3921 5335 ψ

2274 5343 2513 5411 quotidie
2536 5342 2728 5400 saltem
2752 5346 2820 5401 ad
2851 5347 3087 5418 suspiria
3122 5349 3411 5421 propulsus
3439 5352 3755 5417 Ieremia
3794 5373 3923 5431 με·

2271 5433 2448 5503 phetze
2479 5436 2622 5493 inter
2649 5437 2965 5497 discrimina
2996 5442 3198 5501 ultimae
3226 5444 3370 5512 vitae,
3409 5445 3715 5510 Threnos
3732 5454 3923 5533 expia:

2271 5539 2404 5580 nare
2433 5525 2667 5583 decrevi.
2722 5527 3003 5601 Siquidem
3028 5534 3146 5604 ejus
3180 5542 3243 5590 ut
3282 5536 3565 5598 emolliar
3624 5525 3921 5613 lamentis;

2272 5626 2538 5688 quatenus
2562 5621 2646 5677 vel
2670 5623 2751 5679 sic
2788 5624 3067 5682 addiscam
3095 5626 3306 5701 fragilis
3335 5630 3474 5689 vita:
3536 5640 3784 5697 excidia
3828 5638 3916 5694 de-

2269 5711 2505 5782 plorare,
2531 5730 2638 5786 quo
2674 5717 2834 5773 modo
2863 5730 3081 5779 sanctus
3134 5721 3223 5779 ille
3276 5723 3500 5798 plangit
3569 5733 3797 5794 aliena.
3851 5723 3925 5794 δι’
