4048 6352
189 274 317 333 1061

826 270 1187 330 EXPOSITIO
1220 271 1288 328 IN
1326 270 1773 339 LAMEN'IATIO

1879 273 1911 329 S
1948 276 2290 335 JEREMUE.
2324 311 2393 323 —
2421 280 2813 341 ΡΚᾸΞΕΑΤΙΟ.

3320 282 3456 344 i062

84 468 87 475 η
188 388 310 461 quia
347 389 464 445 haec
490 397 621 444 setas
655 387 790 443 alios
818 388 993 459 poscit
1037 404 1217 444 mores
1245 406 1257 442 :
1290 387 1418 444 licet
1469 403 1591 444 sero
1643 387 1769 441 hor“-
1797 397 1845 455 Α
1873 394 2145 465 quippiam
2180 397 2410 467 posteris
2439 397 2761 470 condignum
2787 398 2983 455 litteris
3007 399 3334 467 enodavero,
3369 394 3464 456 tuo

190 491 333 538 tante
366 481 670 552 Scriptura,
697 482 820 552 quia
847 480 1014 535 semel
1062 481 1282 535 domum
1325 480 1502 536 luctus
1551 479 1770 549 intravi,

190 572 445 647 proposui
471 572 604 627 tanti
623 572 805 642 operis
830 570 1009 627 studio
1032 586 1137 626 non
1162 572 1459 626 indiscussa
1490 571 1721 627 transire
1755 589 1770 625 :

190 668 318 724 licet
337 667 608 723 neminem
647 665 964 722 Latinorum
996 664 1219 737 legerim
1245 665 1562 738 explanasse
1605 663 1774 721 Thre-

189 776 308 825 uos,
334 774 474 832 quos
509 758 771 832 propheta
800 757 1263 829 symphonizando
1291 768 1465 813 metro
1498 756 1669 813 voluit
1697 757 1774 813 le-

187 851 440 924 gentibus
462 849 865 906 commendare.
897 846 963 903 In
1012 864 1120 920 quo
1183 848 1438 904 nimirum
1483 863 1665 920 opere,
1726 846 1774 904 si

1881 482 2057 540 frater
2082 485 2291 555 judicio
2322 487 2722 544 decernendum
2751 489 3056 545 transmitto
3088 505 3103 544 :
3153 489 3277 560 quia
3324 492 3457 545 nulli

1882 576 2052 649 magis
2081 587 2263 633 nostra
2292 593 2589 651 congruere
2619 581 2825 651 putavi,
2849 582 2917 637 ad
2940 596 3288 653 quoscunque
3331 595 3464 637 ocu-

1881 666 1962 723 los
1990 668 2185 734 direxi,
2211 684 2370 740 quam
2410 669 2527 733 tibi,
2573 670 2662 742 qui
2693 680 2748 725 et
2798 678 3074 727 senectute
3137 671 3462 743 corequaris,

1880 769 1936 817 et
1966 759 2296 830 quotidianis
2326 776 2546 833 precum
2576 761 2788 819 ﬂetibus
2812 761 3109 819 antecellis.
3184 830 3189 833 Α

192 1010 3459 1040 ww

1566 1162 2100 1243 PRIEFATIO

257 1410 415 1467 Sicut
453 1409 506 1464 in
535 1407 730 1462 divinis
752 1405 970 1461 Litteris
1000 1405 1213 1462 diversa
1252 1407 1503 1479 leguntur
1533 1408 1764 1474 cantica,

189 1504 262 1563 ita
299 1511 356 1558 et
381 1500 587 1572 Spiritu
613 1508 801 1555 sancto
839 1507 1115 1554 reserante
1148 1496 1563 1555 lamentationes
1594 1500 1773 1557 diver-

188 1611 260 1652 sa:
288 1612 304 1649 :
336 1603 391 1649 et
413 1593 551 1648 sicut
572 1591 788 1664 proprie
815 1588 1115 1661 appellatur
1141 1590 1277 1645 liber
1305 1588 1613 1648 Salomonis
1631 1591 1772 1649 Can-

1878 1418 1965 1466 tus
2016 1416 2184 1464 totum
2213 1406 2357 1479 quod
2392 1403 2664 1461 Ezechieli
2702 1405 2839 1478 (cap.
2886 1408 2949 1480 ιι)
2979 1418 3252 1465 ostensum
3291 1420 3374 1468 est
3403 1413 3460 1472 in

1877 1518 2039 1560 sensu
2088 1502 2287 1558 mentis
2320 1501 2654 1573 trajecerint,
2698 1501 2749 1555 in
2782 1516 2888 1571 quo
2915 1513 3073 1559 erant
3114 1505 3329 1578 scripta:
3374 1508 3459 1565 la-

1878 1596 2239 1653 mentationes
2266 1605 2320 1652 et
2353 1604 2665 1651 carmen-et
2695 1611 2795 1651 ναξ.
2840 1590 3280 1657 Lamentationes
3306 1601 3458 1661 vide-

190 1685 292 1742 tica
324 1684 699 1749 Canticorum,
728 1681 801 1736 ita
830 1680 1159 1752 etappellari
1194 1690 1401 1757 queunt
1428 1682 1631 1739 Threni
1676 1682 1769 1740 Je-
1802 1709 1850 1769 Β
1876 1688 2024 1754 licet,
2046 1689 2173 1759 quia
2205 1689 2256 1743 in
2281 1689 2488 1744 eisdem
2516 1688 2712 1745 litteris
2753 1692 3057 1762 conscripta
3087 1704 3169 1750 est
3202 1697 3464 1766 poeniten-

186 1776 374 1834 remia:
434 1774 871 1830 Lamentationes
924 1772 1413 1829 lamentationum:
1467 1777 1594 1847 quia
1634 1776 1772 1831 sicut

184 1867 414 1924 omnino
430 1863 746 1937 praecellunt
767 1861 877 1929 illa,
913 1863 965 1918 in
982 1863 1179 1935 quibus
1211 1880 1440 1935 sponsus
1481 1881 1545 1924 ac
1574 1881 1773 1939 sponsa

185 1957 439 2015 dulcibus
467 1959 720 2013 fruuntur
748 1956 1106 2028 amplexibus,
1141 1955 1216 2012 ita
1258 1967 1315 2013 et
1356 1957 1773 2016 lamentationes

186 2051 306 2107 istae
338 2052 563 2107 vincunt
598 2049 780 2105 omnia
799 2045 1204 2119 Scripturarum
1254 2050 1514 2118 lamenta,
1547 2051 1602 2107 in
1650 2051 1772 2123 qui-

183 2142 291 2200 bus
316 2144 601 2201 abscessus
639 2141 821 2213 sponsi
846 2141 914 2196 ab
936 2156 1164 2212 sponsa;
1217 2141 1429 2214 magnis
1457 2158 1581 2199 cum
1628 2142 1769 2199 ﬂeti-

185 2234 294 2292 bus
320 2232 693 2289 vehementius
730 2229 1079 2304 deploratur:
1136 2244 1204 2288 ex
1256 2249 1364 2303 quo
1412 2232 1524 2289 sola
1582 2234 1775 2290 civifas

187 2326 406 2394 sedere,
436 2341 498 2381 ac
530 2324 745 2381 domina
775 2326 1014 2397 gentium
1036 2326 1189 2397 quasi
1221 2326 1401 2394 vidua,
1437 2327 1774 2386 amarissime

184 2418 324 2474 satis
344 2415 635 2489 plangitur.
668 2415 726 2471 in
769 2416 874 2472 illis
911 2416 1108 2488 quippe
1130 2416 1380 2484 canticis,
1412 2419 1637 2475 diversae
1688 2420 1775 2475 in-

183 2512 551 2568 troducuntur
576 2511 643 2563 ad
673 2510 870 2580 gaudia
899 2510 1210 2580 nuptiarum
1235 2525 1480 2581 personae
1508 2550 1523 2576 ,
1573 2511 1627 2565 in
1656 2511 1775 2568 istis

179 2602 940 2674 vero'di'rcrsarplanguntur.
968 2601 1061 2656 illa
1081 2602 1348 2672 siquidem
1376 2602 1567 2658 decent
1593 2604 1647 2659 in
1677 2619 1774 2674 pa-

183 2696 292 2751 tria
333 2713 349 2749 :
384 2694 488 2750 ista
515 2709 645 2749 vero
672 2694 727 2748 in
763 2695 867 2749 hac
889 2704 1075 2748 nostra
1104 2695 1559 2766 peregrinatione.
1589 2696 1662 2751 De
1689 2698 1775 2753 bis

179 2785 391 2857 quippe
413 2783 610 2840 dicitur
632 2784 881 2850 canticis,
908 2783 1050 2854 quod
1074 2785 1301 2840 deceant
1327 2786 1378 2840 in
1411 2786 1538 2842 Sion
1563 2786 1650 2842 illa
1666 2801 1785 2845 cce—.

178 2876 326 2943 iesti,
346 2877 424 2931 uti
442 2875 610 2931 David
634 2874 1088 2947 Psalmographus
1102 2876 1278 2931 canit:
1306 2875 1376 2932 Te
1388 2878 1529 2932 decet
1555 2879 1775 2952 (inquit)

177 2970 414 3038 lavamus
432 2966 571 3022 Deus
589 2968 643 3021 in
664 2965 814 3033 Sion,
834 2976 880 3021 et
895 2967 987 3020 tibi
1012 2966 1259 3021 reddetur
1280 2978 1453 3021 votum
1476 2970 1532 3022 in
1555 2967 1776 3023 Jerusa-

1879 1781 1952 1835 tia
1980 1790 2339 1851 peccatorum,
2376 1790 2536 1853 atque
2571 1782 2810 1852 ploratus
2848 1785 3090 1840 omnium
3117 1798 3458 1860 sanctorum,

1877 1880 1935 1927 ut
1969 1870 2251 1926 Psalmista
2298 1872 2481 1927 canit:
2524 1872 2628 1938 Qui
2671 1875 2929 1928 seminam
2959 1876 3014 1930 in
3042 1875 3291 1949 lacrymis
3319 1898 3457 1947 vere,

1875 1964 1931 2017 in
1951 1963 2144 2033 gaudio
2179 1970 2365 2016 nictent
2406 1959 2578 2034 (Psal.
2616 1963 2798 2034 cxxv).
2854 1963 2970 2033 Qua
3006 1982 3129 2023 vera
3182 1986 3276 2040 spe
3326 1972 3461 2028 certi

1876 2053 2086 2125 priores
2120 2053 2308 2118 sancti,
2356 2053 2496 2107 ibant
2531 2064 2578 2108 et
2622 2055 2816 2125 ﬂebant
2842 2057 3101 2113 mittentes
3131 2061 3331 2116 semina
3359 2081 3463 2119 sua

1878 2142 2094 2219 (Ibid.).
2115 2143 2407 2214 Propterea
2432 2152 2487 2200 et
2507 2160 2725 2201 carmen
2751 2146 2806 2201 in
2827 2146 3015 2203 eodem
3042 2148 3179 2206 libro
3196 2152 3461 2223 sequitur,

1876 2250 1940 2290 ex
1973 2249 2080 2305 quo
2112 2236 2305 2306 gaudia
2328 2232 2601 2304 justorum
2646 2238 3005 2294 nuntiantur:
3037 2252 3137 2296 nec
3170 2251 3347 2298 tamen
3380 2259 3459 2300 vze

1879 2335 2110 2393 tacetur,
2136 2314 2202 2382 eo
2241 2326 2381 2398 quod
2412 2328 2519 2384 illic
2550 2328 2730 2384 multis
2760 2329 2814 2384 in
2848 2330 2980 2386 locis
3022 2349 3278 2403 expressa
3310 2335 3458 2391 dam-

1877 2419 2023 2474 natio
2048 2417 2399 2490 reprohorum
2435 2420 2839 2491 comprobatur.
2868 2420 2973 2477 Sed
2996 2421 3247 2478 lamentis
3272 2424 3325 2479 in
3355 2426 3459 2482 hac

1876 2508 2012 2563 valle
2038 2507 2402 2581 lacrymarum
2431 2508 2715 2575 aﬂicimur,
2747 2520 2805 2565 ut
2842 2508 2895 2566 in
2928 2509 3110 2568 futuro
3136 2513 3201 2568 ad
3242 2523 3459 2572 aeterna:

1875 2601 2002 2655 vitae
2024 2600 2238 2671 gaudia,
2267 2609 2323 2655 et
2339 2600 2551 2655 cantica
2600 2600 2801 2655 laetitiae
2840 2602 3151 2673 pertingere
3187 2604 3463 2661 valeamus

1878 2688 2037 2761 (Joel.
2085 2688 2168 2761 ιι).
2208 2688 2285 2743 De
2325 2689 2517 2759 quibus
2566 2689 2808 2760 profecto
2846 2691 3120 2757 lamentis,
3159 2694 3212 2748 in
3254 2694 3457 2752 eisdem

1878 2781 2038 2836 dictis
2082 2779 2577 2851 legitur:Scindite
2618 2782 2780 2835 corda
2830 2792 3017 2848 vestra,
3069 2794 3115 2838 et
3154 2801 3257 2839 non
3311 2787 3464 2841 vesti-

1879 2882 2052 2926 menta
2088 2880 2258 2927 vestra
2287 2872 2427 2943 (Jac.
2462 2872 2559 2943 tv).
2590 2872 2772 2928 Miseri
2803 2882 2974 2931 estote
2999 2886 3053 2930 et
3089 2876 3267 2949 lugete
3292 2897 3303 2932 :
3333 2880 3462 2950 quia
3492 2856 3503 2867 ’

1878 2962 2021 3017 beati
2049 2963 2139 3032 qui
2172 2961 2353 3033 lugent
2384 2978 2544 3019 nunc.
2583 2962 2745 3046 Risus
2789 2974 2971 3020 vester
3013 2966 3064 3021 in
3110 2967 3310 3024 luctum
3338 2985 3465 3026 con-
3508 2964 3519 2972 ’

176 3059 280 3115 tem
307 3056 753 3130 (Psal.r.xrv,2).
786 3058 859 3112 De
886 3058 1004 3114 istis
1020 3074 1151 3114 vero
1166 3059 1304 3115 idem
1318 3058 1775 3131 Proplietacha-
1803 3072 1848 3136 ο
1880 3064 2140 3121 vertatur,
2170 3064 2223 3111 et
2249 3056 2500 3128 gaudium
2538 3057 2590 3111 in
2614 3071 2925 3113 maerorem.
2953 3059 3020 3113 Et
3050 3070 3106 3113 ut
3131 3062 3198 3116 de
3232 3065 3467 3135 promis-

173 3159 259 3206 tus
280 3148 445 3223 cujus
467 3160 539 3204 est
563 3149 820 3204 auxilium
841 3148 932 3204 abs
953 3158 1001 3204 te
1020 3146 1191 3221 (Psal.
1210 3151 1375 3222 thv).
1393 3151 1774 3221 Ascensioncs,

170 3243 383 3314 inquit,
409 3240 464 3296 iu
490 3241 653 3297 corde
679 3256 776 3297 suo
812 3241 1066 3313 disposuit
1090 3241 1144 3296 in
1168 3240 1297 3296 valle
1318 3240 1692 3314 lacrymarum,
1721 3244 1778 3300 in

172 3332 407 3405 1309
427 3333 542 3387 loco
556 3346 707 3404 quem
735 3334 906 3405 posuit
937 3329 1109 3399 (Psal.
1143 3335 1394 3405 Lxxxtu).
1430 3333 1599 3390 Vallis
1624 3351 1776 3389 nam-

167 3442 279 3499 que
311 3427 709 3496 lacrymarum,
750 3425 1035 3496 praesentis
1081 3426 1207 3480 vita:
1253 3426 1598 3482 conversatio
1629 3435 1775 3482 recte

168 3519 553 3588 designatur:
606 3515 757 3573 locus
806 3532 934 3573 vero
990 3517 1193 3573 Christi
1251 3517 1528 3584 Ecclesia,
1577 3520 1774 3590 inqua

167 3609 565 3679 unusquisque
613 3608 823 3679 positus
856 3624 955 3680 pro
986 3607 1224 3663 caelestis
1274 3607 1465 3678 patriae
1507 3610 1776 3666 desiderio

165 3702 505 3773 deplorans,
527 3698 877 3755 ascensiones
907 3699 959 3753 in
987 3699 1148 3754 corde
1170 3698 1272 3754 sibi
1306 3699 1587 3768 disposuit,
1620 3708 1678 3753 ut
1708 3699 1775 3756 ad

165 3793 260 3850 illa
318 3790 614 3848 felicitatis
662 3790 855 3862 gaudia
908 3791 1233 3861 quandoque
1283 3789 1509 3844 devotus
1573 3789 1771 3844 veniat.

160 3888 323 3942 Alias
357 3900 497 3942 vero
527 3882 744 3940 nonnisi
769 3883 930 3938 corde
975 3881 1304 3946 ascenditur,
1337 3882 1425 3937 ubi
1458 3880 1633 3936 ﬁdelis
1656 3881 1775 3951 qui-

103 3976 113 3982 ’
161 3976 305 4034 libet
329 3977 470 4031 dum
496 3975 679 4029 varios
719 3973 1050 4029 evocationis
1096 3989 1205 4028 sua:
1241 3974 1439 4044 gradus
1466 3972 1776 4027 meditando

154 4067 635 4142 disponit,variis
682 4067 951 4121 introrsus
999 4064 1161 4119 corde
1201 4065 1491 4137 gemitibus
1521 4062 1773 4120 aﬂicitur.

153 4157 310 4216 Hinc
339 4172 489 4216 sane
525 4165 760 4223 constat,
787 4156 929 4227 quod
957 4155 1121 4210 multa
1155 4165 1278 4211 sunt
1305 4171 1499 4226 genera
1530 4155 1772 4225 ﬂetuum,

149 4252 346 4308 multa
372 4258 442 4307 et
466 4245 769 4304 diﬂ‘erentia
806 4246 1187 4318 lacrymarum.
1223 4245 1395 4302 Aliter
1441 4248 1584 4302 enim
1620 4245 1778 4302 deﬂet

150 4343 247 4400 ille
271 4343 386 4412 qui
424 4339 664 4411 propria,
696 4338 855 4394 aliter
883 4336 975 4408 qui
999 4336 1173 4391 aliena
1193 4336 1401 4410 plangit
1429 4339 1772 4394 detrimenta.

1879 3146 2028 3201 sione
2059 3145 2239 3216 gaudii
2280 3148 2556 3218 sequentis
2586 3147 2891 3213 hilariscas,
2922 3144 3088 3205 habes
3122 3152 3177 3205 in
3220 3150 3463 3221 ejusdem

1877 3239 2168 3296 voluminis
2198 3241 2469 3315 congerie.
2502 3240 2654 3296 Beati
2689 3241 2780 3312 qui
2810 3240 3047 3295 habitant
3081 3244 3134 3295 in
3164 3242 3318 3297 domo
3347 3252 3462 3311 tua,

1881 3332 2093 3403 1310
2118 3332 2356 3396 Domine,
2396 3333 2449 3386 in
2498 3333 2693 3387 δίει-αέα
2723 3331 3036 3387 smculorum
3078 3333 3370 3391 laudabunt
3413 3347 3463 3393 te

1878 3419 2049 3497 (Psal.
2076 3422 2321 3491 LXXXIII).
2348 3422 2414 3477 Et
2433 3422 2571 3477 sicut
2600 3436 2697 3492 per
2714 3422 3002 3494 quemdam
3024 3424 3345 3493 sapientiam
3366 3441 3464 3482 au-

1876 3511 2089 3583 gustius
2124 3514 2190 3569 de
2213 3511 2421 3568 cmlesti
2444 3512 2744 3568 Jerusalem
2768 3512 3111 3585 prmdicatur.
3131 3512 3329 3587 Lepide
3348 3533 3466 3588 pre-

1876 3604 2007 3659 tioso
2051 3613 2099 3658 et
2144 3605 2337 3658 mundo
2383 3621 2558 3658 omnes
2587 3602 2776 3675 platea:
2804 3605 2917 3676 ejus
2959 3616 3256 3662 sternentur
3298 3619 3346 3663 et
3372 3626 3464 3679 per

1877 3712 2054 3750 omnes
2098 3697 2233 3750 vicos
2263 3696 2375 3766 ejus
2397 3694 2610 3751 alleluia
2642 3697 2942 3751 cantabitur
2967 3696 3120 3771 (Tob.
3141 3698 3280 3773 xm).
3308 3700 3467 3770 Quod

1876 3785 2033 3839 nobis
2063 3800 2284 3841 carmen
2328 3786 2565 3842 caelestis
2601 3787 2790 3858 patria:
2829 3787 2974 3844 cives
3018 3790 3269 3846 nuntiare
3309 3805 3467 3846 vene-

1878 3883 2019 3939 rant,
2052 3890 2176 3930 cum
2210 3876 2552 3931 concorditer
2577 3875 2887 3932 clamabant
2925 3896 2938 3931 :
2975 3874 3159 3934 Gloria
3193 3880 3246 3935 in
3293 3880 3466 3936 excel-

1876 3967 1947 4020 sis
1993 3965 2127 4033 Deo,
2166 3977 2215 4020 et
2259 3967 2313 4020 in
2340 3975 2479 4022 terra
2520 3984 2627 4038 pax
2670 3968 2969 4023 hominibus
3002 3968 3150 4025 bona:
3180 3969 3473 4028 voluntatis

1878 4055 2031 4130 (Luc.
2066 4056 2147 4129 ιι).
2183 4055 2292 4112 Sed
2327 4056 2696 4126 hujuscemodi
2747 4060 2957 4114 cantica
2997 4059 3236 4117 caelestis
3276 4063 3465 4132 patriae

1879 4156 2004 4204 sunt
2021 4148 2237 4220 gaudia.
2273 4146 2714 4206 Lamentationes
2736 4165 2865 4206 vero
2889 4150 3122 4222 Spiritus
3150 4152 3346 4216 sancti,
3371 4164 3466 4210 aut

1879 4252 2135 4306 mmrore,
2173 4248 2266 4295 aut
2295 4256 2362 4295 ex
2412 4240 2680 4297 desiderio
2711 4250 2926 4298 aeternm
2961 4244 3085 4298 vitae
3123 4236 3304 4301 cordis
3326 4244 3466 4302 inlu-

1880 4332 1983 4387 s’io.
2034 4330 2289 4404 Legimus
2349 4339 2533 4387 tamen
2588 4332 3004 4390 lamentationes
3048 4324 3212 4407 stiper
3251 4335 3382 4393 Saui
3410 4345 3468 4396 et

142 4437 349 4494 Aliter
380 4449 491 4508 pro
517 4446 703 4489 amore
740 4431 984 4489 caelestis
1022 4431 1233 4503 patriae,
1267 4430 1426 4487 aliter
1452 4447 1550 4503 pro
1578 4433 1773 4487 imma-
1801 4431 1855 4492 D
1882 4420 2193 4508 Ionatham,
2218 4423 2449 4496 legimus
2484 4431 2539 4479 et
2563 4430 2738 4495 super
2774 4420 3032 4493 Absalon,
3064 4440 3184 4497 qua:
3224 4429 3466 4499 profecto

142 4531 339 4585 nitate
388 4525 669 4583 scelerum
698 4533 755 4581 et
785 4532 993 4579 terrore
1021 4525 1302 4593 gehennze.
1332 4523 1508 4580 Aliter
1549 4541 1648 4597 pro
1684 4526 1778 4582 do-

139 4622 268 4677 lore
303 4617 542 4683 cordis,
581 4630 683 4687 pro
705 4628 890 4671 amore
919 4615 1022 4684 pize
1049 4629 1113 4670 ac
1142 4625 1342 4671 sancite
1364 4617 1776 4675 recordationis.

139 4713 307 4781 Quae:
342 4710 623 4766 nimirum
664 4707 1030 4778 lacrymarum
1059 4718 1255 4777 genera
1284 4704 1564 4776 Scriptura
1597 4707 1780 4763 divina

132 4806 327 4862 latius
360 4799 659 4871 explanat,
692 4811 817 4853 cum
841 4797 895 4851 in
919 4795 1148 4851 diversis
1177 4795 1778 4865 Scripturarnm‘locis,

134 4894 534 4967 singulorum
578 4887 761 4943 varios
801 4886 1139 4942 demonstrat
1184 4883 1429 4953 affectus,
1461 4894 1517 4940 et
1546 4886 1781 4942 lamenta

129 4986 437 5058 replicat.
481 4978 632 5035 Inter
667 4992 805 5049 quos
852 4976 1043 5042 David,
1101 4974 1338 5031 Fuerunt
1394 4978 1520 5032 milii
1563 4976 1781 5050 (inquit)

125 5077 438 5149 lacryma?
459 5087 594 5126 metu
628 5086 789 5141 panes
823 5069 908 5124 die
960 5087 1022 5123 ac
1062 5076 1232 5133 nocte,
1274 5068 1398 5121 dum
1428 5068 1625 5123 dicitur
1654 5069 1783 5123 mihi

121 5170 411 5245 quotidie
450 5183 464 5219 :
502 5161 604 5219 Ubi
646 5172 723 5219 est
758 5162 900 5219 Deus
948 5171 1069 5217 tuus
1120 5160 1294 5231 (Psal.
1326 5161 1457 5234 xu).
1499 5162 1566 5218 Et
1606 5162 1778 5219 alibi;

121 5257 459 5318 [καῦσιναυὶ
501 5257 558 5311 in
603 5258 799 5328 gemitu
838 5248 975 5323 meo,
1026 5263 1216 5310 natare
1247 5254 1444 5310 faciam
1475 5264 1584 5311 tota
1620 5267 1783 5314 nocte

118 5356 367 5415 lectum
406 5362 626 5412 meum,
653 5356 707 5402 et
731 5346 975 5419 lacrgmis
999 5347 1125 5401 meis
1151 5354 1376 5401 stratum
1398 5362 1571 5401 meum
1603 5347 1781 5418 rigabo

118 5446 335 5522 (Paul.
375 5439 504 5511 vr).
544 5437 810 5511 Caligavit
849 5454 937 5495 me
980 5436 1341 5494 amaritudine
1389 5437 1575 5493 oculus
1606 5455 1778 5508 meus,

115 5538 267 5613 quia
331 5538 726 5601 cansumptus
768 5544 886 5585 sum
930 5529 998 5585 ab
1039 5529 1306 5585 universis
1348 5530 1592 5586 hostibus
1623 5531 1776 5607 meis.

112 5631 375 5703 Quibus
414 5625 617 5693 itaque
657 5622 837 5679 verbis
870 5630 1044 5693 patet,
1068 5622 1210 5693 quod
1238 5621 1422 5677 multis
1464 5623 1635 5678 sancti
1666 5639 1780 5679 mo-

108 5731 358 5785 vemur
396 5711 724 5783 amictibus,
774 5729 840 5772 eo
870 5714 1013 5787 quod
1036 5722 1092 5771 et
1127 5713 1230 5785 ipsi
1253 5713 1507 5771 volumen
1534 5713 1664 5772 illud
1691 5715 1780 5772 in-

1883 4506 2356 4572 lamenta‘doloris
2398 4531 2461 4572 ac
2485 4516 2736 4573 maeroris
2759 4525 2886 4572 sunt
2919 4518 3098 4587 plena.
3133 4516 3305 4577 Flevit
3332 4537 3465 4595 quo-

1882 4622 1988 4680 que
2010 4616 2065 4663 et
2096 4608 2359 4663 Ezechias
2395 4606 2522 4664 ﬂetu
2572 4622 2767 4680 magno
2796 4607 2984 4665 :‘ﬂevit
3011 4618 3066 4667 et
3093 4609 3287 4668 Petrus
3310 4628 3463 4668 ama-

1880 4701 2116 4756 rissime.
2150 4699 2255 4754 Sed
2292 4701 2429 4763 istae,
2477 4709 2537 4755 ut
2572 4699 2825 4764 diximus,
2868 4700 3462 4761 merito‘Lamentatio-

1882 4806 1978 4848 nes
2027 4792 2470 4848 lamentationum
2500 4801 2766 4848 vocantur
2793 4833 2810 4860 ,
2848 4794 2975 4864 quia
3006 4794 3287 4865 generales
3317 4804 3463 4866 sunt,

1882 4892 1938 4939 et
1957 4884 2037 4939 sic
2069 4884 2410 4955 praetendunt
2437 4898 2607 4956 genus
2634 4885 2701 4940 ad
2741 4885 2999 4957 Speciem,
3038 4894 3096 4942 ut
3124 4900 3312 4945 rursus
3343 4904 3465 4962 spe-
3559 4953 3575 4970 θ

1884 4975 1994 5030 cies
2021 4974 2087 5029 ad
2114 4989 2284 5045 genus
2323 4974 2615 5031 referatur.
2663 4974 2861 5047 Sicque
2903 4985 3133 5035 terrenae
3165 4978 3308 5037 illius
3335 4981 3464 5040 Hie-

1884 5065 2119 5120 rusalem
2161 5074 2215 5121 et
2243 5067 2425 5137 populi
2471 5067 2681 5124 excidia
2731 5069 3035 5141 deplorant,
3083 5079 3142 5126 ut
3178 5075 3464 5144 praesentis

1884 5156 2139 5214 Ecclesiae
2168 5159 2366 5215 damna
2406 5158 2603 5216 deﬂere
2636 5174 2742 5216 non
2786 5161 3225 5232 praetermittam.
3264 5163 3465 5239 Sicque

1884 5249 2293 5322 generalitatem
2339 5249 2520 5322 populi
2571 5249 2694 5306 novi
2726 5266 2790 5307 ac
2822 5244 3027 5307 veteris
3065 5265 3253 5308 eorum
3278 5254 3464 5326 lugent

1883 5342 1974 5412 qui
2001 5357 2032 5397 a
2058 5332 2163 5397 fide
2189 5349 2512 5397 corruerunt
2531 5349 2587 5397 et
2605 5340 2963 5412 captivantur,
2989 5346 3225 5400 utunius
3246 5344 3461 5413 animae,

1881 5450 2002 5508 qua:
2056 5434 2313 5506 templum
2363 5435 2464 5489 fuit
2521 5435 2754 5507 Spiritus
2812 5436 3027 5502 sancti,
3080 5436 3465 5494 detrimentum

1883 5530 2138 5603 plangere
2160 5543 2265 5584 non
2313 5528 2594 5585 desistant.
2629 5527 2829 5599 Sicque
2853 5527 2917 5583 ad
2950 5536 3271 5600 prasentem
3294 5529 3465 5601 capti-

1883 5624 2128 5690 vitatem,
2145 5623 2245 5678 sub
2266 5635 2373 5691 qua
2404 5622 2545 5676 idem
2572 5621 2816 5676 eamdem
2840 5621 3177 5693 prophetiam
3201 5621 3461 5690 condidit,

1883 5715 2098 5773 oculum
2147 5704 2456 5786 intendant,
2487 5722 2546 5770 ut
2574 5722 2897 5780 extremam,
2936 5726 3054 5787 quae
3083 5714 3225 5770 facta
3251 5721 3334 5773 est
3365 5712 3467 5771 sub
