4048 6352
655 234 794 292 1065

1452 218 1509 282 S.
1548 225 1902 284 PASCHASH
1944 224 2290 282 RADBERTI
2329 221 2620 278 ABBATIS
2658 219 3114 278 COllBElENSlS

3707 242 3806 300 106i

654 345 778 402 Tito
792 351 848 401 et
876 342 1232 415 Vespasiano,
1264 340 1483 411 penitus
1513 354 1619 394 non
1648 339 1921 394 emittant.
1963 338 2102 406 Quid
2126 338 2244 408 plu-
2271 343 2322 404 Α
2348 349 2620 405 exponere
2650 334 3088 402 lamentationes,
3138 344 3195 391 et
3234 346 3380 407 prout
3401 348 3650 412 oportuerit
3671 353 3722 407 ad
3741 369 3809 412 ea-

653 435 751 491 ra?
779 432 1032 490 Omnium
1055 429 1344 502 praesentis
1365 428 1491 484 vita:
1513 443 1708 484 causas
1729 443 1793 484 ac
1822 428 2006 482 ruinas
2019 442 2247 482 cernens

652 528 936 599 propheta,
963 523 1228 597 gemenda
1272 531 1523 578 movetur
1569 521 1635 576 ad
1683 521 1915 592 singula,
1959 528 2020 574 ut
2047 520 2247 591 singuli

652 615 1109 688 discautpmpria
1155 614 1234 670 sic
1281 612 1515 680 deﬂere,
1545 612 1817 683 quomodo
1859 612 1974 682 ipse
2003 611 2248 682 deplorat

652 709 962 768 communia
984 716 1038 763 et
1071 705 1249 762 aliena
1295 703 1560 776 cujusque
1602 703 1822 760 delicta.
1858 702 2091 772 Ideoque
2115 718 2248 772 qua-

651 802 883 875 druplici
906 800 1154 857 Threnos
1179 798 1346 855 totius
1364 797 1614 863 lamenti,
1630 809 1689 851 ut
1711 795 1948 862 aestimo,
1966 793 2248 850 contexuit

653 892 975 963 alphabeto:
1009 889 1136 962 quia
1168 897 1279 944 tam
1322 903 1424 944 nos
1458 903 1623 958 quam
1650 895 1706 942 et
1729 885 1819 942 hic
1848 885 2081 941 mundus
2111 901 2247 955 qua-

655 995 783 1042 tuor
829 991 1047 1042 constat
1087 982 1341 1040 conditus
1389 980 1695 1046 elementis,
1741 980 1866 1051 igne
1910 978 2167 1034 videlicet
2193 986 2249 1033 et

656 1091 818 1149 aqua,
869 1090 998 1132 aere
1040 1082 1099 1131 et
1141 1085 1332 1131 terra:
1365 1082 1424 1129 ut
1471 1073 1564 1144 qui
1610 1080 1847 1143 quatuor
1901 1071 2250 1127 consistimus

658 1169 986 1232 existentiis,
1019 1167 1120 1224 sub
1141 1175 1376 1238 quatuor
1403 1173 1550 1220 recte
1585 1163 1906 1237 plangamur
1940 1161 2247 1217 litterarum

653 1260 982 1333 alphabetis.
1006 1258 1160 1328 Quod
1184 1266 1362 1316 autem
1391 1257 1654 1329 propheta
1683 1269 1790 1311 non
1815 1253 1989 1310 solum
2013 1269 2250 1323 praesen-

659 1352 761 1419 tia,
781 1366 969 1408 verum
999 1349 1276 1422 praeterita
1300 1359 1356 1405 et
1373 1348 1551 1405 futura
1568 1348 1769 1418 lugeat,
1801 1346 1939 1401 liber
1966 1345 2252 1416 Paralipo-

663 1458 861 1500 menon
909 1443 1148 1498 insinuat
1189 1439 1277 1512 (11
1304 1439 1437 1496 Par.
1477 1437 1684 1509 xxxv),
1722 1437 1813 1492 ubi
1865 1436 2064 1507 legitur
2108 1434 2252 1505 quod

661 1545 908 1593 mortuus
932 1544 1017 1591 est
1042 1528 1219 1590 Josias
1262 1548 1381 1597 rex,
1415 1540 1469 1587 et
1495 1530 1740 1601 sepultus
1771 1530 1822 1583 in
1852 1526 2130 1582 mausoleo
2159 1543 2254 1600 pa‘

660 1636 806 1682 trum
853 1641 1071 1682 suorum
1100 1665 1116 1691 ,
1172 1624 1567 1693 universusque
1614 1620 1752 1675 Juda
1801 1627 1856 1674 et
1913 1619 2252 1676 Hierusalem

2350 430 2472 484 dem
2507 429 2610 483 tria
2639 437 2883 498 tempora
2923 442 3117 483 sensus
3152 429 3389 500 dirigere.
3435 433 3592 507 Neque
3612 441 3808 502 silendum

2348 521 2672 592 putavimus,
2707 520 2850 590 quod
2885 522 3147 592 propheta
3188 531 3410 590 sanctus,
3439 528 3560 582 sicut
3586 532 3810 593 divinatio-

2349 612 2432 682 gis
2480 613 2748 684 interpres
2789 610 3150 682 Hieronymus
3191 621 3403 670 testatur
3427 658 3440 680 ,
3478 616 3679 676 Threnos
3721 627 3816 683 lanii

2351 703 2572 759 lamenti
2623 704 2737 774 lege
2767 705 2926 759 metri
2970 703 3288 760 condiderit.
3332 707 3402 763 Ex
3434 725 3528 780 quo
3557 714 3690 769 etiam
3716 719 3817 787 apud

2351 794 2575 851 Latinos
2600 811 2700 866 per
2733 795 2944 866 singula
2973 795 3354 852 sententiarum
3381 801 3630 873 principia,
3655 807 3822 877 singula:

2350 888 2700 944 Hebraeorum
2748 887 2943 942 litterae
2991 897 3384 958 praenotantur,
3421 908 3450 947 a
3484 894 3650 964 quibus
3679 898 3721 952 in
3753 915 3824 954 sua

2350 983 2570 1052 propria
2613 980 2817 1051 lingua,
2848 990 2909 1035 ut
2949 981 3147 1048 fertur,
3181 985 3526 1055 unusquisque
3551 1002 3708 1044 versus
3731 992 3829 1046 inci-

2351 1073 2516 1142 pitur.
2545 1071 2731 1141 Neque
2759 1071 2923 1144 igitur
2945 1080 3029 1127 est
3056 1072 3398 1139 credendum,
3440 1078 3566 1144 quod
3594 1085 3658 1132 tot
3685 1078 3827 1136 littera.

2352 1174 2547 1220 vacent
2569 1179 2601 1218 a
2627 1164 2904 1236 mysterio,
2948 1180 3071 1219 eum
3100 1179 3202 1221 nec
3225 1180 3359 1220 unus
3385 1181 3509 1235 apex
3537 1168 3644 1224 iota:
3663 1183 3830 1240 praeter-

2353 1255 2649 1312 mittendus
2673 1257 2744 1310 sit
2772 1256 2824 1310 in
2859 1255 2975 1327 lege
2998 1254 3212 1327 (Matth.
3247 1256 3319 1326 v).
3348 1253 3489 1311 Unde
3517 1259 3640 1327 quod
3665 1261 3830 1332 singula:

2352 1347 2548 1405 litteris
2571 1347 3023 1418 interpretentur,
3055 1345 3402 1417 intelligentia
3443 1347 3643 1418 singulis
3671 1361 3833 1407 senten-

2355 1444 2445 1500 tiis
2476 1452 2557 1500 est
2579 1443 2872 1499 reddenda.
2903 1441 3036 1496 Nam
3061 1441 3231 1512 Aleph
3257 1441 3484 1495 doctrina
3511 1443 3832 1513 interpretatur.

2355 1535 2607 1592 Doctrina
2627 1550 2756 1590 vero
2787 1534 2874 1589 illa
2898 1549 3026 1588 vera
3049 1542 3154 1599 est,
3182 1549 3286 1604 qua
3313 1534 3448 1588 Deus
3474 1537 3780 1605 cognoscitur,
3799 1547 3837 1593 et

2355 1629 2570 1700 proprie
2601 1626 3022 1696 uniuscujusque
3063 1634 3241 1681 status
3268 1627 3348 1680 vel
3385 1625 3608 1683 defectus
3628 1643 3713 1683 non
3733 1631 3834 1701 igno-

656 1719 893 1790 lugerint
939 1733 1094 1783 eum;
1144 1715 1433 1780 Jeremias,
1484 1715 1678 1786 inquit,
1729 1712 1981 1768 maxime.
2043 1713 2250 1781 Quibus
2279 1725 2326 1786 Β
2355 1728 2523 1774 ratur.
2554 1717 2668 1772 Non
2690 1717 2831 1771 enim
2864 1717 3124 1772 doctrina:
3150 1717 3376 1787 quilibet
3401 1727 3542 1774 recte
3572 1719 3756 1784 insistit,
3777 1721 3841 1790 qui

658 1813 904 1884 profecto
937 1811 1119 1868 verbis
1145 1809 1472 1874 ostenditur,
1501 1811 1644 1881 quod
1672 1825 1779 1865 non
1811 1808 1984 1863 solum
2007 1809 2073 1862 ad
2101 1824 2240 1878 prae-

657 1914 829 1969 sentia
855 1919 911 1968 et
941 1912 1143 1975 futura,
1185 1908 1542 1965 verumetiant
1568 1915 1622 1961 et
1649 1906 1717 1961 ad
1746 1904 2017 1976 praeterita
2044 1903 2242 1958 lamenc

659 2006 791 2060 tatio
814 2007 930 2059 hanc
952 2001 1448 2074 superextenditur,
1477 2008 1538 2054 ut
1567 1999 1668 2054 sub
1688 1998 1955 2068 quadrato
1981 1994 2102 2050 cceli
2127 2009 2247 2048 car-

660 2096 784 2152 dine
845 2096 1129 2166 praesentis
1179 2093 1361 2149 saeculi
1407 2091 1602 2148 delicta
1649 2090 1914 2160 quadrato
1963 2087 2144 2158 lugeat
2170 2083 2248 2138 al-

660 2244 664 2253 ,
696 2185 906 2247 .tabeto,
929 2192 984 2238 et
1012 2182 1220 2254 1311
1265 2181 1331 2236 ad
1363 2180 1597 2236 lamenta
1639 2179 1820 2235 omnia
1873 2178 2084 2232 invitet.
2113 2175 2248 2231 Pro-

657 2285 838 2346 pterea
867 2285 920 2330 et
947 2291 1046 2330 nos
1074 2290 1179 2329 non
1209 2273 1388 2328 minus
1417 2287 1580 2342 super
1609 2269 1847 2340 ejusdem
1874 2269 2109 2325 civitatis
2135 2267 2248 2322 rui-

656 2381 805 2432 nam,
832 2382 996 2438 quam
1025 2374 1082 2420 et
1116 2380 1278 2436 super
1302 2364 1560 2420 Ecclesia:
1583 2363 1804 2428 damna,
1840 2375 2108 2433 superque
2137 2359 2250 2413 ani-

657 2473 870 2514 marum
917 2457 1264 2525 discrimina,
1315 2455 1654 2512 decrevimus
1697 2453 1913 2509 easdem
1964 2450 2246 2522 tripliciter

2347 1809 2699 1880 semetipsum
2727 1808 2943 1878 penitus
2968 1823 3075 1863 non
3106 1808 3372 1878 agnoscit.
3401 1809 3471 1863 De
3485 1825 3580 1880 qua
3604 1809 3838 1864 sanelsaias

2347 1901 2612 1974 propheta
2651 1916 2664 1954 :
2719 1897 3060 1970 Gloriﬁcate,
3114 1897 3326 1970 inquit’,
3373 1899 3533 1955 Deum
3577 1902 3628 1954 in
3669 1900 3843 1954 doctrina

2352 1993 2490 2065 (Isa.
2539 1992 2710 2063 xxiv).
2749 1990 2842 2047 ille
2881 2007 3010 2062 ergo
3057 1989 3230 2048 Deum
3266 1995 3421 2066 digne
3446 1992 3685 2062 gloriﬁcat
3717 1992 3759 2045 in
3779 1991 3843 2045 do-

2351 2084 2547 2149 ctrina,
2581 2069 2756 2153 quiet
2797 2098 2919 2138 eum
2959 2083 3181 2140 laudare
3233 2086 3301 2141 de
3331 2086 3442 2141 suis
3465 2099 3565 2141 non
3592 2093 3753 2147 cessat,
3776 2097 3841 2136 ne.

2353 2190 2460 2246 que
2484 2190 2546 2229 ea
2577 2190 2699 2244 qua:
2726 2175 2794 2228 de
2821 2188 2878 2229 se
2907 2175 3022 2245 ipse
3054 2175 3300 2242 admisit,
3331 2185 3420 2232 aut
3444 2176 3678 2247 proximis
3707 2172 3846 2229 dedere

2354 2283 2462 2322 non
2490 2268 2722 2340 ignorat.
2757 2267 2931 2334 Quam
2960 2269 3098 2324 bene
3122 2270 3393 2340 propheta
3421 2268 3693 2326 doctrinam
3712 2280 3848 2338 perce-

2350 2368 2528 2429 perat,
2553 2358 2645 2430 qui
2683 2374 2921 2416 mmrens
2947 2360 3140 2432 spiritu
3167 2361 3411 2432 repletus
3442 2361 3624 2425 aiebat,
3643 2359 3800 2414 dicens.

684 2601 3855 2639 Μ

1886 2757 2190 2837 LIBER
2263 2754 2684 2834 PRIMUS.

1362 3021 1551 3061 ALEPH.

727 3096 1002 3166 Quomodo
1024 3095 1166 3152 sedet
1190 3095 1304 3152 sola
1330 3096 1536 3161 civitas,
1563 3094 1718 3166 plena
1744 3095 1958 3168 populo:
1991 3097 2134 3168 facta
2165 3105 2242 3152 est

651 3195 803 3266 quasi
845 3191 1026 3257 vidua,
1050 3191 1262 3244 domina
1289 3191 1539 3261 gentium.
1573 3187 1825 3262 Princeps
1855 3191 2242 3260 provinciarum

651 3285 796 3356 facta
823 3294 898 3339 est
940 3283 1036 3338 sub
1075 3283 1314 3337 tributo?
1344 3281 1460 3336 Non
1483 3283 1625 3352 quod
1655 3283 1742 3338 hic
1770 3283 1967 3337 muenia
2007 3283 2241 3338 civitatis

651 3372 988 3430 Hierusalem
1034 3373 1234 3445 lugeat,
1285 3373 1379 3428 sed
1428 3388 1524 3444 per
1545 3389 1667 3428 eam
1691 3376 1894 3444 tropice
1934 3372 2163 3444 populus
2187 3374 2242 3429 in

651 3465 1020 3538 captivitatem
1071 3465 1286 3530 ductus,
1332 3479 1517 3520 amare
1561 3465 1876 3536 plangitur:
1912 3463 2067 3533 juxta
2111 3464 2242 3519 illud

649 3557 801 3614 Isaiae
824 3557 1097 3628 prophetas
1128 3557 1266 3626 (cap.
1297 3555 1357 3627 ι),
1391 3555 1535 3624 quod
1557 3556 1809 3610 omnibus
1837 3553 2241 3610 devindemiata

651 3651 808 3708 bonis
832 3650 942 3705 lilia
971 3647 1102 3705 Sion
1126 3649 1315 3704 relicta
1342 3648 1414 3703 sit
1440 3648 1509 3703 ab
1530 3649 1779 3704 hostibus
1818 3648 1955 3714 sola,
1989 3650 2130 3704 sicut
2157 3657 2240 3702 tu.

651 3743 864 3816 gurium
906 3742 960 3797 in
1008 3741 1404 3807 cucumerario,
1435 3748 1490 3796 et
1519 3739 1657 3796 sicut
1683 3740 1874 3795 civitas
1910 3755 2031 3810 qua:
2065 3749 2243 3794 vasta-

649 3841 758 3890 tur.
809 3833 1002 3904 Fitquc
1056 3847 1182 3888 mox
1234 3832 1528 3888 vehemens
1584 3831 1908 3887 exclamatio
1962 3833 2240 3901 propheta:

647 3927 808 3998 plena
835 3925 1069 3992 ﬂetibus,
1110 3925 1267 3996 plena
1293 3923 1592 3991 doloribus,
1637 3923 1797 3995 plena
1827 3922 1977 3978 omni
2001 3923 2238 3976 admira-

649 4023 794 4078 tione
827 4032 882 4078 et
920 4030 1140 4092 stupore
1171 4021 1473 4077 manentis.
1499 4020 1557 4075 In
1584 4036 1688 4091 qua
1718 4028 1968 4090 patenter
1998 4019 2239 4073 insinuat

650 4115 1060 4172 subversionem
1103 4115 1315 4171 misera:
1361 4115 1622 4178 civitatis,
1671 4122 1725 4169 et
1770 4114 1980 4167 ruinam
2023 4113 2239 4168 scelesti

647 4205 828 4279 populi
864 4223 878 4260 :
930 4221 1038 4262 non
1077 4205 1248 4261 solum
1295 4206 1396 4261 sub
1429 4204 1692 4259 Chaldaeis
1726 4203 2006 4267 accidisse,
2050 4218 2238 4258 verum

647 4299 746 4354 sub
789 4297 912 4353 Tito
974 4305 1028 4356 et
1083 4296 1420 4366 Vespasiano
1467 4295 1679 4366 plenius
1727 4296 1909 4350 omnia
1964 4295 2233 4364 completa

2269 3007 2316 3073 α
2346 3004 2526 3076 egistis
2549 3003 2730 3076 (Deut.
2783 3006 2958 3079 xxxr).
3001 3006 3234 3066 Necnon
3277 3020 3335 3068 et
3381 3011 3699 3084 Stephanus:
3741 3009 3864 3073 Dura,

2347 3098 2542 3168 inquit,
2568 3100 2764 3154 cervice
2795 3110 2845 3154 et
2879 3102 3272 3161 incircumcisis
3317 3108 3574 3172 cordibus,
3618 3124 3693 3162 uos
3721 3120 3865 3173 semper

2349 3188 2572 3260 Spiritui
2591 3201 2772 3247 sancto
2795 3195 3035 3249 resistitis
3054 3197 3196 3251 sicut
3223 3208 3274 3254 et
3298 3208 3476 3270 patres
3495 3199 3636 3255 vestri
3658 3197 3768 3268 (Act.
3780 3192 3864 3264 tu).

2347 3279 2640 3350 Propterea
2665 3282 2978 3354 frequenter
3003 3286 3239 3358 ﬂagellis
3265 3292 3464 3356 attriti,
3487 3293 3552 3346 ab
3579 3290 3778 3344 hostibus
3801 3300 3869 3353 op-

2346 3375 2543 3442 pressi,
2573 3391 2710 3445 pene
2757 3378 2914 3433 malis
2951 3382 3216 3438 omnibus
3254 3383 3439 3440 allecti
3475 3402 3488 3438 :
3519 3397 3612 3440 nec
3631 3382 3699 3437 sic
3715 3395 3768 3435 ex
3787 3385 3868 3433 toto

2347 3467 2512 3522 corde
2555 3469 2924 3536 crediderunt,
2954 3473 3047 3527 sed
3095 3475 3551 3531 exacerbaverunt
3587 3473 3729 3528 Deum
3751 3465 3870 3524 excel-

2346 3576 2483 3623 sum,
2498 3571 2546 3614 et
2561 3563 2857 3618 testimonia
2871 3564 2987 3635 ejus
3012 3582 3116 3620 non
3138 3569 3520 3624 custodierunt
3535 3559 3868 3638 (Psol.t.xxvu).

2347 3650 2415 3705 Et
2445 3650 2565 3707 ideo
2610 3654 2898 3724 captivatis
2922 3656 3037 3725 jam
3073 3658 3277 3715 decem
3320 3661 3568 3716 tribubus
3595 3658 3642 3713 in
3667 3653 3870 3725 Assyrios,

2346 3743 2466 3799 dua:
2491 3761 2612 3815 quze
2662 3759 3037 3805 remanserant
3083 3763 3401 3824 sequentes
3431 3753 3641 3810 domum
3667 3746 3872 3809 David.el

2346 3838 2688 3906 speeietenus
2738 3841 2906 3896 Deum
2938 3842 3186 3900 colentes
3206 3887 3222 3910 ,
3260 3846 3532 3917 paulatim
3557 3850 3792 3900 crescente
3812 3851 3875 3891 eo-

2347 3945 2466 3984 rum
2527 3932 2730 3988 malitia
2775 3935 2924 4004 prius
2969 3937 3022 3991 in
3052 3937 3327 3996 Chaldaza
3372 3940 3565 3996 durius
3592 3936 3875 4008 captivantur.

2345 4019 2483 4076 Hinc
2509 4037 2723 4092 quoque
2749 4025 2902 4094 quasi
2935 4026 3048 4081 sola
3095 4029 3306 4085 sedere
3344 4032 3544 4086 civitas
3579 4026 3819 4100 plangitur,
3840 4027 3879 4073 et

2345 4110 2504 4165 vidua
2549 4111 2691 4167 facta
2727 4117 2826 4171 sub
2853 4117 3080 4184 tributo,
3129 4135 3268 4190 quae
3311 4123 3472 4193 prius
3519 4121 3681 4177 fuerat
3719 4113 3880 4172 domina

2345 4203 2606 4273 gentium,
2633 4221 2823 4260 earum
2869 4208 3078 4264 scilicet
3105 4226 3258 4280 quas
3298 4215 3660 4269 subverterat.
3693 4208 3800 4263 Nam
3828 4202 3884 4254 Vi-

2345 4295 2450 4348 dua
2481 4297 2671 4351 sedere
2695 4298 2944 4365 miratur,
2972 4315 3078 4355 non
3108 4303 3304 4358 solum
3333 4305 3469 4376 quia
3497 4299 3757 4374 captivatis
3782 4291 3883 4364 τεῧί·

646 4388 783 4445 fore.
814 4387 1088 4445 Hactenus
1123 4388 1338 4460 1312
1389 4401 1490 4442 nec
1525 4387 1639 4442 sola
1673 4387 1775 4442 nisi
1805 4402 1904 4456 per
1944 4401 2240 4457 exaggera-
2265 4371 2320 4432 Ι)
2345 4385 2468 4451 bus,
2525 4395 2580 4441 et
2639 4390 2942 4445 sacerdotio
2981 4392 3275 4451 destructo
3330 4371 3599 4460 desolata,
3624 4406 3779 4448 verum
3797 4385 3885 4456 quia

646 4479 848 4535 tionem
890 4477 1092 4534 doloris
1135 4481 1325 4535 sedere
1360 4477 1485 4548 jure
1520 4479 1739 4544 dicitur,
1773 4479 1863 4534 ubi
1893 4479 1960 4534 de
1987 4481 2237 4550 pauperi-

644 4569 745 4624 bus
771 4577 930 4624 terrae
951 4568 1190 4625 cultores
1219 4570 1494 4626 innumeri
1524 4570 1930 4641 relinquuntur,
1964 4571 2160 4640 quibus
2183 4580 2238 4627 et

644 4659 900 4716 Godolias
936 4676 1172 4732 praeesse
1197 4659 1439 4730 jubetur.
1486 4661 1598 4718 Nec
1638 4673 1812 4717 tamen
1845 4663 2039 4718 civitas
2062 4663 2234 4717 dirui-

645 4761 753 4818 tur,
783 4753 877 4808 sed
903 4753 1116 4826 integra
1139 4754 1257 4824 ejus
1277 4754 1512 4810 vastatio
1527 4769 1701 4825 usque
1727 4757 1795 4811 ad
1819 4755 1949 4809 illud
1966 4754 2234 4820 differtur,

644 4845 863 4902 Christo
887 4848 1026 4902 duce
1046 4857 1347 4918 perempto,
1374 4849 1592 4918 quando
1614 4865 1716 4904 nec
1738 4849 1877 4919 lapis
1909 4865 2073 4920 super
2098 4849 2234 4920 lapi-

553 4945 566 4961 ’
645 4939 786 5002 dem,
824 4938 1123 4994 secundum
1159 4939 1371 4994 Domini
1417 4941 1764 5006 sententiam,
1812 4956 1985 5012 neque
2007 4941 2236 5012 pupulus

644 5029 696 5082 in
723 5045 785 5084 ea
823 5029 1394 5102 relinquitur(Matt/r.
1442 5031 1615 5102 xxiv).
1659 5031 1874 5086 Interea
1920 5034 2083 5086 etiam
2113 5039 2236 5102 post

645 5124 1011 5179 reversionem
1068 5132 1234 5180 tantae
1302 5123 1678 5194 captivitatis,
1732 5140 1921 5179 rursus
1974 5124 2233 5193 paulatim

643 5216 814 5270 erevit
841 5215 990 5287 virga
1017 5215 1218 5272 furoris
1240 5215 1337 5272 Dei
1372 5232 1385 5268 :
1416 5215 1545 5286 quia
1576 5231 1682 5270 non
1706 5225 1790 5271 est
1818 5215 1885 5270 ad
1911 5214 2080 5269 Deum
2111 5223 2235 5284 post

648 5307 852 5361 monita
885 5316 943 5362 et
968 5308 1338 5365 correctiones
1375 5308 1767 5380 prophetarum
1809 5321 2070 5362 conversa
2115 5321 2237 5378 per-

645 5395 747 5450 ﬁda
778 5413 910 5465 gens
938 5396 1147 5464 Judzea,
1179 5400 1274 5456 sed
1296 5399 1576 5456 beneﬁciis
1611 5398 1708 5454 Dei
1755 5414 1970 5470 semper
1994 5399 2229 5472 ingrata,

643 5488 903 5558 supplicia
937 5489 1043 5544 sibi
1069 5491 1337 5547 atrociora
1360 5492 1652 5548 contraxit.
1679 5491 1755 5546 De
1775 5505 1881 5560 qua
1915 5505 2047 5546 sane
2072 5502 2233 5562 gente

644 5577 857 5650 Moyses
884 5601 895 5634 :
931 5581 1076 5648 Scio,
1106 5583 1304 5655 inquit,
1333 5585 1716 5639 contentionem
1739 5593 1882 5638 tuam
1909 5591 1957 5638 et
1981 5583 2231 5638 cervicem

647 5679 790 5728 tuam
842 5674 1178 5734 durissimum
1215 5693 1417 5749 semper
1456 5678 1772 5733 contentiose
1823 5683 2002 5730 contra
2066 5675 2230 5733 Deum

2341 4478 2623 4547 profanato
2653 4482 2853 4552 templo
2883 4491 2938 4538 et
2973 4485 3234 4542 omnium
3269 4504 3539 4545 vasorum
3565 4485 3722 4562 gloria
3751 4475 3883 4535 fundi-

2342 4576 2428 4624 tus
2465 4570 2714 4641 explosa,
2749 4589 2874 4629 mox
2925 4573 3025 4630 Dei
3069 4581 3292 4636 auxilio
3330 4581 3596 4638 destituta
3637 4581 3884 4634 evacuatur,

2320 4667 2394 4740 ret
2421 4661 2533 4716 sola
2560 4662 2703 4718 inter
2733 4663 2916 4720 hostes
2964 4665 3122 4737 plena
3159 4671 3482 4742 ignominia
3513 4669 3816 4741 relinquitur-

2411 4749 2675 4806 Caaterum
2703 4753 3062 4822 spiritualiter
3090 4757 3505 4832 lacrymosius,
3538 4762 3736 4832 quoties
3757 4752 3890 4810 Ecde'

2341 4841 2444 4908 sia,
2470 4843 2642 4914 culpis
2690 4845 3055 4917 exigentibus,
3105 4867 3333 4921 sponso
3371 4853 3596 4912 Christo
3629 4850 3887 4907 viduatum

2338 4934 2602 5005 propheta
2630 4935 2715 4989 vel
2743 4939 2946 4993 sanctis
2973 4939 3105 4996 viris
3147 4943 3486 5017 plangitur,
3525 4942 3773 5012 Quomodo
3794 4935 3892 4991 δεάά

2338 5023 2452 5078 sola
2476 5025 2656 5080 civitas
2681 5028 2706 5080 ?
2737 5025 2862 5082 Sola
2891 5030 3093 5102 quippe
3135 5036 3350 5092 sedere
3395 5039 3525 5109 jure
3553 5035 3891 5109 queritur,cum

2339 5115 2434 5168 Dei
2467 5125 2522 5169 et
2551 5126 2860 5173 sanctorum
2888 5121 3125 5177 desolata
3165 5128 3515 5199 angelorum
3565 5127 3768 5188 auxilio,
3792 5123 3892 5175 intus

2337 5205 2538 5264 ferisve
2601 5210 2670 5265 ab
2717 5211 2964 5270 hostibus
3020 5226 3308 5276 vastatur.
3381 5224 3642 5296 Alioquin
3694 5218 3783 5278 nisi
3817 5211 3897 5270 sola

2336 5312 2500 5370 esset,
2532 5304 2833 5377 plangcnda
2863 5323 2974 5365 non
3001 5320 3151 5366 esset
3179 5331 3192 5366 :
3223 5316 3369 5385 quia
3394 5333 3508 5373 non
3532 5324 3745 5388 possunt
3765 5312 3899 5376 ιιιεειτ

2336 5395 2432 5451 lilii
2478 5398 2663 5468 sponsi
2693 5399 2932 5470 quandiu
2965 5417 3089 5457 cum
3116 5401 3244 5460 illis
3283 5417 3380 5463 est
3410 5424 3672 5481 sponsus,
3696 5407 3790 5461 imo
3807 5412 3898 5472 8³⁸⁸

2335 5489 2425 5544 dio
2448 5491 2685 5562 gaudent
2718 5493 2878 5550 amici
2910 5504 3135 5566 propter
3183 5514 3398 5557 vocem
3430 5504 3642 5575 sponsi.
3667 5500 3786 5557 Cum
3808 5503 3900 5548 rem

2334 5591 2565 5639 matrem
2596 5585 2805 5642 scilicet
2845 5586 3045 5644 Christi
3091 5587 3430 5650 Ecclesiam
3459 5598 3530 5653 ab
3554 5608 3743 5668 sponso
3763 5587 3902 5644 vidua-

2335 5687 2443 5734 tam
2489 5688 2817 5747 senserunt,
2864 5691 3013 5741 recte
3046 5697 3161 5740 non
3221 5688 3414 5745 solum
3475 5690 3638 5756 ﬁlios,
3682 5685 3905 5743 verum“
