4048 6352
144 334 261 390 1065

910 327 1270 386 EXPOSlTlO
1307 328 1374 385 IN
1413 323 1995 383 LAMENTATIO'NES
2032 321 2368 379 JEREMIJE.
2409 352 2480 365 -—-
2519 320 2642 377 LIB.
2686 320 2725 374 l.

3268 316 3407 374 Η)ϋὸ

138 446 334 504 amicos
393 456 587 501 omnes
646 441 777 497 ﬂere
820 442 1096 497 convenit.
1153 442 1229 496 De
1270 455 1500 511 quorum
1558 439 1719 494 nimi-
1743 443 1797 501 Α
1823 447 2025 493 menta.
2052 437 2277 495 Constat
2320 438 2486 510 igitur
2526 438 2668 508 quod
2705 437 2872 491 multa
2917 446 3045 491 sunt
3084 436 3439 493 delictorum.

139 556 250 597 rum
312 535 540 608 collegio
597 532 864 589 Jeremias
930 533 1195 604 propheta
1244 534 1571 598 exstiterat,
1623 530 1718 600 qui

142 629 344 702 1313
382 641 495 698 pra:
537 623 787 681 omnibus
826 631 883 680 et
918 638 1019 695 pro
1062 625 1336 690 omnibus,
1373 632 1483 679 tam
1522 624 1719 678 imma-

137 722 274 780 niter
301 718 551 777 dellebat.
594 716 783 773 Flebat
826 725 1006 772 autem
1039 732 1146 772 non
1192 733 1323 773 saxa
1371 726 1427 773 et
1469 716 1720 783 aedilicia,

136 813 221 869 sed
249 812 462 867 ruinam
490 808 790 865 hominum.
824 807 955 875 Quae
984 814 1131 864 reete
1153 809 1346 865 civitas
1370 810 1508 864 bene
1535 809 1725 864 sedere

137 905 352 969 dicitur,
388 902 530 973 quod
568 899 834 972 plorantis
872 908 957 956 est
988 900 1221 957 habitus.
1255 886 1408 957 Unde
1437 910 1490 956 et
1524 900 1626 956 Job
1669 901 1726 956 in

136 993 471 1065 sterquilinio
514 994 720 1050 sedisse
765 993 1104 1064 perhibetur,
1152 1002 1213 1049 ut
1253 993 1503 1051 allectum
1538 994 1726 1066 expri-

136 1098 306 1144 meret
335 1087 567 1142 dolentis
592 1084 738 1159 (Job.
762 1085 826 1159 u)
857 1104 870 1139 :
896 1101 1023 1140 nam
1052 1086 1166 1158 ipse
1190 1088 1371 1143 dolens
1404 1088 1730 1160 interpreta‘

138 1188 235 1233 tur.
262 1175 359 1232 Sic
389 1186 445 1231 ct
468 1169 637 1231 David
666 1176 734 1231 de
765 1177 868 1232 hac
908 1177 1023 1247 ipsa
1050 1178 1400 1247 captivitate:
1431 1177 1600 1250 Super
1624 1180 1729 1247 ﬂu-

136 1271 309 1334 mina,
363 1269 564 1339 inquit,
609 1268 918 1340 Babylonis,
969 1269 1080 1324 illic
1123 1271 1355 1325 sedimus
1398 1282 1448 1326 et
1490 1274 1729 1343 ﬂeuimus

137 1358 306 1431 (Psal.
337 1360 577 1431 cxxxvu).
604 1359 678 1414 Ac
704 1361 750 1414 si
781 1368 1030 1430 patenter
1066 1361 1212 1416 dicat
1239 1379 1253 1415 :
1284 1361 1421 1429 Quia
1448 1363 1501 1416 in
1535 1363 1730 1417 throno

140 1455 311 1525 regni,
346 1455 458 1508 imo
491 1454 546 1507 in
595 1468 809 1508 summo
838 1452 962 1508 caeli
999 1453 1203 1508 vertice
1248 1462 1394 1509 stare
1437 1454 1729 1519 noluimus,

133 1544 247 1614 jure
281 1559 452 1613 super
493 1541 715 1597 ﬂumina
750 1541 1109 1598 tentationum
1152 1543 1347 1600 ﬂentes
1374 1559 1438 1599 ac
1467 1545 1732 1615 lugentes,

139 1650 295 1704 supra
336 1634 555 1688 modum
585 1633 849 1699 dolemus,
878 1633 1033 1703 juxta
1065 1633 1197 1689 illud
1236 1634 1390 1690 Isaias
1416 1637 1730 1706 prophetm:

139 1723 424 1788 Descende,
448 1723 569 1777 sede
598 1722 652 1775 in
669 1721 900 1793 pulvere,
915 1722 1029 1791 ﬁlia
1050 1721 1292 1795 Babylon
1314 1740 1332 1779 :
1354 1726 1475 1780 sede
1496 1725 1550 1779 in
1570 1735 1734 1793 terra,

1823 532 2048 599 tributa,
2088 532 2284 603 quibus
2332 532 2512 587 anima
2543 532 2603 586 lit
2636 530 2892 596 obnoxia,
2923 531 3029 586 nisi
3077 546 3264 587 rursus
3296 532 3412 605 Dei

1826 624 2027 680 auxilio
2066 624 2311 687 liberata,
2360 624 2650 695 pristinam
2697 637 2805 677 non
2862 621 3007 678 valet
3047 624 3290 694 recipere
3342 624 3414 678 li-

1824 713 2113 771 bertatem.
2164 715 2305 771 Hine
2350 715 2665 771 misericors
2701 712 2864 779 Deus,
2920 714 3048 770 licet
3097 714 3256 771 malis
3311 730 3414 770 no-

1827 809 1959 865 stris
2008 810 2076 864 ad
2124 808 2462 864 iracundiam
2514 815 2825 878 permotus,
2875 805 3235 862 fornicantem
3292 807 3415 861 ani—

1828 916 1974 956 mam
2012 903 2288 968 hortatur,
2315 901 2539 957 dicens:
2567 899 2771 972 Plange
2796 901 2949 972 quasi
2999 901 3143 971 virgo
3181 900 3419 956 accincta

1829 1008 1981 1047 sacco
2010 1008 2167 1062 super
2193 993 2363 1048 virum
2405 992 2695 1062 pubertatis
2721 1008 2834 1047 cute
2862 990 3021 1063 (Joel.
3049 990 3112 1064 ι).
3153 989 3327 1061 Super
3350 992 3422 1047 vi-

1830 1099 1948 1138 rum
1992 1084 2281 1154 pubertatis
2326 1100 2461 1145 sure.
2504 1084 2686 1138 anima
2720 1082 2877 1153 quasi
2924 1082 3077 1152 virgo
3126 1082 3421 1153 plangitur,

1830 1175 2048 1245 quando
2106 1174 2438 1245 plenissima:
2483 1175 2770 1231 charitatis
2811 1189 2995 1229 amore
3048 1175 3311 1246 perfusa,’
3336 1177 3425 1232 sui

1833 1266 2088 1322 connubii
2143 1266 2350 1323 fmdera
2402 1267 2789 1332 considerans,
2839 1265 3213 1323 confunditur.
3265 1267 3422 1323 Ideo-

1833 1371 1939 1426 que
1977 1372 2130 1410 sacco
2176 1357 2410 1411 accincta
2450 1357 2682 1423 cilicino,
2728 1373 2825 1413 sua
2866 1357 3009 1413 facta
3041 1357 3239 1414 deﬂere
3263 1359 3427 1429 jube-

1836 1457 1944 1513 tur,
1993 1456 2262 1516 quatenus
2316 1449 2631 1517 paenitendo
2675 1465 2744 1504 ne
2783 1463 2814 1503 a
2859 1449 3089 1506 Domino
3130 1449 3425 1521 judicetur,

1837 1541 1978 1596 inter
2017 1540 2199 1596 haedos
2241 1541 2449 1596 scilicet
2490 1551 2807 1612 peccatores
2842 1541 2995 1611 prius
3046 1541 3376 1611 corripiatur
3411 1559 3424 1594 :

1837 1635 2030 1691 deinde
2080 1650 2235 1703 super
2283 1635 2452 1689 virum
2505 1635 2793 1705 pubertatis
2843 1651 2954 1689 sua:
2994 1635 3073 1689 uti
3126 1634 3431 1691 dilectionis

1839 1742 2003 1798 opera
2031 1725 2295 1795 perﬁciat,
2328 1727 2667 1782 adhortatur.
2699 1724 2849 1781 Unde
2875 1727 3120 1797 sequitur
3142 1741 3247 1782 vox
3277 1726 3429 1797 plan-

140 1834 233 1871 non
260 1826 341 1871 est
374 1815 567 1871 solium
601 1815 730 1886 ﬁlia:
772 1814 1148 1871 Chaldaeorum
1192 1816 1330 1873 (Isa.
1356 1819 1547 1891 nvu).
1576 1818 1656 1874 lla
1683 1829 1737 1874 et
1764 1804 1813 1865 Β
1841 1818 2037 1890 gentis.

136 1905 435 1963 Jerusalem
458 1915 643 1962 nostra
665 1904 880 1976 quoties
904 1907 959 1961 in
982 1906 1357 1963 confusionem
1386 1916 1739 1978 peccatorum

140 1998 370 2063 venerit,
397 2010 506 2052 non
533 2006 615 2052 est
639 1998 689 2052 ei
718 1997 935 2064 solium,
960 2014 1134 2069 neque
1157 1999 1405 2066 thronus,
1435 2014 1610 2071 neque
1633 2001 1738 2056 ulla

138 2089 375 2159 dignitas
406 2087 761 2150 celsitudinis,
792 2089 886 2144 sed
904 2090 957 2143 in
987 2098 1145 2145 terra:
1171 2090 1391 2159 pulvere
1417 2091 1606 2146 sedere
1625 2106 1744 2161 per-

138 2180 367 2234 hibetur
383 2179 520 2248 jure.
545 2178 817 2249 Propheta
839 2189 1123 2249 propterea
1146 2181 1372 2253 plangit,
1402 2190 1506 2236 n'on
1531 2190 1741 2237 tantum

137 2272 274 2341 quia
311 2273 461 2326 sedet
484 2272 756 2343 pulvereis
798 2281 851 2327 et
888 2274 1119 2329 terrenis
1162 2276 1418 2344 operibus
1443 2276 1739 2343 sordidata,

138 2364 252 2418 imo
274 2363 403 2435 quia
434 2363 542 2419 sola
563 2351 735 2419 sedet.
771 2365 941 2419 Porro
963 2365 1099 2430 sola,
1124 2367 1249 2436 quia
1273 2368 1428 2437 quasi
1451 2366 1608 2421 vidua
1629 2368 1740 2422 :vi-

139 2456 242 2510 dua
285 2471 438 2520 vero,
469 2472 536 2512 eo
564 2456 707 2526 quod
736 2472 837 2526 pro
866 2456 1112 2513 l'tnditate
1141 2459 1491 2528 turpitudinis
1521 2456 1638 2514 suae
1674 2461 1743 2516 ab

138 2553 346 2617 sponso
373 2549 445 2602 sit
473 2544 685 2604 relicta.
720 2547 830 2605 Sed
860 2550 1151 2603 notandum
1183 2551 1325 2620 quod
1367 2551 1520 2620 quasi
1559 2550 1740 2616 vidua,

140 2644 194 2696 et
221 2658 333 2696 non
361 2656 491 2696 vere
522 2641 701 2706 vidua,
736 2641 972 2696 dicitur:
1005 2644 1260 2712 quoniam
1288 2651 1343 2698 et
1372 2643 1417 2698 si
1448 2643 1516 2697 ab
1544 2657 1745 2713 sponso

140 2732 463 2803 despicitur,
490 2731 861 2803 sponsalitatis
892 2742 1073 2788 tamen
1099 2732 1217 2802 ejus
1235 2731 1362 2802 jura
1394 2744 1652 2790 manent:
1684 2743 1745 2790 ut

140 2825 186 2880 si
215 2824 481 2891 redierit,
522 2825 817 2895 prioraque
860 2824 1169 2881 dilectionis
1210 2840 1376 2895 opera
1417 2825 1742 2897 impleverit,

140 2932 409 2986 sponsum
435 2914 627 2970 saltem
651 2930 748 2986 per
768 2916 1145 2986 paenitentiam
1175 2917 1747 2987 itnmortalitatemque

141 3010 397 3081 recipiat.
445 3007 563 3076 Qua
610 3009 840 3079 denique
876 3016 1027 3064 veste
1067 3008 1355 3074 reind‘uta,
1405 3009 1608 3064 nullius
1645 3007 1747 3064 sub

140 3101 354 3155 tributo
377 3098 526 3170 jacet
560 3099 751 3165 debiti,
783 3099 925 3155 sicut
953 3099 1152 3154 Paulus
1176 3098 1455 3170 apostolus
1482 3102 1743 3167 insinuat,

2559 1905 2719 1945 ΒΕΊἬ.

1916 2004 2145 2062 Plorans
2183 2007 2409 2078 ploravit
2441 2008 2495 2062 in
2525 2017 2693 2073 nocte,
2721 2018 2768 2062 et
2801 2010 3049 2080 lacryma:
3086 2023 3198 2078 ejus
3229 2008 3286 2062 in
3324 2023 3436 2062 ma-

1841 2099 1986 2154 xillis
2011 2101 2147 2170 ejus.
2186 2100 2444 2168 Quaenam
2482 2099 2553 2155 sit
2595 2114 2716 2171 quze
2753 2099 2953 2171 plorat,
2981 2100 3111 2155 Betb
3155 2101 3335 2156 littera
3365 2115 3438 2158 ex

1844 2193 2107 2263 principio
2146 2208 2334 2248 versus
2376 2193 2646 2259 insinuat,
2689 2208 2811 2263 quae
2852 2194 3039 2248 domus
3088 2194 3439 2265 interpretari

1843 2281 2164 2335 ostenditur.
2213 2278 2352 2335 Beth
2404 2280 2602 2349 quippe
2651 2281 2840 2335 domus
2882 2282 3291 2352 interpretatur,
3325 2283 3437 2338 sci-

1844 2368 1974 2425 licet
1994 2370 2081 2423 illa
2106 2384 2228 2424 cum
2251 2385 2357 2438 qua
2379 2368 2548 2425 Jacob
2575 2371 2854 2441 ingressus
2880 2370 2932 2424 iu
2958 2370 3254 2443 Egyptum
3278 2370 3434 2444 (Gen.

1846 2462 2015 2532 XLVI),
2048 2470 2104 2517 et
2140 2470 2329 2531 postea
2368 2462 2581 2517 Domini
2629 2460 2962 2534 sull'ragante
2994 2464 3279 2524 clementia
3331 2466 3437 2520 mi-

1847 2553 2048 2608 raculis
2100 2554 2548 2619 ceruseantibus,
2592 2568 2813 2625 egressa
2868 2556 2934 2609 de
2982 2556 3173 2628 popqu
3215 2558 3439 2613 barbaro

1845 2644 2173 2714 praedicatur
2220 2641 2406 2716 (Psal.
2457 2642 2625 2715 cxm)
2655 2660 2669 2698 :
2704 2659 2849 2701 nunc
2896 2661 3028 2709 vero
3097 2648 3442 2720 exigentibus

1847 2737 2041 2807 culpis,
2085 2740 2276 2793 rursus
2306 2737 2375 2792 ad
2423 2737 2796 2808 captivitatem
2823 2737 2882 2794 in
2907 2737 3240 2812 Babylonem
3280 2741 3444 2798 redu-

1849 2828 2011 2894 citur,
2041 2836 2096 2884 et
2121 2829 2242 2885 ideo
2267 2828 2613 2903 amarissime
2652 2829 2868 2900 plorare
2893 2833 3231 2903 perhibetur.
3255 2831 3447 2891 Plorat

1850 2926 2031 2973 autem
2072 2918 2125 2973 in
2175 2901 2356 2985 nocio,
2390 2920 2516 2990 quia
2553 2920 2608 2975 in
2640 2920 2727 2976 die
2756 2901 2912 2977 nulla
2953 2923 3185 2979 dabatur
3231 2925 3310 2980 eis
3358 2940 3445 2980 re-

1850 3010 2021 3080 quies.
2047 3009 2237 3066 saltem
2264 3019 2325 3065 ut
2350 3012 2463 3067 suis
2488 3012 2904 3069 consolarentur
2923 3014 3201 3087 lacrymis,
3228 3024 3283 3071 et
3306 3031 3441 3071 ocu-

1850 3101 1934 3156 los
1966 3117 2089 3157 sero
2129 3102 2434 3170 abluerent,
2478 3118 2617 3175 quos
2643 3104 2711 3159 ad
2749 3104 2889 3161 idola
2919 3106 3074 3177 prius
3120 3107 3261 3163 male
3299 3107 3449 3164 leva-

141 3191 335 3248 dicens
362 3161 576 3258 :vNihil,
604 3191 802 3261 inquit,
838 3191 986 3246 aliud
1016 3161 1267 3260 debeatis,
1297 3193 1399 3248 nisi
1436 3202 1491 3248 ut
1525 3193 1743 3248 invicem
1775 3161 1820 3224 C
1854 3203 2012 3250 rent:
2044 3205 2101 3251 et
2136 3196 2281 3267 quod
2323 3161 2431 3253 est,
2453 3161 2693 3268 giavius,
2727 3214 2795 3255 ex
2823 3161 3076 3255 omnibus
3118 3199 3310 3257 amicis
3342 3201 3449 3259 sibi

136 3282 387 3354 diligatis
415 3282 597 3354 (Rom.
620 3284 742 3353 xu).

206 3372 580 3445 Tr’opologice
609 3382 812 3439 autem,
844 3373 1025 3428 anima
1050 3375 1162 3430 sola
1194 3376 1384 3431 sedere
1409 3376 1568 3445 digne
1594 3374 1747 3445 plan-

134 3466 310 3534 gitur,
339 3465 498 3535 quasi
529 3464 693 3519 vidua
719 3473 881 3519 exuta
905 3465 1169 3520 virtutum
1199 3467 1376 3532 bonis,
1421 3471 1541 3535 quae
1566 3480 1625 3520 se
1654 3466 1748 3520 do-

135 3558 316 3613 minio
345 3555 723 3626 subjugaverit
768 3554 1169 3621 Chaldaeorum,
1210 3560 1577 3625 spensumque
1612 3570 1746 3611 cou-

133 3647 442 3719 tempserit
484 3648 784 3718 pubertatis
843 3662 974 3702 suae.
1021 3646 1257 3701 Chaldaei
1305 3650 1538 3716 namque
1584 3647 1750 3717 capti-

131 3749 324 3793 raates
370 3738 818 3808 interpretantur.
865 3738 1089 3808 Captiva
1128 3743 1261 3810 “ergo
1308 3739 1487 3793 anima
1528 3737 1746 3805 dicitur,

128 3847 263 3886 cum
308 3847 348 3885 a
383 3830 516 3885 solio
551 3830 790 3885 cmlestis
818 3831 1006 3901 patriae
1049 3831 1196 3888 vitiis
1232 3833 1478 3898 Subacta,
1508 3833 1609 3888 sub
1648 3847 1749 3902 po-

132 3933 413 3980 testatem
452 3924 757 3979 dremonum
787 3923 1065 3994 redigitur.
1100 3922 1199 3979 Cui
1234 3938 1358 3979 mox
1389 3939 1486 3994 per
1518 3925 1753 3995 prophe-

130 4027 249 4072 tam
277 4019 532 4074 dicitur:
560 4014 712 4069 Intra
739 4016 792 4069 in
818 4016 1055 4070 tenebras
1078 4016 1192 4084 ﬁlia
1214 4014 1583 4071 Chaldaeorum
1614 4015 1752 4088 (Isa.

128 4113 346 4181 vau),
384 4124 450 4164 ac
493 4109 538 4164 si
572 4118 821 4179 patenter
845 4108 1026 4165 dicat:
1058 4110 1192 4178 Quia
1224 4111 1277 4165 in
1315 4110 1436 4166 luce
1470 4119 1618 4167 stare
1658 4127 1756 4167 no-

128 4203 288 4260 luisti
343 4202 642 4268 virlutum,
677 4201 786 4256 lilia
827 4202 966 4257 facta
1015 4203 1111 4258 Dei
1151 4219 1376 4259 munere
1424 4204 1753 4275 adeptionis,

127 4295 285 4348 intra
320 4301 547 4348 mutato
570 4292 792 4348 nomine
817 4292 870 4346 in
897 4292 1149 4349 tenebras
1172 4301 1447 4364 perpetum
1470 4289 1753 4349 caicitatis.

126 4383 323 4452 Quam
356 4382 631 4453 prepheta
663 4383 902 4436 animam
930 4382 1291 4452 conspiciens,
1333 4381 1514 4453 sponsi
1540 4381 1757 4437 auxiliis

124 4477 317 4548 culpis
388 4474 734 4542 exigentibus
783 4473 1129 4538 destitutam,
1176 4473 1341 4543 gemit
1395 4480 1450 4526 et
1505 4472 1752 4527 clamat:

1848 3286 2085 3356 pessime
2133 3286 2558 3353 blandientibus,
2603 3286 2877 3358 Propheta
2906 3296 3064 3353 teste,
3097 3289 3279 3345 nullus
3323 3304 3448 3346 eam

1848 3378 2250 3445 consolabatur,
2278 3379 2387 3434 imo
2413 3377 2541 3447 facti
2564 3378 2896 3451 planguntur
2921 3380 3149 3443 inimici.
3169 3379 3444 3451 Lacrymae

1850 3469 2069 3541 (inquit)
2101 3471 2217 3541 ejus
2255 3471 2313 3524 in
2339 3469 2573 3526 maxillis
2604 3470 2738 3541 ejus,
2769 3479 2829 3526 ut
2866 3471 3058 3543 majori
3088 3471 3451 3527 induerentur

1850 3559 2168 3616 confusione
2201 3562 2341 3616 inter
2378 3562 2583 3628 hostes,
2615 3570 2672 3617 et
2700 3563 2812 3619 suis
2839 3570 3219 3617 saturareutur
3246 3577 3446 3634 oppro-

1850 3652 2003 3709 hriis.
2034 3651 2189 3707 Patet
2215 3652 2380 3724 igitur
2406 3667 2623 3720 sensus,
2649 3653 2792 3725 quod
2824 3664 3046 3726 pr0pter
3080 3653 3446 3709 idololatriam

1851 3746 2078 3818 populus
2105 3745 2159 3800 in
2187 3745 2558 3817 captivitatem
2601 3747 2816 3812 ductus,
2860 3746 2915 3801 in
2952 3746 3229 3818 Babylone
3257 3745 3452 3817 plenus

1853 3839 2118 3895 scelerum
2165 3854 2385 3894 suorum
2435 3836 2646 3910 1315
2691 3839 2983 3910 ignominia
3025 3841 3160 3895 dure
3204 3839 3338 3896 satis
3378 3839 3449 3895 ab

1853 3929 2099 3986 hostibus
2132 3929 2466 3985 tractabatur
2508 3948 2520 3983 :
2557 3930 2652 3984 sed
2694 3930 2883 3986 durior
2906 3931 3105 3987 accidit
3129 3948 3195 3988 ca
3223 3932 3452 4004 captivi-

1856 4028 1957 4085 tas,
1981 4032 2102 4090 quae
2124 4021 2225 4075 sub
2251 4018 2374 4074 Tito
2403 4027 2457 4075 et
2479 4017 2832 4089 Vespasiano,
2863 4028 3003 4077 teste
3024 4021 3279 4095 Josepbo,
3310 4023 3453 4079 facta

1855 4110 2072 4179 legitur,
2116 4111 2191 4165 ita
2228 4118 2291 4165 ut
2335 4110 2824 4180 impraesentiarum
2860 4112 2993 4168 nihil
3023 4112 3211 4171 durius
3237 4115 3452 4171 contin-

1858 4212 1984 4272 gere
2017 4200 2257 4271 potuisse
2293 4199 2419 4269 jure
2448 4201 2721 4256 credatur.
2746 4202 2827 4257 Ex
2856 4218 2963 4273 quo
2991 4203 3233 4273 profecto
3261 4205 3450 4275 liquet,

1859 4292 1985 4362 quia
2016 4291 2110 4347 Dei
2143 4305 2236 4347 eos
2260 4290 2523 4361 patientia
2550 4290 2640 4345 diu
2674 4292 2932 4347 sustinuit
2957 4293 3025 4348 ad
3053 4294 3451 4364 paenitentiam,

1860 4393 1916 4438 et
1960 4383 2060 4445 ira,
2088 4398 2247 4453 quam
2281 4382 2386 4438 sibi
2416 4383 2887 4449 thesaurizarunt,
2923 4382 3124 4441 furoris
3170 4385 3269 4442 Dei
3297 4387 3459 4443 vehe-

1863 4487 2075 4534 menter
2097 4478 2354 4534 accrevit.

123 4567 469 4639 (Quomodo
496 4566 638 4620 sedet
681 4565 795 4620 sola
838 4564 1041 4637 civitas)
1083 4565 1262 4619 anima
1301 4564 1551 4619 videlicet
1587 4580 1754 4634 quon—
1785 4549 1838 4608 D
1938 4569 2043 4625 Sed
2070 4568 2226 4640 juxta
2263 4569 2600 4641 allegoriam,
2629 4569 2831 4625 Christi
2858 4567 3104 4625 Ecclesia
3132 4568 3340 4626 scilicet
3367 4568 3459 4624 illa

121 4665 261 4715 clam
296 4658 612 4714 virtutibus
639 4665 695 4711 et
727 4655 997 4727 sull'ragiis
1039 4666 1351 4711 sanctorum
1382 4656 1533 4726 quasi
1571 4657 1760 4710 civitas

114 4758 294 4827 plena
360 4752 565 4827 populo
609 4751 867 4806 desolata.
910 4752 1040 4818 Quae
1087 4751 1235 4820 prius
1273 4748 1509 4818 pollebat
1562 4747 1760 4803 divinis

114 4848 427 4917 operibus
481 4844 625 4898 inter
674 4843 1008 4912 frequentias
1059 4840 1361 4905 sodalium,
1423 4856 1567 4895 nunc
1618 4840 1761 4893 inter

114 4941 339 4997 hostes
401 4936 835 4992 adversariorum
876 4935 1060 4992 sordet
1117 4934 1366 5005 squalida
1413 4951 1426 4988 :

119 5028 384 5104 131$
417 5037 503 5083 est
527 5028 761 5082 societas
793 5035 1128 5091 sanctorum,
1161 5024 1304 5079 nulla
1343 5023 1763 5079 communicatio

113 5127 642 5179 sacramentorum
673 5116 809 5183 Dei,
856 5117 1004 5171 nulla
1049 5131 1171 5172 cum
1202 5130 1421 5186 sponso,
1454 5116 1540 5170 cui
1574 5130 1632 5170 se
1673 5116 1766 5171 de-

110 5219 424 5271 vinxerat
452 5227 641 5266 amore
664 5210 993 5276 dilectionis,
1020 5209 1390 5280 partiéipatio,
1424 5207 1519 5264 sed
1548 5207 1767 5263 redacta

107 5309 222 5365 sub
266 5304 500 5360 tributo
532 5302 805 5366 vitiorum,
851 5299 1093 5371 quotidie
1137 5298 1390 5355 omnibus
1439 5294 1766 5354 exsolvendo

106 5401 356 5459 debitis
388 5395 459 5452 ﬁt
498 5395 788 5467 alligatior.
835 5392 1035 5466 (Cass.)
1082 5390 1239 5447 Unde
1283 5407 1425 5447 unus
1466 5391 1763 5447 electorum

104 5505 416 5554 merens
446 5488 750 5560 plangebat,
788 5487 973 5543 dicens
998 5503 1011 5539 :
1040 5485 1220 5541 Multis
1249 5500 1356 5550 me,
1385 5485 1580 5554 inquit,
1612 5490 1768 5554 pater

101 5602 300 5646 meus
335 5580 723 5638 creditoribus
752 5577 973 5650 reliquit
1012 5576 1326 5644 obnoxium,
1356 5576 1552 5647 quibus
1590 5576 1768 5631 exsol-

100 5681 329 5742 vendo
358 5677 618 5748 quotidie
643 5676 852 5741 laboro,
895 5673 990 5728 sed
1030 5672 1123 5727 uni
1155 5687 1345 5727 eorum
1392 5673 1654 5727 hactenus
1683 5690 1768 5728 sa-

98 5775 447 5835 tisfacere
473 5782 572 5823 non
610 5780 773 5837 queo,
803 5762 1198 5836 gastrimargiae
1239 5763 1527 5834 deplorans
1574 5762 1769 5819 incita-

625 5859 903 5918 Psruon.
940 5853 1138 5915 CXX.

1472 4934 1560 4989 cui
1613 4931 1759 4987 nulla

1864 4661 2103 4717 ccelestis
2135 4661 2455 4728 Jerusalem,
2497 4672 2616 4732 quae
2642 4661 2710 4717 de
2755 4660 2894 4716 coelo
2922 4660 3265 4717 descendisse
3290 4675 3322 4714 a
3347 4658 3460 4715 Deo

1866 4754 2158 4811 monilibus
2191 4746 2453 4811 adornata
2495 4756 2610 4811 suis
2647 4755 2864 4827 legitur.
2897 4752 3126 4809 Plorans
3150 4753 3375 4825 ploravit
3403 4753 3461 4808 in

1866 4852 2035 4909 nocte,
2080 4845 2222 4900 inter
2252 4845 2480 4901 adversa
2530 4844 2741 4901 scilicet
2770 4842 2931 4913 hujus
2974 4845 3098 4899 vitae
3130 4862 3142 4897 :
3174 4843 3301 4913 quia
3334 4841 3463 4898 licet

1864 4935 2114 5005 praescita
2160 4943 2216 4989 et
2262 4934 2645 5004 praedestinata
2685 4934 2759 4989 sit
2801 4934 2870 4989 ad
2928 4933 3155 5006 gloriam
3214 4948 3464 5003 superna:

1865 5026 2360 5097 contemplationis,
2411 5037 2592 5082 tamen
2638 5027 2815 5083 adhuc
2863 5027 3006 5083 inter
3048 5026 3309 5097 caligines
3335 5040 3463 5082 ver-

1867 5127 2022 5174 satur
2076 5119 2394 5191 ig‘norantiae
2447 5126 2503 5173 et
2556 5119 2871 5175 discrimina
2926 5126 3128 5174 nostra:
3177 5117 3461 5174 caecitatis.

1869 5208 2025 5269 Unde
2063 5210 2338 5281 signauter
2367 5209 2443 5263 ait
2473 5227 2487 5262 :
2512 5206 2740 5263 Plorans
2781 5208 3025 5280 ploravit,
3065 5207 3195 5278 quia
3219 5207 3465 5279 profecto

1869 5318 1978 5357 non
2009 5300 2183 5355 solum
2215 5313 2314 5370 pro
2343 5298 2501 5354 malis
2546 5315 2669 5368 quae
2711 5297 2843 5353 foris
2885 5297 3080 5353 tolerat
3117 5312 3341 5370 gemens
3368 5298 3466 5352 do-

1868 5392 1968 5458 let,
1998 5406 2187 5445 verum
2222 5404 2320 5460 pro
2361 5389 2446 5445 his
2489 5388 2767 5455 aerumnis,
2816 5387 3192 5443 inﬁrmitatum
3240 5402 3463 5443 suarum

1874 5495 1930 5541 et
1961 5482 2207 5548 maculis,
2241 5481 2438 5550 quibus
2468 5480 2614 5536 intus
2643 5479 2894 5545 adicitur,
2919 5479 3096 5536 ﬂendo
3125 5481 3308 5553 gemit.
3341 5480 3465 5535 Plo-
3524 5508 3533 5513 -

1877 5587 1962 5634 rat
1999 5593 2127 5648 ergo
2154 5590 2215 5629 ea
2270 5591 2377 5629 non
2422 5574 2602 5629 minus
2631 5589 2751 5643 quae
2792 5566 2958 5628 sentit
3000 5573 3247 5639 interius,
3294 5588 3459 5645 quam

1877 5688 1997 5743 qua:
2036 5669 2275 5725 exterius
2303 5667 2512 5722 tolerat.
2546 5667 2653 5724 Sed
2690 5668 2840 5738 prius
2884 5670 3265 5739 compungitur
3292 5669 3348 5725 in
3376 5685 3466 5725 cu-

1875 5763 2071 5819 bilibus
2113 5769 2447 5818 secretorum
2494 5759 2767 5825 cordium,
2814 5769 2940 5815 tunc
2981 5759 3200 5815 demum
3225 5761 3473 5827 exterius.

2991 5848 3071 5911 3’s
