4048 6352
617 287 757 346 1067

1424 285 1481 339 S.
1525 284 1880 343 PASCHASII
1920 285 2269 341 RADBEll'l‘l
2307 284 2598 342 ABBATIS
2638 285 3094 343 COIlBElENSES

3758 294 3867 351 l068

612 404 866 475 lacrynus
924 400 1219 456 interiusve
1272 398 1410 454 bene
1472 398 1861 469 rebaptizatur.
1914 399 1990 454 De
2049 397 2194 454 fonte
2223 403 2274 460 Λ
2303 406 2432 452 tam.
2478 399 2665 454 Plorat
2690 409 2745 454 et
2776 399 2829 454 in
2861 401 2947 454 his
2992 401 3247 466 maxime,
3278 401 3368 471 qui
3408 418 3466 458 se
3503 403 3630 458 huic
3676 409 3870 461 mortifi-

609 501 807 572 quippe
836 500 981 555 intus
1023 498 1265 553 nascitur
1287 497 1520 569 gemitus
1543 507 1598 552 et
1626 498 1887 571 lacryma,
1914 514 2035 570 qua:
2064 499 2198 555 foris

608 592 944 665 producitur.
975 590 1098 646 Ideo
1126 590 1421 646 secnndum
1454 589 1856 662 Scripturarum
1884 600 2195 648 sanctarum

608 685 828 748 idioma,
858 691 1007 738 recte
1041 681 1244 737 Christi
1283 681 1522 737 Ecclesia
1549 681 1770 752 plorans
1811 683 2024 754 plorare
2061 683 2197 738 diei~

607 779 731 839 tur,‘
761 775 919 831 sicuti
950 781 1006 830 et
1035 773 1232 842 gaudio
1261 774 1516 843 gaudere,
1557 783 1615 830 et
1645 776 1755 830 vita
1795 775 1981 832 vivere
2017 795 2029 830 :
2069 776 2194 845 quia

603 866 851 936 profecto
883 867 1041 921 sicuti
1094 863 1269 933 majus
1313 865 1518 935 aliquid
1559 874 1645 922 est
1672 876 1728 922 et
1776 868 2192 938 significantius,

605 961 715 1013 vita
743 959 924 1013 vivere
957 966 1013 1015 et
1037 958 1232 1030 gaudio
1262 959 1519 1030 gaudere,
1545 975 1705 1031 quam
1730 961 2050 1033 simpliciter
2071 978 2195 1035 gau-

603 1050 732 1104 dere
755 1059 810 1104 et
839 1051 1049 1104 vivere:
1079 1049 1153 1103 ita
1175 1049 1349 1117 majus
1374 1057 1477 1114 est,
1500 1049 1714 1120 plorans
1736 1051 1960 1121 ploravit
1985 1053 2189 1119 dicere,

603 1149 664 1195 ut
692 1141 996 1194 ubertatem
1037 1139 1274 1195 insinuet
1311 1138 1564 1210 perfecta:
1590 1143 2024 1212 compunctionis
2063 1145 2194 1200 inte-

602 1234 750 1300 rius,
789 1242 845 1288 et
887 1231 1218 1288 aﬂluentiam
1260 1231 1595 1288 demonstret
1641 1233 2000 1305 lacrymarum
2034 1244 2189 1291 exte-

600 1326 738 1392 rius,
766 1333 1036 1396 quatenus
1067 1339 1175 1380 non
1213 1323 1393 1379 minus
1423 1325 1662 1381 exterior
1710 1327 1976 1396 sequitur,
2026 1344 2191 1398 quam

598 1427 655 1472 et
697 1418 925 1472 interior
951 1417 1113 1472 homo
1137 1414 1204 1470 ad
1241 1416 1511 1487 integrum
1559 1416 1886 1473 reformatus
1916 1418 2188 1474 abluatur.

531 1527 539 1540 ’
596 1508 736 1565 Hinc
784 1517 868 1565 est
913 1510 1056 1578 quod
1113 1507 1380 1579 sequitur,
1424 1507 1672 1579 laci-gmw
1711 1509 1824 1578 ejus
1862 1511 1918 1565 in
1956 1510 2187 1566 maxillis

512 1581 520 1586 ’
595 1598 730 1668 ejus.
759 1597 864 1654 Per
897 1597 1146 1653 maxillas
1178 1611 1414 1666 namque
1442 1605 1682 1653 rectores
1719 1597 2074 1654 ecclesiarum
2116 1599 2189 1654 si-

595 1689 942 1761 gnificantur,
974 1689 1066 1759 qui
1097 1688 1278 1744 sciunt
1318 1703 1416 1743 sua
1459 1697 1512 1744 et
1543 1688 1716 1744 aliena
1750 1690 1941 1745 delicta
1992 1706 2188 1746 curare

2301 498 2562 545 caverunt
2586 490 2800 546 saeculo.
2824 489 3009 546 Plorat
3032 501 3212 547 autem
3231 493 3284 547 in
3308 493 3631 564 virginibus,
3648 496 3812 566 plorat
3829 499 3872 555 in

2299 579 2498 645 viduis,
2531 581 2708 651 plorat
2744 590 2799 636 et
2831 581 2884 636 in
2916 583 3169 638 omnibus
3196 585 3288 654 qui
3321 600 3379 640 se
3403 586 3871 657 impraesentiarum

2298 674 2612 745 peregrinos
2649 683 2981 746 egentesque
3015 687 3410 746 recognoscant
3437 697 3449 733 :
3481 680 3610 749 quia
3641 681 3773 735 beati
3802 685 3876 752 qui

2298 762 2492 834 lugent,
2510 765 2757 834 quoniam
2780 766 2881 836 ipsi
2903 767 3315 822 consolabuntur
3330 768 3547 841 (Matt/1.
3567 773 3647 842 v).
3664 771 3874 829 Maxime

2299 862 2479 910 tamen
2500 869 2754 925 sponsam
2784 864 2911 911 tunc
2933 857 3120 928 lugere
3141 861 3412 926 convenit,
3437 862 3657 930 quando
3684 872 3740 918 ut
3768 864 3876 920 Pro-

2295 943 2458 1014 pheta
2482 945 2667 1014 gemit.
2689 944 2859 1000 Nemo
2879 955 2952 1000 est
2979 948 3070 1017 qui
3097 947 3397 1002 consoletur
3420 968 3536 1004 eam
3562 968 3630 1005 ex
3659 954 3875 1007 omnibus

2295 1033 2469 1086 charis
2497 1033 2635 1104 ejus.
2663 1031 2915 1090 Profecto
2943 1035 3070 1106 quia
3109 1049 3328 1107 Sponso,
3363 1041 3606 1108 peccatis
3633 1042 3876 1111 exigenti-

2293 1124 2416 1190 bus,
2458 1125 2806 1193 exacerbato,
2850 1141 2976 1182 mox
3008 1142 3113 1183 nou
3151 1129 3314 1185 modo
3346 1131 3664 1203 angelorum
3695 1136 3874 1191 auxilio

2294 1224 2454 1285 atque
2481 1217 2724 1271 omnium
2771 1226 3084 1273 sanctorum
3126 1220 3454 1285 destituitur,
3488 1239 3684 1279 verum
3732 1228 3872 1282 etiam

2295 1306 2529 1379 Spiritus
2568 1309 2744 1364 sancti
2783 1310 3155 1366 consolatione
3198 1310 3516 1382 frequenter
3567 1317 3872 1373 desolatur:

2293 1398 2367 1454 ita
2392 1409 2449 1454 ut
2469 1400 2628 1455 amici
2656 1401 2747 1470 qui
2778 1401 3014 1472 gaudent
3041 1404 3107 1457 ad
3133 1417 3320 1458 vocem
3347 1405 3531 1474 sponsi
3560 1405 3750 1475 (Ioan.
3780 1411 3871 1478 tu),

2291 1499 2348 1546 et
2378 1491 2708 1558 auscultant,
2747 1502 2969 1548 ostenso
3001 1492 3092 1548 illo
3126 1494 3296 1565 magis
3336 1494 3540 1551 luctum
3573 1497 3870 1562 adhibeant,

2297 1582 2506 1654 1317
2523 1598 2908 1653 nonnunquam
2930 1592 2984 1640 et
3000 1583 3259 1651 lamenta,
3279 1601 3442 1655 quam
3460 1587 3624 1642 ullius
3643 1591 3873 1646 consola-

2289 1675 2437 1731 tione
2451 1673 2709 1732 fomenta.
2729 1676 2883 1733 Unde
2907 1678 3153 1749 sequitur
3173 1696 3187 1733 :
3209 1677 3404 1733 Omnes
3419 1680 3584 1734 amici
3607 1682 3722 1752 ejus
3744 1701 3871 1754 spre-

593 1791 649 1835 et
677 1781 954 1852 plangere,
986 1794 1087 1834 nec
1115 1780 1388 1850 detegere.
1420 1779 1495 1835 De
1539 1780 1736 1850 quibus
1781 1783 1919 1837 bene
1950 1783 2001 1836 in
2045 1783 2187 1839 Can-

2293 1777 2472 1823 verunt
2511 1785 2650 1833 eam,
2698 1780 2746 1825 et
2792 1769 2920 1840 facti
2965 1781 3086 1826 sunt
3116 1773 3163 1827 ei
3203 1771 3428 1830 inimici.
3455 1773 3600 1842 Quia
3631 1777 3869 1834 nimirum

590 1870 717 1925 ticis
751 1870 1084 1925 canticorum
1120 1868 1494 1924 collaudatur:
1524 1866 1683 1925 Ceno:
1710 1880 1816 1926 tuae
1855 1873 1989 1926 sicut
2039 1873 2185 1944 frag-

591 1977 710 2016 men
755 1960 883 2016 mali
925 1961 1126 2031 punici,
1166 1961 1359 2032 absque
1410 1977 1470 2015 eo
1511 1962 1651 2031 quod
1708 1963 2020 2018 intrinsecus
2059 1965 2184 2020 latet

592 2051 772 2124 (Cant.
801 2053 894 2123 tv).
953 2052 1096 2123 Ergo
1139 2052 1190 2107 in
1223 2052 1458 2109 maxillis
1500 2069 1606 2109 non
1639 2057 1800 2112 modo
1838 2055 2183 2126 pulchritudo

589 2145 848 2202 Ecclesiae
878 2144 1200 2211 ostenditur,
1235 2159 1423 2201 verum
1455 2147 1599 2216 quod
1625 2161 1724 2218 per
1760 2163 1854 2204 eas
1895 2150 2036 2204 intra
2068 2166 2183 2206 cor-

589 2253 692 2308 pus
733 2238 915 2294 omnia
963 2237 1293 2308 trajicimus,
1338 2253 1527 2294 eorum
1591 2240 1906 2311 designatur
1946 2239 2178 2298 oﬂicium

586 2327 1023 2398 praedicatorum,
1054 2343 1150 2398 per
1178 2345 1315 2399 quos
1340 2329 1457 2400 ipsa
1485 2331 1722 2399 quotidie
1747 2331 1852 2386 tide
1877 2333 1931 2388 in
1957 2331 2180 2390 Christo

585 2429 775 2476 renata
797 2430 1140 2492 aggregatur.
1173 2419 1325 2477 Unde
1353 2422 1478 2476 dum
1505 2423 1627 2493 plus
1655 2425 1866 2480 caneris
1893 2425 1947 2482 in
1974 2427 2177 2484 Christi

585 2527 815 2583 corpore
835 2512 1103 2578 laborant,
1127 2512 1246 2584 plus
1271 2523 1492 2585 gemunt
1514 2521 1570 2569 et
1589 2514 1822 2585 plorant.
1841 2516 1970 2574 Plus
1991 2518 2176 2590 itaque

585 2604 821 2674 gaudent
845 2618 967 2657 eum
998 2603 1244 2659 nutriunt
1266 2613 1323 2660 et
1350 2614 1612 2675 generant
1642 2606 1709 2660 ad
1742 2606 1900 2662 fidem
1929 2609 2129 2666 electos
2157 2630 2169 2665 :

580 2694 705 2764 plus
752 2692 935 2750 dolent
982 2703 1037 2749 et
1078 2693 1260 2766 lugent
1299 2694 1513 2767 1316
1561 2710 1674 2763 eos,
1706 2712 1843 2767 quos
1889 2699 2071 2756 sciunt
2118 2701 2172 2756 in

579 2790 743 2836 nocte
782 2781 991 2837 versari
1033 2781 1374 2849 delictorum,
1415 2783 1501 2838 vel
1546 2786 1750 2841 erroris
1781 2787 2040 2852 caecitate,
2092 2789 2170 2845 id-

581 2872 731 2928 circo
765 2880 820 2927 et
858 2873 912 2927 in
949 2882 1106 2928 nocte
1144 2872 1360 2943 plorare
1402 2875 1619 2930 dicitur.
1667 2876 1848 2932 Plorat
1891 2888 2069 2935 autem
2114 2883 2168 2936 in

579 2974 758 3026 nocte,
800 2964 925 3034 quia
963 2964 1017 3018 in
1062 2965 1317 3019 mtestitia
1347 2967 1520 3034 posita
1553 2969 1806 3023 tenebras
1847 2969 2166 3028 delictorum

581 3070 803 3110 suorum
837 3069 944 3111 non
972 3055 1208 3126 ignorat,
1236 3065 1290 3111 et
1322 3055 1590 3127 lacrymas
1622 3059 1672 3113 in
1703 3062 1936 3117 maxillis
1965 3075 2164 3132 portat,

2285 1857 2494 1915 offenso
2525 1861 2655 1926 Deo,
2679 1877 2838 1918 nemo
2854 1871 3166 1919 sanctorum
3195 1873 3279 1920 est
3303 1867 3395 1936 qui
3424 1867 3493 1920 ab
3532 1869 3654 1937 ejus
3680 1870 3867 1926 discre-

2284 1960 2378 2020 pet
2403 1953 2679 2021 aequitate,
2713 1953 2882 2009 donec
2921 1970 3020 2025 per
3052 1955 3446 2025 paenitentiam,
3491 1959 3716 2017 Christo
3761 1978 3870 2032 pm-

2285 2042 2440 2112 pitio,
2461 2056 2657 2099 rursus
2685 2045 3063 2101 reconcilietur
3082 2047 3150 2102 ad
3173 2048 3410 2102 veniam.
3437 2048 3710 2106 Caeterum
3732 2055 3862 2124 juxta

2283 2135 2662 2207 tropologiam,
2721 2137 2903 2192 anima
2944 2138 3084 2194 bene
3138 2139 3359 2210 plorans
3402 2141 3585 2212 plorat
3615 2145 3673 2199 in
3707 2157 3865 2211 nocte,

2284 2242 2406 2298 qua:
2437 2243 2493 2283 se
2520 2228 2776 2302 intelligit
2809 2229 3054 2285 caecitate
3083 2231 3405 2287 delictorum
3449 2250 3678 2290 suorum
3731 2241 3862 2294 undi-

2281 2333 2387 2388 que
2411 2319 2682 2374 oﬂ‘uscari.
2710 2319 2885 2386 Quam
2907 2334 3037 2375 sane
3061 2323 3268 2391 peccati
3301 2333 3515 2378 noctem
3569 2325 3715 2380 idem
3753 2343 3863 2398 pro-

2280 2408 2440 2478 pheta
2474 2408 2630 2480 longe
2655 2409 2906 2481 superius
2935 2410 3069 2465 satis
3096 2423 3410 2466 exsecratur
3435 2422 3489 2468 et
3511 2414 3780 2484 deplorat.
3802 2418 3865 2472 De

2279 2515 2384 2569 qua
2413 2499 2515 2556 Job
2559 2501 2647 2556 ille
2677 2501 2901 2556 dolens:
2935 2500 3013 2557 Sit
3060 2518 3164 2556 nox
3225 2503 3446 2574 (inquit)
3495 2503 3590 2559 illa
3636 2507 3868 2561 solitaria

2277 2609 2368 2646 nec
2398 2592 2555 2648 laude
2609 2595 2769 2665 digna
2797 2591 2919 2664 (Job
2944 2591 3048 2664 nt).
3073 2592 3298 2660 Quando
3329 2595 3432 2650 hac
3453 2611 3693 2666 namque
3723 2608 3868 2653 nocte

2276 2686 2454 2739 anima
2484 2685 2793 2752 involvitur,
2831 2686 3024 2742 merito
3047 2687 3265 2756 plorans
3305 2686 3522 2756 plorare
3553 2690 3867 2758 perhibetur

2274 2786 2329 2831 et
2357 2777 2458 2832 hoc
2487 2792 2590 2832 non
2616 2793 2714 2832 suo
2741 2777 2987 2844 arbitrio,
3015 2779 3109 2833 sed
3134 2779 3345 2832 Domini
3379 2780 3580 2850 gratia.
3612 2779 3865 2852 Propter-

2273 2882 2336 2921 ea
2386 2867 2437 2921 in
2483 2882 2712 2937 persona
2759 2867 2854 2922 Dei
2899 2869 3050 2939 prius
3089 2869 3351 2940 propheta
3395 2885 3532 2926 voce
3566 2872 3872 2945 plangentis

2273 2957 2512 3012 clamat:
2547 2958 2820 3024 Quomodo
2851 2959 2992 3014 sedet
3035 2960 3148 3014 sola
3178 2962 3382 3027 civitas,
3418 2971 3474 3018 et
3511 2972 3716 3019 ca‘tera
3757 2980 3872 3035 quae

2272 3057 2589 3117 sequuntur.
2620 3049 2870 3120 Alioquin
2904 3051 3005 3106 nisi
3050 3051 3308 3109 Dominus
3335 3069 3455 3108 eam
3487 3056 3644 3124 prius
3687 3057 3871 3113 videns

578 3155 641 3201 ut
668 3145 1012 3217 pulchritudo
1041 3146 1182 3201 illius
1211 3147 1450 3217 quotidie
1495 3161 1802 3206 renovetur.
1834 3154 1935 3224 lpsi
1966 3127 2168 3228 quippe
2197 3140 2204 3182 ⁴

2282 3139 2441 3193 solam
2495 3140 2702 3204 sedere,
2757 3141 3130 3196 misericordia
3161 3153 3342 3198 motus
3381 3143 3716 3216 planxisset,
3762 3149 3871 3219 ipsa

577 3247 708 3294 sunt
750 3238 983 3294 maxillae
1025 3237 1302 3304 Ecclesiae,
1330 3240 1421 3310 qui
1463 3248 1517 3296 et
1552 3251 1737 3298 cortex
1784 3245 1910 3300 mali
1940 3249 2122 3316 punici
2153 3269 2165 3302 :

577 3330 704 3400 quia
731 3346 838 3386 non
872 3330 1044 3386 solum
1079 3327 1358 3400 trajiciunt
1394 3346 1492 3387 nos
1520 3333 1574 3387 in
1605 3348 1800 3404 corpus
1823 3336 2048 3403 Christi,
2074 3341 2167 3394 scd

574 3430 632 3478 et
654 3430 841 3492 tegunt
860 3437 985 3478 cum
1014 3421 1208 3476 rubore
1233 3422 1656 3493 pulchritudinis
1678 3424 1882 3482 Christi
1907 3430 2170 3501 sanguine

575 3515 884 3578 decoratos,
913 3520 968 3568 et
994 3511 1175 3567 celant
1200 3513 1380 3568 omnia
1411 3512 1550 3567 infra
1589 3515 1760 3585 ipsius
1787 3517 2016 3585 viscera,
2047 3536 2168 3592 qua:

2271 3248 2329 3287 se
2376 3233 2598 3288 minimc
2648 3233 2868 3304 plorans
2916 3234 3155 3292 deﬂeret.
3205 3235 3297 3291 Sic
3336 3253 3577 3309 namque
3615 3243 3748 3311 quia
3786 3255 3869 3295 re-

2271 3325 2446 3393 spexit
2476 3325 2737 3380 Dominus
2763 3325 3005 3393 Petrum,
3042 3328 3156 3397 ipse
3186 3329 3508 3385 recordatus
3534 3335 3691 3388 verbi
3723 3333 3870 3397 Jesu,

2269 3431 2396 3472 mox
2425 3415 2571 3471 ﬂevit
2607 3418 2948 3473 amarissime
2992 3417 3203 3489 (Matth.
3239 3421 3410 3494 xxvi).
3446 3421 3608 3489 Quod
3659 3425 3709 3479 si
3743 3424 3872 3479 bene

2268 3506 2577 3577 perpendis,
2612 3508 2687 3561 ita
2719 3508 2770 3562 in
2811 3509 3064 3564 omnibus
3092 3508 3501 3580 Scripturarum
3551 3525 3875 3571 sanctarum

2268 3598 2507 3654 invenies
2529 3599 2682 3666 locis,
2715 3615 2810 3656 eos
2853 3600 3090 3672 perfecte
3139 3611 3263 3672 post
3309 3603 3528 3674 culpam
3560 3607 3781 3662 redisse
3811 3607 3874 3658 ad

2265 3690 2598 3760 pmnitentiae
2644 3690 2902 3759 lamenta,
2938 3708 3075 3764 quos
3128 3695 3278 3764 prius
3329 3695 3426 3751 Dei
3487 3700 3774 3767 pnevenit
3827 3709 3883 3752 et

2265 3778 2444 3834 divina
2473 3781 2711 3851 respexit
2749 3781 3056 3838 clementia.
3099 3782 3373 3855 Lacryma:
3397 3787 3630 3858 (inquit)
3661 3790 3782 3859 ejus
3819 3790 3875 3840 in

2264 3871 2495 3926 maxillis
2552 3873 2684 3942 ejus.
2743 3872 2959 3928 Maxilla
3006 3890 3242 3946 namque
3290 3877 3488 3932 anima:
3537 3879 3746 3934 intima
3804 3891 3888 3934 est

573 3970 753 4041 (Cant.
777 3970 855 4040 v),
895 3970 1057 4025 etiam
1094 3977 1153 4025 ut
1187 3985 1281 4026 eos
1328 3971 1563 4026 insinuet
1605 3973 1697 4043 qui
1744 3974 2042 4032 theoricam
2072 3993 2161 4034 se-
2263 3965 2596 4020 conscientia
2629 3983 2642 4018 :
2688 3966 2814 4035 quia
2853 3967 2992 4021 sicut
3039 3967 3218 4023 vultus
3250 3968 3306 4022 in
3334 3968 3574 4025 maxillis
3602 3971 3886 4028 informa-

574 4071 795 4117 ctantur
824 4062 1014 4127 vitam,
1060 4072 1116 4118 et
1159 4062 1495 4118 orationibus
1541 4065 1626 4120 die
1667 4074 1938 4137 noctuque
1978 4069 2163 4126 deser-

2282 4072 2372 4123 ur,
2407 4057 2481 4111 ita
2522 4059 2948 4130 uniuscujusque
2977 4060 3211 4130 qualitas
3251 4061 3306 4116 in
3339 4064 3699 4119 conscientia
3732 4081 3890 4120 mon~

569 4151 744 4217 viunt,
775 4151 827 4206 in
855 4152 1052 4220 quibus
1078 4165 1206 4207 vere
1243 4159 1328 4208 est
1354 4152 1699 4222 pulchritudo
1727 4157 2079 4214 ecclesiarum
2105 4169 2161 4217 et

2282 4157 2484 4204 uratur.
2510 4150 2718 4207 Idcirco
2746 4151 3000 4224 lacryma:
3021 4153 3146 4223 jure
3192 4153 3246 4208 in
3272 4155 3511 4213 maxillis
3538 4171 3678 4213 esse
3702 4158 3890 4229 perbi-

568 4243 831 4297 virtutum
862 4243 1016 4306 odor,
1045 4257 1180 4312 quos
1206 4242 1439 4312 impetus
1458 4241 1696 4300 ﬂuminis
1725 4247 1871 4303 intus
1902 4248 2154 4316 laetificat,
2260 4239 2475 4306 bentur.
2504 4247 2562 4296 υῑ
2583 4258 2860 4314 nunquam
2903 4245 3239 4300 conscientia
3290 4249 3578 4317 peccatrix
3648 4265 3686 4305 ει
3741 4250 3897 4304 fonte

567 4343 624 4391 et
652 4336 876 4391 ubertas
916 4335 1280 4406 laerymarum
1310 4336 1582 4392 inebriat:
1607 4338 1734 4408 quia
1774 4339 2030 4397 nimirum
2065 4359 2157 4400 eo-

2282 4347 2618 4404 aerymarum
2649 4334 2802 4389 arida
2848 4336 3178 4400 inveniatur,
3226 4337 3322 4392 sed
3356 4339 3678 4395 secundum
3719 4340 3895 4396 David

569 4443 691 4481 rum
737 4427 988 4497 lacrymae
1016 4427 1260 4482 omnium
1300 4435 1427 4482 sunt
1463 4427 1725 4495 lamenta,
1755 4431 1918 4486 etiam
1965 4448 2153 4490 eorum
2191 4487 2234 4505 ἢ
2261 4421 2434 4496 (Ρδαίο
2467 4424 2520 4496 ¹ι)
2551 4441 2733 4481 00mm
2766 4443 2824 4482 se
2865 4443 3078 4499 εειιηιει·
3115 4440 3339 4500 Ροοοίηδ
3387 4447 3490 4487 Sua
3539 4451 3805 4505 Ροιὶθηεο
3833 4449 3896 4489 ea

568 4518 658 4585 qui
687 4487 984 4587 practicam
1006 4524 1203 4585 gerum
1224 4517 1415 4582 vitam,
1441 4518 1566 4572 dum
1599 4519 1652 4574 hi
1682 4521 1916 4576 maxime
1936 4532 2156 4592 gemunt
2187 4487 2238 4548 θ
2260 4528 2382 4584 quae
2413 4514 2631 4572 admisit
2661 4518 2834 4587 puniri
2865 4517 3079 4575 ﬂetibus
3127 4536 3237 4575 non
3291 4521 3536 4578 omittat.
3600 4526 3714 4580 Sin
3761 4524 3898 4580 alias

566 4622 668 4678 pro
709 4606 964 4662 omnibus
999 4613 1056 4661 el.
1083 4605 1300 4672 deﬂent,
1330 4607 1422 4677 qui
1467 4616 1593 4663 sunt
1621 4624 1684 4665 ac
1714 4610 1761 4665 si
1805 4612 2000 4668 areola
2040 4614 2154 4668 vir-
2261 4620 2410 4658 nemo
2441 4615 2514 4660 est
2550 4608 2641 4672 qui
2673 4609 2973 4663 consoletur
2998 4627 3113 4664 eam
3142 4627 3209 4665 ex
3242 4613 3490 4668 omnibus
3523 4617 3733 4672 charis
3759 4618 3894 4687 ejus.

567 4707 746 4752 tutum
768 4697 998 4753 consita:
1035 4713 1065 4752 a
1110 4697 1502 4768 pigmentariis,
1531 4699 1790 4769 apostolis
1820 4701 2071 4759 videlicet
2099 4712 2154 4759 et

2282 4693 2611 4752 lonsolatore
2641 4698 2867 4765 amisso,
2899 4700 3106 4756 scilicet
3127 4701 3333 4772 Spiritu
3361 4715 3569 4760 sancto
3626 4708 3897 4778 effugata.

565 4788 878 4858 apostolicis
906 4788 1058 4843 \iris.
1085 4787 1315 4842 Prodest
1355 4803 1587 4859 namque
1614 4789 1836 4846 Martha:
1862 4792 2152 4861 laboranti,

2282 4787 2559 4841 praesertim
2609 4803 2733 4843 cum
2775 4804 2963 4845 omnes
3012 4792 3175 4846 amici
3223 4793 3581 4862 charissimi,
3635 4799 3904 4855 videlicet

567 4881 828 4952 quidquid
883 4880 1052 4936 Maria
1108 4895 1266 4936 secus
1311 4881 1474 4951 pedes
1520 4883 1733 4938 Domini
1783 4885 2045 4956 deplorat.
2089 4889 2156 4943 Ει
2258 4892 2439 4948 prava:
2473 4877 2780 4936 dilectionis
2807 4895 2918 4935 sua:
2941 4879 3190 4947 aﬂ‘ectus,
3216 4881 3344 4937 facti
3376 4893 3512 4939 sunt
3543 4887 3610 4942 ei
3660 4889 3900 4951 inimici,

564 4973 687 5028 ideo
730 4973 870 5028 bene
897 4971 1098 5028 Christi
1142 4971 1494 5027 ecclesiarum
1526 4973 1781 5046 lacrytna:
1822 4977 1875 5031 in
1919 4979 2153 5036 maxillis

2282 4970 2470 5039 [nando
2514 4971 2570 5025 in
2624 4971 2714 5027 die
2764 4972 3104 5029 allocutionis
3166 4975 3486 5032 novissima;
3574 4981 3906 5037 secundum

565 5065 800 5122 deﬂuere
852 5065 1180 5136 probantur,
1229 5074 1498 5134 quatenus
1556 5082 1799 5124 omnium
1868 5071 2152 5128 eharitatis

2282 5061 2568 5132 tpostolum
2590 5063 2871 5135 insurgent
2896 5063 3069 5136 (Rom.
3096 5064 3181 5136 ιι),
3208 5067 3470 5123 miseram
3539 5084 3908 5129 accusantes

563 5164 717 5222 vota,
757 5173 925 5212 unum
962 5155 1337 5212 holocaustum
1384 5155 1496 5210 ﬂat.
1542 5155 1724 5212 Plorat
1756 5158 1920 5230 igitur
1956 5176 2152 5231 sponsa
2255 5151 2489 5208 inVicem
2542 5155 2957 5222 conscientiam,
3017 5158 3377 5230 cogitationes
3430 5171 3660 5220 autem
3715 5167 3909 5224 defen-

564 5248 724 5320 louge
751 5250 820 5304 ab
848 5249 1032 5321 sponsi
1059 5248 1141 5304 sui
1179 5256 1385 5302 remota
1421 5246 1778 5318 amplexibus,
1805 5250 1860 5306 in
1891 5249 1993 5305 hac
2015 5252 2154 5309 valle
2255 5244 2462 5302 dentes.
2494 5246 2648 5304 Tunc
2695 5248 2879 5320 itaque
2928 5265 3034 5306 non
3081 5250 3257 5306 solum
3282 5253 3637 5313 eharissimi
3671 5260 3910 5316 aﬂ'ectus

563 5339 927 5414 lacrymarum
953 5341 1108 5414 quasi
1151 5340 1205 5395 in
1245 5348 1404 5395 nocte
1436 5339 1774 5411 ignorantiae,
1810 5350 1992 5398 tamen
2025 5347 2153 5402 sub-
2253 5341 2500 5412 privatis,
2530 5343 2622 5412 qui
2652 5359 2797 5398 nunc
2810 5345 2964 5414 quasi
2985 5343 3143 5400 amici
3170 5345 3442 5411 videntur,
3467 5352 3910 5419 permulcendo

565 5434 784 5493 arrbata
827 5435 953 5492 dote
992 5432 1319 5496 dilectionis,
1345 5440 1400 5486 et
1431 5431 1698 5488 inebriata
1729 5433 1856 5490 vino
1887 5448 2147 5506 compun-
2256 5431 2527 5489 infelicem
2543 5443 2803 5505 spernent
2827 5444 3148 5491 accusantes
3174 5435 3439 5503 animam,
3470 5454 3720 5500 verum
3742 5448 3908 5502 etiam

563 5525 780 5583 ctionis.
826 5525 1009 5582 Plorat
1049 5525 1281 5596 primum
1325 5521 1380 5578 in
1411 5524 1720 5594 pastoribus
1754 5533 1810 5580 et
1846 5526 2150 5584 rectoribus
2247 5527 2356 5601 ipsi
2381 5529 2656 5586 daemones
2679 5545 3036 5601 persuasores
3065 5530 3313 5602 pessimi,
3370 5531 3464 5600 qui
3531 5552 3717 5597 nunc
3770 5540 3912 5598 deci-

564 5621 700 5688 suis,
726 5637 834 5678 non
861 5621 1034 5678 solum
1061 5635 1162 5692 pro
1189 5618 1332 5674 illius
1365 5618 1554 5689 patriae
1589 5619 1831 5678 cmlestis
1858 5621 2146 5690 desiderio,
2252 5618 2451 5689 piendo
2494 5619 2777 5677 blandiunt
2806 5621 3072 5685 incautos,
3127 5620 3424 5675 atrociores
3447 5629 3625 5683 tunc
3678 5640 3913 5686 econtra

567 5721 754 5767 verum
774 5722 824 5768 et
850 5719 1070 5783 propter
1103 5709 1461 5781 quorumdam
1493 5723 1715 5767 suorum
1745 5712 2033 5784 reprobam
2065 5712 2146 5768 vi-
2255 5726 2377 5768 cum
2399 5713 2650 5772 omnibus
2673 5729 2791 5786 quae
2813 5713 3102 5786 gessimus,
3130 5712 3408 5770 instabunt
3444 5715 3736 5782 inimici.
3769 5729 3913 5798 Qua-

572 3606 903 3660 intrinsecus
924 3603 1113 3660 latent.
1137 3603 1402 3658 Dicuntur
1429 3619 1560 3677 ergo
1589 3621 1738 3677 genae
1765 3607 2020 3665 Ecclesia:
2049 3610 2168 3668 fore

574 3699 741 3753 etiam
779 3706 834 3752 et
873 3697 1014 3752 sicut
1055 3696 1302 3762 turtur-is,
1337 3704 1394 3750 ut
1423 3712 1518 3754 eos
1547 3697 1796 3770 designet
1835 3702 1927 3771 qui
1976 3703 2163 3759 solita-

573 3788 714 3842 riam
757 3795 814 3841 et
849 3795 1058 3842 castam
1103 3785 1332 3857 diligunt
1375 3785 1563 3842 vitam.
1611 3788 1878 3845 Dicuntur
1922 3801 1977 3847 et
2023 3793 2165 3848 sicut

575 3879 775 3934 areolae
800 3887 1103 3934 aromatum
1151 3893 1271 3949 quae
1301 3879 1524 3935 consita}
1567 3889 1696 3937 sunt
1720 3897 1750 3935 a
1790 3883 2165 3954 pigmentariis
