4048 6352
146 375 282 434 1069

889 375 1249 433 EXPOSITIO
1286 372 1351 428 ΙΝ
1385 365 1964 426 LAMENTATIONES
2001 363 2336 421 JEREMIE.
2374 395 2444 404 ——
2476 362 2603 419 LIB.
2643 363 2684 418 l.

3281 366 3420 422 1070

139 494 366 558 propter
396 481 611 554 quando
644 483 1008 539 consolantem
1039 486 1216 539 anima
1249 485 1502 552 Spiritum
1528 479 1727 538 amittit
1755 483 1802 544 Α
1829 478 2277 550 pertimescerent
2304 477 2368 533 ad
2399 492 2658 548 praesens,
2689 491 3030 550 nequaquam
3059 479 3200 536 hanc
3224 479 3425 536 Christi
3464 557 3466 559 b

408 575 686 639 divinum,
737 575 1003 630 instanter
1049 576 1297 645 imploret
1345 576 1614 640 eumdem,
1671 584 1732 631 ut

139 669 442 725 secundum
472 667 874 724 multitudinem
909 669 1111 726 doloris
1136 669 1568 732 sui,consolator
1584 671 1728 726 idem

140 760 230 829 qui
263 768 318 813 et
340 759 649 828 paracletus
676 759 913 813 animam
940 760 1234 815 desolatam
1258 776 1447 816 rursus
1472 760 1730 829 laetificet,

139 856 360 925 quando
392 854 458 909 ad
503 855 585 910 sui
621 857 802 926 sponsi
851 855 1056 922 oscula,
1088 856 1333 912 hostibus
1368 856 1618 923 devictis,
1650 871 1732 912 re-

138 946 432 1002 conciliata
459 948 757 1018 perveniat.
783 947 1061 1019 Sequitur.

851 1103 1034 1145 GIMEL.

209 1220 422 1273 Littera
476 1233 597 1289 qua:
648 1217 917 1288 plenitudo
987 1218 1394 1289 interpretatur.
1446 1216 1732 1275 Plenitudo

139 1325 380 1379 namque
403 1310 721 1365 delictorum
756 1310 983 1381 migrare
1012 1310 1130 1380 fecit
1151 1310 1396 1364 miseram
1430 1303 1630 1365 ludam
1677 1310 1732 1366 in

139 1402 510 1472 captivitatem
545 1421 558 1456 :
591 1402 717 1472 quia
741 1403 1066 1457 cumulando
1093 1403 1196 1458 sibi
1220 1404 1489 1460 atrociora
1514 1405 1729 1472 delicta,

140 1493 234 1548 Dei
265 1490 588 1564 provocavit
636 1495 814 1548 iram:
858 1493 1096 1564 alioquin
1140 1493 1256 1563 ejus
1302 1494 1406 1550 nisi
1465 1495 1732 1566 completa

137 1591 285 1638 esset
315 1582 545 1648 malitia,
571 1584 637 1637 ad
665 1591 874 1638 tantam
904 1584 1188 1648 dedecoris
1210 1585 1562 1655 ignominiam
1597 1602 1732 1660 gens

137 1675 225 1730 illa
253 1675 412 1744 prius
439 1675 634 1731 dilecta
652 1674 782 1742 Deo,
804 1691 911 1732 non
928 1677 1283 1746 pervenisset.
1309 1677 1443 1733 Nam
1469 1676 1622 1749 (Gen.
1639 1684 1730 1752 xv)

130 1763 313 1832 justus
360 1764 525 1834 judex
572 1765 832 1822 Dominus
882 1766 1115 1823 Abrahae
1161 1768 1338 1824 amico
1391 1784 1491 1826 suo
1527 1778 1728 1826 terram

1835 569 2132 626 Ecclesiam
2164 569 2364 626 diutius
2400 569 2475 624 ita
2501 569 2936 637 conscinderent,
2968 570 3170 626 diutius
3210 579 3266 626 et
3291 571 3423 628 dila-

1835 661 2068 728 niarent,
2095 675 2268 732 neque
2296 659 2556 717 offensam
2587 661 2684 718 Dei
2715 661 2988 727 manibus,
3015 670 3078 716 ut
3110 663 3186 717 ita
3218 662 3420 728 dicam,

1833 755 2190 820 attraherent,
2229 753 2496 810 intentum
2531 754 2770 824 undique
2795 753 2999 810 inimici
3028 754 3074 810 si
3097 754 3419 825 ingruerint,

1832 857 1894 902 ut
1921 861 2028 902 non
2077 845 2182 901 nisi
2230 845 2373 902 inter
2399 845 2580 902 civilia
2609 845 2751 903 bella
2773 853 2830 902 et
2851 845 3249 903 discordiarum
3275 845 3425 901 llam-

1835 955 1970 1005 mas,
2003 939 2144 995 inter
2169 938 2612 1010 depopulationes
2631 941 2844 1011 patriae,
2871 948 2926 995 et
2969 940 3301 1011 direptiones
3329 957 3421 997 ec-

1834 1033 2122 1090 clesiarum
2169 1032 2290 1098 Dei,
2340 1033 2484 1088 inter
2526 1031 2820 1088 seditiones
2879 1041 2934 1087 et
2983 1031 3217 1096 fraudes,
3285 1032 3426 1089 inter

1834 1123 2088 1180 scandala
2108 1130 2163 1179 et
2192 1122 2435 1194 rapinas,
2465 1122 2610 1178 inter
2629 1120 3012 1192 oppressiones
3032 1135 3333 1192 pauperum
3367 1131 3425 1176 et

1833 1213 2010 1270 caedes
2044 1221 2258 1268 nosmet
2307 1211 2539 1267 invicem
2588 1220 2995 1283 persequentes,
3028 1211 3145 1267 sine
3175 1221 3426 1281 respectu

1832 1305 1931 1361 Dei
1960 1320 2122 1376 quam
2147 1305 2418 1376 ignaviter
2443 1305 2587 1360 inter
2631 1305 2856 1360 insidias
2892 1313 2948 1360 et
2986 1302 3186 1375 ﬂagitia
3234 1305 3425 1374 depre-

1832 1397 2159 1454 hendentur.
2188 1399 2258 1454 Et
2283 1399 2404 1455 ideo
2427 1413 2551 1454 cum
2575 1399 2840 1470 propheta
2872 1413 3162 1469 possumus
3188 1397 3428 1454 clamare

1831 1499 2128 1562 gementes,
2177 1491 2322 1561 quod
2351 1506 2454 1546 nec
2488 1489 2688 1558 ullam,
2735 1492 2901 1547 etiam
2951 1490 3096 1546 inter
3147 1491 3429 1546 ministros

1831 1583 2052 1649 altaris,
2095 1585 2238 1640 intus
2264 1583 2462 1640 forisve
2492 1584 2755 1640 habemus
2781 1583 3042 1653 requiem,
3077 1583 3186 1638 imo
3227 1583 3428 1654 migra-

1830 1689 1952 1729 mus
1983 1690 2013 1729 a
2042 1673 2185 1730 malo
2216 1674 2272 1729 in
2320 1673 2493 1745 pejus,
2536 1673 2745 1744 jamdiu
2786 1682 3133 1746 peccatorum
3181 1673 3428 1745 oppressi

1832 1765 1997 1831 mole,
2026 1774 2080 1821 et
2121 1780 2153 1819 a
2193 1765 2632 1836 persecutoribus
2676 1765 2877 1836 ubique
2925 1765 3115 1821 invisis
3150 1765 3294 1821 inter
3331 1779 3429 1819 an-

135 1855 572 1912 Chanauaaorum
623 1858 677 1912 in
709 1859 1082 1915 hcereditatem
1141 1876 1262 1916 cum
1309 1863 1727 1932 repromitteret,
1761 1857 2036 1931 Bgustias
2081 1858 2565 1928 deprehendimur.
2619 1858 2727 1915 Sed
2788 1866 2844 1912 et
2902 1856 3086 1913 anima
3149 1856 3430 1912 moraliter

135 1948 370 2004 necdum
405 1963 464 2003 se
487 1949 613 2004 dare
642 1964 802 2019 posse
825 1949 1072 2021 denegat,
1096 1951 1245 2020 quia,
1271 1952 1466 2022 inquit,
1500 1952 1729 2009 necdum

134 2041 409 2110 completa
433 2051 558 2096 sunt
590 2049 814 2112 peccata
837 2041 1277 2098 Amorrhaeorum
1305 2062 1317 2098 :
1361 2054 1563 2114 quanto
1617 2061 1733 2101 ma-

133 2133 219 2202 gis
244 2141 466 2202 gentem
514 2131 826 2203 gloriosam,
858 2133 1070 2204 sibique
1101 2134 1257 2190 valde
1297 2135 1572 2202 dilectam,
1621 2153 1729 2192 non

133 2225 244 2279 nisi
277 2225 350 2280 ob
387 2224 774 2295 plenitudinem
817 2234 871 2282 et
899 2227 1279 2283 enormitatem
1312 2229 1580 2284 scelerum
1607 2244 1733 2284 suo-

133 2328 270 2366 rum
327 2313 553 2368 inimicis
601 2316 876 2370 traderet?
929 2315 1137 2372 Idcirco
1196 2318 1251 2371 in
1311 2318 1416 2372 hac
1461 2319 1732 2374 sententia

132 2406 637 2476 transmigrationis
663 2405 974 2477 Judae,jure
1007 2407 1208 2474 Gimel,
1240 2409 1292 2464 id
1321 2417 1406 2464 est
1433 2410 1728 2479 plenitudo,

132 2497 504 2566 proponitur:
537 2506 597 2551 ut
625 2499 696 2553 sit
745 2513 958 2565 sensus,
986 2500 1112 2570 quia
1156 2498 1263 2570 (IV
1309 2499 1440 2572 Reg.
1474 2517 1612 2569 xxv;
1641 2501 1733 2556 Je-

133 2605 266 2641 rem.
323 2589 512 2660 xxxrx)
564 2605 665 2660 pro
701 2589 1036 2660 plenitudine
1074 2599 1422 2661 peccatorum
1463 2592 1733 2662 captivata

135 2689 222 2735 est
246 2679 396 2734 inter
424 2681 628 2747 hostes,
657 2691 712 2737 et
738 2697 844 2737 non
874 2682 1433 2739 solumeminusinter
1453 2683 1735 2740 Chaldaeos

135 2771 190 2824 in
219 2769 602 2843 Babyloniam,
627 2779 818 2828 verum
850 2774 918 2828 ad
957 2775 1432 2846 exaggerationem
1473 2775 1735 2830 crudelis-

135 2861 295 2916 simae
329 2863 687 2933 captivitatis,
728 2864 891 2918 etiam
933 2863 1058 2920 inde
1096 2864 1307 2935 longius
1337 2861 1564 2934 propter
1601 2863 1735 2920 ami-

135 2951 379 3006 ctionem
432 2960 488 3007 et
518 2952 740 3008 multam
790 2955 1108 3010 servitutem
1136 2957 1551 3028 transmigrasse
1592 2957 1735 3013 inter

135 3053 364 3099 exteras
381 3044 585 3114 passim
610 3053 816 3115 gentes,
847 3061 948 3102 nec
977 3047 1246 3104 invenisse
1277 3048 1546 3120 requiem,
1583 3065 1735 3105 ama-

135 3135 362 3189 rissime
391 3134 742 3204 deploratur:
796 3138 940 3208 quod
991 3153 1273 3194 servorum
1316 3147 1402 3195 est
1431 3140 1732 3197 infidelium

1832 1949 2088 2006 vitiorum
2115 1947 2315 2003 amicta
2337 1948 2600 2003 servitute
2633 1957 2820 2003 nostra
2856 1948 2911 2003 in
2940 1962 3047 2017 qua
3074 1946 3189 2002 sola
3221 1945 3430 2002 Christi

1833 2037 2103 2096 confessio
2123 2051 2256 2095 voce
2278 2046 2459 2105 sonat,
2483 2038 2626 2094 male
2655 2037 3024 2108 transmigrat,
3039 2037 3166 2093 dum
3191 2037 3257 2092 de
3281 2037 3430 2093 vitiis

1834 2128 2076 2200 quotidie
2097 2130 2165 2184 ad
2191 2129 2297 2185 alia
2327 2129 2654 2200 captivatur.
2684 2130 2764 2184 Ex
2797 2129 2994 2199 quibus
3015 2128 3304 2199 Apostolus
3337 2129 3425 2184 in-

1834 2219 2140 2290 gemiscens
2164 2219 2365 2275 clamat
2403 2237 2416 2272 :
2458 2217 2621 2274 Video
2654 2218 2876 2291 (inquit)
2901 2220 2958 2273 in
3009 2219 3254 2274 membris
3302 2219 3429 2275 meis

1833 2311 1995 2367 aliam
2033 2310 2196 2382 legem
2235 2320 2606 2382 repugnantem
2654 2310 2755 2382 legi
2797 2313 2984 2367 mentis
3009 2328 3158 2380 meaz,
3191 2322 3240 2367 et
3264 2314 3433 2383 capti-

1833 2411 2035 2458 vantem
2069 2417 2151 2456 me
2190 2402 2246 2456 in
2275 2401 2385 2472 lege
2424 2403 2623 2472 peccati
2653 2400 2834 2474 (Rom.
2860 2402 2978 2474 vn).
3011 2402 3142 2470 Quae
3166 2403 3431 2458 nimirum

1835 2494 2119 2564 emigratio
2139 2492 2254 2564 jam
2281 2492 2348 2548 de
2375 2492 2493 2564 lege
2522 2493 2671 2550 venit
2705 2493 2915 2562 peccati
2963 2502 3022 2548 ut
3053 2493 3199 2549 nulla
3227 2496 3300 2551 sit
3321 2495 3432 2550 alia

1836 2585 2099 2641 evadendi
2128 2585 2235 2649 via,
2261 2583 2364 2640 nisi
2386 2599 2548 2655 quam
2572 2584 2687 2655 ipse
2711 2585 3045 2640 demonstrat
3071 2601 3084 2639 :
3111 2583 3313 2656 Infelix
3335 2602 3430 2658 ego

1838 2673 2057 2747 (inquit)
2083 2676 2260 2740 homo,
2298 2675 2416 2746 quis
2442 2691 2524 2729 me
2556 2673 2797 2730 liberabit
2841 2675 2907 2729 de
2936 2689 3150 2746 corpore
3197 2676 3382 2729 mortis
3406 2675 3432 2728 .9

1839 2768 1977 2824 Tum
2006 2767 2238 2824 ﬁdenter
2275 2767 2533 2824 continuo
2584 2765 2786 2850 infert:
2837 2766 3024 2823 Gratia
3056 2766 3276 2839 (inquit)
3331 2767 3432 2823 Dei

1836 2876 1929 2932 per
1948 2859 2130 2915 Jesum
2161 2858 2448 2915 Christum.
2476 2858 2585 2915 Sed
2605 2859 2807 2914 misera
2837 2874 2958 2930 qua:
2999 2858 3069 2914 ab
3096 2858 3346 2915 hostibus
3374 2867 3432 2916 et

1836 2951 2280 3023 persecutoribus
2321 2951 2437 3007 suis
2480 2950 2625 3006 inter
2655 2951 2934 3023 angustias
2964 2991 2980 3013 .
3031 2949 3432 3023 prtegnantium

1837 3059 2014 3112 more,
2051 3045 2107 3101 in
2133 3043 2392 3100 extremis
2431 3043 2575 3100 male
2624 3042 2769 3101 fessa
2797 3045 3240 3116 deprehenditur.
3274 3045 3432 3102 Unde

1838 3136 2101 3194 Dominus
2129 3153 2142 3190 :
2187 3135 2281 3192 Vae
2311 3134 2542 3208 (inquit)
2567 3137 2960 3207 prcegnantibus
3000 3146 3047 3192 et
3079 3135 3430 3194 nutrientibus

135 3244 260 3282 cum
285 3227 461 3282 nimia
486 3236 809 3299 premuntur
829 3230 1109 3294 servitute,
1137 3231 1341 3300 passim
1367 3230 1548 3304 fugam
1566 3232 1728 3288 inire.
1759 3209 1805 3274 (ἶ
1835 3232 1891 3286 in
1917 3229 2012 3286 illa
2032 3229 2118 3285 die
2141 3225 2361 3302 (blatta.
2379 3244 2442 3295 ιι,
2467 3227 2546 3301 4).
2572 3227 2864 3300 Sequitur:

133 3316 246 3374 Nec
278 3317 581 3384 immerito,
604 3319 698 3390 qui
723 3319 1030 3376 libertatem
1050 3321 1348 3376 amiserant
1373 3321 1733 3393 (lenissimum

134 3417 466 3480 spernentes
491 3410 681 3482 jugum
709 3411 1011 3468 dilectionis
1043 3411 1135 3467 Dei
1179 3411 1631 3481 repromissiones
1666 3413 1734 3469 de

131 3499 389 3572 Christo)
419 3500 466 3555 si
495 3501 660 3555 nimia
689 3509 1044 3558 conterantur
1077 3501 1370 3558 afﬂictione
1397 3513 1452 3559 et
1475 3507 1733 3574 preman-

131 3603 223 3647 tur
252 3594 541 3660 servitute,
568 3604 628 3650 ut
662 3597 754 3666 qui
781 3596 948 3652 veluti
980 3595 1114 3654 Cain
1152 3613 1260 3653 non
1288 3605 1736 3654 contremuerunt

128 3686 273 3742 Abel
335 3683 490 3758 (Gen.
540 3687 651 3760 tv),
690 3687 966 3745 Christum
1011 3691 1279 3756 videlicet,
1336 3689 1564 3748 fratrem
1591 3691 1736 3762 peri-

129 3794 315 3844 mere,
365 3779 487 3850 vagi
529 3795 593 3836 ac
627 3780 839 3852 profugi
879 3783 986 3838 huc
1024 3783 1260 3854 illucque
1297 3783 1545 3840 habitent
1593 3783 1737 3839 inter

128 3881 359 3942 gentes,
387 3886 492 3926 nec
518 3871 682 3927 ullam
713 3874 1048 3931 invenientes
1095 3875 1356 3946 requiem,
1410 3876 1504 3931 sed
1547 3890 1734 3931 secum

130 3977 366 4033 semper
391 3969 672 4032 portantes
698 3963 1033 4020 confusionis
1060 3965 1144 4020 sui
1168 3965 1521 4036 ignominiam
1544 3980 1735 4036 perer-

128 4063 349 4108 rantes.
376 4052 529 4109 Unde
569 4053 853 4123 sequitur:
884 4053 1077 4110 Omnes
1122 4064 1478 4125 persecutores
1516 4056 1631 4127 ejus
1653 4055 1740 4111 de-

127 4141 534 4211 prehenderunt
554 4159 691 4216 eum.
714 4145 852 4198 inter
873 4145 1163 4216 angustias.
1197 4143 1417 4201 Scilicet
1440 4162 1472 4201 a
1503 4162 1737 4218 quorum

125 4235 464 4305 captivitate
487 4235 782 4290 crudeliter
808 4237 1071 4308 oppressi,
1094 4251 1193 4306 per
1213 4235 1394 4308 fugam
1423 4248 1735 4305 evaserant,

125 4328 180 4381 hi
208 4342 315 4383 eos
342 4341 535 4386 rursus
570 4337 958 4399 persequentes
987 4330 1130 4387 inter
1173 4333 1451 4402 angustias
1479 4332 1738 4404 multipli-

123 4417 271 4474 citer
297 4415 558 4484 afﬂictos,
590 4419 794 4475 nullam
824 4421 1087 4477 habentes
1131 4423 1394 4493 requiem,
1436 4424 1492 4479 in
1532 4425 1739 4494 disper-

121 4511 354 4566 sionem
403 4510 647 4580 gentium
697 4511 986 4568 minaciter
1013 4512 1486 4585 deprehenderint.
1530 4515 1735 4584 Quibus

2515 3377 2751 3418 DALETH.

1915 3501 2026 3556 Via:
2049 3497 2179 3556 Sion
2203 3499 2474 3570 lugent,eo
2497 3499 2637 3570 quod
2659 3515 2765 3554 non
2782 3499 2886 3553 sint
2907 3500 2998 3570 qui
3017 3500 3225 3555 veniant
3248 3499 3318 3555 ad
3341 3517 3430 3556 so-

1837 3593 2178 3649 lemnitatem.
2215 3588 2407 3645 Omnes
2442 3599 2606 3660 porta:
2649 3589 2765 3660 ejus
2793 3589 3094 3656 destructas,
3129 3591 3426 3646 sacerdotes

1836 3685 1950 3755 ejus
1970 3691 2249 3755 gementes,
2281 3682 2501 3752 virgines
2522 3681 2636 3751 ejus
2665 3681 2942 3752 squalidae,
2977 3692 3025 3737 et
3047 3682 3159 3752 ipsa
3181 3699 3428 3753 oppressa

1837 3775 2212 3831 amaritudine.
2249 3772 2369 3828 Jam
2418 3773 2598 3843 itaque
2641 3773 2857 3844 1330
2897 3773 3176 3844 praemisso
3205 3789 3426 3845 genere,

1838 3869 2036 3926 transit
2061 3869 2130 3924 ad
2160 3866 2494 3938 singularum
2518 3868 2726 3937 species
2754 3882 3134 3938 personarum,
3158 3878 3427 3940 quatenus

1837 3963 1966 4019 dum
1995 3963 2062 4019 ad
2086 3977 2256 4033 genus
2277 3977 2376 4032 per
2403 3975 2609 4031 speetes
2632 3961 2913 4027 dividitur,
2938 3971 2993 4018 et
3015 3962 3226 4032 species
3251 3963 3431 4019 redin-

1838 4063 2084 4129 tegratur
2133 4056 2189 4111 in
2241 4069 2458 4124 genere,
2510 4056 2684 4111 luctus
2733 4055 2963 4126 amplior
3012 4055 3424 4128 multiplicetur,

1839 4156 2158 4215 crescatque
2184 4145 2355 4202 dolor.
2385 4144 2451 4199 Et
2485 4145 2612 4216 quia
2655 4145 2863 4215 placuit
2893 4147 3172 4218 propheta:
3205 4148 3429 4204 threnos

1838 4237 1956 4309 lege
1981 4237 2211 4292 metrica
2249 4250 2598 4308 componere,
2644 4237 2922 4293 saecularis
2952 4237 3315 4307 eloquentiam
3348 4239 3430 4294 di-

1837 4329 2078 4400 sciplina:
2095 4328 2284 4401 figuris
2313 4329 2582 4384 interdum
2609 4339 2787 4396 ornat,
2810 4330 2886 4385 ita
2909 4338 2971 4385 ut
2989 4345 3114 4385 mox
3137 4345 3234 4402 per
3255 4339 3428 4386 meta-

1836 4421 2062 4492 phoram
2079 4419 2471 4491 proprietatem
2488 4419 2605 4490 lege
2627 4420 2907 4476 rhetorum
2932 4421 3201 4477 sermonis
3216 4421 3425 4477 reddat.

1840 4509 1978 4565 Hinc
2025 4523 2240 4580 quoque
2296 4508 2398 4563 vite
2449 4508 2666 4579 (inquit)
2714 4507 2844 4565 Sion
2889 4510 3092 4581 lugent,
3130 4527 3238 4568 non
3285 4512 3430 4582 quod

120 4613 328 4660 nostra
346 4579 651 4659 Jerusalem
674 4604 984 4676 frequenter
993 4579 1146 4678 jux-ta
1173 4623 1450 4681 anagogen
1474 4579 1733 4682 perpessa
1758 4579 1810 4639 D
1839 4579 2074 4668 viarum,
2094 4602 2290 4671 quibus
2313 4600 2493 4655 nullus
2510 4608 2595 4655 est
2627 4614 2844 4666 sensus,
2867 4579 3032 4671 queat
3057 4612 3204 4660 esset
3224 4579 3422 4669 luctus,

119 4698 323 4764 malis,
363 4698 707 4754 amarissime
740 4715 955 4769 quoque
1005 4700 1304 4772 plangitur,
1361 4705 1504 4772 quod
1541 4705 1736 4775 migra-

117 4789 299 4854 verit,
348 4787 604 4844 libertate
633 4791 834 4847 omissa
866 4790 1092 4856 Christi,
1142 4793 1196 4848 in
1247 4795 1562 4850 servitutem
1603 4811 1736 4867 gen-

115 4881 296 4947 tium,
326 4888 389 4935 et
415 4879 761 4937 alllictionem
788 4882 1014 4937 nimiam
1046 4883 1262 4957 1319
1285 4887 1566 4955 vitiorum,
1596 4888 1740 4944 inter

113 4987 268 5043 quas
314 4972 565 5043 profecto
589 4972 794 5028 nullam
822 4974 1028 5031 invenit
1049 4978 1308 5048 quietem,
1349 4979 1445 5035 sed
1479 4980 1622 5036 inter
1645 4997 1742 5036 an-

111 5065 354 5135 gustias
384 5078 412 5116 a
440 5065 884 5135 persecutoribus
937 5065 1242 5125 amictionis
1289 5069 1490 5141 iniquae
1541 5071 1735 5144 depre-

111 5155 314 5211 hensa
341 5149 624 5226 aﬂligitur.
1018 5201 1022 5204 .

190 5245 373 5314 Quod
398 5244 443 5299 si
472 5253 526 5301 et
555 5245 622 5300 ad
665 5245 899 5301 litteram
948 5263 1112 5318 super
1145 5248 1288 5304 hanc
1317 5259 1584 5317 nostram,
1615 5266 1734 5322 quae

106 5345 286 5393 recte
314 5333 593 5391 confessio
619 5335 934 5406 appellatur,
951 5337 1080 5392 talia
1105 5338 1340 5394 volueris
1361 5339 1731 5410 interpretari,

105 5431 309 5486 habes
349 5427 417 5482 de
443 5426 711 5497 plurimis,
759 5429 902 5484 unde
947 5429 1151 5487 oll‘enso
1195 5431 1306 5488 Deo
1353 5432 1439 5488 cui
1496 5434 1735 5503 quotidie

104 5532 479 5591 peccamus,
527 5517 952 5589 lacrymabiliter
999 5522 1220 5592 plangas
1249 5563 1263 5589 ,
1321 5523 1567 5579 ecclesiis
1615 5537 1735 5594 quae

101 5611 314 5683 culpis
330 5610 698 5678 exigentibus,
709 5611 838 5683 jugo
860 5623 1182 5682 premuntur
1201 5629 1554 5685 paganorum,
1571 5615 1734 5670 nimia

99 5708 437 5759 vastantur
465 5699 777 5766 alllictionc,
807 5706 905 5760 sub
945 5706 1317 5762 crudelissima
1346 5722 1536 5762 corum
1566 5709 1736 5763 servi-

97 5807 236 5852 tute
271 5794 588 5863 oppressis.
603 5794 775 5862 Quam
801 5797 847 5852 si
877 5798 1045 5853 nostri
1074 5799 1257 5854 divino
1286 5800 1516 5869 permoti
1544 5799 1736 5856 timore

1837 4693 1931 4748 sed
1983 4692 2109 4761 quia
2161 4699 2415 4761 poterant
2467 4690 2672 4745 luctum
2718 4691 2961 4747 excitare
2998 4694 3426 4761 transeuntibus,

1835 4784 2199 4855 lugubresque
2225 4782 2418 4848 videri,
2444 4798 2510 4840 eo
2531 4783 2676 4852 quod
2702 4798 2809 4838 non
2835 4783 2946 4839 sint
2978 4784 3072 4855 qui
3107 4783 3326 4839 veniant
3358 4785 3430 4840 ad

1839 4876 2238 4935 solemnitatem
2277 4873 2414 4944 ejus.
2452 4875 2522 4930 Et
2559 4890 2660 4931 nec
2687 4875 2888 4930 mirum
2923 4876 3084 4933 debet
3131 4875 3326 4944 videri,
3378 4875 3428 4934 si

1839 4968 1942 5024 via:
1957 4966 2089 5023 Sion
2114 4967 2300 5038 lugere
2321 4966 2594 5034 dicantur,
2616 4983 2740 5024 cum
2763 4977 2820 5024 et
2841 4967 3054 5040 Moyses
3073 4969 3207 5025 dans
3227 4967 3425 5040 legem,

1838 5067 2004 5116 testes
2029 5058 2255 5115 advocet
2283 5058 2480 5114 coelum
2519 5068 2575 5114 et
2601 5067 2804 5116 terram
2830 5078 2844 5115 :
2893 5061 3114 5116 Attende
3141 5061 3350 5129 caelum,
3375 5072 3425 5118 et

1839 5153 1967 5209 audi
1997 5163 2160 5218 terra,
2188 5152 2342 5208 verba
2371 5152 2477 5206 oris
2505 5153 2606 5207 mei
2627 5152 2805 5225 (Deut.
2822 5152 3102 5224 xxxx,52).
3125 5152 3206 5208 Ac
3231 5153 3426 5210 deinde

1837 5245 2008 5302 Isaias
2032 5247 2184 5318 (cap.
2214 5246 2345 5316 xm)
2377 5253 2500 5315 post
2537 5244 3036 5316 praevaricationem
3073 5244 3316 5315 ejusdem
3346 5244 3425 5300 le-

1839 5338 1944 5410 gis,
1967 5336 2184 5394 eosdem
2209 5352 2400 5392 rursus
2428 5337 2639 5391 reducit
2657 5336 2712 5390 in
2739 5335 3208 5402 testimonium,ut
3227 5343 3444 5391 cuncta-

1838 5431 2105 5487 elementa
2134 5438 2468 5502 cognoscant
2506 5428 2652 5498 juste
2679 5429 2850 5484 Deum
2879 5429 2936 5484 in
2966 5428 3172 5487 ultione
3201 5430 3424 5486 manda-

1839 5531 2019 5578 torum
2065 5537 2288 5578 suorum
2318 5522 2386 5575 ad
2437 5520 2771 5576 iracundiam
2817 5520 3169 5577 concitatum.
3224 5520 3425 5590 Sicque

1830 5614 1955 5685 jure
1992 5615 2176 5686 lugere
2209 5613 2310 5668 viae
2337 5611 2465 5666 Sion
2494 5611 2836 5682 planguntur,
2861 5621 3128 5683 quatenus
3150 5612 3296 5684 juste
3325 5612 3423 5667 Dei

1837 5706 2043 5764 oﬂ‘ensa
2093 5706 2382 5776 contigisse
2409 5704 2598 5759 eodem
2652 5705 2709 5759 in
2749 5706 2948 5777 populo
2989 5705 3322 5778 intelligatur
3367 5711 3426 5759 et

1843 5801 2143 5859 tabularum
2172 5801 2436 5870 quadrata
2476 5801 2855 5857 intromittitur
2881 5803 3091 5874 species
3128 5802 3424 5860 secundum
