4048 6352
589 308 717 364 1071

1394 303 1453 362 S.
1493 305 1847 362 PASCIlASIl
1891 302 2234 375 RADBEllTl
2275 302 2566 357 ADUATIS
2605 301 3055 360 CORBEIENSIS

3723 304 3842 363 1072

586 437 885 496 anagogen,
908 421 1051 493 quod
1081 420 1268 477 Daleth
1291 420 1473 475 littera
1504 434 1700 475 sonare
1722 419 1949 475 dicitur:
1984 417 2173 472 Daleth
2202 420 2253 479 Α
2278 412 2409 469 Sion
2444 452 2460 481 ,
2492 429 2681 470 verum
2708 414 2994 486 paradisus
3023 415 3204 469 anima
3230 414 3549 473 vocabatur.
3594 417 3753 487 Cujus
3775 424 3845 477 ni.

584 528 821 584 namque
866 512 1170 567 tabularum
1225 513 1631 581 interpretatur.
1668 510 1907 576 Quarum
1936 508 2171 578 denique

583 606 767 662 ofllcio
797 606 1053 663 Ecclesia:
1094 607 1288 661 domus
1320 619 1563 660 connexa
1593 604 1857 673 quadrato
1893 602 2173 673 consurgit

583 698 838 753 culmine.
870 696 1011 752 Huic
1040 697 1253 768 quoties
1301 705 1485 751 nostra
1515 694 1645 750 Sion
1675 695 1818 748 intus
1832 692 2030 748 forisve
2056 692 2171 747 suis

580 789 925 860 exigentibus
947 788 1119 860 culpis
1144 788 1382 861 repletur
1410 787 1770 844 amaritudine
1812 785 2012 841 furoris
2052 785 2167 851 Dei,

582 881 780 936 merito
803 880 986 951 lugent
1006 880 1127 946 viae,
1143 888 1315 951 portae
1327 880 1619 935 destructa:
1639 877 1842 947 jacent,
1861 874 2171 931 sacerdotes

581 981 826 1043 gemunt,
853 972 1204 1043 virginesque
1229 969 1490 1042 squalida:
1512 968 1884 1039 deplorantur,
1915 974 1976 1021 ut
2003 964 2172 1021 totius

583 1066 889 1121 tabulatura
952 1066 1146 1121 domus
1197 1061 1549 1134 quaternario
1610 1059 1889 1131 designata
1944 1069 2171 1112 numero

582 1169 845 1209 concussa
874 1153 1138 1208 videatur.
1182 1153 1258 1207 De
1286 1151 1482 1221 quibus
1509 1148 1669 1220 plane
1693 1148 1799 1203 viis
1825 1147 1968 1202 idem
2013 1146 2172 1217 longe

580 1245 834 1315 superius
863 1246 1127 1316 propheta
1159 1244 1327 1300 dicit:
1378 1242 1525 1298 State
1554 1244 1611 1296 in
1656 1242 1775 1307 viis,
1812 1249 1859 1296 et
1909 1239 2073 1294 videte
2119 1248 2168 1293 et

579 1336 899 1405 interrogate
936 1335 1044 1388 uias
1072 1333 1286 1387 Domini
1312 1333 1532 1405 (Jerem.
1562 1331 1663 1403 vi).
1704 1331 1768 1385 Et
1800 1339 1859 1386 ut
1896 1330 1987 1384 alii
2015 1330 2168 1384 codi-

580 1437 672 1477 ces
693 1422 925 1478 habent:
952 1421 1029 1476 De
1048 1421 1147 1477 viis
1175 1421 1409 1488 Domini,
1438 1420 1656 1494 qutt’rile
1681 1436 1798 1491 qua:
1819 1421 1886 1473 sit
1905 1418 1987 1472 via
2010 1418 2168 1482 bona,

576 1524 625 1568 et
652 1514 915 1569 ambulate
936 1514 991 1569 in
1013 1530 1094 1569 ea.
1130 1512 1211 1569 Ne
1237 1512 1378 1569 forte
1412 1515 1785 1568 oberrantesa
1823 1508 2169 1595 via,.idcirco

573 1620 685 1661 non
710 1606 884 1662 solum
904 1615 1053 1661 stare
1068 1604 1447 1677 jubet,verum
1469 1612 1524 1657 et
1539 1603 1745 1667 videre,
1771 1600 1966 1657 deinde
1995 1599 2166 1654 inter-

575 1715 770 1772 rogare
795 1701 918 1757 vias
943 1701 1328 1772 sempiternas,
1366 1698 1419 1753 id
1450 1706 1535 1755 est
1569 1696 1914 1768 patriarchas
1941 1701 1996 1749 et
2039 1707 2167 1764 pro-

2274 506 2474 563 mirum
2507 507 2606 561 vite
2634 506 2838 578 lugent,
2871 504 3095 562 eil‘ectus
3120 507 3391 574 videlicet,
3421 508 3550 580 quia
3579 525 3688 564 non
3719 523 3846 579 sunt,

2273 598 2648 670 ingruentibus
2671 598 2828 655 malis
2847 639 2863 665 ,
2901 600 2993 670 qui
3023 599 3247 655 veniant
3272 601 3341 657 ad
3367 601 3635 658 solemnia
3676 605 3851 663 divina:

2272 689 2764 761 contemplationis,
2799 704 2868 743 eo
2895 690 3042 759 quod
3077 699 3131 743 et
3164 700 3358 761 portat,
3382 693 3629 763 quinque
3656 695 3853 752 scilicet

2271 796 2527 838 sensuum
2547 820 2563 847 ,
2594 781 2882 837 destructae
2910 780 3099 851 jaccnt
3132 799 3146 835 :
3198 798 3324 837 nam
3363 784 3506 840 sicut
3545 793 3676 839 sunt
3701 796 3855 857 portae

2272 870 2484 937 mortis,
2513 872 2586 925 ita
2613 878 2669 925 et
2683 869 2928 941 justitim.
2949 870 3026 926 De
3052 870 3251 941 quibus
3276 886 3407 927 sane
3432 873 3639 944 portis:
3664 876 3858 945 Aperite

2274 964 2402 1019 mihi
2442 964 2718 1037 (psalmus
2761 965 2967 1034 inquit)
2993 975 3175 1035 portas
3214 968 3475 1036 justitiae,
3513 978 3563 1023 et
3606 970 3857 1041 ingressus

2271 1054 2326 1108 in
2353 1072 2462 1123 eas,
2488 1055 2676 1110 deinde
2695 1055 2980 1124 confitebor
3011 1056 3235 1112 Domino
3260 1071 3282 1111 :
3320 1059 3432 1113 Ιιωε
3452 1071 3607 1129 porta
3631 1062 3858 1134 Domini,

2263 1149 2396 1220 justi
2450 1149 2719 1205 intrabunt
2763 1165 2855 1218 per
2908 1148 3242 1221 eam(Psal.
3289 1152 3491 1222 cxvii).
3540 1152 3610 1207 Et
3656 1152 3854 1211 Isaias:

2271 1243 2479 1313 Aperite
2513 1250 2694 1311 portas
2731 1251 2781 1295 et
2827 1242 3159 1312 ingrediatur
3187 1258 3313 1312 gens
3353 1242 3496 1310 iusta
3522 1243 3665 1314 (Isa.
3709 1246 3855 1315 xvu).

2270 1333 2417 1400 Quas
2433 1333 2559 1386 dum
2581 1330 2755 1403 angeli
2776 1331 3047 1401 aperiunt,
3072 1346 3176 1387 non
3193 1331 3281 1387 ille
3296 1331 3611 1388 Judaeorum
3626 1332 3859 1403 abjectus

2275 1422 2487 1493 1322
2515 1421 2679 1476 intrat
2704 1421 2956 1493 populus,
2986 1423 3080 1477 sed
3111 1437 3246 1494 gens
3274 1422 3514 1478 ﬁdelium
3562 1432 3858 1497 turmaeque

2271 1514 2551 1568 virtutum.
2585 1512 2734 1580 Quas
2762 1512 2940 1568 nullus
2978 1513 3303 1584 ingreditur,
3326 1514 3432 1569 nisi
3467 1514 3562 1585 qui
3593 1516 3662 1572 de
3689 1520 3854 1588 portis

2268 1604 2481 1669 mortis,
2508 1604 2765 1658 vitiorum
2803 1602 3033 1670 scilicet,
3055 1603 3322 1671 elevatur,
3344 1612 3404 1659 ut
3432 1606 3730 1663 annnntiet
3745 1624 3854 1663 om-

2268 1708 2364 1749 nes
2394 1693 2580 1750 laudes
2600 1692 2803 1750 Christi
2841 1694 2896 1750 in
2920 1695 3094 1765 portis
3121 1695 3317 1752 divina:
3362 1697 3851 1769 contemplationis.

570 1792 787 1862 phetas,
816 1809 936 1863 quae
960 1793 1031 1848 sit
1055 1792 1141 1847 via
1167 1792 1329 1857 bona,
1356 1788 1543 1859 sicque
1569 1786 1851 1842 ambulare
1874 1786 1928 1839 in
1950 1799 2036 1839 ea.
2055 1782 2165 1837 Nec
2194 1789 2241 1850 Β
2269 1784 2377 1841 Sed
2404 1788 2529 1857 quia
2554 1803 2695 1842 mors
2724 1787 2792 1842 ad
2818 1803 2916 1844 nos
2942 1787 3185 1844 introivit
3215 1806 3308 1859 per
3360 1790 3620 1859 fenestras
3654 1803 3853 1850 nostras

572 1884 739 1956 igitur
778 1884 1050 1939 immerito
1084 1882 1201 1938 vias
1227 1880 1457 1937 dixerim
1487 1892 1584 1933 eos
1614 1876 1738 1947 jure
1759 1874 2040 1946 appellari,
2068 1887 2168 1943 per

571 1990 709 2045 quos
734 1976 800 2030 ad
832 1991 996 2030 unam
1032 1987 1326 2043 veramque
1358 1968 1676 2042 pervenitur
1720 1966 1892 2031 viam;
1929 1972 1988 2019 ut
2026 1964 2166 2019 sicut

570 2064 666 2120 lux
690 2074 816 2121 sunt
839 2065 1010 2121 sancti
1042 2065 1424 2135 praedicatores
1452 2058 1604 2123 dicti,
1636 2056 1864 2128 aliisque
1890 2071 1919 2109 a
1942 2054 2165 2127 .Christo

571 2157 883 2213 nominibus
909 2158 1185 2213 sublimati
1213 2174 1226 2211 :
1271 2157 1343 2212 ita
1367 2157 1478 2212 sint
1501 2155 1602 2210 via:
1629 2165 1879 2224 supernae
1924 2146 2057 2203 Sion
2098 2159 2164 2201 ac

568 2261 741 2324 porta:
800 2251 1162 2321 interpretati.
1228 2248 1383 2304 Unde
1438 2257 1494 2303 et
1533 2262 1562 2301 a
1605 2242 1837 2316 quodam
1878 2247 2162 2313 poetarum

570 2341 904 2413 (Prudent.),
932 2342 1106 2412 prima
1120 2339 1385 2396 *credeudi
1422 2340 1506 2393 via
1533 2339 1806 2393 Abraham
1838 2333 2159 2407 appellatur.

568 2432 699 2501 Qua:
728 2447 859 2488 sane
887 2432 988 2487 via:
1007 2432 1218 2502 quoties
1240 2426 1519 2494 deﬁciunt,
1550 2436 1606 2482 et
1635 2443 1740 2482 non
1774 2436 1899 2483 sunt
1939 2426 2033 2497 qui
2064 2439 2162 2481 ve:

568 2526 728 2580 niunt
751 2526 818 2580 ad
841 2524 1104 2579 solemnia
1129 2522 1367 2580 cmlestis
1413 2521 1624 2593 patrim,
1642 2521 1890 2592 lugentet
1914 2527 2159 2592 gemunt,

573 2617 781 2688 132],
815 2616 1117 2687 pnesertim
1158 2615 1282 2685 quia
1328 2625 1497 2686 portae
1535 2615 1826 2670 destructa:
1860 2612 2155 2668 videntur:

566 2707 645 2762 ita
673 2716 732 2761 ut
757 2722 858 2762 nec
879 2707 978 2777 ipsi
1005 2707 1097 2777 qui
1117 2705 1295 2763 otiicio
1323 2707 1578 2761 dicuntur
1598 2719 1830 2776 praeesse
1860 2704 2158 2770 introeant,

568 2816 672 2856 nec
728 2799 863 2855 alios
919 2800 1143 2855 introire
1191 2800 1525 2869 permittant.
1596 2798 1780 2855 Ululat
1842 2811 1972 2868 ergo
2025 2809 2160 2867 pro-

564 2892 749 2962 pheta,
766 2891 908 2961 quod
922 2891 1023 2945 via:
1044 2890 1173 2945 Sion
1192 2890 1428 2961 lugeant,
1452 2888 1618 2944 ululat
1634 2896 1683 2944 et
1709 2895 1877 2959 porta:
1896 2885 2040 2957 quod
2061 2885 2158 2942 de-

564 2990 784 3037 structa:
806 2980 1009 3052 jaceut.
1059 2979 1298 3047 Quarum
1338 2994 1501 3033 unum
1539 2985 1661 3034 erat
1694 2974 1928 3031 cilicium
1957 2989 2155 3046 perve-

562 3057 749 3127 niendi
782 3070 850 3125 ad
876 3071 998 3125 vita:
1037 3070 1265 3143 gaudia,
1308 3069 1387 3125 sic
1426 3083 1567 3125 unus
1604 3068 1847 3138 ploratus
1893 3075 1948 3122 et
1981 3066 2159 3122 luctus

2270 1875 2486 1947 (λεν-ενι.
2516 1875 2616 1948 Ix),
2658 1874 2870 1948 squalet
2922 1877 3212 1949 virginitas
3267 1878 3511 1945 animm,
3569 1891 3628 1936 et
3680 1883 3853 1955 regale

2266 1978 2511 2022 nostrum
2537 1968 2705 2039 gemit
2727 1969 3117 2035 sacerdotium,
3144 1970 3273 2026 dum
3306 1971 3582 2041 replemur
3622 1988 3725 2044 pro
3752 1958 3849 2029 vir.-

2266 2060 2473 2116 tutibus
2496 2061 2640 2116 vitiis
2671 2062 3038 2118 amaritudine
3063 2061 3408 2118 delictorum.
3469 2064 3537 2119 Et
3571 2065 3697 2121 ideo
3746 2067 3848 2138 pri-

2265 2172 2412 2212 mum
2448 2158 2790 2229 egrediantur
2813 2158 2882 2214 de
2907 2158 3079 2229 portis
3129 2158 3339 2221 mortis,
3398 2175 3523 2230 qua:
3562 2160 3849 2231 praevalere

2264 2258 2540 2321 nequeunt
2558 2251 2821 2306 adversus
2867 2249 3210 2321 Apostolum.
3263 2250 3470 2306 Deinde
3519 2262 3716 2322 portas
3759 2268 3845 2325 per

2264 2359 2398 2415 quas
2416 2358 2568 2399 mors
2588 2343 2816 2409 introiit,
2840 2358 3035 2400 sensus
3058 2344 3312 2402 videlicet
3356 2355 3581 2402 nostros
3597 2387 3615 2413 ,
3668 2362 3848 2403 rursus

2262 2433 2592 2491 aediﬁcamus
2628 2434 3026 2504 interrogantes
3077 2449 3198 2504 qua:
3228 2434 3301 2490 sit
3341 2435 3427 2489 via
3476 2435 3621 2490 bona
3660 2436 3729 2492 de
3754 2436 3850 2492 viis

2260 2526 2508 2585 Domini:
2531 2526 2659 2597 quia
2675 2534 2801 2582 sunt
2814 2526 2913 2582 via:
2930 2541 3053 2597 qua:
3073 2527 3330 2583 videntur
3344 2526 3662 2584 hominibus
3678 2528 3849 2596 home,

2262 2634 2491 2691 quarum
2524 2617 2815 2675 novissima
2844 2618 3161 2689 demergunt
3185 2617 3239 2672 in
3269 2617 3604 2687 profundum
3635 2619 3848 2676 inferni.

2261 2710 2470 2767 Idcirco
2507 2718 2564 2766 et
2593 2711 2640 2766 si
2672 2710 2855 2766 multa:
2875 2717 3004 2765 sunt
3031 2709 3152 2775 viae,
3185 2708 3481 2779 multaeque
3512 2708 3720 2779 januze,
3747 2725 3852 2766 una

2261 2815 2480 2872 semper
2504 2799 2560 2855 in
2607 2800 2786 2872 capite
2834 2808 3100 2865 teneatur,
3148 2814 3248 2871 per
3298 2814 3464 2869 quam
3514 2799 3854 2857 solummodo

2256 2891 2391 2964 justi
2420 2891 2798 2964 ingrediuntur
2822 2892 2891 2949 ad
2916 2891 3083 2948 vitam
3109 2899 3167 2947 et
3193 2899 3430 2963 pergunt
3451 2906 3706 2963 peream.

3008 3040 3097 3081 ne.

564 3163 742 3220 diram
769 3163 835 3218 ad
856 3161 1255 3233 pcenitentiam.
1287 3160 1491 3217 Deinde
1515 3159 1825 3215 sacerdotes
1849 3167 2154 3230 gementes,
2185 3157 2231 3223 C
2333 3158 2494 3216 Facti
2518 3168 2642 3216 sunt
2665 3160 2842 3217 hostes
2874 3160 2991 3232 ejus
3017 3160 3074 3216 in
3134 3162 3325 3231 capite,
3350 3159 3558 3215 inimici
3592 3161 3741 3217 illius
3780 3162 3856 3216 lo-

567 3253 826 3309 dicuntur
865 3252 1104 3324 virgines
1151 3250 1269 3323 ejus
1314 3250 1611 3322 squalidae:
1643 3257 1912 3321 quatenus
1934 3248 2152 3319 squalor

2254 3250 2503 3321 cupietati
2527 3261 2689 3306 sunt:
2714 3252 2842 3323 quia
2865 3250 3125 3307 Dominus
3153 3250 3360 3307 locutus
3411 3261 3489 3308 est
3522 3270 3685 3326 super
3740 3270 3858 3309 eam

540 3332 893 3417 ‘respon'deat
931 3345 1001 3401 ad
1043 3345 1441 3400 destructuram
1477 3350 1786 3414 portarum,
1814 3340 2047 3412 gemitus
2082 3340 2152 3396 ad
2250 3354 2461 3415 propter
2479 3343 2866 3399 multitudinem
2894 3344 3231 3411 iniquitatum
3283 3345 3422 3416 ejus.
3460 3344 3687 3402 Parvuli
3736 3346 3856 3417 ejus

562 3435 771 3490 luctum
800 3434 1010 3488 viarum
1038 3451 1051 3488 :
1087 3432 1247 3489 sicuti
1269 3442 1325 3489 et
1359 3432 1646 3505 virginitas
1669 3438 1815 3487 recte
1844 3430 2151 3487 sacerdotio

564 3524 867 3595 copulatur,
890 3539 956 3579 eo
983 3522 1128 3593 quod
1157 3523 1267 3580 sint
1300 3522 1498 3595 regula:
1526 3522 1890 3579 sacerdotium
1914 3535 2106 3586 omnes
2131 3538 2146 3576 :

561 3616 927 3672 sacerdotium
976 3629 1191 3685 quoque
1230 3629 1339 3669 non
1383 3614 1563 3670 minus
1614 3611 1852 3669 castitati
1899 3620 2151 3685 aptatur,

560 3721 725 3777 quam
748 3713 804 3762 et
822 3705 1121 3777 virginitati
1143 3704 1378 3761 decoris.
1403 3703 1611 3772 Quibus
1633 3704 2002 3774 constupratis
2027 3719 2154 3776 gra-

560 3797 741 3861 dibus,
783 3795 945 3867 digne
983 3809 1091 3851 non
1131 3803 1241 3851 tam
1278 3810 1467 3852 eorum
1499 3795 1772 3868 plangitur
1810 3795 1958 3861 vita,
1988 3808 2153 3865 quam

560 3897 618 3943 et
653 3889 997 3958 sequentium
1054 3888 1285 3959 reproba
1327 3889 1383 3943 in
1434 3888 1562 3944 ﬁliis
1612 3887 1942 3959 deploratur.
2002 3886 2156 3944 Unde

561 3977 713 4033 omni
762 3977 967 4047 repleta
1020 3978 1381 4034 amaritudine
1427 3978 1754 4049 generaliter
1799 3980 2154 4051 conqueritur

556 4069 713 4142 juxta
760 4068 906 4139 quod
952 4068 1157 4125 dictum
1200 4078 1286 4125 est
1321 4086 1336 4123 :
1388 4070 1514 4139 quia
1554 4070 1603 4125 si
1649 4071 1966 4141 compatitur
1990 4084 2154 4126 unum

560 4159 850 4215 membrum
868 4200 884 4227 ,
919 4161 1311 4232 compatiuntur
1344 4161 1522 4215 omnia
1551 4162 1783 4217 membra
1807 4161 1857 4234 (1
1879 4161 2003 4217 Cor.
2027 4160 2151 4228 xu).

559 4250 827 4307 Praeterea
873 4251 921 4306 si
954 4251 1065 4307 sint
1088 4250 1182 4321 qui
1205 4251 1429 4306 veniunt
1464 4253 1742 4322 corporeis
1778 4252 2052 4323 gressibus
2084 4248 2153 4306 ad

2254 3436 2399 3491 ducti
2437 3444 2559 3490 sunt
2598 3435 2654 3490 in
2703 3436 3057 3506 captivitatem
3112 3444 3234 3491 ante
3279 3435 3471 3506 faciem
3528 3437 3857 3492 tribularuis.

2255 3526 2640 3595 Quaerendum,
2678 3527 2897 3596 quando
2939 3526 3026 3582 vel
3075 3526 3168 3583 ubi
3215 3525 3479 3583 Dominus
3524 3528 3749 3584 locutus
3791 3528 3861 3582 sit

2253 3633 2419 3689 super
2442 3632 2589 3685 eam,
2618 3625 2713 3674 aut
2731 3617 2862 3688 quid
2887 3617 3102 3674 locutus
3123 3617 3216 3685 sit,
3267 3633 3340 3674 ne
3396 3616 3550 3675 forte
3575 3618 3704 3675 ideo
3732 3618 3860 3674 talia

2253 3709 2334 3766 eis
2361 3710 2655 3782 contigisse
2686 3710 2884 3781 aliquis
2921 3710 3107 3767 dicat:
3148 3710 3286 3779 Quia
3312 3710 3589 3768 Dominus
3638 3712 3865 3767 locutus

2254 3811 2358 3869 est,
2393 3803 2536 3874 quod
2565 3802 2752 3859 multis
2782 3802 3190 3874 Scripturarum
3223 3803 3277 3858 in
3302 3802 3439 3860 locis
3475 3804 3557 3859 ita
3589 3803 3853 3876 simplici-

2254 3903 2342 3951 ter
2359 3896 2565 3951 dictum
2593 3895 2856 3966 reperies,
2881 3895 3039 3967 quasi
3065 3895 3159 3952 Dei
3190 3896 3461 3951 sententia
3487 3897 3872 3967 praescribere

2255 3987 2491 4058 aliquem
2513 3987 2760 4043 videatur
2784 3987 2852 4043 ad
2896 3987 2951 4043 id
3002 3987 3147 4057 quod
3177 3986 3431 4042 infertur.
3476 3986 3588 4043 Sed
3636 4002 3761 4044 non
3790 3987 3870 4042 ita

2255 4078 2687 4150 intelligendum,
2744 4079 2985 4150 alioquin
3039 4080 3181 4136 Deus
3230 4080 3465 4152 injustus
3520 4080 3865 4137 videretur:

2255 4185 2382 4227 nam
2429 4171 2497 4227 dc
2547 4171 2650 4227 bac
2698 4172 2967 4227 sententia
3012 4171 3244 4243 legimus
3298 4170 3353 4226 in
3397 4171 3869 4238 Denteronomio,

2257 4262 2401 4331 quod
2448 4262 2772 4333 praeceperit
2799 4262 3014 4335 Moyses
3060 4271 3212 4318 stare
3272 4262 3467 4318 Ruben
3514 4274 3879 4336 eatenqu

2257 4351 2432 4407 tribus
2477 4366 2642 4423 super
2701 4362 2941 4410 montem
2986 4352 3154 4410 Hebel
3184 4353 3252 4408 ad
3289 4353 3773 4420 maledicendum,
3825 4353 3876 4410 si

559 4435 706 4490 tione
730 4451 904 4505 usque
923 4436 991 4490 ad
1010 4451 1183 4491 cornu
1203 4436 1392 4493 altaris
1417 4436 1534 4503 Dei,
1558 4436 1650 4507 qui
1671 4435 1787 4505 ejus
1808 4436 2000 4492 festiva
2022 4451 2155 4493 con-
2258 4439 2353 4497 Dei
2383 4441 2663 4497 noluerint
2697 4442 2888 4499 audire
2912 4451 2967 4499 et
2998 4441 3273 4499 custodire
3302 4443 3591 4511 mandata,
3651 4446 3828 4501 sicuti
3848 4459 3882 4499 e

558 4525 836 4581 celebrent
856 4527 1079 4598 gaudia,
1110 4529 1237 4584 dum
1262 4537 1433 4599 porta:
1460 4530 1748 4585 destructa:
1776 4538 1936 4596 sunt,
1961 4540 2018 4587 et
2047 4532 2150 4589 via:
2179 4517 2232 4578 Β
2255 4532 2475 4603 regione
2497 4531 2600 4586 alia
2623 4532 2691 4586 ad
2717 4530 3144 4588 benedicendum
3171 4532 3220 4587 si
3241 4531 3577 4600 obcdierint,
3644 4548 3759 4590 nec
3780 4534 3877 4588 de.

558 4619 839 4688 spinarum
875 4621 1128 4677 sordibus
1172 4622 1391 4694 repleta:
1422 4635 1638 4679 vacant.
1687 4623 2010 4680 Sacerdotes
2052 4641 2152 4696 pro
2253 4620 2575 4677 clinaverint
2623 4619 2693 4676 ab
2728 4621 2846 4692 ejus
2893 4622 3197 4693 praeceptis.
3226 4621 3374 4677 Inter
3416 4637 3547 4693 qua:
3594 4624 3880 4680 nimirum

559 4712 731 4782 culpis
754 4721 999 4784 gemunt,
1024 4713 1277 4769 vitiorum
1308 4714 1554 4771 foeditate
1596 4716 1882 4787 virginitas
1918 4716 2150 4787 squalet.
2253 4714 2579 4770 maledicta:
2611 4713 2674 4769 Si
2695 4712 2925 4769 nolueris
2947 4715 3134 4768 audire
3154 4730 3327 4768 vocem
3354 4713 3587 4770 Domini
3614 4715 3727 4770 Dei
3776 4716 3880 4776 tui.

558 4803 777 4860 Eisdem
812 4805 971 4861 malis
990 4807 1269 4862 moraliter
1303 4807 1486 4862 anima
1524 4808 1733 4879 repleta
1773 4808 1949 4882 luget,
1997 4811 2148 4883 inge-
2254 4802 2449 4873 inquit,
2477 4814 2531 4857 ut
2576 4804 2839 4858 custodias
2871 4813 2921 4857 et
2953 4803 3121 4871 facias
3158 4804 3340 4858 omnia
3390 4805 3677 4860 mandata
3735 4806 3881 4876 ejus,

557 4893 797 4949 miscunt
838 4894 966 4951 olim
1002 4896 1203 4952 habitm
1247 4897 1510 4965 virtutes,
1557 4899 1685 4970 quia
1728 4915 1835 4956 non
1883 4911 2011 4957 sum
2058 4903 2151 4973 qui
2253 4895 2423 4950 tradet
2445 4905 2494 4949 te
2516 4895 2775 4950 Dominus
2807 4905 3135 4951 corruentem
3162 4906 3283 4950 ante
3314 4896 3492 4951 hostes
3518 4907 3683 4965 tuos,
3717 4909 3773 4953 et
3795 4898 3883 4952 di-

555 4985 779 5039 veuiant
818 4986 886 5040 ad
935 4987 1333 5043 solemnitatem
1369 4988 1487 5058 ejus
1532 5005 1729 5060 sponso
1772 4992 1876 5047 sibi
1920 4993 2150 5048 sublato.

2263 4986 2517 5058 spergaris
2537 5003 2630 5058 per
2651 4989 2831 5041 omnia
2882 5004 3040 5056 regna
3071 4995 3249 5051 term,
3284 4987 3747 5060 opprimarisque
3773 4990 3887 5045 rio-

558 5074 807 5144 Sponsus
839 5086 1021 5131 autem
1038 5077 1234 5133 anima:
1261 5094 1383 5134 mox
1406 5079 1716 5147 oﬂ‘enditur,
1738 5096 1860 5138 cum
1877 5083 2057 5139 anima
2083 5085 2150 5142 de
2251 5078 2414 5132 lentia
2443 5094 2534 5132 nec
2552 5078 2744 5132 habeas
2771 5078 2861 5149 qui
2885 5090 2933 5131 te
2959 5077 3157 5131 liberet.
3194 5075 3325 5130 Filii
3376 5079 3456 5131 tui
3500 5088 3559 5133 et
3591 5083 3744 5149 ﬁlice
3766 5094 3886 5135 tra-

556 5178 685 5219 arce
711 5180 959 5235 superna:
1000 5167 1316 5223 intentionis
1358 5169 1428 5223 ad
1459 5169 1759 5227 exteriores
1789 5180 1914 5242 post
1938 5171 2148 5242 lapsum
2248 5160 2441 5223 dentur
2466 5167 2619 5224 alteri
2645 5168 2860 5240 populo,
2886 5168 3177 5224 videntibus
3200 5168 3369 5223 oculis
3397 5169 3508 5224 tuis
3532 5184 3592 5226 et
3618 5174 3889 5244 deficias.

555 5254 798 5311 actiones
831 5271 890 5312 se
930 5256 1206 5325 dejecerit.
1242 5258 1392 5315 Unde
1425 5261 1613 5317 volens
1641 5277 1794 5318 more
1822 5263 1983 5319 solito
2011 5264 2146 5322 elie-
2248 5261 2387 5315 tibus
2423 5261 2493 5315 ad
2515 5271 2845 5331 conspectum
2879 5277 3060 5316 eorum
3089 5270 3196 5315 ιοια
3239 5261 3346 5325 die.
3374 5277 3470 5314 nec
3495 5263 3580 5316 sit
3606 5264 3890 5334 fortitudo

555 5354 676 5402 etus
710 5348 909 5418 prioris
947 5350 1070 5405 vita
1101 5352 1360 5421 recipere,
1392 5361 1452 5407 ut
1480 5353 1549 5408 ad
1578 5355 1790 5409 interna
1831 5356 2028 5425 gaudia
2056 5372 2147 5412 ce-
2247 5354 2306 5407 in
2325 5369 2485 5408 manu
2512 5363 2625 5407 tua.
2652 5350 2883 5409 Fructus
2912 5363 3066 5408 terra!
3108 5364 3233 5418 tum,
3284 5362 3333 5407 et
3363 5353 3593 5410 labores
3663 5358 3888 5433 13”

554 5435 810 5493 lebranda
827 5450 1138 5505 occurrant,
1163 5442 1361 5497 sentiet
1375 5442 1519 5513 quod
1547 5457 1654 5497 non
1681 5443 1790 5499 sint
1811 5445 1902 5515 qui
1925 5445 2147 5502 veniant
2250 5452 2369 5497 tuos
2384 5443 2618 5497 comedat
2639 5442 2863 5514 papulas
2883 5459 3035 5514 quem
3053 5444 3288 5513 ignoras,
3321 5442 3501 5513 sisque
3537 5461 3783 5519 semper
3803 5467 3891 5503 cn-

556 5526 624 5578 ad
649 5527 765 5597 ejus
791 5529 984 5605 votiva:
1009 5529 1368 5586 solemnitatis
1392 5530 1607 5603 gaudia.
1649 5531 1978 5590 Solemnitas
2013 5551 2144 5608 ergo
2248 5530 2505 5587 lumniam
2526 5535 2808 5598 sustinens,
2848 5542 2895 5588 et
2918 5549 3193 5604 oppressus
3216 5536 3421 5585 cunctis
3445 5533 3670 5595 diebus
3698 5556 3720 5593 :
3749 5538 3891 5613 ﬁlios

558 5614 726 5685 ipsius
750 5628 835 5674 est
862 5619 1053 5673 intima
1076 5621 1316 5677 ccelestis
1347 5624 1471 5678 vitae
1498 5622 1717 5689 fruitio,
1754 5625 1824 5681 ad
1855 5641 2018 5696 quam
2044 5614 2149 5697 per.
2246 5625 2536 5696 generabis,
2551 5642 2614 5679 ac
2632 5625 2795 5695 ﬁlias,
2823 5636 2870 5679 et
2892 5644 2995 5680 non
3018 5626 3242 5696 frueris,
3283 5625 3555 5691 quoniam
3607 5632 3893 5689 ducem:

556 5712 1064 5783 contemplationem
1109 5715 1261 5784 prius
1315 5716 1559 5787 ingressa
1607 5718 1766 5789 digna
1818 5734 1923 5776 non
1979 5723 2140 5778 modo
2246 5720 2302 5773 in
2328 5719 2700 5789 captivitatem.
2743 5718 2954 5775 Adcena
2975 5719 3065 5790 qui
3088 5730 3258 5772 terum
3301 5725 3568 5773 uersatur
3612 5724 3679 5779 in
3719 5738 3891 5799 terra,

559 4342 818 4399 Ecclesiae
858 4342 1046 4398 limina
1070 4384 1087 4411 ,
1133 4343 1292 4414 pauci
1325 4343 1613 4400 admodum
1643 4344 1699 4399 in
1729 4344 2152 4415 confrequenta—
