4048 6352
213 359 356 416 1075

962 356 1322 416 EXPOSl‘l‘lO
1361 359 1427 415 IN
1468 358 2028 416 LAMENTATIOLVIS
2065 358 2403 416 ΙΕΒΕΜΙΑΞ.
2438 390 2507 399 -
2545 359 2673 413 LIB.
2717 359 2760 413 Ι.

3337 359 3474 414 1074

210 474 457 532 ascendet
485 487 640 544 super
671 470 957 542 te,eritque
976 471 1281 526 sublimior:
1306 482 1362 526 tu
1388 479 1561 526 autem
1587 472 1794 527 descen-
1820 476 1869 536 Α
1897 472 2051 528 semel
2091 473 2320 543 loquitur
2364 472 2534 544 (juxta
2575 472 2698 542 Job)
2739 481 2786 526 et
2826 471 3052 542 idipsum
3098 488 3200 526 non
3257 473 3478 541 repetit?

210 571 324 634 des,
357 577 406 622 et
428 566 530 621 eris
549 563 786 634 inferior.
813 562 934 633 Ipse
962 565 1060 618 erit
1085 565 1141 618 in
1183 573 1360 634 caput,
1409 574 1458 618 et
1507 573 1563 618 tu
1591 565 1693 618 eris
1735 564 1795 618 in

209 661 440 718 caudam
460 659 638 730 (Deut.
673 653 889 724 xxvtn).
941 654 1055 711 Hoc
1095 664 1265 711 totum
1315 671 1484 726 quare
1531 655 1796 711 dixerim?

207 753 492 821 Quatenus
528 763 595 804 ex
624 748 726 802 hoc
749 745 1076 817 intelligeres
1091 747 1220 817 quid
1250 747 1512 803 Dominus
1535 747 1616 802 vel
1634 748 1795 817 quale

207 843 427 900 loculus
481 839 646 894 fuerit
682 852 846 907 super
895 838 1238 908 iniquitatem
1289 838 1590 895 Jerusalem
1633 858 1644 894 :
1687 855 1795 894 non

207 944 273 990 ut
303 931 686 1004 praescriberet
709 944 831 984 eam
856 930 1098 1002 scalpam
1131 932 1228 988 sed
1248 942 1315 988 ut-
1344 933 1614 990 monendo
1639 949 1794 989 revo-

207 1032 384 1079 caret.
414 1021 570 1090 Quod
599 1020 724 1092 quia
769 1019 945 1075 noluit
968 1021 1210 1089 obedire,
1259 1023 1378 1078 haec
1432 1019 1794 1095 omnia'justo

206 1114 310 1169 Dei
345 1113 552 1184 judicio
581 1114 870 1180 accidisse,
899 1129 1020 1185 quae
1066 1115 1330 1185 propheta
1371 1115 1796 1188 lacrymabiliter

206 1205 462 1277 deplorat
489 1223 504 1261 :
529 1215 584 1262 et
604 1206 737 1262 nihil
763 1221 830 1262 ex
852 1199 1103 1263 omnibus
1128 1200 1424 1278 prophetiae
1445 1211 1648 1276 verbis,
1675 1227 1796 1282 qua:

206 1297 680 1371 Moysesminatns
711 1308 813 1365 est,
863 1301 916 1354 in
957 1300 1136 1369 aliquo
1190 1300 1444 1356 defuisse.
1496 1303 1793 1374 Propterea

208 1389 319 1456 He,
343 1399 401 1445 ut
436 1406 579 1457 reor,
605 1391 731 1445 huic
759 1391 996 1460 capitulo
1018 1392 1364 1460 praeponitur.
1405 1392 1482 1448 lle
1526 1395 1792 1464 siquidem

205 1481 319 1534 ista
354 1481 764 1550 interpretatur.
811 1481 875 1534 Et
897 1489 980 1534 est
1008 1496 1220 1546 sensus,
1250 1483 1376 1551 quia
1402 1483 1682 1539 relativum
1710 1485 1796 1540 vel

207 1570 692 1626 demonstrativum
720 1580 822 1633 est,
861 1571 1003 1639 quod
1045 1571 1148 1625 ista
1187 1580 1313 1626 sunt
1357 1573 1562 1643 judicia
1616 1575 1794 1629 adim-

206 1661 378 1732 pleta,
403 1676 521 1731 quae
540 1661 749 1732 Moyses
775 1661 925 1726 olim,
953 1661 999 1716 si
1019 1672 1336 1731 peccassent
1365 1664 1612 1732 Domino,
1643 1681 1794 1720 com-

207 1753 538 1807 minabatur.
582 1751 732 1806 Unde
788 1753 1002 1821 quoties
1041 1761 1242 1808 nostrae
1276 1752 1597 1823 Jerusalem,
1656 1773 1836 1827 prze-;

1898 561 2020 631 (Job
2069 563 2283 633 xum).
2317 561 2701 618 Verumtamen
2740 576 2846 616 non
2903 563 3038 617 adeo
3079 563 3475 632 desperandum

1895 670 2071 724 neque
2096 671 2126 709 a
2158 643 2536 711 colluctatione
2560 657 2878 712 cessandum
2907 675 2918 709 .
2945 656 3069 724 quia
3096 671 3200 710 non
3227 656 3326 712 nisi
3351 671 3478 726 par-

1898 748 2006 802 vuli
2035 756 2128 802 aut
2157 748 2470 811 imbecilles,
2499 757 2645 802 certe
2679 757 2770 800 aut
2801 746 3128 818 negligentes
3172 746 3276 801 ista
3316 757 3475 803 tenus

1897 839 2200 907 capiuntur.
2234 838 2363 906 Qua:
2393 839 2644 893 nimirum
2684 839 2970 906 captivitas
2997 836 3153 891 valde
3179 836 3473 899 horrenda,

1898 944 2020 984 cum
2055 939 2108 985 et
2145 931 2374 985 traheris
2418 930 2602 984 multis
2643 930 2886 984 irretitus
2939 927 3168 998 laqueis,
3201 944 3268 982 ne
3291 927 3358 981 ab
3390 927 3478 982 his

1897 1023 2107 1079 deflecti
2136 1032 2230 1078 aut
2273 1039 2699 1094 cessare-queas
2741 1032 2865 1078 ante
2913 1022 3104 1078 faciem
3147 1021 3476 1087 tribulantis,

1897 1131 2018 1186 qua:
2052 1115 2190 1171 male
2219 1116 2449 1186 ccepisti.
2477 1116 2638 1171 Vides
2669 1129 2900 1183 namque
2928 1128 3034 1183 quo
3061 1113 3278 1167 duceris
3305 1113 3477 1166 inter-

1899 1207 2042 1271 dum,
2073 1216 2126 1262 et
2147 1208 2314 1263 sentis
2341 1225 2369 1262 a
2393 1207 2587 1276 quibus
2613 1207 2854 1271 minaris,
2885 1220 2983 1260 nec
3012 1214 3190 1260 tamen
3217 1205 3474 1260 relnctati

1897 1297 2177 1364 praevales,
2215 1311 2314 1352 nec
2346 1298 2624 1361 resistere,
2660 1297 2830 1350 donec
2861 1295 3156 1349 miserante
3206 1295 3318 1349 Deo
3361 1295 3477 1350 dis-

1901 1397 2220 1454 rumpantur
2262 1387 2500 1452 vincula,
2550 1402 2736 1440 rursus
2783 1395 2840 1439 et
2880 1385 3120 1440 solvatur
3165 1385 3474 1455 captivitas.

1900 1475 2157 1547 lntelligit
2199 1477 2446 1546 profecto
2476 1493 2595 1547 quae
2641 1477 2781 1542 dico,
2816 1478 3122 1546 quicunque
3173 1477 3478 1534 infirmatus

1899 1569 2095 1623 talibus
2123 1570 2364 1624 irretitur
2387 1570 2632 1635 vinculis,
2666 1585 2788 1625 cum
2810 1569 2954 1624 volet
2981 1584 3042 1624 se
3066 1585 3164 1624 nec
3197 1569 3340 1624 valet
3375 1585 3474 1625 ex-

1899 1657 2104 1725 pedire,
2133 1667 2320 1712 contra
2360 1672 2518 1728 quem
2555 1659 2773 1714 desaevit
2822 1659 2934 1730 jam
2962 1673 3122 1729 paena
3159 1661 3387 1730 peccati,
3420 1669 3476 1716 et

1900 1747 2082 1802 hostes
2108 1748 2174 1802 de
2199 1750 2310 1804 suis
2341 1749 2716 1820 locupletiores
2752 1749 2878 1805 facti
2903 1752 3135 1818 viribus,
3163 1760 3478 1823 oppugnant

207 1844 354 1899 senti
383 1843 633 1898 videlicet
662 1843 936 1908 Ecclesiae,
967 1843 1094 1899 talia
1117 1845 1448 1915 contigerint
1471 1822 1791 1904 delictorum
1823 1822 1872 1884 Β
1899 1845 2103 1892 tantum
2130 1839 2184 1892 in
2212 1840 2406 1910 capite,
2439 1849 2499 1894 ιιι
2527 1840 2813 1910 aliQuando
2842 1842 3005 1896 etiam
3048 1822 3217 1912 ipsam
3247 1843 3370 1896 boni
3392 1842 3475 1896 in-

202 1935 432 2006 judicia,
454 1935 609 1989 valde
630 1935 1091 2007 ingemiscendum
1121 1955 1135 1991 :
1160 1939 1286 2007 quia
1315 1939 1454 1994 fiunt
1479 1941 1662 1997 hostes
1676 1941 1793 2011 ejus

205 2035 263 2090 in
298 2035 494 2106 capite,
535 2033 741 2089 scilicet
768 2043 860 2088 aut
887 2035 1150 2103 lneretici,
1177 2045 1273 2090 aut
1313 2039 1528 2109 pagani,
1573 2040 1713 2094 sicut
1738 2040 1794 2095 in

205 2131 395 2185 multis
437 2134 549 2200 jam
581 2131 853 2185 cernimus
908 2130 1173 2196 ecclesiis,
1219 2140 1367 2188 certe
1415 2141 1510 2186 aut
1563 2133 1690 2188 mali
1739 2142 1794 2188 et

205 2221 435 2292 pessimi
465 2220 780 2285 Christiani,
809 2221 898 2290 qui
927 2236 1031 2274 non
1059 2224 1237 2276 minus
1263 2231 1317 2277 et
1345 2223 1446 2292 ipsi
1468 2225 1652 2279 hostes
1668 2223 1793 2294 jure

211 2320 348 2366 sunt
402 2311 687 2382 appellati,
742 2321 796 2367 et
843 2312 1240 2382 locupletantur
1281 2315 1486 2371 inimici
1541 2317 1791 2373 facundia

207 2403 538 2473 disputandi,
567 2417 690 2457 cum
740 2403 812 2458 sit
846 2403 1011 2457 multa
1055 2404 1426 2476 intelligentia:
1460 2409 1684 2478 penuria
1735 2412 1790 2465 in

205 2495 345 2550 viris
367 2510 527 2565 quam
559 2511 700 2566 sarpe
727 2495 1130 2562 ecclesiasticis,
1159 2497 1213 2552 in
1249 2507 1479 2567 tantum,
1505 2509 1565 2556 ut
1593 2502 1660 2558 de
1707 2503 1791 2559 his

203 2585 354 2655 quod
381 2585 642 2654 propheta
674 2585 930 2650 minatur,
968 2584 1094 2653 jure
1124 2587 1325 2645 dictum
1352 2591 1585 2666 accipiat
1620 2607 1635 2648 :
1666 2593 1791 2648 Mit-

203 2687 320 2729 tam
355 2677 411 2730 in
433 2678 505 2730 eis
529 2693 628 2730 non
650 2675 843 2746 fantem
869 2678 1052 2748 panis,
1084 2696 1244 2750 neque
1284 2682 1423 2737 sitim
1474 2700 1648 2754 aquae,
1699 2685 1790 2738 sed

203 2766 463 2820 audiendi
487 2767 695 2820 verbum
725 2765 819 2820 Dei
839 2766 1045 2838 (Amos,
1071 2772 1207 2841 vnt).
1239 2770 1392 2840 Quod
1423 2789 1543 2828 cum
1568 2774 1787 2841 tollitur,

203 2855 340 2925 quia
374 2855 584 2926 gladius
623 2855 858 2926 Spiritus
897 2860 1070 2915 sancti
1101 2869 1185 2915 est
1230 2847 1449 2936 (Ep/tes.
1489 2864 1592 2935 vI),
1642 2873 1793 2922 recte

205 2947 418 3013 hostes,
481 2947 721 3002 haeretici
761 2948 1007 3005 videlicet
1061 2959 1117 3006 et
1143 2940 1484 3021 °pervasores
1527 2955 1788 3020 ecclesia-

205 3055 333 3094 rum
360 3039 454 3093 Dei
476 3038 610 3092 ﬁunt
630 3039 685 3093 in
705 3041 898 3110 capite,
923 3050 977 3111 et
1006 3041 1073 3097 de
1123 3041 1552 3114 Scripturarum,
1577 3058 1790 3105 sancta-

200 3145 332 3186 rum
364 3129 702 3200 dogmatibus
716 3131 1126 3202 locupletantur,
1144 3125 1367 3206 propter
1388 3137 1786 3197 multitudinem

197 3220 556 3289 iniquitatum
583 3231 906 3290 nostrarum.
933 3223 1286 3297 DeindeUsa.
1315 3228 1424 3300 LVI)
1456 3246 1610 3285 canes
1633 3235 1784 3300 muti,

195 3311 337 3381 quia
387 3325 492 3365 non
541 3311 806 3380 valuimus
859 3312 1055 3368 latrare
1082 3357 1096 3382 ,
1134 3318 1493 3376 orthodoxam
1539 3323 1791 3381 videlicet

198 3402 370 3457 ﬁdem
396 3401 702 3472 defendere,
753 3410 846 3456 aut
888 3404 1135 3473 plebibus
1181 3409 1420 3465 debitam
1468 3414 1789 3472 eruditionis

195 3491 512 3562 doctrinam
535 3491 860 3561 impendere.
890 3493 1107 3550 Parvuli
1143 3497 1399 3554 dicuntur
1436 3503 1634 3572 captivi
1664 3514 1788 3562 ante

194 3582 404 3638 faciem
459 3583 788 3639 tribulantis.
867 3585 1009 3657 Ergo
1076 3589 1204 3658 quia
1262 3592 1471 3661 parvuli
1544 3605 1670 3663 sunt
1732 3599 1788 3654 in

193 3672 453 3728 doctrina
487 3713 502 3738 ,
563 3689 670 3728 non
731 3675 989 3732 habentes
1052 3690 1294 3737 rectores
1350 3699 1418 3752 ac
1479 3685 1789 3746 defensores

195 3762 598 3828 ecclesiarum,
649 3765 740 3847 qui
787 3765 1204 3837 sollicitudinem
1250 3782 1305 3828 et
1367 3789 1552 3832 curam
1598 3790 1790 3850 gerant

193 3869 305 3924 pro
340 3853 424 3908 his
459 3855 802 3923 pastoralem,
857 3857 1124 3916 ducuntur
1158 3862 1275 3933 (aut
1319 3866 1388 3920 ab
1427 3867 1788 3927 invisibilibus

193 3946 448 4001 inimicis
485 3947 706 4017 captivi,
765 3958 860 4003 aut
907 3961 1055 4006 certe
1084 3968 1115 4008 a
1162 3954 1487 4030 visibilibus)
1539 3976 1644 4016 non
1686 3963 1788 4017 mi-

191 4055 306 4094 nus
347 4038 401 4091 in
453 4053 694 4096 errorem
722 4056 882 4111 quam
929 4053 985 4099 et
1012 4046 1079 4101 ad
1108 4045 1311 4119 flagitia
1354 4051 1609 4108 vitiorum
1659 4064 1787 4113 ante

189 4133 399 4188 faciem
437 4133 743 4190 tribulantis
774 4154 786 4189 :
820 4136 894 4191 ita
947 4147 1008 4193 ut
1050 4147 1106 4194 et
1153 4141 1316 4198 illecti
1346 4144 1580 4201 habeant
1607 4163 1638 4202 a
1668 4149 1788 4218 qui-

186 4227 303 4280 bus
339 4224 554 4298 1324
593 4228 879 4293 ducantur,
930 4231 1157 4287 vinculis
1199 4233 1517 4292 delictorum
1566 4228 1784 4297 suorum

184 4319 516 4381 constricti,
556 4327 610 4372 et
652 4329 778 4374 eant
794 4322 909 4391 jam
943 4333 1069 4380 ante
1103 4324 1292 4382 faciem
1323 4330 1660 4400 tribulantis,
1683 4336 1786 4400 etsi

185 4407 382 4472 inviti,
407 4422 477 4462 ne
499 4410 708 4478 possint
743 4412 920 4486 redire
947 4426 1041 4469 aut
1079 4417 1146 4472 de
1176 4419 1274 4474 sub
1293 4419 1423 4492 jugo
1451 4439 1507 4478 se
1530 4436 1784 4484 excutere

1899 1931 2192 1984 tentionem
2222 1930 2479 2000 polluant.
2514 1930 2716 1986 Deinde
2743 1941 2892 1986 tanto
2922 1947 3040 1987 eam
3071 1932 3281 2002 plenius
3302 1931 3476 2001 possi-

1897 2022 2044 2087 dent,
2075 2030 2276 2091 quanto
2305 2031 2467 2091 etper
2493 2021 2705 2076 initium
2731 2022 3075 2078 dominantes
3105 2031 3290 2076 tenent
3316 2039 3330 2076 :
3355 2035 3476 2076 nec-

1895 2129 2002 2169 non
2036 2123 2092 2169 et
2109 2114 2320 2186 longior
2340 2130 2470 2170 usus
2495 2123 2655 2184 atque
2683 2114 2866 2170 carnis
2894 2114 3289 2170 oblectamenta
3328 2127 3472 2184 saepe

1895 2207 2231 2278 praepediant
2259 2216 2312 2262 et
2354 2207 2583 2262 illiciunt
2625 2208 2864 2263 animam
2913 2207 3272 2271 renitentem,
3319 2204 3477 2274 juxta

1896 2297 2040 2370 quod
2073 2314 2170 2371 per
2205 2297 2548 2355 Salomonem
2577 2299 2630 2354 in
2660 2299 2968 2354 Proverbiis
2988 2299 3184 2353 dicitur
3212 2297 3350 2362 :Qui
3372 2313 3478 2351 ser-

1898 2411 2015 2449 vum
2040 2411 2193 2449 suum
2219 2412 2250 2448 a
2280 2395 2503 2464 pueritia
2541 2394 2704 2447 nutrit
2727 2394 2782 2446 in
2821 2393 3045 2458 deliciis,
3073 2401 3251 2462 postea
3295 2389 3478 2444 sentiet

1896 2503 2014 2541 eum
2056 2496 2410 2540 contumacem
2438 2483 2620 2555 (Prov.
2662 2487 2836 2555 XXIX).
2887 2483 3118 2538 Carnem
3143 2482 3331 2538 volens
3355 2495 3477 2536 car-

1897 2577 2153 2650 nalesque
2188 2576 2412 2631 affectus
2439 2575 2744 2640 ostendere,
2782 2591 2812 2628 a
2847 2575 3041 2645 quibus
3089 2575 3180 2629 vix
3212 2581 3314 2628 aut
3339 2587 3479 2627 nun-

1897 2689 2081 2744 quam,
2124 2673 2226 2728 nisi
2255 2673 2428 2743 gratia
2471 2673 2564 2728 Dei
2602 2672 2910 2728 liberamur.
2941 2672 3006 2725 Et
3030 2678 3180 2727 tanto
3209 2669 3476 2726 difﬁcilius

1898 2780 1963 2820 ac
2001 2765 2209 2839 durius,
2237 2773 2436 2834 quanto
2484 2775 2538 2818 et
2566 2780 2745 2834 pravm
2785 2764 2950 2818 menti
2981 2763 3136 2834 quasi
3171 2761 3477 2833 superiores

1896 2858 1948 2912 in
1983 2857 2158 2927 capite
2193 2856 2549 2927 fortioresque
2587 2855 2952 2918 dominantur.

2628 3032 2749 3072 νΑυ.

1971 3151 2179 3224 1325
2203 3151 2426 3224 Egressa
2444 3163 2516 3208 est
2539 3170 2569 3207 a
2585 3153 2697 3222 ﬁlia
2722 3151 2850 3206 Stoa
2867 3151 3034 3206 omnis
3049 3151 3203 3205 decor
3214 3166 3341 3219 ejus.
3369 3145 3480 3203 Fa-

1891 3245 1958 3297 cti
1979 3231 2098 3298 sunt
2113 3234 2367 3315 principes
2383 3245 2497 3314 ejus
2514 3243 2644 3300 velut
2668 3244 2852 3298 arietes
2876 3260 2978 3296 non
2996 3243 3240 3296 [tabentes
3255 3256 3476 3310 pascua.

1891 3335 1992 3391 Ubi
2027 3352 2132 3392 vau
2182 3337 2533 3408 prteponitur,
2577 3337 2719 3405 quod
2766 3336 3152 3404 interpretatur
3200 3342 3270 3400 et,
3318 3339 3380 3386 ut
3407 3318 3483 3385 sit

1889 3445 2080 3485 sensus
2105 3411 2245 3498 quod
2291 3430 2392 3483 ista
2436 3429 2682 3497 superius
2709 3427 3001 3496 prtemissa,
3031 3434 3087 3480 et
3106 3440 3169 3479 ea
3196 3437 3314 3493 qua:
3335 3435 3481 3488 nunc

1890 3520 2160 3585 dicuntur,
2181 3521 2244 3574 de
2262 3519 2686 3589 reciprocatione
2708 3519 2928 3572 veniunt
2948 3517 3230 3571 vindictae:
3251 3515 3482 3581 ideoque

1888 3626 1986 3680 per
2023 3626 2139 3664 eam
2184 3610 2438 3673 litteram,
2471 3625 2576 3679 qua
2614 3609 2713 3663 sub
2755 3624 2858 3661 una
2909 3606 3210 3677 copulativa
3255 3602 3476 3673 conjun-

1891 3702 2088 3766 ctione,
2115 3703 2232 3757 dute
2265 3701 2592 3769 jttdiciorum
2637 3700 2730 3754 Dei
2768 3707 3130 3754 annectuntur
3169 3695 3472 3753 sententiae.

1890 3793 2120 3848 Obsessa
2147 3794 2342 3863 quippe
2367 3792 2688 3856 Jerusalem,
2715 3794 2955 3847 exterius
2976 3807 3188 3846 omnem
3219 3791 3471 3846 decorem

1888 3882 2307 3954 pulchritudinis
2359 3898 2468 3936 suae
2520 3890 2682 3950 atque
2731 3882 3087 3952 jucnnditatis
3139 3878 3472 3950 perdiderat,

1890 3974 2218 4038 intrinsecus
2252 3974 2412 4028 rebus
2440 3973 2771 4044 exspoliatis,
2803 3973 3106 4043 temploque
3132 3987 3196 4027 ac
3217 3969 3472 4026 sacerdo-

1891 4068 1965 4124 tio
1987 4068 2282 4133 destructo,
2316 4068 2535 4136 ipsaque
2556 4066 2697 4121 fame
2746 4081 2808 4121 ac
2833 4065 3139 4136 pestilentia
3188 4064 3467 4127 laborans,

1888 4158 2086 4214 nullius
2135 4173 2235 4228 ope
2297 4158 2721 4223 sustentabatur,
2767 4173 2830 4212 ex
2881 4172 2946 4210 eo
3005 4155 3148 4225 quod
3190 4153 3468 4224 principes

1889 4249 2005 4319 ejus
2039 4255 2096 4303 et
2159 4256 2396 4302 rectores
2434 4247 2708 4303 dissolutis
2756 4247 2980 4310 viribus,
3035 4255 3095 4299 ut
3151 4244 3362 4314 Moyses
3398 4256 3472 4297 ex

1888 4339 2150 4410 praesagio
2176 4339 2228 4392 in
2253 4339 2364 4394 suis
2391 4339 2688 4393 maledictis
2709 4338 3064 4407 praemiserat,
3081 4337 3279 4407 pavido
3301 4336 3470 4392 corde

1890 4445 1996 4484 non
2024 4427 2388 4484 defensionem
2430 4428 2647 4491 civium,
2700 4429 2794 4483 sed
2827 4427 3026 4498 fugam,
3077 4443 3180 4481 non
3210 4427 3471 4482 habentes

182 4500 479 4599 vitiorum.
505 4501 695 4599 infelix
723 4504 1008 4574 nimirum,
1051 4519 1107 4564 et
1135 4513 1287 4579 valde
1330 4514 1557 4599 lugenda
1583 4559 1598 4583 ,
1626 4520 1861 4593 jnxtaD
1888 4536 2086 4590 pascua
2133 4519 2332 4574 Christi
2402 4528 2525 4572 ante
2577 4518 2820 4573 ultimam
2887 4521 3026 4573 hanc
3075 4519 3466 4588 captivitatem,

179 4589 463 4644 moralem
503 4592 936 4664 intelligentiam,
980 4601 1173 4657 anima:
1224 4594 1425 4662 nostrae
1463 4613 1782 4680 captivitas,

177 4681 419 4748 quando
471 4680 579 4748 jam
618 4691 673 4737 et
719 4686 767 4739 ei
791 4687 973 4742 hostes
1023 4700 1148 4744 sunt
1197 4693 1250 4746 in
1299 4697 1502 4764 capite,
1536 4699 1784 4757 libertate

174 4771 400 4826 Christi
432 4775 651 4839 amissa,
688 4784 742 4830 et
779 4777 982 4834 inimici
1014 4782 1233 4854 maligni
1264 4778 1510 4843 videlicet
1539 4792 1782 4860 spiritus,

172 4864 261 4917 de
277 4863 482 4918 nostris
498 4864 805 4935 locupletati
821 4871 1024 4926 viribus
1039 4871 1310 4930 fortiores.
1332 4876 1483 4933 Unde
1500 4880 1586 4949 pie
1609 4872 1784 4936 mone-

171 4969 320 5008 mur
347 4972 362 5006 :
391 4953 452 5008 Si
473 4957 709 5025 spiritus,
741 4959 934 5030 inquit,
954 4964 1198 5033 scriptam
1222 4978 1524 5035 potestatem
1546 4970 1782 5027 [tabentis

166 5046 489 5102 ascenderit
512 5049 746 5119 superte,
763 5051 934 5106 locum
956 5063 1101 5107 tuum
1123 5073 1187 5110 ne
1199 5055 1461 5113 dimiseris
1481 5060 1677 5132 (Eccle.
1701 5064 1776 5135 χ).

166 5137 451 5206 Alioquin
473 5138 516 5192 si
551 5155 656 5193 non
681 5143 968 5198 suadentes
994 5145 1142 5214 prius
1172 5148 1412 5204 audisset
1439 5151 1654 5218 hostes,
1684 5169 1782 5208 ne-

164 5242 473 5298 quaquam
495 5228 550 5283 in
567 5230 740 5299 capite
761 5242 958 5287 essent.
991 5235 1190 5290 Deinde
1222 5237 1481 5306 paulatim
1503 5256 1602 5295 usu
1624 5243 1782 5296 vitio-

164 5333 312 5371 rum
333 5333 409 5372 εις
427 5312 727 5383 crescente,
751 5322 814 5376 de
831 5323 1151 5394 nostrisjam
1175 5327 1330 5382 malis
1345 5329 1572 5395 actibus,
1591 5341 1780 5388 contra

1891 4624 2048 4678 quem
2072 4617 2428 4678 peremerant,
2466 4608 2624 4662 inerti
2650 4617 2862 4678 torpore
2892 4609 3304 4662 meditabantur.
3353 4605 3469 4676 My-

1893 4700 2025 4753 sxice
2056 4709 2237 4753 autem
2281 4699 2553 4768 egreditur
2600 4702 2776 4754 omnis
2827 4701 2991 4755 decor
3025 4717 3054 4753 a
3107 4709 3290 4754 nostra
3339 4698 3469 4752 Sion

1892 4789 2095 4842 scilicet
2118 4787 2354 4842 Ecclesia
2383 4787 2603 4851 Christi,
2639 4806 2757 4859 qua:
2804 4806 2929 4858 vere
2975 4806 3080 4850 non
3127 4789 3288 4844 modo
3337 4787 3470 4853 lilia,

1895 4879 2002 4931 imo
2029 4888 2078 4932 et
2110 4894 2305 4949 sponsa
2333 4890 2691 4947 nuncupatur.
2727 4881 2800 4936 De
2817 4898 2922 4952 qua
2950 4897 3078 4936 sane
3109 4883 3160 4936 in
3182 4880 3420 4936 Canticis
3449 4899 3466 4934 :

1893 4968 2028 5022 Ecce
2054 4981 2108 5022 tu
2136 4970 2352 5040 pulchra
2377 4987 2450 5038 es,
2479 4973 2646 5024 amica
2686 4989 2821 5035 mea,
2851 4990 2963 5027 ecce
2989 4982 3043 5026 tu
3066 4973 3305 5044 pulchra,
3329 4969 3471 5025 oculi

1891 5061 1969 5113 tui
1996 5059 2353 5114 columbarum
2371 5061 2546 5132 (Cant.
2569 5063 2640 5132 ι);
2667 5072 2720 5117 et
2745 5064 2902 5132 paulo
2926 5073 3075 5134 post:
3099 5060 3466 5131 Totapulehra

1889 5168 1942 5205 es
1979 5152 2147 5206 antica
2177 5169 2311 5220 mea,
2341 5164 2389 5208 et
2437 5154 2647 5210 macula
2695 5173 2798 5210 non
2842 5166 2916 5210 est
2963 5157 3016 5210 in
3061 5166 3110 5210 te
3159 5154 3336 5227 (Cant.
3369 5152 3465 5225 tv).

1889 5245 2176 5313 Egreditur
2198 5258 2372 5303 autem
2401 5251 2577 5305 omnis
2602 5251 2763 5306 decor
2791 5250 2859 5304 ab
2877 5265 2959 5315 ea,
2998 5249 3212 5320 quando
3254 5248 3470 5304 lucreti-

1888 5353 2077 5392 corum
2102 5340 2251 5408 rabie
2279 5342 2587 5411 depravata,
2614 5341 2747 5398 fides
2797 5344 2940 5399 intus
2978 5344 3360 5413 corrumpitur.
3389 5341 3471 5396 De

157 5425 290 5466 nos
309 5410 416 5480 ipsi
437 5411 731 5468 adversarii
748 5413 1126 5486 locupletiores
1148 5417 1502 5491 fortioresque
1525 5423 1680 5490 fiunt,
1707 5425 1780 5480 ita

154 5510 245 5557 ut
273 5502 387 5555 nisi
415 5503 618 5558 auxilio
644 5504 740 5559 Dei
780 5505 1014 5577 effugere
1053 5525 1157 5565 non
1186 5511 1476 5569 valeamus.
1510 5515 1615 5571 Sed
1643 5532 1778 5586 quo-

153 5593 354 5649 modo
383 5591 620 5665 effugere
647 5598 934 5666 possimus,
965 5616 1086 5655 cum
1117 5603 1247 5672 pius.
1266 5604 1524 5661 Dominus
1553 5607 1779 5679 (nostris

151 5686 441 5742 irritatus
475 5688 650 5753 malis,
689 5688 801 5758 jam
836 5703 1054 5764 propter
1085 5711 1299 5764 pmnam
1326 5701 1552 5767 peccati,
1589 5711 1643 5756 et
1673 5703 1775 5757 ini-

148 5776 460 5848 quitatum
497 5788 801 5836 nostrarum
833 5783 1146 5859 vindictam)
1182 5787 1282 5843 ista
1323 5787 1532 5847 locutus
1565 5793 1655 5858 sit,
1682 5796 1770 5864 qui

1887 5444 1992 5497 qua
2021 5439 2166 5486 recte
2208 5431 2312 5486 fide
2348 5433 2401 5486 in
2442 5433 2656 5488 Psalmo
2699 5434 2910 5489 canitur
2941 5453 2952 5489 :
2984 5435 3371 5504 Confessionem
3415 5444 3466 5488 et

1885 5521 2121 5575 decorem
2156 5524 2371 5578 induiin
2396 5525 2617 5579 amictus
2633 5525 3010 5597 lumine(Psal.
3040 5529 3178 5599 CIII).
3201 5526 3304 5581 Sed
3337 5535 3468 5581 tunc

1885 5614 2063 5669 onmis
2097 5631 2345 5686 egressus
2367 5616 2528 5671 decor
2566 5617 2634 5672 ab
2677 5633 2737 5672 ea
2777 5617 2901 5687 jure
2929 5619 3219 5691 plangitur,
3247 5618 3466 5689 quando

1887 5705 2083 5760 arietes
2109 5707 2245 5776 ejus,
2274 5715 2520 5777 pastores
2542 5707 2792 5764 videlicet
2819 5716 2875 5764 et
2901 5720 3163 5777 rectores,
3188 5726 3292 5765 non
3320 5709 3466 5764 inve-

1885 5799 2094 5855 nientes
2151 5815 2346 5868 pascua
2377 5801 2496 5856 vitae
2527 5801 2578 5858 in
2629 5805 2795 5859 sacris
2849 5805 3225 5871 voluminibus,
3260 5803 3464 5861 vadunt
