4048 6352
673 305 813 360 1075

1462 304 1519 359 S.
1563 304 1916 361 PASCHASII
1951 307 2294 363 RADBERTI
2332 307 2623 364 ABBATIS
2660 306 3106 366 CORBEIENSIS

3789 317 3897 377 1076

669 421 876 490 absque
914 417 1230 474 fortitudine
1267 418 1374 472 cibi
1407 418 1593 484 divini,
1624 434 1946 488 quocunque
1975 434 2070 475 eos
2097 435 2251 475 error
2279 425 2325 483 Α
2355 401 2664 476 afllictionis
2691 420 2915 492 jugiter,
2963 421 3056 476 sed
3097 430 3152 477 et
3189 423 3680 494 praevaricationis,
3725 445 3899 492 necnon

669 509 947 582 impulerit
1001 519 1127 564 ante
1177 508 1373 564 faciem
1429 509 1757 577 tribulantis,
1805 519 1865 564 ut
1903 511 1996 582 qui
2041 511 2283 566 minare'

670 617 889 674 gregem
917 600 1019 656 sibi
1059 600 1409 656 commissum
1436 608 1561 656 ante
1602 616 1662 656 se
1701 601 1769 655 ad
1816 616 2015 673 pascua
2047 610 2250 658 sanctre

669 695 794 749 vitm
823 693 1264 762 prrctermittunt,
1301 706 1398 746 nec
1429 692 1529 762 ipsi
1559 707 1622 746 ea
1659 692 2000 747 invenientes
2039 691 2248 746 minimi

663 789 776 857 jam
804 784 1008 849 effecti,
1041 784 1186 854 digni
1237 781 1582 851 impelluntur
1609 782 1677 837 ad
1704 796 1940 847 errores,
1971 789 2026 836 et
2049 781 2252 835 vadunt

667 877 874 946 absque
894 878 1088 931 robore
1110 877 1368 930 virtutum
1390 883 1515 928 ante
1533 872 1726 929 faciem
1751 889 1939 930 eorum
1961 873 2246 943 eaptivati:

668 983 900 1037 quorum
923 968 1044 1036 ﬁnis
1073 976 1156 1022 est
1183 967 1446 1031 interitus,
1476 966 1602 1036 quia
1627 975 1833 1020 terrena
1859 967 2069 1037 sapiunt
2099 963 2250 1038 (Phi-

665 1059 760 1128 lip.
795 1060 899 1131 in).
940 1058 1129 1116 Omnis
1175 1059 1318 1112 enim
1367 1059 1532 1112 decor
1557 1065 1639 1113 est
1673 1057 1728 1114 in
1768 1057 2020 1113 universo
2063 1057 2252 1112 ordine

667 1149 1059 1214 ecclesiastico,
1087 1147 1319 1202 maxime
1344 1156 1524 1201 tamen
1553 1147 1607 1202 in
1635 1147 2010 1202 sacerdotibus
2025 1146 2246 1212 Christi,

663 1251 723 1298 et
771 1241 1034 1300 ministris
1069 1240 1210 1296 sacri
1241 1239 1428 1295 altaris
1479 1255 1687 1296 necnon
1736 1248 1792 1294 et
1832 1239 1886 1294 in
1930 1240 2249 1311 virginibus,

665 1350 786 1406 qua:
805 1350 966 1406 supra
986 1333 1101 1404 jam
1129 1333 1387 1405 squalida:
1414 1341 1804 1391 memorantur.
1837 1331 1882 1387 A
1912 1332 2109 1402 quibus
2137 1341 2249 1387 tum

663 1426 844 1482 omnis
866 1440 1084 1496 egressa
1113 1423 1456 1494 pulchritudo
1490 1423 1572 1478 vel
1598 1422 1768 1489 decor
1793 1422 1914 1494 jure
1955 1422 2248 1494 plangitur,

663 1517 881 1592 quando
907 1531 1012 1572 non
1037 1517 1216 1571 minus
1250 1523 1493 1571 rectores
1523 1515 1726 1580 ovium,
1778 1523 1835 1570 et
1886 1513 2121 1569 ministri
2151 1528 2248 1569 ea-

662 1625 806 1676 rum,
833 1623 996 1679 quam
1042 1615 1098 1664 et
1141 1607 1426 1677 virginitas
1478 1604 1582 1660 fide
1615 1620 1736 1675 quae
1776 1618 1874 1675 per
1902 1603 2249 1660 dilectionem

661 1712 919 1772 operatur
944 1696 1146 1772 (Galat.
1178 1699 1252 1770 v),
1296 1698 1441 1752 intus
1483 1695 1683 1752 forisve
1711 1694 2100 1766 exspoliantur,
2133 1692 2248 1748 nul-

661 1801 770 1857 lam
796 1811 1046 1874 gerentes
1069 1815 1253 1854 curam
1286 1813 1384 1868 pro
1417 1797 1561 1853 cultu
1592 1797 1829 1867 pietatis,
1882 1795 2096 1877 1326
2122 1793 2242 1848 nul-
2274 1782 2321 1841 B

660 1894 878 1964 iamque
897 1891 1314 1948 sollicitudinem
1343 1898 1650 1945 sanctarum
1682 1889 1941 1942 virtutum
1969 1901 2036 1941 ex
2076 1885 2246 1942 medi-

659 1985 868 2041 talione
914 1983 1110 2038 divinre
1139 1981 1293 2052 legis,
1336 1981 1430 2035 scd
1477 1981 1604 2033 luxu
1631 1978 1970 2048 voluptatum
1999 1991 2242 2042 suarum,

657 2089 761 2146 per
796 2075 942 2130 varia
989 2073 1252 2129 scelerum
1290 2086 1510 2126 suorum
1545 2069 1831 2134 desideria,
1866 2067 2020 2138 juxta
2057 2081 2246 2139 sugge-

661 2169 894 2224 stionem
927 2167 1170 2238 cogentis
1195 2165 1386 2232 hoslis,
1411 2164 1770 2220 abducuntur.
1812 2163 1977 2234 Cujus
2018 2160 2244 2232 periculi

659 2258 864 2314 malum
898 2273 993 2316 eos
1031 2257 1265 2312 maxime
1296 2255 1538 2326 respicit,
1580 2255 1671 2325 qui
1703 2255 1756 2308 in
1802 2254 1921 2309 loco
1964 2252 2246 2323 regiminis

659 2349 960 2414 constituti,
993 2349 1172 2419 potius
1201 2346 1479 2403 secularia
1501 2345 1786 2412 desideria,
1825 2359 1988 2414 quam
2021 2342 2244 2398 manda-

658 2448 839 2505 torum
865 2439 1086 2510 vestigia
1110 2444 1403 2502 sectantes,
1431 2451 1538 2491 non
1569 2435 1742 2491 solum
1775 2449 2009 2505 sequam
2032 2442 2087 2489 et
2109 2433 2243 2488 alios

657 2532 773 2586 suis
804 2529 1068 2601 exemplis
1085 2537 1142 2585 et
1182 2528 1504 2600 negligentia
1533 2535 1899 2598 peremerunt.
1950 2525 1995 2578 A
2047 2524 2243 2595 quibus

656 2625 868 2680 ratione
895 2623 1085 2696 judicii
1121 2621 1352 2693 deperit,
1383 2619 1828 2676 vestimentorum
1855 2617 2023 2689 gloria
2058 2617 2243 2687 pravis

655 2717 870 2775 actibus
895 2717 1232 2772 obfuscatur.
1259 2713 1350 2769 Sic
1372 2722 1428 2768 et
1449 2713 1629 2767 anima
1675 2710 1853 2766 illecta
1886 2709 2041 2764 malis
2080 2709 2236 2763 mori-

654 2811 758 2866 bus
797 2810 1050 2865 decorem
1097 2822 1254 2864 suum
1295 2806 1542 2877 reliquit,
1573 2803 1790 2876 quando
1832 2817 1930 2873 per
1977 2801 2238 2856 incuriam

656 2900 1046 2971 cogitationum
1093 2911 1334 2961 suarum,
1379 2895 1638 2950 virtutum
1673 2891 1910 2964 perdidit
1948 2905 2239 2946 ornamen-

657 2999 794 3054 tum,
855 3003 956 3044 nee
1003 2989 1055 3044 ei
1105 2986 1428 3042 subveniunt
1477 2985 1752 3056 principes
1799 2983 1906 3048 sui,
1945 2981 2239 3037 rationales

655 3083 863 3140 scilicet
886 3083 1052 3138 animi
1076 3081 1159 3138 sui
1175 3089 1372 3146 motus,
1395 3080 1478 3136 vel
1499 3087 1808 3135 sanctarum
1833 3075 2236 3147 Scripturarum

2351 510 2591 565 omnium
2607 509 3044 566 desiderabilium
3065 513 3327 568 bonorum
3343 529 3525 570 rerum
3550 532 3681 573 usus
3696 518 3899 580 inhiare:

2352 611 2412 660 ut
2441 602 2505 658 de
2531 602 2822 658 afflictione
2850 619 3022 660 novus
3043 605 3285 675 quotidie
3323 617 3586 662 nascatur
3641 609 3810 677 dolor,
3852 615 3903 670 de

2352 699 2793 768 praevaricatione
2819 715 2948 755 vero
2973 715 3178 756 maeror
3203 701 3559 768 confusionis,
3619 703 3819 776 1327
3861 718 3904 762 et

2351 791 2418 846 de
2452 791 2652 846 habitis
2688 791 2868 856 bonis,
2899 807 3117 862 semper
3167 793 3459 849 innovetur
3497 795 3664 849 ardor
3710 796 3903 851 irrcmc-

2352 881 2564 938 diabilis
2585 882 3168 952 coneupiscentiarnm.
3201 881 3371 938 Porro
3415 892 3470 940 ct
3500 884 3566 939 de
3606 884 3781 940 ofﬁcio
3821 902 3908 940 stre

2352 973 2630 1045 religionis
2651 975 3004 1045 opprobrium
3031 991 3098 1032 ac
3123 976 3324 1032 derisio
3353 977 3497 1032 inter
3521 977 3815 1048 afﬂigentes
3845 996 3906 1042 se,

2351 1073 2410 1122 ut
2433 1064 2666 1121 infertur
2692 1066 2824 1121 dira:
2870 1066 3226 1123 crudelitatis.
3279 1067 3419 1136 Quid
3457 1077 3619 1138 putas
3671 1069 3810 1123 inter
3849 1080 3912 1123 tot

2351 1157 2648 1228 angustias,
2677 1158 2808 1228 quid
2829 1157 3105 1214 recordari
3145 1165 3363 1228 poterat
3399 1173 3531 1228 gens
3558 1158 3673 1223 illa,
3707 1160 3908 1224 dierum,

2351 1249 2568 1319 quando
2592 1264 2811 1320 egressa
2838 1250 3008 1306 estde
3040 1248 3271 1320 [Egypto
3309 1265 3431 1305 cum
3478 1251 3650 1321 signis
3680 1261 3737 1305 et
3775 1253 3912 1307 mira-

2351 1341 2548 1396 bilibus
2578 1341 2778 1413 (Exod.
2807 1349 2954 1414 xrv);
2987 1343 3204 1413 quando
3234 1344 3315 1400 eis
3345 1345 3488 1400 Deus
3533 1345 3643 1400 dux
3694 1355 3831 1411 erat,
3871 1355 3912 1400 et

2351 1448 2534 1487 comes
2572 1433 2814 1500 itineris;
2846 1435 3065 1504 quando
3094 1433 3344 1490 columna
3403 1435 3546 1505 ignis
3593 1438 3910 1505 praecedebat

2351 1522 2406 1578 in
2436 1532 2616 1588 nocte,
2641 1530 2698 1578 et
2726 1523 2977 1578 columna
3007 1525 3166 1580 nubis
3191 1525 3313 1592 die;
3368 1526 3588 1597 quando
3632 1526 3827 1584 fluebat
3850 1530 3910 1583 eis

2351 1628 2550 1668 manna
2590 1615 2654 1670 de
2681 1614 2821 1671 cosio
2851 1614 3050 1685 (Exod.
3081 1616 3228 1686 xvr);
3261 1624 3315 1672 et
3341 1625 3526 1676 castra
3555 1619 3640 1674 eis
3671 1619 3911 1676 exercitus

2349 1705 2667 1777 angelorum
2699 1723 2711 1760 :
2743 1706 2826 1762 vel
2856 1707 3024 1762 multa
3054 1707 3181 1764 talia
3203 1715 3261 1764 et
3288 1708 3601 1779 huiusmodi
3631 1709 3773 1766 facta
3810 1711 3910 1766 huic

2347 1798 2544 1870 populo
2568 1815 2689 1870 quae
2742 1799 3029 1872 leguntur?
3077 1800 3217 1868 Quid
3266 1811 3428 1872 putas
3475 1802 3725 1858 omnium
3758 1819 3908 1858 rerum

2348 1887 2784 1944 desiderabilium
2814 1906 2938 1945 cum
2965 1891 3402 1956 recordareutur,
3439 1891 3662 1960 quantis
3695 1899 3909 1962 poterant

2347 1980 2624 2037 doloribus
2683 1981 3053 2053 praegravari?
3099 1980 3261 2036 Juxta
3313 1982 3655 2052 spiritualem
3697 1997 3819 2038 vero
3843 1983 3906 2036 in-

2347 2070 2719 2144 telligentiam,
2746 2070 3041 2128 Jerusalem
3064 2080 3250 2127 nostra
3291 2086 3413 2126 cum
3443 2086 3588 2142 saepe
3636 2073 3901 2136 intueatur,

2345 2163 2489 2233 quod
2519 2162 2681 2219 cadat
2707 2161 2936 2234 populus
2964 2163 3080 2232 ejus
3111 2164 3166 2219 in
3203 2179 3367 2218 manu
3393 2154 3636 2220 hostium
3688 2165 3903 2220 inimico-

2347 2271 2488 2322 rum,
2521 2264 2576 2312 et
2595 2256 2911 2311 recordatur
2959 2255 3168 2310 dierum
3223 2256 3695 2328 praevaricationis
3744 2265 3902 2311 nostra

2345 2354 2506 2416 atque
2531 2344 2904 2413 aﬂlictionum,
2936 2347 3132 2417 quibus
3168 2347 3547 2418 impugnamur
3577 2349 3648 2404 ab
3672 2349 3902 2410 hostibus,

2344 2437 2474 2508 quid
2509 2437 2723 2493 videtur
2751 2448 2989 2509 quantus
3020 2438 3302 2494 immineat
3348 2439 3527 2495 luctus
3571 2455 3636 2494 ac
3667 2439 3907 2510 gemitus?

2343 2529 2479 2584 Cum
2506 2542 2636 2599 ergo
2660 2527 2797 2582 alius
2819 2542 2918 2598 per
2939 2527 3271 2599 superbiam,
3297 2528 3435 2584 alius
3485 2544 3587 2598 per
3625 2530 3907 2592 avaritiam,

2343 2617 2481 2674 alius
2516 2633 2646 2674 vero
2673 2633 2768 2687 per
2793 2617 3060 2672 luxuriam
3083 2619 3290 2673 corruit
3345 2618 3399 2672 iu
3447 2617 3679 2689 ﬂagitia,
3729 2632 3908 2673 necnon

2343 2721 2397 2770 et
2427 2727 2521 2780 per
2544 2710 2728 2766 mundi
2751 2711 3142 2767 oblectamenta
3166 2712 3456 2782 carnisque
3477 2695 3772 2768 desideria.
3797 2710 3910 2766 Cum

2343 2802 2541 2856 multos
2569 2801 2766 2856 cadere
2794 2800 3036 2872 quotidie
3065 2801 3365 2871 conspiciat
3394 2802 3448 2856 in
3495 2817 3666 2856 manu
3697 2801 3908 2858 hostium

2343 2889 2713 2958 inimicorum,
2741 2891 2871 2961 quid
2913 2890 3150 2946 aestimas
3177 2906 3375 2962 sponsa
3424 2891 3630 2948 Christi
3683 2892 3817 2946 inter
3845 2899 3912 2944 tot

2340 2982 2683 3037 miseriarum
2710 2991 3021 3038 nostrarum
3043 2981 3248 3037 scelera
3279 2990 3335 3036 et
3363 2983 3586 3050 damna,
3629 2992 3826 3053 quanta
3863 2983 3907 3034 in

2345 3075 2459 3130 suis
2485 3073 2673 3130 electis
2709 3090 2809 3146 pro
2845 3075 3002 3132 nobis
3027 3074 3280 3130 adhibeat
3305 3075 3566 3141 lamenta,
3594 3085 3910 3147 quantasque

655 3176 919 3232 doctrinae
943 3182 1224 3238 tractatus,
1260 3172 1314 3227 in
1342 3172 1539 3242 quibus
1566 3171 1820 3226 resistere
1837 3135 2024 3226 debuit
2052 3181 2241 3239 perse-
2269 3135 2314 3195 Ο
2345 3163 2644 3238 lacrymas?
2664 3135 2868 3222 Deinde
2893 3182 3015 3222 cum
3041 3135 3669 3232 reoordatur,charitate
3691 3167 3908 3239 perfusa,

654 3266 947 3339 quentibus
974 3281 1034 3322 se
1073 3265 1306 3320 inimicis
1356 3279 1421 3319 ac
1454 3262 1821 3318 minantibus:
1851 3275 2038 3317 verum
2066 3258 2240 3331 magis

655 3357 866 3413 defecto
894 3357 1159 3412 virtutum
1212 3355 1429 3419 robore,
1482 3354 1595 3409 suis
1645 3353 1868 3410 astricta
1917 3351 2238 3407 delictorum

654 3450 901 3518 nexibus,
931 3448 1248 3521 propellitur
1286 3449 1340 3504 in
1370 3447 1579 3503 foveam
1626 3456 1844 3504 zelernae
1881 3443 2234 3502 confusionis.

1374 3598 1511 3637 ΖΑΙΝ.

725 3721 790 3775 Et
817 3723 1088 3776 recordata
1121 3731 1195 3775 est
1233 3720 1528 3775 Jerusalem
1550 3722 1753 3776 dierum
1780 3719 2072 3791 aﬂiictionis
2100 3736 2232 3784 sua',

649 3815 1099 3886 prrevuricationis
1123 3833 1141 3868 :
1169 3815 1398 3868 omnium
1423 3813 1845 3868 desiderabilium
1870 3828 2084 3866 suorum
2114 3827 2234 3881 qua?

651 3906 904 3958 habuerat
932 3922 963 3957 a
989 3904 1170 3957 diebus
1200 3903 1429 3972 antiquis
1471 3919 1588 3956 cum
1619 3902 1825 3956 caderet
1855 3901 2078 3971 populus
2119 3901 2234 3970 ejus

649 3996 705 4057 in
733 4011 894 4048 manu
924 3993 1120 4048 hostili.
1147 3993 1260 4048 Non
1297 3991 1363 4046 ad
1407 3991 1854 4054 consolationem,
1901 3992 1995 4045 sed
2027 3989 2094 4044 ad
2139 3990 2233 4045 do-

650 4087 821 4142 lorem
856 4087 1028 4158 magis
1055 4094 1111 4141 et
1131 4085 1332 4142 luctum
1362 4085 1642 4139 recordata
1683 4083 1880 4137 dicitur
1906 4081 2228 4146 Jerusalem,

649 4197 770 4234 cum
803 4179 1009 4233 caderet
1029 4177 1250 4249 populus
1279 4178 1333 4230 in
1356 4193 1516 4231 manu
1542 4174 1720 4228 hostili
1751 4175 1982 4228 omnium
2023 4171 2229 4226 deside-

649 4270 896 4324 rabilium
925 4286 1142 4326 suorum
1163 4285 1278 4339 quia
1306 4267 1583 4331 habuerat,
1613 4266 1740 4335 quia
1787 4267 1889 4319 hoc
1918 4274 2002 4320 est
2047 4263 2228 4333 perfe-

646 4372 732 4420 cta
757 4364 914 4429 ultio,
939 4379 1045 4419 non
1075 4370 1133 4416 ut
1163 4359 1340 4416 minus
1368 4359 1552 4414 doleas
1573 4374 1671 4430 pro
1695 4359 1851 4414 bonis
1881 4375 2000 4430 qua:
2025 4358 2228 4413 habue-

645 4472 738 4514 ras
761 4457 828 4511 ab
857 4455 1104 4511 hostibus
1132 4452 1377 4522 direptis,
1408 4467 1571 4524 quam
1610 4466 1732 4520 quae
1759 4465 1857 4520 pro
1899 4449 2072 4512 malis,
2106 4465 2226 4519 quae

644 4548 869 4611 toleras,
898 4545 966 4600 ab
990 4545 1194 4600 eisdem
1221 4543 1338 4600 sine
1367 4542 1476 4597 ulla
1507 4541 1877 4597 consolatione
1902 4540 1996 4595 tibi
2040 4539 2222 4594 illatis.

642 4640 709 4694 Et
732 4639 847 4694 haec
869 4647 953 4692 est
971 4636 1126 4701 Zain,
1150 4651 1269 4706 qua:
1299 4636 1351 4688 in
1383 4632 1651 4704 principio
1679 4641 1915 4688 notatur.
1962 4631 2096 4686 Zain
2142 4646 2228 4685 er-

641 4748 711 4802 go
755 4731 936 4786 littera
984 4729 1096 4783 lucc
1145 4741 1339 4782 sonare
1383 4726 1598 4790 dicitur,
1635 4734 1695 4780 ut
1724 4725 1795 4781 sit
1823 4724 2009 4780 titulus
2038 4723 2229 4780 dictio-

640 4822 747 4885 nis,
782 4819 926 4890 quod
969 4817 1084 4874 haec
1134 4817 1205 4872 sit
1251 4815 1431 4872 divina
1481 4823 1831 4885 peccatorum
1878 4811 2229 4883 perfectaque

640 4900 774 4972 ultio
800 4915 957 4984 longe
988 4928 1018 4966 a
1049 4910 1245 4966 divina:
1268 4907 1400 4978 legis
1437 4907 1608 4962 latore
1647 4905 1847 4962 Iuda-is
1875 4905 2225 4976 repromissa,

639 5021 764 5078 cum
796 5003 1019 5061 caderet
1045 5001 1100 5060 in
1131 4999 1380 5062 manibus
1404 4998 1660 5064 hostium,
1698 4996 1840 5067 quod
1871 4997 2050 5052 nullus
2081 4996 2222 5051 futu-

640 5114 732 5156 rus
761 5105 907 5154 esset
929 5098 1010 5152 eis
1033 5096 1341 5160 auxiliator,
1373 5095 1482 5150 imo
1513 5112 1526 5148 :
1562 5092 1840 5157 Viderunt,
1875 5094 2072 5164 inquit,
2105 5110 2219 5147 eam

637 5189 808 5243 hostes
836 5189 973 5259 ejus,
1007 5197 1057 5262 et
1086 5187 1378 5241 deriserunt
1416 5184 1632 5238 sabbata
1661 5184 1792 5253 ejus.
1825 5183 1977 5250 Quod
2028 5193 2083 5236 et
2122 5198 2222 5238 nos

636 5299 809 5353 usque
839 5282 997 5338 hodie
1021 5281 1270 5346 facimus,
1294 5281 1540 5336 videntes
1566 5279 1741 5334 otiosa
1785 5288 1839 5334 et
1884 5292 2220 5347 supervacua

636 5375 861 5430 sabbata
921 5373 1228 5430 Judzeorum
1297 5373 1604 5436 deridemus
1638 5371 1930 5442 :quoniam
1991 5385 2114 5426 eum
2164 5371 2216 5424 in

636 5484 797 5539 quem
831 5469 1188 5540 requiescere,
1239 5484 1368 5526 vera
1427 5467 1636 5538 requie.
1702 5466 2020 5531 debuerant,
2076 5467 2218 5536 peri-

637 5568 848 5616 mentes
870 5560 1188 5616 amiserunt.
1223 5561 1290 5615 Et
1318 5561 1434 5614 haec
1463 5569 1548 5614 est
1573 5558 1655 5628 (ut
1690 5556 1948 5627 diximus)
1977 5556 2216 5625 perfecta

640 5650 961 5706 delictorum
995 5652 1405 5722 compensatio:
1446 5651 1677 5720 primum
1736 5649 1788 5704 in
1837 5647 2085 5703 manibus
2123 5647 2215 5701 ho-

642 5739 810 5797 stium
849 5743 1064 5810 cadere,
1109 5743 1300 5797 deinde
1348 5743 1616 5799 recordari
1656 5756 1759 5797 non
1802 5741 1974 5796 solum
2008 5740 2215 5795 dierum

2343 3261 2583 3316 omnium
2600 3260 3038 3316 desiderabilium
3059 3275 3180 3333 qua“:
3200 3261 3356 3318 nobis
3383 3261 3440 3316 in
3467 3262 3781 3318 ccclestibus
3800 3269 3910 3316 sunt

2343 3353 2467 3407 data
2491 3352 2734 3408 omnium
2765 3360 3079 3408 sanctorum
3102 3352 3396 3418 consortia,
3428 3353 3577 3407 unde
3603 3363 3662 3408 et
3687 3368 3784 3408 nos
3801 3365 3910 3422 pro-

2342 3446 2593 3511 labimur,
2618 3453 2672 3501 et
2695 3446 2807 3516 ipsa
2823 3446 3218 3518 peregrinatur.
3242 3445 3437 3514 Quaeso
3465 3456 3674 3516 quanto
3696 3459 3909 3502 mmora

2339 3537 2592 3604 afficitur,
2645 3539 2885 3612 cogitare
2929 3553 3035 3593 non
3081 3538 3281 3610 pigeat,
3309 3539 3638 3609 praesertim
3695 3554 3818 3594 cum
3866 3544 3910 3588 et

2341 3627 2699 3684 solemnitatis
2720 3637 2919 3684 nostra:
2943 3628 3104 3697 atque
3150 3627 3375 3684 sabbata
3415 3628 3782 3684 festivitatum
3818 3639 3904 3680 non

2340 3725 2520 3779 minus
2558 3722 2829 3779 violantur
2855 3737 2886 3778 a
2917 3722 3097 3789 nobis,
3127 3736 3288 3792 quam
3309 3730 3366 3776 et
3402 3721 3472 3777 ab
3507 3723 3761 3778 hostibus
3792 3718 3915 3773 deri-

2338 3816 2578 3881 dentur;
2607 3827 2818 3869 necnon
2845 3813 2935 3870 ubi
2963 3813 3046 3867 vel
3082 3812 3206 3883 quis
3243 3812 3315 3868 sit
3356 3813 3502 3868 Deus
3550 3822 3758 3877 noster,
3817 3808 3914 3862 fre-

2337 3918 2568 3980 quenter
2603 3907 2884 3978 quaeritur.
2916 3905 3072 3974 Unde
3102 3920 3239 3960 unus
3269 3913 3586 3960 sanctorum
3615 3924 3630 3958 :
3660 3903 3917 3960 Fuerunt.

2336 4001 2672 4071 inquit,mihi
2693 3999 2940 4070 lacryma:
2964 4015 3091 4053 mere
3115 4014 3276 4068 panes
3303 3997 3388 4052 die
3409 4014 3473 4051 ac
3496 4007 3671 4061 nocte,
3699 3996 3826 4048 dum
3849 3992 3917 4044 di-

2334 4096 2472 4147 citur
2494 4090 2902 4164 mihi'quotidie,
2939 4091 3028 4145 ubi
3073 4100 3148 4146 est
3196 4090 3338 4146 Deus
3377 4090 3541 4144 tuus?
3587 4084 3920 4159 (Psal.x1.t.)

2335 4184 2642 4240 Secundum
2671 4181 2930 4238 moralem
2956 4197 3086 4237 vero
3114 4180 3549 4252 intelligentiam,
3583 4181 3778 4235 anima
3805 4185 3923 4229 tunc

2333 4279 2462 4334 licet
2491 4294 2612 4334 sero
2637 4277 2952 4333 recordatur
2969 4276 3210 4330 omnium
3233 4273 3686 4332 desiderabilium
3711 4283 3926 4328 suorum

2331 4386 2452 4426 cum
2481 4368 2747 4438 conspicit
2793 4383 2852 4423 se
2883 4366 3121 4436 undique
3167 4367 3234 4420 ab
3285 4365 3582 4420 immundis
3651 4360 3926 4434 spiritibus

2331 4460 2549 4523 arctari,
2583 4470 2634 4515 et
2664 4459 2716 4514 in
2750 4475 2910 4514 manu
2938 4458 3116 4514 hostili
3146 4471 3336 4513 omnes
3365 4448 3596 4511 allectus
3628 4457 3721 4512 sui
3760 4451 3928 4510 cordis

2331 4567 2606 4617 corruere,
2635 4549 2720 4606 vel
2739 4549 2998 4621 quidquid
3023 4549 3076 4603 in
3113 4563 3177 4603 ea
3208 4558 3358 4604 stare
3385 4548 3679 4603 'securius
3712 4542 3924 4600 videba-

2333 4653 2440 4709 tur,
2463 4642 2644 4698 omnia
2686 4640 2787 4696 sibi
2834 4656 2934 4712 pro
2977 4639 3232 4694 vastitate
3261 4640 3577 4694 daemonum
3621 4639 3682 4692 in
3725 4635 3925 4691 ruinam

2332 4735 2518 4791 venire
2547 4733 2766 4791 ultionis
2801 4733 3017 4789 divinae.
3045 4731 3198 4787 Tunc
3230 4732 3430 4802 quippe
3449 4725 3926 4800 praevaricationis

2329 4824 2513 4880 omnia
2559 4822 2701 4878 facta
2757 4830 3072 4887 occurrunt,
3117 4829 3246 4877 tunc
3295 4820 3616 4877 afllictionis
3663 4820 3922 4892 pessima.

2333 4933 2439 4987 qua
2468 4931 2567 4984 per
2587 4915 2756 4970 multa
2781 4915 3131 4970 oberraverat
3155 4912 3415 4976 facinora,
3445 4913 3810 4974 recordatio,
3829 4921 3924 4962 non

2327 5004 2392 5062 ad
2429 5003 2741 5076 suffragium
2765 5003 3169 5066 consolationis,
3197 5002 3290 5058 sed
3318 5002 3542 5073 1328
3571 5003 3651 5057 ad
3676 5013 3928 5073 augmen-

2325 5104 2439 5151 tum
2461 5110 2632 5172 pmna:
2651 5095 2909 5160 occurrit,
2928 5093 3238 5164 juxtaillud
3259 5094 3400 5164 quod
3417 5092 3756 5165 (Scriptura
3778 5090 3929 5159 teste)

2324 5187 2473 5258 impii
2498 5196 2624 5241 sunt
2661 5187 2716 5241 in
2763 5186 2974 5242 inferno
3003 5186 3198 5242 dicturi
3227 5210 3238 5240 :
3275 5185 3601 5243 Erravimus
3637 5207 3773 5260 ergo
3802 5205 3835 5241 α
3857 5186 3930 5241 ria

2323 5282 2579 5345 veritatis,
2610 5291 2657 5336 et
2683 5281 2906 5352 justiliw
2950 5281 3097 5335 nobis
3140 5279 3320 5337 lumen
3363 5296 3469 5333 non
3517 5279 3703 5347 luant,
3734 5282 3815 5336 soi
3839 5295 3932 5333 nos

2327 5381 2400 5440 est
2439 5383 2584 5427 orlus
2607 5371 2752 5426 nobis
2775 5385 2792 5422 :
2824 5370 3007 5425 lassati
3031 5387 3211 5426 sumus
3233 5371 3286 5423 in
3312 5371 3394 5424 via
3415 5370 3744 5441 iniquitatis
3767 5381 3933 5442 etpa-

2328 5467 2577 5521 dilionis:
2629 5467 2737 5521 vias
2777 5465 3161 5521 ambulavimus
3204 5465 3461 5536 diﬁiciles,
3507 5467 3670 5522 viam
3729 5463 3934 5522 Denisi

2328 5557 2682 5628 ignoravimus
2713 5554 2867 5628 (Sap.
2901 5556 2976 5626 v).
3000 5553 3140 5622 Quid
3186 5553 3342 5610 nobis
3386 5551 3612 5625 profuit
3657 5554 3934 5628 superbia.

2329 5655 2422 5700 aut
2444 5647 2573 5716 quid
2595 5647 2906 5702 divitiarum
2932 5644 3206 5716 opulentia
3242 5644 3476 5700 contulit
3493 5647 3720 5704 nobis?
3744 5647 3935 5704 Trans-

2328 5739 2504 5793 ierunt
2545 5740 2722 5794 omnia
2763 5739 2847 5793 illa
2881 5747 3136 5808 tanquam
3165 5735 3354 5792 umbra
3392 5737 3628 5804 mortis,
3679 5739 3740 5796 in
3791 5735 3912 5795 mali
