4048 6352
198 328 334 384 I077

944 327 1306 385 EXPOSITIO
1344 328 1412 384 IN
1448 327 2030 386 LAMENTATIONES
2069 330 2404 388 JEREMIA'I.
2447 363 2518 376 —-
2556 333 2681 388 LIB.
2723 334 2762 388 I.

3351 333 3487 388 I038

196 441 406 513 gnitate
438 449 622 496 nostra
653 441 957 511 consumpti
1010 457 1214 497 sumus.
1252 441 1364 497 Nec
1404 441 1625 498 dubium
1657 442 1786 514 quin
1817 449 1865 506 Α
1894 444 2150 514 dissipant
2175 446 2279 500 sive
2313 448 2625 502 conturbant
2651 447 2789 518 (lsa.
2819 451 2924 518 tu).
2958 446 3158 503 Volens
3183 446 3405 502 Scribas
3432 457 3489 502 et

197 536 451 592 derident
473 535 575 605 ipsi
599 536 778 607 magni
804 533 1040 606 Spiritus
1067 537 1260 600 otium,
1285 537 1429 606 quod
1462 537 1794 608 negligentes

197 629 472 683 inutiliter
502 629 728 694 ducunt,
765 642 865 698 per
897 629 1180 698 praesentis
1213 630 1340 684 vitae
1370 629 1564 698 spatia.
1588 629 1794 686 Idcirco

195 721 448 791 sequitur
471 739 485 774 :
517 718 768 775 Viderunt
806 721 978 776 hostes
1001 732 1047 774 et
1074 722 1368 776 deriserunt
1398 719 1630 793 Sabbqta
1656 722 1791 792 ejus.

197 813 403 869 Hostes
429 811 575 867 enim
603 811 840 867 Sabbata
875 812 1121 866 videntes
1165 813 1360 866 animae
1390 821 1521 868 tunc
1565 812 1795 867 irrident

193 919 328 959 cum
349 901 570 972 maligni
598 902 822 972 spiritus
859 901 973 972 ipse
1003 901 1304 956 vacationis
1347 908 1550 958 nostra:
1577 901 1687 958 otia
1721 901 1791 957 ad

192 994 559 1066 cogitationes
589 993 805 1049 illicitas
833 995 1177 1064 pertrahunt.
1214 992 1353 1060 Quid
1400 993 1558 1050 valde
1604 1009 1794 1050 mona-

192 1086 320 1140 chis
350 1085 764 1154 praecavendum
791 1092 898 1150 est,
949 1084 1034 1139 vel
1074 1084 1160 1140 bis
1207 1085 1300 1155 qui
1349 1085 1530 1142 seaculi
1582 1086 1794 1143 actibus

191 1190 399 1230 vacare
429 1175 700 1240 videntur,
729 1190 796 1230 ne
824 1172 964 1230 forte
992 1175 1149 1230 vanis
1190 1185 1524 1246 occupentur
1576 1177 1791 1244 studiis,

191 1276 468 1322 eteorum
511 1265 750 1321 Sabbata
779 1281 888 1322 non
925 1266 1098 1322 solum
1123 1267 1192 1322 ab
1220 1266 1436 1324 interno
1483 1268 1786 1338 reproben-

195 1369 289 1410 tur
327 1356 534 1426 judice,
575 1371 764 1412 verum
822 1357 1173 1412 derideantur
1217 1358 1287 1414 ab
1339 1359 1605 1416 hostibus.
1656 1358 1794 1421 Nam

193 1463 540 1519 unaquzeque
575 1449 757 1504 anima
786 1465 907 1519 quae
933 1458 1140 1505 remota
1171 1451 1240 1506 ab
1269 1453 1512 1509 externis
1565 1454 1794 1522 actioni-

190 1541 303 1595 hus
333 1540 540 1595 servire
567 1539 680 1599 Deo
709 1541 971 1608 creditur,
997 1557 1062 1596 eo
1094 1542 1269 1614 magis
1296 1559 1486 1600 eorum
1519 1547 1792 1617 tyrannidi

193 1629 388 1684 illicita
414 1630 701 1699 cogitando
727 1630 1041 1688 famulatur.
1076 1633 1231 1709 Quod
1255 1635 1392 1692 side
1415 1636 1570 1693 vanis
1589 1639 1792 1709 cogita-

196 1721 440 1776 tionibus
497 1731 684 1778 nostra
739 1723 976 1779 Sabbata
1021 1708 1360 1793 deridentur,
1406 1708 1793 1798 pertimescen-

1900 536 2204 594 Pharisaeos
2226 541 2518 595 ostendere
2536 582 2550 605 ,
2580 556 2716 610 quos
2743 541 2885 598 idem
2917 541 3177 612 preplteta
3205 548 3488 599 exactores

1897 628 2230 700 appellarat,
2266 646 2373 686 non
2424 633 2745 702 magistros,
2779 648 2986 688 necnon
3027 644 3082 689 et
3113 650 3277 705 supra
3304 634 3490 690 illuse-

1898 736 2015 787 res,
2049 722 2140 791 qui
2187 733 2409 794 propter
2457 741 2682 780 munera
2727 741 2847 795 quae
2875 736 3150 782 exerceant
3193 727 3354 783 ctiam
3400 704 3497 787 sal

1896 814 2138 884 pientes,
2179 831 2284 871 non
2315 818 2488 873 solum
2514 829 2834 886 peccatores
2865 821 2918 874 in
2944 821 3145 890 populo
3172 836 3280 876 non
3309 804 3496 877 corriJ

1895 907 2150 978 piebant,
2189 924 2377 965 verum
2400 927 2500 982 pro
2534 912 2742 970 divitiis
2789 923 2951 984 atque
2995 914 3108 970 suis
3155 915 3484 980 commodis,

1895 998 2108 1069 magnis
2139 997 2438 1056 elferebant
2489 1003 2756 1060 laudibus.
2811 1005 2877 1059 Et
2924 1005 3052 1060 hinc
3093 1020 3124 1060 e
3172 1006 3489 1069 contrario,

1894 1089 2048 1159 plebs
2075 1091 2391 1163 delinquens
2438 1097 2624 1152 beatos
2669 1099 2900 1153 vocabat
2939 1112 3065 1164 eos,
3114 1105 3170 1153 et
3210 1097 3491 1154 columnas

1896 1179 2089 1238 domus
2126 1182 2261 1248 Dei,
2294 1194 2348 1240 et
2393 1193 2585 1241 castera
2633 1203 2754 1258 quae
2784 1187 2959 1243 solent
3001 1187 3312 1244 adulatores
3356 1202 3486 1258 pro-

1896 1271 2060 1329 ferre.
2092 1273 2218 1346 Ipsa
2243 1276 2462 1350 (inquit)
2493 1295 2700 1350 gemens
2729 1290 2776 1334 et
2799 1297 3048 1334 conversa
3073 1290 3146 1334 est
3179 1289 3485 1334 retrorsum.

1893 1364 2148 1422 Formam
2187 1370 2444 1440 exprimit
2470 1386 2659 1426 eorum
2687 1372 2779 1440 qui
2813 1371 3160 1440 captivantur
3183 1371 3326 1441 quod
3358 1371 3488 1425 dum

1894 1466 2024 1512 eunt
2048 1467 2173 1514 ante
2197 1457 2391 1516 faciem
2422 1462 2834 1531 subsequentis,
2878 1462 3193 1533 frequenter
3216 1471 3365 1517 retro
3398 1476 3486 1516 re-

1895 1548 2133 1618 spiciunt
2159 1551 2403 1606 dolentes
2433 1553 2498 1606 ad
2540 1553 2712 1608 solum
2741 1554 2964 1623 patriae,
2998 1553 3238 1609 dulciora
3271 1569 3333 1610 ea
3368 1569 3488 1622 quae

1894 1648 2045 1696 retro
2077 1649 2237 1706 sunt,
2272 1641 2574 1712 cogitantes
2600 1659 2664 1698 ac
2687 1651 2966 1712 gementes
2993 1643 3287 1714 suspirant.
3323 1643 3490 1698 Caete-

1896 1745 2016 1784 rum
2038 1728 2198 1800 juxta
2223 1745 2522 1801 anagogem
2543 1773 2558 1797 ,
2588 1733 2803 1802 quoties
2838 1743 3020 1789 nostra
3049 1733 3349 1790 Jerusalem
3387 1733 3490 1788 ali-

191 1813 325 1866 dum
350 1811 507 1866 valde
532 1812 661 1883 quid
716 1814 785 1870 de
814 1815 901 1872 his
933 1817 1221 1885 agendum,
1251 1818 1345 1888 qui
1384 1818 1486 1874 sub
1525 1819 1644 1890 ipso
1669 1820 1795 1877 vitae
1823 1810 1870 1870 Β
1899 1835 2006 1890 qua
2037 1819 2367 1890 depravatur
2392 1821 2582 1880 haeresi
2607 1824 2658 1877 in
2687 1824 2806 1879 suis
2832 1824 3120 1889 membris,
3145 1824 3271 1894 quia
3296 1809 3518 1893 pecca?

191 1902 397 1971 spatio,
445 1902 609 1957 etiam
652 1904 805 1960 varia
857 1903 1061 1976 flagitia
1111 1909 1480 1963 committunt.
1537 1909 1693 1967 Unde
1750 1911 1797 1966 si

192 2010 397 2050 vacare
425 1995 693 2063 volumus,
725 1997 829 2052 soli
867 1997 982 2055 Deo
1010 2015 1267 2057 vacemus
1290 2001 1446 2071 juxta
1483 2002 1612 2058 illud
1643 2001 1797 2058 ε·ῑά-

194 2095 318 2138 cale
345 2093 393 2138 et
425 2085 592 2140 videte
631 2087 882 2157 quoniam
907 2090 1086 2144 suavis
1114 2099 1188 2145 est
1211 2089 1469 2148 Dominus
1510 2090 1690 2146 beatus
1720 2092 1799 2147 vir

193 2178 291 2248 qui
318 2188 489 2248 sperat
511 2179 568 2233 in
590 2196 651 2234 eo
673 2179 847 2252 (Psal.
881 2182 1100 2253 xxxnt).

921 2351 1086 2391 BETII.

277 2465 562 2522 Peccatum
588 2471 818 2541 peccavit
861 2470 1180 2539 Jerusalem,
1226 2480 1498 2543 propterea
1539 2473 1796 2529 instabilis

192 2558 344 2627 facta
362 2567 462 2611 est.
479 2557 671 2614 Omnes
683 2560 772 2630 qui
793 2547 1163 2630 igloriﬁcabant
1177 2578 1292 2616 eam
1313 2562 1792 2632 spreveruntjllam.

192 2648 436 2704 Causam
463 2651 717 2707 vindictae
759 2653 813 2707 in
847 2653 1116 2723 principio
1157 2654 1428 2723 expressit
1474 2652 1639 2723 hujus
1668 2668 1795 2710 sen-

113 2808 118 2812 h
197 2740 414 2806 tentias,
441 2740 566 2810 quia
595 2741 664 2797 ob
714 2743 1142 2812 magnitudinem
1187 2743 1452 2800 scelerum
1494 2743 1791 2800 Jerusalem

195 2832 312 2896 illa,
348 2847 472 2902 qua?
505 2833 559 2887 in
590 2836 907 2890 servitutem
947 2836 1134 2906 genuit
1174 2836 1316 2892 ﬁlios
1366 2837 1795 2908 transmigratio-

195 2926 305 2989 nis,
336 2927 642 2996 promuerit
665 2927 954 2984 excidium.
986 2927 1093 2983 Sed
1116 2929 1464 2998 quaerendum
1485 2931 1628 2999 quod
1671 2944 1798 2999 pec-

193 3023 387 3069 catum
413 3018 722 3086 peccaverit
775 3027 882 3073 tam
939 3018 1252 3083 nefandum,
1284 3029 1343 3074 ut
1398 3035 1498 3089 pro
1547 3021 1795 3076 omnibus

193 3104 305 3160 hoc
339 3121 506 3160 unum
545 3116 822 3177 reputetur
849 3108 899 3163 ci
955 3107 1024 3163 ad
1073 3109 1442 3166 damnationis
1479 3109 1797 3165 cumulum?

193 3198 344 3254 Hinc
368 3208 502 3269 puto
525 3202 668 3270 quod
688 3208 742 3257 et
767 3201 1026 3257 Dominus
1048 3201 1102 3256 in
1131 3201 1422 3272 Evangelio
1463 3203 1530 3258 de
1558 3202 1793 3259 Judaeis:
1825 3177 1870 3240 (ἶ

197 3287 265 3345 Si
289 3307 396 3344 non
417 3291 685 3358 venissem,
719 3293 916 3362 inquit,
940 3302 989 3346 et
1011 3292 1215 3347 locutus
1239 3294 1455 3364 fuissent
1491 3296 1586 3359 eis,
1617 3312 1800 3365 pecca-

197 3392 317 3436 tum
342 3399 448 3436 non
473 3384 718 3439 haberent
741 3384 926 3454 (Joan.
966 3385 1079 3455 xv).
1133 3385 1276 3452 Quid
1329 3396 1412 3442 est
1452 3386 1596 3456 quod
1645 3387 1795 3453 dicit,

192 3483 476 3540 peccatum
501 3491 605 3528 non
630 3475 924 3530 haberent?
955 3474 1207 3546 Nunquid
1233 3476 1351 3532 sine
1377 3486 1600 3547 peccato
1643 3486 1801 3533 erant

197 3571 500 3634 antequam
538 3565 789 3622 Christus
840 3568 909 3621 ad
953 3583 1049 3622 eos
1079 3567 1356 3623 venisset?
1390 3567 1522 3635 Quis
1566 3569 1668 3624 hoc
1715 3568 1800 3624 vel

197 3654 565 3711 stultissimus
591 3656 785 3712 dixerit
809 3658 831 3711 ?
862 3657 968 3713 Sed
997 3667 1356 3727 estmagnum
1380 3659 1650 3728 quoddam
1675 3674 1800 3731 pec-

205 3755 444 3801 catum:
486 3748 630 3817 quod
685 3750 930 3818 peccavit
1002 3747 1324 3815 Jerusalem,
1376 3757 1432 3804 et
1486 3748 1628 3820 quod
1671 3751 1798 3821 quia

194 3838 462 3895 Christus
485 3839 636 3894 venit
665 3851 721 3895 et
747 3839 960 3896 loeutus
983 3849 1066 3900 est
1083 3842 1185 3907 eis,
1203 3839 1374 3896 Juda‘i
1400 3839 1721 3908 habuerunt,
1745 3851 1801 3899 et

195 3944 314 3983 non
345 3928 412 3983 de
435 3929 583 3984 omni
613 3939 833 4000 peccato
861 3932 1066 3987 dictum
1084 3930 1472 4002 accipiendum.
1495 3931 1591 3988 Est
1619 3941 1799 3988 autem

203 4019 430 4090 1329
458 4019 672 4089 aliquod
705 4031 986 4091 peccatum
1018 4038 1126 4093 quo
1167 4032 1419 4078 tenentur
1459 4024 1640 4077 omnia
1678 4039 1802 4093 pec-

195 4120 333 4165 cata
353 4150 369 4175 ,
401 4112 545 4180 quod
579 4113 624 4167 si
653 4114 1029 4183 unusquisque
1054 4129 1160 4169 non
1199 4115 1424 4179 habeat,
1455 4113 1802 4170 dimittuntur

193 4203 253 4258 ei
285 4212 484 4258 cuncta
510 4213 748 4273 peccata.
783 4205 897 4260 Iloc
925 4214 1009 4260 est
1047 4205 1205 4275 plane
1233 4213 1518 4274 peccatum
1548 4206 1798 4262 incredu-

196 4293 380 4347 litatis
399 4333 414 4356 ,
443 4309 552 4363 quo
575 4309 707 4364 gens
736 4295 826 4348 illa
857 4311 1075 4365 semper
1105 4295 1206 4349 fuit
1247 4295 1464 4351 detenta
1483 4338 1498 4364 ,
1529 4295 1668 4352 idola
1707 4311 1799 4352 co-

193 4383 372 4438 lendo
403 4401 415 4436 :
439 4384 567 4452 quia
595 4385 649 4439 in
675 4384 954 4442 Christum
979 4388 1202 4442 credere
1222 4387 1537 4454 noluerunt,
1559 4388 1652 4458 qui
1678 4404 1801 4459 pro-

189 4485 397 4546 pterea
428 4476 610 4542 venit,
634 4485 693 4532 ut
718 4478 1034 4534 crederetur
1075 4479 1128 4533 in
1159 4495 1303 4534 eum.
1334 4479 1487 4546 Quod
1517 4495 1648 4536 sane
1673 4495 1802 4550 pec—

189 4568 486 4631 catum,si
531 4584 636 4622 non
660 4571 918 4635 venisset,
957 4585 1064 4625 non
1091 4570 1276 4640 utique
1322 4570 1588 4626 haberent
1614 4570 1798 4643 (Joan.

189 4661 323 4730 xv).
375 4659 657 4714 Adventus
705 4661 905 4732 quippe
951 4661 1096 4731 ejus,
1143 4671 1405 4732 quantutn
1455 4663 1802 4718 credentibus

189 4754 467 4811 salutaris
487 4794 503 4820 ,
530 4762 738 4808 tantum
764 4770 870 4810 non
898 4756 1250 4811 credentibus
1271 4795 1286 4820 ,
1309 4755 1603 4811 exitiabilis
1626 4755 1803 4811 factus

185 4857 312 4904 est.
333 4847 489 4903 Unde
517 4848 776 4904 Dominus
801 4848 978 4904 videns
1003 4848 1265 4902 civitatem
1292 4845 1459 4913 illam,
1482 4847 1620 4916 ﬂevit
1647 4864 1805 4918 super

187 4959 324 4998 eam
350 4957 369 4993 :
400 4942 526 5013 quia
550 4943 599 4997 si
637 4944 962 5012 eognovisses
987 4941 1205 5011 (inquit)
1241 4949 1287 4994 et
1311 4950 1368 4994 tu
1389 4980 1404 5006 ,
1432 4948 1492 4993 ut
1515 4940 1806 4996 subaudia-

189 5043 298 5089 tur
328 5031 513 5087 ﬂeres.
538 5032 741 5088 Deinde
770 5047 992 5088 causam
1027 5032 1111 5087 sui
1140 5030 1296 5087 ﬁctus
1319 5030 1603 5086 denuntiat
1630 5048 1644 5084 :
1679 5029 1805 5085 Non

187 5127 506 5196 relinquerat
543 5128 600 5181 in
628 5138 676 5182 te
698 5126 925 5198 lapidem
966 5143 1122 5198 super
1151 5126 1378 5196 lapidem
1401 5141 1420 5179 :
1442 5143 1501 5180 eo
1522 5126 1660 5197 quod
1701 5143 1806 5181 non

185 5217 513 5287 cognoveris
543 5226 743 5287 tempus
787 5219 1096 5273 uisitationis
1132 5227 1236 5271 tua:
1272 5214 1422 5286 (Luc.
1458 5218 1595 5286 xix).
1651 5215 1805 5285 Quod

184 5309 334 5380 quia
358 5325 467 5364 non
490 5311 742 5382 cognovit
760 5311 1084 5376 Jerusalem,
1099 5317 1154 5365 et
1175 5325 1390 5379 semper
1411 5309 1694 5365 idololatra
1710 5327 1804 5367 ex-

181 5401 424 5457 stiterat
462 5412 521 5458 et
557 5403 855 5470 incredula,
885 5402 1087 5459 idcirco
1119 5401 1388 5458 instabilis
1425 5399 1571 5458 facta
1606 5410 1710 5467 est,
1749 5411 1805 5457 et

185 5510 312 5550 non
335 5504 426 5551 est
450 5496 504 5550 in
521 5511 585 5551 ea
615 5495 750 5566 lapis
764 5509 924 5565 super
948 5493 1179 5564 lapidem
1209 5489 1604 5550 derclictus.’Et
1626 5509 1801 5547 omnes

182 5589 293 5659 qui
320 5586 693 5659 gloriﬁcabant
719 5603 834 5642 eam
855 5628 872 5650 ,
897 5594 1196 5657 spreverunt
1220 5602 1336 5639 eam
1365 5598 1384 5638 .'
1407 5583 1532 5658 quia
1559 5585 1800 5640 viderunt

181 5680 557 5749 ignominiam
597 5680 732 5749 ejus.
772 5677 934 5735 Juxta
980 5677 1110 5734 illud
1154 5676 1349 5734 Isaiae:
1385 5676 1587 5747 Popule
1625 5693 1798 5743 meus,

180 5774 370 5845 quite
400 5773 729 5842 beati/imm,
759 5775 855 5846 ipsi
886 5783 932 5829 te
951 5773 1246 5844 decipiunt,
1279 5781 1326 5827 et
1360 5771 1492 5826 uiam
1530 5786 1800 5842 gressnum

1832 4531 1881 4592 D

1901 1912 1980 1965 vit
2007 1919 2322 1982 peccatum,
2358 1912 2626 1968 instabilis
2653 1924 3004 1986 pervagatur,
3042 1923 3097 1970 et
3127 1915 3272 1970 nulla
3304 1914 3492 1970 solidi-

1902 2012 2013 2061 tate
2039 2004 2164 2061 ﬁdei
2195 2005 2286 2060 ubi
2313 2005 2397 2060 vel
2426 2007 2512 2060 ubi
2543 2006 2750 2077 ﬁgitur,
2778 2021 2844 2062 eo
2873 2007 3017 2077 quod
3044 2007 3170 2076 quia
3205 2006 3490 2062 videbatur

1901 2094 2126 2151 fundata
2149 2110 2313 2166 super
2341 2095 2671 2151 soliditatem
2701 2104 2868 2166 petrae
2889 2137 2904 2162 ,
2946 2111 3067 2167 qua:
3093 2093 3342 2152 Christus
3375 2103 3492 2160 est,

1901 2188 1957 2244 in
1987 2202 2054 2244 eo
2081 2188 2256 2244 noluit
2280 2203 2623 2258 permanere.
2657 2187 2805 2257 Quos
2849 2188 2941 2259 qui
2970 2188 3347 2259 gloriﬁcabant
3375 2187 3494 2259 ple-

1900 2277 2023 2335 beio
2051 2278 2279 2344 aﬁ'ectu,
2311 2294 2435 2334 cum
2483 2280 2720 2336 viderint
2765 2279 3120 2352 ignominiam
3169 2294 3358 2336 eorum
3391 2280 3492 2335 de-

1901 2374 2104 2428 tectam
2125 2412 2140 2438 ,
2170 2379 2226 2426 et
2251 2371 2626 2428 conculcatam
2657 2373 2726 2428 ab
2752 2371 3074 2428 orthodoxis
3114 2372 3367 2442 verisque
3395 2386 3492 2427 ca-

1902 2461 2153 2529 tholicis,
2203 2471 2466 2532 spernunt
2505 2471 2560 2522 et
2595 2464 2938 2520 detestantur
2966 2478 3094 2529 eos,
3124 2478 3247 2518 cum
3293 2463 3494 2518 abhor-

1898 2554 2113 2610 ruerint
2137 2554 2280 2624 quod
2305 2555 2555 2611 conversi
2579 2564 2705 2611 sunt
2725 2564 3046 2613 retrorsum.
3072 2554 3178 2612 Sed
3199 2556 3324 2625 quia
3349 2553 3492 2614 Heth

1899 2645 2028 2702 huic
2055 2645 2314 2717 sapphico
2344 2647 2694 2717 praeponitur,
2727 2648 2871 2718 quod
2921 2647 3026 2703 vita
3069 2647 3484 2716 interpretatur,

1897 2739 2248 2809 qumrendum
2284 2740 2554 2809 quomodo
2601 2749 2749 2796 recte
2778 2740 2832 2796 in
2877 2740 3143 2811 principio
3167 2739 3276 2794 vita
3307 2738 3492 2808 praeti-

1903 2832 2124 2898 tulatur,
2151 2833 2245 2888 ubi
2277 2848 2382 2888 non
2415 2826 2560 2888 aliud
2605 2832 2709 2888 nisi
2756 2833 2979 2888 exitium
3010 2841 3066 2888 et
3092 2845 3251 2902 poena
3277 2831 3492 2900 peccati

1901 2922 2276 2989 denuntiatur,
2309 2921 2522 2993 1330
2565 2922 2670 2977 nisi
2698 2923 2840 2992 quod
2890 2922 3012 2976 ﬁnis
3063 2920 3224 2990 hujus
3269 2920 3494 2976 lamenti

1902 3012 2030 3081 quid
2063 3011 2334 3078 innuerit,
2364 3013 2614 3082 designat
2637 3032 2649 3068 :
2676 3029 2800 3070 cum
2824 3030 2852 3067 a
2880 3012 3147 3084 principio
3171 3013 3331 3082 hujus
3354 3025 3493 3082 ope-

1902 3105 1979 3159 ris
2008 3119 2116 3160 non
2138 3103 2278 3159 alius
2299 3117 2460 3175 quam
2482 3106 2744 3175 propheta
2773 3105 2939 3176 gemit
2958 3113 3012 3160 et
3034 3104 3294 3175 loquitur.
3333 3103 3490 3159 Nunc

1906 3203 2088 3252 autem
2119 3203 2380 3267 quantum
2412 3197 2481 3252 ad
2511 3196 2864 3268 tropologiam
2905 3197 3133 3264 attinet,
3161 3197 3356 3252 animae
3375 3196 3493 3251 vita

1905 3298 1988 3344 est
2013 3295 2138 3358 post
2174 3287 2383 3359 lapsum
2411 3287 2686 3352 criminis,
2719 3297 2846 3357 post
2885 3288 3102 3344 vincula
3125 3328 3140 3353 ,
3167 3294 3290 3358 post
3315 3287 3492 3357 capti-

1905 3380 2161 3446 vitatem,
2189 3396 2297 3436 non
2327 3394 2543 3449 semper
2572 3380 2626 3435 in
2671 3379 3006 3451 Babylonem
3026 3420 3042 3447 ,
3074 3381 3128 3436 id
3166 3387 3251 3435 est
3278 3379 3334 3434 in
3359 3394 3492 3434 con-

1906 3470 2174 3526 fusionem
2203 3471 2458 3526 vitiorum
2491 3470 2777 3527 intendere
2798 3512 2812 3538 ,
2836 3481 2892 3526 et
2920 3472 2974 3526 in
3001 3479 3217 3527 exteras
3245 3469 3496 3528 tenebras

1905 3561 1986 3616 ire
2004 3601 2019 3626 ,
2053 3560 2161 3615 imo
2184 3569 2486 3616 retrorsum
2509 3560 2576 3616 ad
2603 3560 2778 3616 lucem
2807 3561 3080 3632 respicere
3102 3600 3118 3629 ,
3144 3562 3210 3616 ad
3234 3560 3492 3631 patriam,

1907 3653 1975 3707 de
2011 3666 2118 3722 qua
2142 3651 2299 3720 longe
2327 3651 2541 3721 captiva
2571 3651 2810 3718 ducitur,
2841 3666 3064 3724 gemens
3085 3652 3288 3724 jugiter
3319 3652 3497 3722 suspi-

1905 3757 2048 3798 rare.
2078 3741 2212 3797 Nam
2239 3743 2305 3798 de
2339 3749 2561 3812 peccato
2595 3742 2834 3814 perﬁdiae
2873 3743 3174 3812 contingit,
3221 3743 3364 3813 quod
3407 3743 3499 3799 in-

1907 3831 2036 3889 felix
2065 3834 2137 3889 sit
2160 3832 2241 3889 vel
2271 3833 2542 3890 instabilis
2561 3873 2576 3899 ,
2600 3841 2657 3890 et
2682 3848 2779 3905 per
2806 3833 3021 3890 diversa
3057 3833 3316 3904 rapiatur.
3345 3833 3492 3889 Alio-

1904 3927 2038 3996 quin
2065 3927 2110 3983 si
2139 3941 2354 3997 semper
2381 3941 2546 3996 super
2570 3935 2782 3998 petram
2813 3925 3074 3980 virtutum
3101 3925 3240 3980 ﬁxos
3266 3924 3496 3980 haberet

1905 4030 2125 4087 gressus
2145 4057 2158 4080 ,
2192 4031 2532 4086 nequaquam
2569 4016 2654 4072 vis
2682 4025 2963 4072 ventorum
2995 4016 3076 4072 vel
3109 4023 3491 4087 tempestatum

1906 4107 2126 4163 flumina
2152 4108 2217 4163 de
2248 4107 2482 4163 statione
2513 4106 2637 4163 ﬁdei
2681 4111 2792 4162 suae
2837 4106 3188 4177 depellerent.
3228 4105 3334 4162 Sed
3367 4119 3500 4161 nom

1907 4213 2182 4268 nunquam
2214 4199 2398 4253 evenit
2441 4207 2502 4252 ut
2548 4198 2728 4253 anima
2755 4197 2909 4269 plena
2940 4198 3192 4254 sordibus
3219 4205 3380 4267 atque
3407 4196 3499 4251 de-

1905 4298 2090 4360 specta
2116 4304 2216 4358 pro
2243 4303 2355 4344 suae
2376 4288 2710 4344 confusionis
2733 4289 3029 4360 ignominia
3048 4329 3063 4356 ,
3093 4288 3389 4358 respiciens
3415 4302 3499 4343 re-

1907 4388 2144 4434 trorsum
2185 4379 2253 4432 ad
2285 4394 2346 4432 ea
2378 4395 2499 4449 quae
2528 4379 2821 4446 amiserat,
2848 4379 2942 4449 vel
2982 4395 3106 4436 sero
3149 4379 3492 4452 ingemiscat.

1911 4471 1978 4525 Et
2007 4472 2124 4526 haec
2153 4480 2239 4526 est
2269 4473 2380 4526 vita
2408 4470 2475 4526 dc
2510 4472 2748 4527 tenebris
2775 4473 2840 4527 ad
2875 4472 3049 4528 lucem
3094 4472 3394 4544 reSpieere,
3431 4473 3499 4527 de

1910 4563 2229 4620 confusione
2255 4570 2605 4632 peccatorum
2625 4604 2640 4630 ,
2672 4563 2727 4618 id
2750 4572 2834 4619 est
2861 4563 2928 4619 de
2953 4563 3224 4636 Babylone
3250 4562 3317 4617 ad
3349 4562 3496 4618 illam

1907 4655 2186 4713 caelestem
2227 4653 2560 4721 Jerusalem,
2594 4654 2722 4710 licet
2767 4661 3063 4711 retrorsum
3107 4654 3496 4726 ingemiscere,

1907 4756 1965 4803 et
1991 4748 2058 4804 de
2087 4747 2235 4802 vitiis
2259 4747 2326 4803 ad
2355 4747 2584 4802 virtutes
2604 4763 2851 4818 gressum
2873 4746 3180 4801 deflectere.
3207 4745 3320 4802 Non
3349 4745 3496 4799 enim

1909 4854 2124 4911 semper
2149 4840 2350 4895 malum
2375 4848 2458 4896 est
2487 4848 2636 4895 retro
2663 4840 2874 4908 redire,
2907 4854 3203 4909 vocemque
3233 4848 3352 4908 post
3381 4847 3493 4892 ter-

1909 4951 2034 5007 gum
2071 4935 2344 4990 monentis
2372 4934 2592 4999 audire,
2612 4931 2768 5002 juxta
2809 4934 2949 5003 quod
2995 4933 3161 4988 Isaias
3191 4931 3391 4988 fatetur
3414 4930 3496 4986 di-

1916 5044 2046 5086 cens
2071 5044 2083 5081 :
2111 5024 2178 5080 Et
2199 5035 2349 5081 erunt
2376 5024 2594 5097 (inquit)
2622 5023 2759 5079 oculi
2784 5025 2860 5079 tui
2882 5023 3108 5081 videntes
3129 5032 3496 5092 prmceptorent

1913 5131 2094 5186 tuum,
2116 5128 2163 5173 et
2186 5134 2340 5172 aures
2365 5128 2469 5171 tua:
2491 5115 2764 5171 audientes
2794 5115 3002 5171 uerbum
3032 5124 3142 5183 post
3165 5123 3364 5182 tergum
3387 5129 3501 5166 mo—

1913 5214 2082 5268 nentis
2116 5209 2252 5285 (Isa.
2278 5210 2431 5280 xxx).
2465 5209 2600 5278 Quia
2631 5207 2872 5280 profecto
2899 5222 2999 5262 nos
3027 5206 3075 5262 ei
3107 5214 3314 5274 tergum
3343 5204 3500 5259 dedi-n

1912 5322 2062 5372 mus,
2095 5307 2216 5377 pius
2244 5320 2306 5359 ac
2336 5305 2574 5360 clemens
2618 5303 2876 5357 Dominus
2914 5313 3022 5355 non
3061 5299 3385 5369 dedignatur
3414 5312 3500 5352 re-

1912 5414 2107 5455 vocare
2134 5414 2232 5453 nos
2255 5398 2318 5452 de
2341 5405 2463 5468 post
2489 5405 2700 5466 tergum
2725 5392 2925 5450 nostris
2944 5401 3296 5463 exasperatus
3318 5389 3498 5455 malis,

1913 5501 1971 5546 ut
1999 5491 2066 5546 ad
2101 5505 2224 5545 eum
2251 5488 2406 5560 quasi
2437 5497 2735 5544 retrorsum
2767 5485 2959 5542 faciem
2997 5494 3414 5549 convertamus,
3443 5492 3501 5536 et

1911 5582 2054 5640 unde
2083 5581 2415 5644 decidimus,
2465 5579 2769 5636 redeamus.
2817 5578 2957 5634 Hinc
3005 5593 3137 5633 sane
3180 5575 3403 5648 angelus
3443 5575 3500 5630 in

1911 5674 2230 5747 Apocalypsi
2260 5671 2484 5728 Joannis
2517 5690 2529 5726 :
2563 5671 2823 5727 Memento
2849 5671 2986 5726 unde
3011 5671 3260 5726 cecideris
3279 5711 3295 5735 ,
3335 5680 3384 5726 et
3404 5687 3500 5740 age

1911 5769 2284 5836 paenitentiam,
2301 5765 2577 5836 prioraque
2590 5773 2679 5819 tua
2696 5764 2912 5839 (inquit)
2928 5781 3082 5838 opera
3098 5764 3184 5836 fac
3204 5766 3386 5836 (Apoc.
3411 5768 3499 5833 tt).
