4048 6352
647 317 787 374 Ιοῖθ

1452 327 1509 383 S.
1550 326 1903 383 PASClIASll
1945 324 2294 381 BADBERTI
2326 324 2616 383 ABBATIS
2653 324 3104 383 CORBEIENSIS

3782 329 3894 387 l03l)

642 436 712 497 Et
750 437 852 492 hoc
886 446 970 492 est
1006 449 1303 495 retrorsum
1343 442 1538 497 anima:
1581 444 1957 515 ingemiscere,
2000 442 2066 497 ad
2105 456 2230 496 eum
2259 444 2308 502 Α
2336 441 2750 509 praesentiarum
2791 441 2910 496 sine
2961 441 3141 495 fructu
3192 439 3528 510 poenitentiae
3553 448 3666 497 tam
3695 442 3897 499 nefanda

642 544 744 601 per
766 530 1079 599 quotidiana
1110 530 1346 587 lamenta
1378 535 1588 599 redire,
1637 534 1905 605 plenaque
1945 534 2229 589 charitatis

641 636 806 691 opera
836 622 1152 693 adimplere.
1191 623 1327 679 Nam
1357 635 1412 681 et
1447 625 1615 681 Maria
1643 642 1766 682 cum
1794 627 1862 682 de
1891 626 2104 681 Domini
2132 626 2230 681 du-

639 714 841 768 bitaret
868 716 1287 772 resurrectionis
1335 733 1621 789 regressu,
1653 719 1994 789 prospiciens
2020 720 2074 773 in
2108 732 2226 773 mo-

638 810 958 861 numentum
977 848 992 872 ,
1026 807 1152 864 licet
1181 809 1248 863 ad
1272 811 1494 881 angelos
1523 811 1576 865 in
1603 810 1742 866 albis
1771 811 2022 868 sedentes
2053 812 2226 869 inten—

640 895 828 959 deret,
877 895 1049 953 donec
1103 908 1404 955 retrorsum
1450 901 1777 972 respiceret,
1841 901 2026 957 Jesum
2066 916 2227 971 quem

641 988 950 1055 quaerebat,
991 990 1214 1046 minime
1270 991 1494 1049 invenit.
1550 993 1796 1065 Iliaeque
1835 994 2175 1066 Evangelista
2210 1013 2223 1051 :

640 1074 900 1132 Conversa
925 1090 998 1134 est
1026 1079 1250 1153 (inquit)
1283 1092 1569 1139 retrorsum
1593 1125 1608 1150 ,
1638 1095 1685 1139 et
1707 1085 1834 1139 vidit
1868 1084 2052 1140 Iesum
2081 1096 2229 1147 stan-

638 1180 740 1224 tem
767 1172 948 1242 (Joan.
998 1175 1115 1245 xx).
1146 1175 1311 1232 Retro
1351 1193 1482 1248 ergo
1509 1179 1723 1243 stabat,
1756 1178 1949 1234 saltem
1997 1194 2119 1234 eam
2169 1189 2228 1234 ut

637 1269 759 1330 post
785 1262 994 1329 tergum
1023 1276 1308 1331 moneret,
1331 1268 1423 1336 qui
1447 1283 1570 1323 cum
1597 1268 1685 1323 illa
1711 1283 1901 1323 aversa
1920 1277 2059 1323 erat.
2085 1268 2226 1326 Con-

636 1364 793 1406 versa
824 1361 1120 1410 retrorsum
1146 1371 1370 1428 gemens
1391 1398 1406 1424 ,
1432 1374 1557 1413 mox
1578 1359 1711 1414 vidit
1733 1375 1894 1429 quem
1924 1361 2222 1430 quaerebat,

639 1458 802 1512 quem
855 1461 978 1500 cum
1031 1445 1232 1504 Judaais
1278 1449 1432 1519 prius
1479 1459 1754 1505 mortuum
1805 1451 2082 1507 credebat.
2131 1450 2226 1508 Sic

636 1537 837 1608 quippe
861 1538 1163 1598 Jerusalem
1208 1543 1295 1598 illa
1317 1585 1332 1611 ,
1359 1561 1480 1615 qua:
1506 1553 1788 1616 peccatum
1817 1560 2073 1616 peccasse
2116 1546 2221 1601 im-

634 1629 855 1700 pietatis
884 1631 1159 1703 plangitur
1188 1654 1200 1689 :
1228 1637 1353 1705 quia
1380 1636 1535 1692 multi
1562 1651 1631 1692 ex
1661 1651 1725 1692 ea
1755 1634 2035 1692 Christum
2066 1650 2220 1692 reco-

632 1730 955 1791 gnoscentes
993 1733 1049 1779 et
1088 1727 1403 1793 credentes,
1436 1737 1733 1784 retrorsum
1778 1728 1845 1783 ad
1895 1743 2022 1784 eum
2068 1728 2221 1799 inge-

2331 532 2553 601 pertulit
2582 532 2924 587 discrimina.
2963 533 3195 597 Deinde,
3226 534 3372 603 quod
3401 533 3625 604 gravius
3659 543 3775 599 est,
3799 542 3898 603 post

2330 620 2540 692 ﬂagella
2568 623 2694 692 quia
2732 622 2905 677 noluit
2950 624 3018 678 ad
3050 624 3218 679 Deum
3267 623 3449 679 redire
3469 666 3484 691 ,
3516 624 3788 680 atrociora
3816 626 3899 683 sibi

2331 715 2556 768 attraxit
2581 714 2866 785 supplicia.
2902 714 3044 769 Hinc
3084 732 3287 787 quoque
3329 733 3436 770 non
3470 725 3546 771 est
3589 716 3809 788 (inquit)
3839 733 3903 774 re»

2329 807 2547 860 cordata
2570 807 2694 875 ﬁnis
2714 808 2818 861 sui.
2856 806 3007 862 Finis
3029 818 3211 862 autem
3235 807 3363 879 legis
3396 809 3468 862 ad
3490 809 3760 879 justitiam
3774 809 3901 864 Clui-

2330 909 2442 955 stus
2488 899 2664 970 (Rom.
2717 899 2801 972 x).
2852 901 2920 956 Et
2950 902 3076 957 inde
3126 911 3211 958 est
3248 918 3413 959 omne
3450 904 3599 975 quod
3645 904 3898 972 sustinuit,

2335 988 2547 1060 1332
2577 990 2705 1060 quia
2730 991 2908 1046 noluit
2934 993 3249 1059 recordari,
3269 992 3356 1048 vel
3379 994 3657 1065 recipere,
3692 996 3783 1066 qui
3805 995 3903 1052 linis

2330 1093 2417 1138 est
2449 1084 2688 1140 nominis
2715 1085 2963 1155 ejusdem
2990 1086 3126 1158 legis
3155 1086 3222 1142 ad
3258 1086 3495 1157 gratiam
3514 1127 3530 1152 ,
3560 1102 3730 1157 quam
3757 1096 3814 1143 et
3842 1098 3902 1145 tu-

2327 1180 2437 1233 tius
2458 1182 2941 1236 consummationis
2962 1181 3144 1237 smculi
3167 1182 3233 1236 ad
3255 1181 3666 1252 perfectionem.
3691 1181 3798 1239 Pro
3817 1199 3902 1255 quo

2330 1270 2496 1324 tantis
2520 1284 2780 1340 perpessa
2821 1270 3010 1337 malis,
3040 1270 3132 1325 vix
3161 1270 3377 1325 tandem
3405 1272 3625 1341 propria
3661 1288 3756 1326 sua
3790 1288 3899 1329 voce

2325 1361 2677 1416 vehementer
2720 1361 3022 1427 exclamat,
3067 1362 3296 1418 dicens:
3335 1361 3500 1428 Vide,
3547 1363 3812 1431 Domine,
3838 1367 3900 1435 sf-

2325 1452 2608 1521 ﬂictionem
2637 1469 2839 1518 meum;
2877 1455 3126 1526 quoniam
3153 1464 3354 1510 erectus
3383 1464 3460 1509 est
3475 1455 3725 1510 inimicus
3752 1473 3896 1513 mea.

2324 1544 2369 1597 A
2396 1545 2663 1615 principio
2693 1559 2929 1615 namque
2955 1544 3117 1613 hujus
3142 1544 3328 1610 ﬂetus,
3354 1560 3528 1616 usque
3554 1548 3626 1601 ad
3672 1546 3818 1602 hunc
3838 1548 3897 1602 lo-

2325 1650 2473 1699 cum,
2498 1635 2922 1693 lamentationes
2944 1637 3222 1708 prophetaa
3244 1646 3372 1692 sunt
3393 1652 3458 1692 ac
3479 1637 3669 1692 verba.
3694 1637 3774 1693 Ab
3797 1639 3900 1694 hinc

2331 1735 2547 1793 autem,
2570 1725 2683 1796 jam
2715 1728 2830 1798 ipsa
2861 1742 2959 1784 sua
2999 1728 3193 1798 incipit
3220 1728 3418 1783 deﬂere
3464 1728 3701 1795 delicta,
3728 1730 3810 1784 vel
3833 1745 3897 1784 re-

630 1811 899 1881 misceus,
929 1831 1052 1871 mox
1087 1818 1295 1890 1331
1344 1836 1468 1875 eum
1516 1822 1569 1875 in
1604 1822 1723 1891 lege
1748 1836 1909 1891 quem
1948 1794 2222 1877 mortuum
2255 1794 2303 1855 Β
2331 1794 2644 1873 tributionis
2685 1794 2798 1873 sua:
2844 1794 3130 1887 supplicia:
3174 1818 3243 1872 Et
3287 1818 3410 1873 ideo
3438 1831 3586 1882 reor,
3631 1794 3777 1889 quod
3794 1818 3895 1888 jure

631 1906 972 1973 mstimabat,
1006 1909 1230 1965 invenit.
1264 1912 1364 1979 Qui
1390 1927 1521 1968 vero
1545 1913 1613 1969 ad
1637 1912 1890 1969 dexteras
1929 1913 2009 1968 ire
2051 1913 2224 1970 ultro-

633 1997 722 2052 nei
764 1998 1123 2055 decreverunt
1156 2018 1326 2073 usque
1354 2004 1513 2059 hodie
1549 2004 1706 2070 illuc,
1738 2006 1844 2060 huc
1880 2004 2114 2075 illucque
2141 2007 2224 2060 in-

632 2091 888 2155 stabiles,
929 2108 993 2147 ac
1025 2094 1104 2149 sic
1129 2110 1253 2150 cum
1281 2096 1416 2152 Cain
1470 2107 1692 2167 portant
1741 2099 2052 2169 ignominiae
2107 2114 2220 2154 sua:

633 2187 847 2258 signum
893 2187 1047 2259 (Gen.
1088 2192 1199 2262 ιν),
1261 2201 1318 2246 et
1382 2209 1600 2264 semper
1659 2194 1855 2264 captivi
1919 2194 1985 2249 ad
2042 2194 2220 2267 Baby-

634 2279 815 2335 lonem
875 2282 1082 2338 scilicet
1132 2283 1186 2338 in
1234 2284 1609 2339 confusionem
1676 2286 1988 2340 trahuntur.
2064 2284 2217 2342 Unde

631 2372 791 2426 velim
823 2387 953 2443 agas
975 2374 1156 2428 anima
1186 2376 1406 2431 tandem
1433 2376 1835 2447 expergiscere.
1867 2376 1984 2432 Noli
2007 2392 2213 2447 qumso,

627 2463 757 2517 licet
798 2464 852 2518 in
897 2465 1165 2534 profundo
1194 2466 1460 2522 malorum
1510 2467 1791 2533 demersa,
1827 2476 2174 2523 contemnere
2197 2509 2211 2533 ,

630 2565 930 2613 retrorsum
960 2556 1029 2612 ad
1067 2571 1131 2612 ea
1156 2573 1277 2628 qua:
1306 2559 1573 2615 omiseras
1602 2558 1866 2613 virtutum
1913 2573 2079 2629 opera
2125 2575 2214 2615 su-

624 2647 840 2716 spirans
894 2658 1167 2705 memento
1215 2650 1358 2705 unde
1384 2649 1685 2706 cecideras.
1722 2648 1877 2716 Quod
1907 2651 1951 2706 si
1986 2650 2209 2720 quaeris,

630 2737 819 2794 Unde?
864 2754 995 2793 sane
1042 2741 1109 2795 de
1153 2740 1324 2808 cmlo,
1358 2741 1448 2797 ubi
1486 2749 1671 2797 nostra
1718 2743 2063 2798 cenversatio
2092 2757 2213 2798 esse

623 2827 840 2899 legitur.
879 2829 1032 2885 Unde
1061 2831 1260 2887 Paulus
1286 2849 1299 2885 :
1335 2830 1533 2886 Nostra
1562 2832 1783 2904 (inquit)
1807 2834 2129 2888 conversatio
2156 2834 2212 2887 in

627 2920 768 2973 caelis
807 2930 883 2974 est
917 2918 1135 2992 (Philip.
1172 2924 1276 2993 ιιι).
1324 2923 1596 2981 Memento
1638 2939 1745 2994 quo
1783 2940 1983 2981 nomen
2026 2935 2208 2991 tuum,

626 3009 845 3076 quando
871 3012 938 3065 ad
965 3011 1220 3082 baptismi
1273 3014 1506 3084 gratiam
1538 3016 1786 3080 intrasti,
1839 3018 2099 3082 dederas,
2156 3028 2211 3074 et

627 3101 680 3156 in
706 3101 843 3157 libro
869 3104 992 3160 vitae
1020 3105 1335 3174 diligentius
1382 3108 1835 3164 conscribendum
1890 3110 2208 3166 transmise-

624 3210 735 3252 ras.
789 3196 941 3263 Quod
987 3199 1033 3252 si
1082 3198 1348 3254 cecidisse
1393 3208 1449 3255 te
1483 3202 1858 3273 recognoscis,
1904 3219 2208 3275 nomenque

622 3288 859 3346 deletum
878 3331 893 3354 ,
924 3292 1031 3347 tuis
1070 3292 1443 3363 ingruentibus
1471 3296 1662 3360 malis,
1689 3296 2006 3362 existimas,
2036 3299 2079 3352 si
2126 3297 2207 3352 ni-

619 3381 695 3438 hil
726 3383 872 3439 aliud
899 3400 1061 3454 quam
1088 3387 1344 3442 tenebras
1374 3396 1714 3457 mortemque
1741 3388 2002 3444 hactenus
2029 3389 2206 3444 inten-

620 3475 705 3529 dis
726 3516 740 3537 ,
771 3485 1066 3530 retrorsum
1094 3477 1307 3546 respice
1336 3493 1665 3542 conversus,
1697 3487 1752 3532 et
1782 3477 1907 3532 audi
1933 3470 2122 3534 vocem
2155 3488 2207 3535 te

617 3574 742 3633 post
782 3576 991 3638 tergum
1033 3570 1306 3624 monentis
1354 3584 1573 3640 gemens
1607 3569 1742 3639 (Isa.
1790 3572 1966 3641 xxx):
2010 3572 2202 3635 fateor,

616 3659 759 3725 quod
790 3674 913 3713 mox
955 3660 1122 3715 vitam
1152 3659 1284 3725 tibi,
1329 3659 1512 3716 Jesum
1543 3661 1752 3715 scilicet
1784 3669 2054 3715 astantem
2074 3704 2088 3727 ,
2121 3663 2205 3717 in-

612 3752 820 3809 venies.
868 3755 1038 3822 Quem
1089 3756 1133 3809 si
1182 3755 1333 3825 sequi
1368 3742 1489 3808 non.
1508 3754 1738 3808 desieris
1770 3755 1874 3809 lide
1904 3755 2202 3809 ascenden-

613 3855 723 3900 tem
748 3846 815 3900 ad
844 3846 1094 3913 Patrem,
1126 3849 1372 3904 eamdem
1400 3848 1569 3903 vitam
1611 3847 1765 3911 illuc,
1807 3849 1949 3903 unde
1980 3865 2202 3904 corrue-

610 3958 734 4006 ras,
768 3942 1056 4012 repositam
1088 3943 1347 3998 invenies.

1328 4095 1487 4134 ΤΕΤΙΙ.

685 4210 878 4266 Sordes
908 4213 1022 4282 ejus
1046 4214 1099 4289 in
1128 4213 1345 4288 pedibus
1371 4213 1518 4284 ejus,
1546 4229 1636 4267 nec
1668 4213 1943 4267 recordata
1970 4222 2043 4268 est
2074 4214 2196 4283 linis

609 4304 713 4358 sui.
761 4302 1016 4373 Reposita
1055 4313 1138 4359 est
1163 4304 1533 4369 vehementer,
1581 4319 1687 4359 non
1719 4303 1923 4359 habens
1951 4288 2195 4359 consola-

607 4401 803 4448 torem.
831 4392 1079 4462 Cmptum
1107 4401 1291 4448 servat
1317 4393 1521 4448 luctum
1543 4433 1558 4458 ,
1582 4393 1725 4462 quod
1758 4392 2027 4447 instabilis
2054 4392 2194 4448 facta

606 4496 690 4542 est
716 4486 1019 4541 Jerusalem
1047 4486 1207 4539 nimis
1228 4525 1242 4550 ,
1268 4495 1326 4540 et
1348 4486 1470 4540 ideo
1498 4500 1652 4539 more
1679 4499 1894 4555 semper
1927 4485 2190 4539 viantium

604 4579 796 4635 sordes
824 4592 880 4633 sc
923 4577 1099 4646 plorat
1140 4578 1342 4633 habere
1393 4578 1447 4653 in
1491 4577 1719 4647 pedibus
1757 4595 1769 4630 :
1804 4592 1912 4632 non
1943 4576 2085 4647 quod
2125 4578 2192 4631 ad

602 4668 847 4747 litteram?
900 4669 1238 4723 solummodo
1268 4684 1387 4724 eam
1446 4669 1627 4739 lugeat
1682 4678 1862 4724 tantus
1892 4669 2189 4740 propheta,

604 4780 670 4820 eo
698 4768 839 4836 quod
867 4765 1114 4819 sordidos
1150 4763 1381 4834 gesserit
1424 4763 1619 4834 pedes,
1653 4762 1797 4831 quod
1829 4761 2081 4816 frivolum
2106 4777 2193 4816 sa-

604 4857 674 4913 tis
699 4858 868 4914 videri
900 4866 1110 4927 potest,
1143 4857 1237 4912 sed
1267 4856 1393 4926 quia
1420 4855 1717 4911 secundum
1750 4854 2066 4909 interiorem
2097 4856 2192 4910 ho-

601 4950 804 5005 minem
829 4950 1060 5021 pollntos
1086 4950 1282 5005 habeat
1308 4964 1545 5020 gressus.
1571 4947 1728 5003 Unde
1754 4947 1943 5003 sordes
1971 4948 2188 5020 (inquit)

600 5041 716 5110 ejus
739 5043 793 5097 in
817 5042 1039 5112 pedibus
1062 5042 1196 5111 ejus.
1224 5040 1424 5094 Habuit
1443 5047 1623 5094 autem
1648 5049 1703 5094 et
1723 5038 2005 5110 Synagoga
2027 5040 2191 5110 pedes

600 5152 758 5203 suos,
825 5150 920 5191 eos
973 5134 1259 5207 videlicet,
1330 5133 1420 5202 qui
1461 5148 1581 5186 eam
1641 5130 1837 5185 aﬂ'erre
1888 5132 2188 5185 debuerant

598 5243 697 5298 per
719 5228 862 5282 viam
881 5268 896 5292 ,
928 5241 1049 5297 qua:
1071 5224 1322 5281 Christus
1350 5232 1430 5278 est
1454 5263 1468 5289 ,
1496 5226 1562 5276 ad
1591 5222 1772 5275 omnia
1806 5222 2068 5275 virtutum
2100 5222 2184 5275 in-

598 5304 912 5379 citamenta.
944 5320 1001 5375 lu
1023 5320 1219 5391 quibus
1243 5317 1490 5388 profecto
1513 5318 1640 5387 quia
1673 5315 1862 5371 sordes
1885 5314 2003 5383 ejus
2028 5324 2187 5370 erant

598 5416 805 5471 scelera
833 5413 1085 5469 videlicet
1115 5421 1172 5467 et
1199 5408 1389 5467 delicta
1411 5453 1425 5476 ,
1472 5426 1581 5464 non
1628 5419 1713 5464 est
1744 5409 2029 5463 recordata
2059 5408 2183 5463 ﬂuis

597 5506 711 5570 sui;
746 5505 950 5562 idcirco
997 5504 1233 5579 deposita
1276 5512 1353 5557 est
1390 5502 1732 5564 vehementer,
1765 5499 1831 5554 de
1862 5498 2000 5553 solio
2031 5499 2183 5569 regni

596 5599 665 5652 ad
688 5597 1036 5669 ignominiam
1061 5605 1224 5650 tantm
1247 5594 1593 5665 captivitatis.
1628 5591 1926 5662 Dupliciter
1950 5607 2184 5662 namque

597 5688 745 5741 illam
769 5687 1008 5757 plangit,
1041 5697 1134 5741 aut
1161 5686 1464 5755 triplieiter.
1496 5684 1589 5739 Vel
1609 5684 1735 5753 quia
1763 5690 1911 5737 tanta
1938 5698 2069 5753 gens
2091 5681 2178 5735 illa

595 5788 783 5863 gontra
816 5782 982 5835 Deum
1020 5777 1293 5834 admiserit
1324 5777 1552 5848 piacula,
1580 5777 1658 5831 vel
1686 5776 1807 5845 quia
1831 5790 1927 5843 pro
1953 5776 2036 5829 his
2086 5774 2183 5829 im-

2224 4529 2273 4588 D

2329 1910 2468 1966 Teth
2501 1910 2682 1966 littera
2715 1912 3052 1982 praeponitur
3081 1929 3095 1966 :
3130 1911 3267 1966 Tetb
3298 1910 3502 1981 quippe
3532 1910 3730 1966 bonum
3757 1912 3896 1967 inter-

2322 2012 2587 2075 pretatur.
2627 2003 2834 2059 Bonum
2882 2004 3082 2075 (inquit
3124 2004 3410 2076 propheta)
3438 2007 3582 2075 quod
3628 2004 3893 2058 humilieui

2321 2114 2404 2151 me
2433 2095 2607 2169 (Psal.
2640 2097 2855 2168 cxvm).
2889 2098 3032 2168 Ergo
3058 2097 3345 2153 humiliata
3388 2095 3697 2153 Jerusalem
3728 2098 3777 2151 in
3796 2113 3887 2152 om-

2320 2188 2482 2243 nibus
2504 2189 2872 2253 vehementer,
2886 2185 3004 2256 jam
3035 2203 3144 2243 non
3179 2187 3501 2258 prophetam
3527 2186 3762 2242 sustinet
3789 2186 3886 2257 ple-

2321 2287 2565 2343 rantem,
2598 2278 2695 2333 sed
2732 2277 2847 2348 ipsa
2894 2293 3019 2333 cum
3064 2277 3270 2349 ingenti
3315 2275 3466 2332 luctu
3508 2274 3886 2338 exclamat,di-

2318 2383 2449 2423 cens
2477 2384 2490 2420 :
2532 2366 2691 2433 Vide,
2720 2367 2974 2433 Domine,
3007 2356 3337 2439 amictionem
3371 2382 3580 2431 meam,
3609 2380 3678 2420 ac
3718 2364 3880 2420 deinde

2318 2474 2469 2514 more
2489 2457 2724 2527 juridico
2749 2460 2864 2515 vult
2887 2458 3127 2529 judieem
3154 2457 3325 2514 Deum
3352 2457 3599 2514 excitare
3629 2457 3700 2512 ad
3727 2456 3875 2513 zelum

2317 2558 2374 2607 et
2395 2551 2578 2605 alium
2610 2551 2868 2607 hostium.
2902 2550 3165 2619 Quoniam
3203 2560 3407 2606 erectus
3444 2560 3521 2605 est
3562 2550 3777 2622 (inquit)
3802 2550 3887 2602 ini-

2318 2646 2487 2700 micus
2533 2662 2698 2700 meus.
2735 2645 2815 2702 Ac
2857 2646 2903 2701 si
2952 2646 3131 2710 dicat,
3158 2653 3348 2705 contra
3383 2652 3436 2699 te
3481 2643 3538 2698 in
3570 2641 3884 2713 superbiam,

2316 2738 2384 2791 eo
2408 2736 2551 2807 quod
2583 2753 2691 2793 non
2716 2746 2866 2791 tuum
2891 2737 3090 2792 factum
3112 2735 3319 2805 judicio
3349 2735 3404 2790 in
3435 2750 3525 2792 me
3543 2732 3774 2803 iudicet,
3802 2732 3884 2789 sed

2315 2826 2429 2880 suis
2458 2827 2681 2896 deputet
2712 2826 2949 2892 viribus,
2979 2841 3184 2898 suaque
3208 2826 3391 2881 laudet
3416 2826 3673 2891 numina;
3699 2824 3877 2880 idcirco

2313 2916 2437 2973 vide
2466 2919 2702 2987 primum
2735 2918 3079 2975 aﬂlictionem
3126 2933 3307 2975 meam
3339 2918 3620 2975 crudelem
3640 2960 3655 2987 ,
3700 2930 3753 2977 et
3788 2934 3881 2975 non

2312 3009 2588 3074 facinora,
2620 3026 2720 3080 pro
2749 3010 2945 3081 quibus
2974 3011 3075 3066 ista
3112 3010 3334 3081 patior:
3363 3009 3564 3065 deinde
3602 3010 3740 3081 quod
3773 3024 3875 3067 ere-

2314 3111 2437 3158 ctus
2464 3112 2551 3158 est
2579 3112 2766 3159 contra
2800 3120 2887 3159 me
2920 3104 3175 3160 inimicus
3220 3118 3396 3160 meus.
3447 3105 3672 3177 Mystice
3692 3114 3875 3173 auten,

2235 3168 2279 3231 (ἶ
2312 3206 2498 3250 nostra
2525 3193 2825 3252 Jerusalem
2858 3195 3048 3252 sordes
3072 3204 3248 3268 gestat
3291 3196 3346 3251 in
3391 3168 3662 3266 pedibus:
3691 3199 3801 3268 quia
3824 3168 3871 3251 in

2310 3283 2472 3354 hujus
2518 3285 2644 3341 vita:
2688 3285 3014 3352 solitudine,
3042 3301 3203 3343 nemo
3235 3287 3357 3343 sine
3401 3287 3658 3357 squalore
3698 3286 3872 3343 incedit

2307 3378 2564 3435 vitiorum
2587 3420 2603 3446 ,
2639 3380 2832 3435 saltem
2855 3380 2911 3435 in
2942 3381 3195 3450 pedibus,
3224 3380 3425 3450 quibus
3458 3388 3662 3436 terram
3691 3379 3867 3450 premi-

2309 3485 2450 3526 mus.
2489 3470 2643 3527 Unde
2662 3478 2719 3527 et
2745 3470 3007 3526 Dominus
3027 3486 3150 3527 cum
3178 3469 3412 3526 formam
3440 3471 3753 3526 humilitatis
3768 3469 3861 3523 suis

2307 3562 2552 3618 traderet
2578 3563 2858 3634 discipulis
2874 3604 2890 3629 ,
2909 3565 3075 3634 pedes
3100 3579 3290 3619 eorum
3310 3564 3475 3628 lavit,
3499 3574 3557 3620 et
3580 3566 3645 3619 ad
3669 3565 3861 3620 invicem

2307 3668 2402 3719 eos
2432 3653 2620 3709 lavare
2645 3652 2803 3722 jubet
2829 3653 3014 3725 (Joan.
3060 3655 3302 3724 xm),.ut
3344 3654 3706 3725 intelligamus
3729 3653 3861 3709 disci.

2305 3746 2508 3817 plinam
2540 3746 2865 3802 humilitatis
2893 3747 2946 3801 in
2973 3746 3227 3817 pulverea
3247 3746 3392 3812 vita,
3437 3763 3547 3817 qua
3588 3761 3733 3802 nemo
3763 3747 3861 3800 sine

2304 3840 2557 3897 sordibus
2588 3838 2851 3894 ambulat.
2876 3837 3172 3910 Propterea
3197 3848 3253 3895 et
3277 3839 3409 3896 alibi
3440 3838 3654 3911 (Matth.
3681 3853 3737 3900 x;
3760 3836 3855 3889 ιω.

2304 3946 2415 3997 LII;
2453 3929 2607 3986 Rom.
2638 3942 2698 4000 x)
2720 3929 2984 4001 apostolis
3004 3939 3259 3986 excutere
3281 3930 3351 3985 de
3370 3929 3597 3998 pedibus
3624 3927 3857 3997 pulverem

2299 4024 2484 4092 jubet,
2514 4021 3019 4092 quamvisspeciosi
3060 4022 3311 4077 dicantur
3354 4020 3525 4090 pedes
3548 4018 3710 4089 (juxta
3745 4017 3855 4086 Δρο-

2302 4111 2524 4179 stolam)
2569 4112 3057 4182 evangelizantium
3083 4112 3227 4167 bona
3244 4151 3259 4176 ,
3285 4110 3756 4182 evangelizantium
3779 4122 3854 4176 pa-

2300 4217 2440 4257 cem.
2472 4202 2765 4273 Apostolos
2788 4202 2978 4257 volens
3008 4201 3236 4273 intelligi
3264 4201 3350 4256 vel
3372 4200 3695 4272 apostolicos
3712 4198 3851 4258 Viros.

2299 4310 2532 4366 quorum
2580 4295 2662 4367 (ut
2708 4296 2843 4367 dixi)
2893 4296 3154 4351 Dominus
3200 4294 3406 4350 idcirco
3451 4296 3616 4365 pedes
3646 4291 3854 4356 lavit,ut

2299 4388 2513 4461 pulchri
2537 4398 2727 4444 essent
2749 4398 2808 4445 et
2833 4389 3020 4443 mundi
3050 4389 3117 4444 ad
3151 4387 3590 4459 praedicandum.
3618 4386 3741 4442 utin
3760 4391 3852 4439 toto

2301 4491 2574 4535 terrarum
2621 4480 2755 4536 orbe
2818 4480 3005 4535 mundi
3068 4494 3133 4535 ac
3195 4478 3429 4549 speciosi
3491 4478 3846 4535 discurrerent.

2300 4571 2561 4642 brevique
2603 4571 2849 4627 doctrina
2896 4570 3099 4626 Christi
3147 4568 3412 4625 mundum
3460 4568 3752 4639 implerent.
3788 4561 3846 4616 De

2300 4662 2497 4733 quibus
2526 4661 2685 4733 plane
2715 4661 3195 4733 przedicatoribus,
3225 4660 3478 4716 Christus
3523 4659 3595 4715 ad
3639 4666 3843 4729 sponsam

2301 4755 2356 4808 in
2385 4753 2625 4809 Canticis
2657 4772 2670 4807 :
2706 4753 2878 4819 Quam
2916 4752 3125 4824 pulchri
3160 4762 3281 4806 sunt
3313 4749 3538 4821 (inquit)
3578 4761 3767 4821 gressus
3787 4742 3847 4797 tsi

2299 4849 2353 4902 in
2391 4847 2759 4903 calceamentis
2798 4849 2902 4901 tuis
2947 4848 3060 4917 [ilia
3108 4847 3360 4917 principis
3406 4842 3590 4916 (Cant.
3627 4843 3735 4912 vn).
3766 4837 3844 4906 Qui

2300 4941 2511 5011 pulchri
2560 4941 2779 5011 quidem
2831 4941 2918 4996 via
2976 4949 3372 5011 praeceptorum
3424 4939 3521 4993 Dei
3574 4942 3844 4993 currentes,

2289 5022 2425 5085 aliis
2470 5032 2726 5087 Ecclesiae
2763 5032 3022 5087 membris
3049 5032 3306 5087 ducatum
3348 5029 3659 5101 prtestando
3685 5023 3847 5081 collau-

2299 5124 2499 5177 dantur
2528 5142 2539 5176 :
2570 5139 2679 5179 non
2701 5124 2784 5179 sui
2813 5125 3058 5178 nuditate
3082 5122 3295 5177 arbitrii
3315 5162 3331 5186 ,
3353 5122 3451 5176 sed
3479 5120 3762 5175 munitione
3783 5119 3849 5165 al-

2297 5232 2402 5288 que
2429 5220 2768 5286 protectione
2786 5215 2983 5272 divina:
3008 5215 3389 5287 reparationis.
3421 5215 3503 5270 Ex
3528 5228 3635 5284 quo
3655 5219 3706 5268 et
3726 5218 3847 5279 ετα-

2294 5323 2388 5363 sus
2415 5308 2795 5363 collaudantur
2838 5308 3053 5376 pulchri
3083 5307 3138 5361 in
3167 5305 3574 5370 calceamentis,
3596 5313 3643 5360 et
3664 5292 3847 5356 celaui

2298 5399 2510 5471 1333
2538 5399 2692 5470 pedes
2718 5399 2771 5455 in
2796 5401 3179 5470 prrrparatioue
3206 5398 3482 5469 Evangelii
3500 5398 3642 5469 pacis
3666 5407 3766 5449 esse
3779 5388 3848 5456 jl-

2295 5494 2481 5548 bentur
2506 5492 2524 5566 (
2541 5492 2734 5564 Ephes.
2770 5493 2875 5565 vt).
2907 5493 3159 5564 Alioquin
3183 5491 3509 5563 gemebundi
3538 5487 3694 5544 electi
3722 5481 3848 5555 plan-

2291 5596 2426 5658 gunt
2465 5602 2570 5641 non
2600 5587 2874 5643 immerito
2904 5586 3394 5657 imprmsentiarum
3422 5584 3754 5639 sacerdotum

2290 5679 2516 5748 probam
2560 5681 2744 5742 vitam,
2777 5687 2831 5733 et
2854 5679 3039 5733 dicunt
3067 5678 3212 5749 quod
3250 5676 3435 5732 sordes
3464 5672 3642 5745 sponsi
3676 5663 3845 5755 Cbﬁs‘l

2293 5776 2346 5829 in
2379 5771 2603 5842 pedibus
2631 5769 2768 5840 ejus,
2800 5786 2897 5826 nec
2926 5779 3049 5826 sunt
3079 5769 3346 5826 recordati
3380 5769 3501 5823 linis
3530 5766 3607 5821 sui
3634 5782 3645 5816 :
3675 5756 3787 5828 quia
3808 5766 3842 5803 ει
