4048 6352
158 359 292 418 1081

869 360 1231 429 EXPOSITIO
1270 362 1335 416 IN
1375 360 1963 419 LAMENTATIONES
2003 362 2352 418 JEREMUE.
2385 394 2456 404 —
2493 362 2620 420 LIB.
2661 362 2702 418 Ι.

3304 363 3448 424 Ιῢ82

154 471 383 532 omnino
411 477 554 528 esset
571 485 761 529 eorum
784 472 962 543 culpa,
988 474 1153 528 totius
1176 474 1433 530 Ecclesia:
1458 475 1614 529 ruina
1640 491 1746 529 non
1776 479 1827 538 Α
1854 476 2127 531 sordidata
2155 476 2235 531 vel
2264 476 2509 547 deposita
2548 476 2817 547 pulvereis
2852 476 3069 533 actibus
3106 494 3119 532 :
3150 477 3306 545 Vide,
3342 479 3447 535 Do-

155 575 321 623 csset.
365 563 581 633 Habent
611 563 769 619 enim
801 573 859 620 et
908 565 1009 636 ipsi
1063 566 1521 639 pulchritudinem
1575 582 1751 630 suam,-

155 659 252 714 sed
289 672 395 725 non
432 656 579 712 illam
603 669 635 709 a
664 656 914 727 Domino,
945 673 1065 728 quae
1093 657 1395 721 laudantur.
1439 657 1593 714 Unde
1618 674 1752 728 (ιιιοο

154 748 260 803 ties
291 749 440 803 venit
462 762 714 820 sponsus,
734 746 955 817 pulsans
974 747 1042 801 ad
1055 747 1252 802 ostium
1277 747 1551 811 Ecclesiae,
1568 748 1753 802 multis

154 855 279 902 eam
305 840 743 909 tribulationibus
766 838 1102 895 stimulatam
1130 838 1355 907 invenit,
1385 848 1479 894 aut
1502 854 1751 905 securam

155 947 283 987 eam
308 931 493 987 nimiis
520 930 827 989 aﬂluentem
863 930 1092 997 deliciis,
1121 931 1410 1001 carnisque
1429 938 1750 1001 occupatam

155 1022 441 1093 operibus,
475 1036 573 1093 per
596 1037 716 1094 quae
757 1021 931 1077 hostis
956 1022 1024 1077 ad
1054 1036 1173 1077 eam
1216 1022 1512 1093 ingressus,
1557 1021 1755 1077 clausit

155 1113 363 1168 ostium
392 1115 591 1187 cordis,
620 1129 690 1169 ne
716 1113 900 1184 sponsi
930 1120 1119 1183 pateat
1164 1111 1400 1167 intrandi
1425 1111 1596 1178 locus,
1625 1126 1751 1167 cum

155 1203 296 1259 dicit
323 1223 337 1258 :
367 1204 527 1274 Aperi
564 1205 712 1273 mihi,
741 1220 893 1260 soror
924 1221 1039 1258 mea
1068 1205 1240 1259 amica
1260 1245 1276 1271 ,
1318 1202 1558 1258 columba
1613 1220 1747 1270 mea,

154 1300 506 1378 immaculata
536 1317 673 1366 mea,
712 1300 839 1372 quia
883 1310 1039 1371 caput
1076 1315 1250 1354 meum
1297 1298 1508 1370 plenum
1534 1308 1608 1354 est
1636 1314 1752 1353 rore

158 1392 354 1467 (Cant.
385 1390 479 1463 γ),
506 1391 593 1447 vel
632 1401 827 1447 caetera
860 1405 979 1460 quae
1025 1397 1344 1461 sequuntur.
1376 1388 1583 1456 Quibus
1622 1403 1751 1458 pro-

155 1484 307 1539 fecto
329 1497 493 1553 quam
533 1495 676 1551 saepe
704 1480 832 1535 mali
872 1480 1183 1537 sacerdotes
1206 1478 1482 1536 blanditiis
1521 1478 1749 1545 deliniti,

157 1588 509 1646 nequaquam
546 1572 854 1643 intelligunt
902 1586 1146 1645 sororem
1170 1570 1369 1627 Christi
1400 1577 1457 1647 et
1495 1568 1749 1641 amicam,

156 1681 506 1739 nequaquam
548 1672 805 1735 satagunt
832 1678 954 1719 eam
997 1663 1235 1720 excitare
1262 1671 1324 1717 ut
1370 1661 1542 1731 solido
1587 1662 1753 1718 corde

155 1750 342 1833 sponsi
373 1758 455 1813 sui
483 1758 766 1813 adventum
784 1755 1128 1826 ingemiscat,
1152 1754 1381 1824 simplex
1402 1761 1462 1813 ut
1479 1753 1747 1818 columba,

1857 568 2016 633 mine,
2044 568 2372 640 a/ﬂictionem
2393 587 2583 634 meam,
2612 585 2717 641 qua
2748 585 2836 625 me
2859 570 3230 628 indesinenter
3260 571 3448 645 aﬂligit

1856 659 2109 716 inimicus
2135 676 2309 726 meus,
2358 672 2413 717 et
2441 661 2724 717 considera
2754 676 2861 716 non
2904 671 3187 733 peccatum
3227 665 3446 735 quidem

1856 758 1916 805 ut
1945 751 2158 821 punias,
2207 751 2303 807 sed
2328 751 2693 818 alliictionem,
2725 767 2829 823 qua
2859 751 3086 825 alliigor,
3116 764 3177 809 ut
3207 754 3442 811 liberer:

1856 842 2110 912 quoniam
2138 852 2349 898 erectus
2373 852 2458 898 est
2478 843 2728 898 inimicus
2756 859 2931 909 meus,
2958 844 3049 915 qui
3077 860 3181 899 non
3213 846 3318 900 tuis
3358 861 3445 901 as-

1857 933 2019 988 cribit
2058 931 2305 1002 judiciis,
2362 935 2506 1004 quod
2556 933 2836 1004 praevalet,
2882 935 2981 989 sed
3033 937 3176 1006 quod
3213 935 3447 993 liberare

1857 1038 2096 1093 nequeas
2121 1025 2361 1080 insultet.
2400 1025 2476 1079 Ex
2514 1041 2622 1096 quo
2656 1025 2920 1096 propheta
2963 1025 3151 1091 David,
3180 1026 3337 1081 Multi
3365 1027 3449 1081 di-

1858 1126 1980 1170 cunt
2008 1116 2248 1199 (inquit)
2278 1120 2470 1173 anima:
2490 1136 2640 1184 mete,
2696 1137 2799 1175 non
2830 1129 2903 1175 est
2933 1120 3014 1174 illi
3040 1121 3189 1176 salus
3235 1122 3291 1176 in
3334 1120 3445 1177 Deo

1857 1209 1972 1279 ejus
2005 1206 2192 1281 (Psul.
2225 1212 2346 1282 nt),
2388 1212 2594 1268 Idcirco
2639 1229 2761 1268 cum
2791 1213 2995 1283 ingenti
3019 1214 3222 1286 gemitu
3266 1215 3445 1269 anima

1858 1318 2002 1359 nunc
2029 1303 2320 1374 implorat:
2362 1305 2510 1373 Vide,
2559 1308 2804 1373 Domine,
2859 1319 2911 1363 et
2950 1320 3145 1363 caetera
3192 1324 3313 1379 qua:
3360 1324 3449 1365 se-

1859 1406 2122 1467 quuntur.

2591 1485 2706 1527 30D.

1932 1580 2152 1644 Manum
2180 1600 2332 1638 suam
2366 1583 2506 1637 misit
2541 1583 2705 1638 hostis
2755 1584 2827 1638 ad
2868 1584 3045 1639 omnia
3079 1584 3449 1640 desiderabilia

1857 1671 1993 1743 ejus,
2026 1675 2151 1744 quia
2174 1674 2299 1728 vidit
2322 1684 2497 1744 gentes
2521 1673 2785 1745 ingressas
2806 1675 3166 1738 sanctuarium
3190 1690 3364 1739 suum,
3385 1673 3453 1729 de

1859 1764 2046 1835 quibus
2071 1782 2393 1836 praeceperas
2422 1782 2485 1819 ne
2499 1766 2755 1821 intrarent
2776 1766 2831 1820 in
2845 1763 3320 1823 Ecclesiamtuam.
3345 1764 3450 1822 Ubi

157 1848 617 1919 inimaculataque
639 1853 879 1902 maneat.
908 1845 1023 1900 [mo
1044 1844 1090 1900 si
1114 1859 1223 1899 non
1243 1843 1424 1905 verbis
1445 1843 1512 1898 de
1536 1843 1751 1909 talibus,
1783 1838 1833 1900 Β
1859 1852 1959 1908 Jod
1988 1866 2246 1926 quantum
2278 1855 2540 1926 intelligo,
2590 1863 2740 1911 recte
2783 1856 3120 1926 ρτπροηίιυι-
3148 1875 3162 1910 ε
3187 1866 3454 1928 quatenus

154 1950 213 1998 et
252 1956 356 2020 pro
406 1939 602 1997 talibus
654 1954 818 2010 opere
846 1940 962 2009 ipsa
1008 1938 1288 2008 loquitur:
1321 1937 1628 2009 Exspatiavi
1674 1952 1756 1991 me

156 2037 343 2089 tunica
386 2051 521 2098 mea,
568 2033 829 2105 quomodo
878 2033 1130 2088 reinduar
1152 2032 1345 2087 illam?
1374 2031 1394 2105 (
1409 2032 1584 2106 Ibid.)
1625 2031 1754 2088 Lavi

156 2129 331 2201 pedes
362 2142 527 2192 meos,
559 2127 829 2197 quomodo
876 2126 1173 2197 inquinabo
1214 2125 1375 2181 illos?
1412 2124 1549 2192 Quia
1583 2124 1760 2180 omni-

158 2220 330 2276 modo
350 2219 581 2292 pessima
601 2218 937 2273 consuetudo
972 2218 1064 2273 vix
1095 2226 1189 2272 aut
1217 2231 1494 2287 nunquam
1530 2216 1753 2271 tollitur.

163 2308 335 2381 Unde
356 2309 596 2364 doctores
624 2308 913 2381 eXSpoliati
945 2308 1125 2363 tunica
1150 2307 1455 2372 charitatis,
1487 2322 1607 2383 quae
1645 2305 1759 2362 sola

158 2401 416 2471 cooperit
445 2400 629 2456 sordes
658 2409 1025 2476 peccatorum,
1058 2408 1293 2472 torpent,
1310 2400 1431 2455 acsi
1458 2399 1756 2477 puellarum

155 2491 398 2569 delicata
425 2490 601 2569 aliqua
631 2490 864 2561 lotisque
888 2491 1114 2563 pedibus
1132 2490 1534 2562 exspoliata,de
1561 2489 1758 2553 lectulo

155 2566 366 2663 quietis
389 2566 528 2640 nolit
554 2600 861 2657 assurgere,
893 2601 1168 2657 pravaque
1195 2585 1599 2659 consuetudinis
1648 2599 1760 2639 sua:

156 2676 569 2732 oblectamenta
614 2691 915 2732 revocare:
970 2676 1160 2748 sicque
1207 2677 1345 2734 tales
1389 2676 1581 2733 nolunt
1620 2675 1756 2731 dile-

155 2768 364 2823 ctionis
397 2768 493 2822 Dei
529 2776 586 2822 et
606 2767 839 2838 proximi
881 2767 1117 2824 tunicam
1144 2766 1755 2838 exspoliatireinduere,

156 2860 359 2916 nolunt
383 2860 571 2931 pedes,
600 2875 738 2931 quos
772 2860 939 2916 semel
976 2862 1043 2917 de
1072 2862 1160 2916 via
1205 2859 1431 2934 angusta
1474 2860 1761 2931 subtraxe-

154 2964 308 3031 rant,
368 2968 469 3023 per
517 2953 715 3008 malam
751 2953 1068 3009 deliciarum
1093 2945 1539 3010 consuetudinem
1588 2960 1643 3008 et
1667 2951 1760 3017 de-

154 3046 337 3119 sidize,
354 3045 511 3115 quasi
534 3060 672 3115 aqua
695 3045 852 3109 lotos,
876 3060 998 3100 cum
1022 3060 1217 3123 magna
1235 3044 1561 3101 contritione
1580 3042 1759 3101 cordis

156 3152 357 3191 rursus
379 3136 449 3190 ad
475 3137 925 3208 praeparationem
949 3136 1226 3208 Evangelii
1270 3136 1504 3209 dirigere
1527 3154 1541 3192 :
1563 3136 1759 3207 quibus

155 3231 317 3301 quasi
351 3244 516 3285 exosa
545 3228 757 3298 estjam
780 3230 960 3285 omnis
991 3229 1171 3285 vilitas
1197 3239 1253 3285 et
1290 3237 1631 3301 contemptus
1656 3243 1757 3284 sae-

155 3321 296 3389 culi,
328 3323 623 3393 omniaque
647 3331 960 3377 sanctorum
988 3322 1234 3392 exempla
1273 3330 1327 3377 et
1376 3322 1544 3391 rigor,
1594 3329 1759 3390 atque

154 3415 505 3490 paupertatis
535 3413 733 3469 Christi
758 3414 1042 3484 disciplina
1084 3413 1310 3486 (Ephes.
1341 3415 1448 3484 vi).
1500 3412 1600 3480 Qui
1631 3411 1760 3468 licet

154 3508 404 3563 molliter
438 3509 784 3578 requiescant
812 3508 1051 3564 accurati
1092 3519 1236 3574 cute,
1273 3516 1450 3562 tamen
1477 3506 1665 3562 sordes
1686 3505 1761 3559 vi-

154 3603 369 3679 tiorum
401 3611 614 3683 gestant
642 3604 694 3657 in
724 3600 975 3683 pedibus.
1028 3600 1181 3659 Unde
1212 3609 1527 3673 sanctorum
1558 3598 1760 3665 chorus

155 3686 433 3761 ploransé
468 3678 663 3748 Sordes
697 3678 939 3765 (inquit)
967 3693 1081 3763 ejus
1112 3694 1167 3747 in
1215 3693 1430 3763 pedibus
1470 3688 1613 3763 ejus,
1667 3707 1760 3761 nec

158 3784 449 3838 re:ordata
496 3792 573 3837 est
621 3783 744 3852 ﬁnis
783 3784 866 3837 sui
894 3796 912 3835 :
941 3785 1067 3852 quia
1106 3784 1328 3840 omnino
1358 3781 1493 3838 tales
1520 3780 1641 3836 linis
1677 3781 1759 3835 sui

155 3874 211 3928 si
242 3872 668 3929 recordarentur
686 3871 1036 3943 iudiciorum,
1068 3890 1341 3944 nunquam
1369 3874 1451 3930 sic
1489 3874 1761 3929 exorbita-

155 3974 293 4036 rent
332 3980 363 4018 a
392 3964 505 4041 via.
541 3966 790 4035 quamvis
835 3973 1066 4034 angusta
1114 3965 1345 4021 dicatur.
1369 3963 1509 4019 Hinc
1546 3978 1762 4034 quoque

155 4058 408 4126 deposita
434 4066 508 4109 est
546 4055 789 4128 (inquit)
820 4056 1162 4121 vehementer,
1208 4071 1312 4109 non
1353 4054 1550 4108 habens
1577 4069 1761 4107 conso-

156 4147 411 4200 latorem.
446 4146 582 4213 Quia
626 4147 726 4201 etsi
757 4146 1011 4213 videntur
1032 4153 1181 4201 stare
1214 4145 1330 4200 suis
1360 4143 1609 4200 exornati
1630 4142 1762 4198 deli-

155 4238 380 4292 ciarum
403 4237 605 4301 inl'ulis,
637 4237 867 4310 depositi
893 4246 1019 4292 sunt
1035 4238 1148 4308 jam
1170 4238 1222 4292 in
1250 4246 1542 4307 conspectu
1570 4236 1764 4293 divinae

154 4328 493 4398 maiestatis,
529 4328 743 4403 133E.
766 4345 873 4385 non
914 4329 1176 4399 habentes
1204 4328 1465 4403 Spiritum
1516 4338 1763 4384 sanctum

154 4421 591 4488 consolatorem,
624 4423 714 4492 qui
744 4422 878 4477 alios
923 4420 1191 4479 consolari
1236 4421 1556 4487 debuerant,
1606 4428 1663 4475 et
1696 4419 1765 4485 ab

153 4513 426 4567 omnibus
455 4511 695 4567 revelare
717 4511 1000 4582 angustiis.
1024 4506 1375 4580 Tropologice
1406 4524 1556 4574 vero,
1582 4509 1765 4562 anima

154 4605 368 4658 sordes
396 4602 510 4657 suis
554 4601 715 4657 habet
745 4602 799 4656 in
830 4600 1080 4672 pedibus,
1118 4615 1241 4670 qua:
1278 4601 1535 4655 vitiorum
1562 4598 1765 4669 polluta

154 4697 451 4761 sordibus,
478 4694 727 4749 thronum
756 4694 996 4750 caelestis
1021 4693 1146 4747 vitae
1188 4692 1502 4763 perdiderit,
1543 4698 1597 4765 et
1643 4706 1769 4761 can-

156 4793 366 4846 dorem
424 4788 666 4859 pristina:
707 4785 1158 4842 conversationis.
1215 4786 1292 4840 De
1344 4799 1450 4855 qua
1496 4784 1633 4838 bene
1673 4796 1768 4860 per

154 4881 411 4938 Isaiam:
455 4877 722 4950 Consurge
759 4876 996 4951 (inquit)
1042 4862 1375 4941 Jerusalem,
1416 4884 1657 4930 excutere
1705 4874 1771 4927 de

152 4976 409 5047 pulvere,
437 4989 692 5043 consurge
713 4981 760 5025 et
782 4971 902 5026 sede
932 4969 1077 5042 (Isa.
1102 4984 1172 5025 LII
1193 4968 1232 5039 ).
1257 4967 1445 5041 Neque
1473 4966 1616 5031 enim
1652 4964 1768 5019 ﬁeri

154 5074 361 5138 potest
384 5072 442 5119 ut
468 5063 652 5118 anima
671 5078 790 5133 quae
810 5061 946 5130 foris
959 5057 1272 5129 exposuerit
1291 5057 1409 5120 vias
1431 5068 1557 5110 suas
1588 5063 1770 5111 trans-

152 5160 454 5223 euntibus,
474 5158 815 5227 terrenisque
838 5170 898 5211 se
920 5153 1207 5217 sociaverit
1229 5151 1458 5215 actibus,
1482 5165 1551 5205 ne
1582 5148 1771 5205 sordes

155 5255 381 5311 habeat
434 5254 489 5306 in
536 5251 782 5322 pedibus.
819 5247 973 5304 Unde
1013 5246 1233 5318 quidam
1265 5251 1575 5300 sanctorum
1609 5240 1771 5295 :IIu-

155 5347 386 5401 utilium
415 5356 491 5400 est
519 5343 667 5417 (ait)
704 5343 759 5397 in
800 5340 1008 5413 puluere
1056 5340 1237 5395 anima
1276 5345 1478 5401 nostra,
1511 5332 1773 5404 congluti-

158 5452 337 5497 natus
362 5449 439 5494 est
462 5440 517 5493 in
545 5449 687 5493 terra
716 5447 890 5493 venter
914 5448 1091 5491 noster
1121 5435 1142 5506 (
1164 5432 1313 5489 Psal.
1346 5431 1535 5502 mn).
1574 5432 1620 5483 A
1646 5428 1770 5499 qui-

157 5534 282 5588 bus
308 5530 546 5599 denique
573 5529 823 5584 sordibus
853 5529 1094 5597 quotidie
1139 5525 1354 5581 lavandi
1408 5530 1536 5580 sunt
1586 5522 1772 5593 pedes,

158 5641 247 5680 ne
270 5624 417 5679 forte
446 5621 832 5677 obliviscamur
870 5620 995 5675 linis
1022 5618 1215 5683 nostri,
1257 5624 1312 5672 et
1349 5616 1681 5686 deponamur
1707 5611 1775 5667 ad

157 5716 535 5789 ignominiam
565 5714 869 5785 culparum,
897 5713 1104 5783 absque
1133 5710 1240 5765 ullo
1268 5710 1592 5764 intrinsecus
1640 5721 1772 5760 cono

155 5812 443 5868 solatore.
471 5810 621 5865 Dicat
654 5825 782 5881 ergo
815 5807 1015 5872 anima,
1048 5806 1192 5861 dicat
1218 5811 1271 5860 et
1315 5801 1550 5857 Ecclesia
1579 5799 1774 5855 talibus

1785 3189 1832 3252 C

1796 4556 1845 4620 D

1859 1946 1999 2002 scire
2021 1946 2333 2018 liceatquod
2357 1947 2682 2018 principium
2705 1947 2875 2001 ruinae
2899 1945 3218 2012 Jerusalem,
3234 1962 3451 2002 eorum-

1858 2052 1964 2108 que
2016 2037 2324 2091 animarum
2375 2036 2522 2090 fuit:
2552 2037 2677 2109 quia
2714 2036 2972 2091 Dominus
3003 2038 3132 2091 vidit
3173 2047 3347 2107 gentes
3369 2037 3451 2091 in-

1858 2145 2062 2199 gressus
2114 2128 2479 2182 sanctuarium
2530 2143 2707 2191 suum,
2761 2127 2987 2197 spiritus
3035 2127 3286 2183 videlicet
3352 2127 3455 2183 im-

1859 2221 2110 2286 mundos,
2142 2219 2497 2289 carnalesque
2525 2218 2775 2287 affectus,
2829 2221 2895 2277 de
2926 2219 3124 2291 quibus
3167 2220 3455 2275 mandarat

1858 2314 2009 2384 prius
2037 2328 2107 2368 ne
2133 2313 2403 2367 intrarent
2434 2311 2487 2365 in
2520 2310 2821 2367 Ecclesiam
2848 2328 3023 2367 suam.
3054 2310 3122 2366 Et
3173 2311 3295 2367 ideo
3326 2311 3457 2381 quia

1857 2404 2093 2477 primum
2139 2404 2397 2474 ingressae
2443 2410 2569 2457 sunt
2604 2402 2659 2456 in
2699 2402 2986 2459 animabus
3034 2417 3223 2457 eorum
3266 2410 3457 2474 gentes

1860 2492 2259 2565 immundarum
2309 2493 2743 2564 cogitationum,
2800 2492 2950 2547 misit
3000 2492 3175 2548 hostis
3231 2507 3456 2558 manum

1860 2601 2013 2641 suam
2055 2585 2315 2641 audacter
2358 2593 2415 2639 et
2444 2591 2694 2654 potenter
2744 2583 2814 2638 ad
2859 2583 3042 2638 omnia
3072 2582 3455 2638 desiderabilia

1859 2674 1993 2744 ejus,
2010 2675 2217 2732 scilicet
2239 2675 2307 2730 ad
2329 2674 2528 2731 Sancta
2543 2682 2877 2739 sanctorum,
2894 2674 3091 2745 quibus
3107 2690 3212 2729 non
3234 2674 3454 2741 licebat,

1859 2769 1966 2825 nisi
1997 2769 2128 2825 solis
2160 2768 2556 2833 sacerdotibus,
2590 2766 2820 2822 introire
2867 2767 2924 2821 in
2974 2762 3119 2822 anno
3145 2781 3273 2822 cum
3329 2780 3457 2822 san-

1859 2859 2020 2931 guine
2064 2858 2274 2931 (Exod.
2302 2858 2456 2930 xxx).
2489 2858 2634 2914 Misit
2663 2857 2883 2929 quidem
2909 2871 3151 2923 manum,
3181 2865 3237 2911 et
3264 2857 3453 2913 abstu-

1861 2953 1924 3025 lit
1952 2952 2136 3017 omnia
2184 2966 2313 3017 vasa
2367 2950 2597 3017 decoris,
2626 2957 2681 3009 et
2725 2948 3033 3020 profanavit
3082 2947 3453 3009 sanctuarium

1862 3045 1981 3111 Dei,
2010 3044 2209 3100 Sancta
2244 3051 2664 3113 sanctorumque
2688 3039 2990 3111 prostituit,
3013 3037 3232 3109 dejecit,
3248 3054 3314 3097 ac
3332 3037 3455 3109 polo

1862 3139 1965 3193 luit
1992 3137 2211 3209 (Ezech.
2237 3136 2431 3207 xxnn):
2460 3135 2587 3205 quia
2616 3133 2767 3205 prius
2794 3132 3056 3188 Dominus
3094 3134 3164 3190 ob
3196 3131 3450 3198 immani-

1865 3237 2030 3289 tatem
2069 3226 2358 3291 scelerum,
2392 3225 2592 3295 repulit
2620 3239 2685 3279 ea
2726 3222 2938 3295 1335
2968 3223 3022 3277 in
3064 3222 3263 3292 quibus
3292 3222 3453 3285 habi-

1862 3300 2070 3374 taverat
2114 3318 2258 3374 inter
2299 3317 2566 3380 homines,
2583 3322 2638 3370 et
2664 3313 2879 3367 tradidit
2895 3313 2949 3366 in
2975 3312 3327 3382 captivitatem
3348 3312 3450 3370 vir-

1859 3420 1994 3464 tutes
2021 3424 2224 3474 eorum,
2263 3417 2311 3461 et
2332 3405 2774 3478 pulchritudinem
2798 3420 2979 3459 eorum
3022 3403 3079 3457 in
3121 3418 3310 3457 manus
3351 3402 3457 3457 ini—

1860 3503 2001 3556 mici.
2045 3499 2312 3556 Conclusit
2341 3499 2560 3570 quidem
2602 3499 2658 3551 in
2703 3496 2881 3569 gladio
2910 3494 3161 3566 populum
3191 3511 3369 3561 suum,
3397 3504 3452 3557 et

1860 3596 2217 3652 Ita’reditatem
2261 3611 2411 3653 suam
2437 3593 2627 3664 sprevit
2648 3588 2835 3663 (Psal.
2864 3590 3101 3659 Lxxvtt).
3140 3588 3453 3653 Secundum

1862 3701 2161 3757 anagogem
2209 3699 2359 3750 vero,
2408 3690 2463 3741 et
2515 3683 2559 3737 si
2593 3695 2768 3753 pauca
2806 3678 3258 3751 praemiscuimus,
3295 3677 3460 3733 habet

1861 3794 2059 3851 sponsa
2093 3776 2295 3841 Christi
2325 3772 2648 3839 Jerusalem,
2702 3786 2822 3842 quze
2876 3780 2962 3825 est
3010 3778 3187 3829 mater
3240 3777 3452 3832 nostra,

1863 3888 1961 3929 sua
2004 3869 2406 3935 desiderabilia,
2461 3881 2528 3922 ex
2560 3865 2757 3936 quibus
2797 3866 2904 3919 non
2928 3862 3053 3918 licet
3077 3862 3241 3922 edere
3268 3860 3362 3931 qui
3390 3874 3461 3926 ex

1864 3964 2092 4021 adverso
2116 3970 2262 4018 sunt.
2291 3961 2375 4016 Ad
2407 3973 2527 4029 quae
2556 3956 2815 4013 nimirum
2845 3954 3020 4009 hostis
3040 3952 3315 4009 interdum
3345 3965 3461 4006 ma-

1864 4035 1993 4113 num
2019 4055 2204 4120 mittit,
2233 4052 2360 4123 quia
2393 4050 2545 4122 prius
2579 4056 2769 4121 gentes
2789 4044 3174 4116 ingrediuntur
3204 4048 3462 4105 sanctua-

1865 4150 2004 4206 rium
2041 4147 2161 4213 Dei,
2208 4144 2389 4201 carnis
2435 4140 2829 4211 amplectentes
2861 4135 3206 4210 praeputium,
3247 4141 3305 4189 et
3351 4148 3463 4188 non

1864 4241 2128 4297 habentes
2148 4234 2619 4292 circumcisionem
2660 4232 2886 4298 Christi,
2921 4229 3049 4292 mali
3076 4228 3326 4284 videlicet
3354 4226 3463 4282 mi-

1869 4333 2025 4389 nistri
2066 4330 2274 4401 altaris,
2306 4343 2402 4383 seu
2433 4325 2700 4391 haeretici,
2740 4324 2835 4395 qui
2872 4322 3047 4394 magis
3076 4321 3244 4376 etiam
3286 4320 3353 4375 ad
3381 4318 3466 4376 of-

1868 4425 2017 4479 fensa
2045 4428 2345 4493 provocant
2372 4417 2560 4477 oculos
2598 4416 2798 4471 divina:
2827 4412 3150 4484 maiestatis.
3191 4411 3299 4467 Pro
3331 4406 3488 4483 quo?

1870 4531 1991 4573 rum
2012 4513 2223 4585 delictis
2243 4522 2297 4567 et
2318 4510 2606 4572 erratibus,
2641 4506 2793 4563 misit
2817 4507 2991 4563 hostis
3037 4520 3258 4561 manum
3309 4520 3464 4561 suam

1850 4583 1938 4662 ad
1970 4603 2153 4661 omnia
2182 4599 2562 4657 desiderabilia
2586 4595 2726 4666 ejus,
2767 4595 2928 4651 fidem
2958 4595 3248 4650 individua:
3279 4592 3465 4650 Trini-

1875 4695 1999 4750 tatis
2026 4691 2425 4751 contaminans.
2467 4688 2738 4759 baptisma
2793 4686 3125 4749 rescindens,
3167 4701 3365 4757 corpus
3410 4694 3467 4739 et

1871 4786 2189 4856 sanguinem
2236 4780 2435 4837 Christi
2476 4778 2697 4850 indigne
2743 4786 3120 4843 contrectans,
3162 4776 3465 4832 doctrinam

1872 4894 2025 4935 suam
2052 4889 2425 4945 corrumpens,
2454 4872 2637 4928 omnia
2667 4885 2896 4942 quteque
2920 4885 3172 4926 vasorum
3202 4868 3464 4940 pretiosa,

1872 4968 2080 5024 scilicet
2107 4981 2238 5023 oves
2264 4964 2488 5028 Christi,
2520 4963 2678 5035 quasi
2720 4963 2881 5032 lupus
2910 4960 3219 5016 devastans.
3250 4957 3318 5014 Et
3362 4957 3466 5013 hoc

1873 5070 1959 5114 εει
1982 5056 2311 5127 principium
2340 5054 2473 5109 tanti
2504 5052 2884 5126 piaculi,,quia
2917 5051 3123 5123 indigni
3149 5050 3244 5107 Dei
3285 5047 3468 5104 Eccle-

1874 5152 2010 5208 siam
2041 5149 2439 5221 ingrediuntur.
2468 5146 2624 5215 Quod
2670 5161 2803 5203 sane
2837 5143 3039 5199 malum
3080 5143 3184 5197 illis
3209 5142 3263 5197 in
3288 5141 3467 5214 capite

1876 5242 2116 5314 respicit,
2141 5240 2235 5313 qui
2273 5238 2426 5305 talia,
2450 5253 2573 5293 cum
2597 5246 2819 5309 possent
2838 5234 3129 5306 prohibere
3150 5247 3220 5288 ne
3249 5231 3464 5295 tierent,

1878 5335 2175 5408 negligunt.
2200 5331 2308 5389 Sed
2326 5341 2381 5389 et
2412 5331 2591 5386 anima
2617 5327 2943 5399 trepologice
2972 5323 3301 5397 plangitur‘a
3337 5338 3467 5396 pro-

1877 5429 2040 5500 pheta
2069 5425 2380 5497 sanctisque
2427 5424 2579 5489 viris,
2620 5436 2779 5492 quam
2810 5418 3063 5490 ingressi,
3115 5416 3315 5488 quibus
3350 5431 3464 5472 non

1880 5528 2002 5576 erat
2037 5518 2277 5584 licitum,
2329 5530 2448 5571 eam
2497 5513 2765 5584 attingere
2815 5508 3212 5574 contaminant,
3260 5507 3468 5562 scilicet

1879 5626 2151 5683 perversa:
2170 5607 2547 5681 cogitationes,
2591 5613 2645 5660 et
2671 5602 2974 5674 voluptates
3017 5615 3220 5671 pravae.
3253 5598 3355 5668 Qui
3384 5599 3466 5654 in-

1882 5703 2051 5774 gressi
2080 5699 2445 5771 exterminant
2476 5696 2691 5767 signum
2742 5689 3174 5748 circumcisionis
3220 5698 3416 5753 nostrae
3451 5708 3463 5743 :

1883 5798 2025 5868 quod
2064 5810 2147 5853 est
2202 5796 2413 5867 signum
2467 5791 2607 5855 ﬁdei,
2667 5798 2721 5845 ct
2758 5788 3017 5860 polluitur
3077 5784 3467 5842 ἰιιείηιιιηςίδςε
