4048 6352
690 280 832 337 1085

1512 274 1572 329 S.
1608 269 1968 330 PASCHASII
2006 266 2353 326 liADBEliTl
2386 265 2680 322 ABBATIS
2718 265 3168 323 CORBEIENSIS

3739 292 3832 350 l08i

687 389 887 448 manus
940 395 1205 459 praeputio
1257 383 1628 439 sanctuarium
1682 390 1846 437 tanta:
1900 378 2271 451 professionis.
2302 379 2351 440 Α
2381 376 2666 433 multitudo
2717 376 2972 450 allligitur
3007 387 3063 434 ct
3102 380 3255 449 quasi
3301 390 3610 457 excruciatur,
3645 404 3739 453 dum
3763 420 3836 460 non

689 482 845 540 Tunc
893 481 1077 550 itaque
1127 474 1415 549 profanato
1463 474 1571 545 iam
1628 473 1828 545 templo
1874 473 2056 529 cordis
2108 472 2277 538 vitiis,

692 575 861 632 mittit
889 585 1109 628 manum
1141 584 1295 625 suam
1319 569 1535 623 demum
1570 566 1829 623 audacter
1856 566 2025 620 hostis
2055 565 2123 620 ad
2165 580 2281 620 om-

693 667 783 722 nia
823 674 940 735 ejus
978 659 1379 724 desiderabilia,
1405 667 1462 714 et
1490 656 1664 714 aufert
1687 657 1871 721 omnia
1897 658 2156 712 virtutum
2193 671 2281 711 or-

693 765 967 813 namenta.
996 752 1395 823 Nonnunquam
1417 766 1547 807 vero
1571 751 1805 822 primum
1840 750 1999 806 fidem
2034 757 2279 816 enervat,

696 850 890 905 deinde
913 847 1117 919 judicia
1143 845 1341 912 aufert,
1361 846 1646 901 thesauros
1672 844 1839 900 totius
1860 844 2160 916 maiestatis
2184 844 2281 899 Dei

694 947 943 1004 evacuat,
968 937 1224 993 vitiorum
1258 936 1607 992 incitamenta
1633 945 1834 1002 movet,
1854 935 2075 991 exacuit
2110 935 2275 991 virus.

698 1031 944 1097 Deinde,
998 1029 1126 1084 dum
1182 1044 1337 1084 mens
1382 1028 1644 1084 deliberat
1690 1028 2030 1099 pulsantibus
2099 1036 2281 1084 utrum

695 1121 920 1192 aperiat,
946 1120 1267 1189 quandoque
1297 1132 1448 1189 spem
1474 1119 1747 1184 immutat,
1776 1127 1955 1190 etpro
1977 1134 2071 1189 spe
2102 1132 2280 1173 rerum

695 1209 939 1267 omnium
988 1208 1362 1275 invisibilium,
1386 1224 1506 1280 qua:
1547 1225 1653 1265 non
1692 1208 1947 1266 videntur
1970 1219 2025 1265 et
2054 1210 2283 1266 credun-

699 1307 805 1365 tur,
841 1297 1037 1355 futurze
1082 1298 1413 1370 pmnitcntiae
1439 1315 1589 1369 spem
1628 1300 1973 1370 repromittit,
2023 1300 2126 1356 sibi
2163 1317 2284 1356 car-

694 1389 835 1445 nalis
871 1390 1159 1446 delectatio
1203 1388 1317 1460 jam
1349 1389 1565 1446 illecta:
1611 1390 1798 1461 sicque
1839 1390 1995 1460 quasi
2043 1392 2284 1448 securior

695 1480 879 1536 anima
933 1479 1202 1536 charitate
1250 1480 1347 1537 Dei
1402 1495 1466 1534 ac
1518 1481 1749 1553 proximi
1796 1482 1878 1537 sui
1929 1480 2281 1551 exspoliatur,
2311 1490 2332 1521 ⁸

695 1580 810 1627 tum
842 1574 1020 1629 omnis
1049 1572 1173 1629 lidei
1232 1581 1508 1629 armatura
1559 1573 1780 1641 tollitur,
1831 1582 1887 1630 et
1924 1575 2286 1647 prosternitur

692 1660 979 1732 fortitudo,
1010 1674 1066 1721 et
1091 1681 1158 1723 ex
1188 1665 1398 1737 integro
1427 1666 1599 1723 hostis
1634 1666 1701 1721 ad
1728 1667 1909 1723 omnia
1939 1667 2135 1723 deinde
2164 1683 2283 1724 ma—

2383 470 2449 523 ad
2510 476 2695 523 votum
2746 470 3029 540 prtesentis
3080 471 3204 525 vitae
3276 473 3458 531 deliciis
3489 494 3543 535 ac
3582 483 3829 552 iucunditate

2382 557 2691 615 afﬂuentius
2763 558 3110 631 adimpletur.
3188 560 3505 637 Tropologice
3542 585 3649 629 vero
3702 580 3830 636 anima

2380 668 2609 723 qumque
2661 652 2896 723 pretiosa
2942 668 3041 723 pro
3089 653 3211 707 cibo
3260 654 3373 719 dat,
3435 662 3618 728 quando
3668 667 3830 729 virtutes

2383 744 2581 799 mentis
2626 743 2680 797 in
2732 744 2974 814 appetitu
3020 744 3341 801 transitoria:
3377 748 3695 810 delectationis
3728 759 3835 816 incli-

2382 844 2498 902 nat,
2528 847 2584 891 et
2618 832 2906 892 relocillari
2938 836 3119 891 anima
3163 835 3366 904 nititur,
3395 839 3507 897 dum
3527 848 3744 913 perversis
3761 853 3836 908 suis
3914 847 3920 853 ’

2384 928 2666 985 desideriis
2708 927 3027 983 satisfacere
3052 936 3296 983 conatur.
3332 930 3472 987 Unde
3495 936 3645 991 omnis
3675 941 3839 1009 populus

2384 1035 2624 1089 gemens,
2653 1027 2709 1075 et
2729 1034 2978 1090 quaerens
3007 1033 3223 1090 panem,
3253 1021 3536 1094 plangitur:
3563 1026 3668 1096 quia
3694 1030 3840 1103 1331

3937 496 3939 643 Ν

2383 1113 2511 1169 licet
2548 1113 2787 1185 pretiosa
2834 1129 3062 1185 quicque
3098 1115 3351 1170 virtutum
3382 1132 3472 1189 pro
3501 1119 3604 1176 cibo
3645 1123 3842 1190 dederint,
3938 1112 3939 1125 “

2383 1219 2573 1260 omnes
2614 1204 3174 1274 concupiscentiarum
3200 1203 3440 1262 .al'fectus
3488 1224 3583 1264 non
3627 1212 3842 1277 satiantur,

2383 1297 2502 1353 visu
2532 1296 2618 1351 vel
2639 1304 2821 1368 gustu,
2854 1296 3469 1366 caeterisqueseusibus.
3501 1301 3560 1355 Et
3588 1302 3688 1357 ideo
3715 1300 3846 1374 liqua
3938 1288 3939 1291 η

2385 1386 2647 1443 redierint
2674 1386 2941 1443 introrsus
2972 1386 3199 1442 virtutes
3224 1388 3290 1442 ad
3320 1389 3560 1455 animam,
3593 1392 3661 1446 vel
3685 1390 3848 1464 ipsaDet

2387 1488 2628 1537 recreata
2660 1478 2853 1551 spiritu
2903 1494 3009 1533 una
3040 1494 3165 1534 cum
3205 1479 3351 1534 omni
3398 1478 3659 1536 electorum
3682 1483 3848 1537 multitu-

2387 1572 2534 1639 dine,
2558 1570 2683 1642 jure
2706 1570 3009 1643 plaugendo
3034 1570 3271 1626 clamare
3285 1570 3472 1627 dicitur
3494 1585 3508 1626 :
3540 1570 3663 1639 Vide,
3682 1573 3849 1639 Domine,

2387 1673 2435 1719 et
2474 1663 2763 1732 considera:
2781 1664 2908 1735 quia
2957 1661 3100 1732 facta
3143 1679 3263 1725 sum
3310 1663 3419 1718 uilis
3448 1663 3557 1733 (Job
3604 1666 3713 1734 xix).
3746 1667 3846 1721 Acsi

695 1767 826 1808 num
856 1753 1072 1810 mittere
1114 1771 1222 1810 non
1269 1754 1545 1811 formidat.
1590 1754 1744 1813 Tunc
1796 1757 1979 1829 itaque
2024 1756 2285 1829 pudicitia
2314 1758 2363 1825 Β
2390 1754 2603 1811 dicatur
2631 1773 2644 1811 :
2670 1755 2838 1810 Facta
2879 1770 2998 1810 sum
3046 1770 3178 1825 ergo
3211 1754 3356 1821 vilis,
3384 1755 3502 1825 quia
3528 1771 3691 1810 manus
3709 1755 3850 1813 Domini

693 1846 1082 1916 corrumpitur,
1144 1844 1378 1901 violatur
1416 1846 1672 1914 castitas,
1723 1846 1860 1920 gula:
1893 1849 2286 1920 concupiscen-

692 1935 828 1990 tiam
858 1937 1257 2006 archimagirus
1294 1936 1383 1993 ille
1405 1938 1663 2015 princeps
1683 1953 1937 1995 cocorum
1968 1948 2284 2013 exaggerat,

693 2034 756 2079 ut
776 2040 965 2082 omnes
984 2027 1181 2083 animae
1204 2043 1390 2084 muros
1432 2028 1679 2083 destruat
1726 2037 1782 2085 et
1815 2028 2131 2099 inﬂammet,
2158 2046 2287 2102 pru-

693 2119 890 2176 dentiae
923 2121 1137 2194 1336
1177 2121 1364 2178 oculos
1408 2120 1610 2188 eﬂ‘odit,
1638 2123 1862 2195 iustitia:
1907 2133 2114 2180 vestem
2165 2140 2289 2180 con-

694 2211 911 2277 scindit,
942 2227 1132 2282 pacem
1179 2221 1236 2268 et
1272 2213 1614 2268 concordiam
1663 2213 1819 2281 tollit,
1875 2212 2003 2270 ferit
2035 2229 2286 2271 mansue-

695 2299 960 2368 tudinem,
993 2302 1311 2358 modestiam
1354 2302 1526 2370 elidit,
1556 2303 1944 2375 benignitatem
1974 2313 2284 2377 exasperat,

694 2392 764 2447 ad
799 2393 1048 2449 ultimum
1101 2393 1278 2451 aufert
1307 2395 1541 2467 gladium
1595 2396 1832 2469 Spiritus
1869 2400 2062 2466 sancti,
2103 2409 2158 2456 et
2206 2402 2287 2457 sic

693 2484 848 2554 quasi
879 2486 1333 2544 devindemiatam
1379 2489 1633 2551 omnibus
1657 2491 1814 2547 bonis
1862 2492 2118 2548 miseram
2168 2493 2287 2549 ani-

692 2588 836 2628 mam
867 2574 985 2630 sine
1011 2576 1375 2645 consolatore,
1407 2592 1473 2634 ac
1520 2579 1721 2636 nudam
1770 2580 1825 2637 in
1881 2596 1979 2645 suo
2025 2582 2287 2655 sanguine

656 2672 659 2681 ‘
698 2664 1011 2738 dereliquit.

1414 2820 1568 2859 CAP“.

766 2929 948 2985 Omnis
987 2931 1209 3001 populus
1235 2933 1349 3003 ejus
1393 2952 1623 3005 gemens,
1667 2955 1904 3010 quierens
1931 2956 2140 3010 panem.
2176 2940 2283 2997 De-

690 3021 882 3075 derunt
924 3023 1153 3091 pretiosa
1197 3041 1414 3095 qumque
1454 3045 1548 3098 pro
1596 3030 1710 3084 cibo
1762 3031 1831 3084 ad
1880 3031 2280 3100 refocillandam

2390 1846 2564 1918 tetigit
2589 1860 2695 1902 me.
2728 1845 2843 1903 Hoc
2872 1846 3071 1918 quippe
3097 1845 3249 1916 Caph
3273 1844 3602 1903 Hebraeorum
3631 1863 3777 1904 sonare
3799 1848 3851 1903 dis

2387 1938 2548 1995 citur.
2576 1937 2768 1994 Manus
2813 1937 2978 2009 igitur
3025 1938 3242 1993 Domini
3277 1952 3397 1993 cum
3443 1946 3531 1993 aut
3566 1939 3625 1995 ad
3650 1939 3847 2009 punienda,

2386 2036 2482 2084 aut
2507 2028 2797 2085 relevanda
2842 2028 3130 2100 supplicia,
3164 2040 3317 2084 certe
3344 2036 3436 2084 aut
3476 2029 3539 2084 ad
3582 2029 3845 2084 instruendam

2388 2120 2641 2175 miseram
2692 2119 2952 2183 animam.
2994 2119 3467 2192 negligentemque
3511 2118 3851 2174 Ecclesiamatti-

2387 2211 2547 2282 gerit.
2579 2211 2725 2268 Bene
2752 2227 2856 2265 vox
2881 2211 2947 2266 ad
2983 2226 3043 2266 se
3067 2211 3306 2278 rediens,
3330 2224 3459 2266 voce
3481 2225 3568 2266 sua
3596 2210 3702 2266 dicit
3723 2228 3733 2262 :
3753 2206 3845 2267 Vide.

2387 2301 2609 2359 Domine
2646 2303 2728 2376 (ut
2753 2320 2917 2375 supra
2962 2304 3222 2375 diximus)
3247 2318 3356 2359 non
3382 2319 3605 2359 meorum
3627 2302 3849 2358 delictorum

2386 2394 2612 2461 scelera,
2640 2395 2735 2451 sed
2760 2394 2903 2450 mala
2930 2405 2987 2450 et
3030 2395 3307 2466 supplicia,
3331 2411 3449 2467 quae
3476 2395 3647 2465 patior,
3672 2403 3714 2448 et
3739 2390 3852 2447 consi-

2386 2485 2515 2541 dera
2547 2485 2622 2542 tui
2670 2484 2811 2554 juris
2855 2486 3144 2551 fabricam,
3172 2488 3302 2557 quia
3350 2486 3487 2556 facta
3516 2502 3619 2541 sum
3638 2485 3741 2539 uilis.
3767 2481 3854 2536 filis

2385 2576 2584 2647 quippe
2631 2560 2729 2631 Dei
2769 2575 2922 2646 plebs
2962 2574 3220 2643 elﬁcitur,
3252 2577 3467 2647 quando
3524 2588 3758 2647 pravorum
3793 2586 3855 2623 nu-

2384 2688 2537 2728 mero
2567 2681 2870 2738 crescente,
2900 2670 3040 2728 infra
3069 2672 3377 2729 Ecclesiam
3405 2687 3508 2727 non
3538 2682 3710 2726 summa
3732 2671 3858 2718 etce-

2385 2762 2580 2829 lestia,
2627 2762 2723 2818 sed
2777 2761 2987 2833 abiecta
3037 2778 3275 2833 quaeque
3336 2769 3392 2817 et
3438 2770 3634 2815 terrena
3675 2758 3853 2810 sectatur.

2383 2855 2578 2912 Anima
2601 2870 2733 2911 vero
2757 2872 2877 2926 qua:
2904 2856 3055 2926 prius
3081 2854 3273 2911 multis
3298 2853 3577 2925 depravata
3595 2847 3857 2905 oblectamen-

2386 2946 2478 3011 tis,
2507 2946 2651 3002 male
2685 2934 3020 3020 gloriabatur
3048 2946 3195 3003 elata
3223 2944 3368 3002 fastu
3390 2945 3639 3006 vitiorum,
3662 2954 3754 2995 curn
3779 2948 3857 2990 eam

2383 3058 2576 3099 manus
2606 3042 2818 3099 Domini
2854 3042 3109 3114 tetigerit,
3135 3057 3272 3097 mox
3301 3039 3460 3097 vilem
3487 3054 3541 3096 se
3573 3037 3732 3092 factam
3760 3031 3859 3085 reco’

662 3114 665 3119 -
688 3111 942 3207 opimam.
983 3112 1114 3207 Vide
1142 3114 1270 3207 quid
1291 3117 1576 3207 profuerit,
1610 3120 1755 3189 quod
1786 3122 2048 3193 propheta
2084 3139 2143 3179 se
2169 3140 2277 3180 non
2305 3119 2351 3182 C
2382 3136 2615 3206 gnoscii,
2664 3151 2787 3207 qua;
2836 3111 3014 3191 fuerat
3043 3135 3202 3206 prius
3229 3133 3301 3188 ad
3328 3131 3601 3203 imaginem
3623 3124 3783 3183 condita
3801 3117 3855 3173 sui

688 3198 1036 3271 plangentem
1052 3200 1354 3259 Jerusalem
1378 3205 1649 3276 planxerit
1676 3227 1689 3263 :
1719 3225 1843 3264 nam
1879 3226 2042 3282 supra
2071 3212 2127 3268 in
2152 3214 2277 3284 qui-

686 3290 914 3347 busdam
928 3292 1040 3348 suis
1060 3308 1120 3349 se
1139 3294 1416 3363 planxisse
1442 3299 1597 3368 quasi
1620 3300 1974 3358 nobilioribus
2000 3305 2277 3372 membris,

686 3382 877 3457 lugens
904 3387 1165 3458 propheta
1186 3391 1560 3460 conqueritur.
1583 3390 1738 3449 Nunc
1754 3410 1883 3451 vero
1901 3394 2014 3465 jam
2036 3413 2279 3470 gemens,

687 3487 909 3550 recepto
939 3479 1092 3535 vitali
1125 3482 1341 3552 spiritu,
1366 3484 1545 3540 omnis
1586 3486 1813 3557 populus
1836 3487 2171 3559 perhibetur.
2200 3488 2281 3545 Ad

686 3570 791 3627 hoc
818 3572 1016 3644 quippe
1065 3574 1264 3644 gallina
1316 3576 1465 3633 fovet
1502 3592 1605 3633 ova
1657 3593 1787 3645 sua,
1840 3594 2047 3650 suoque
2099 3580 2281 3638 calore

685 3664 842 3733 quasi
872 3664 1284 3733 coanimantur,
1322 3676 1384 3722 ut
1430 3667 1736 3725 formentur
1778 3670 1960 3726 omnia
2013 3671 2281 3729 introrsus

685 3752 754 3821 ad
780 3753 971 3810 vitam.
1019 3754 1221 3828 Sicque
1268 3757 1579 3830 spirituales
1601 3759 1702 3815 viri
1737 3775 1834 3817 eos
1862 3761 2173 3818 coanimare
2215 3777 2281 3819 ac

686 3843 978 3901 confovere
1010 3847 1096 3901 vel
1132 3847 1390 3921 plangere
1427 3861 1849 3919 consueverunt,
1884 3854 1975 3924 qui
2029 3854 2281 3910 nesciunt

683 3946 787 3992 eur
812 3937 1156 4010 plangantur.
1186 3941 1452 3999 Cmterum
1476 3952 1675 4015 quanta
1703 3961 1861 4016 passa
1882 3946 1952 4001 sit
1980 3944 2119 4002 mala
2147 3961 2279 4019 gens

684 4026 1013 4097 Iudaeorum,
1040 4034 1092 4088 in
1115 4032 1623 4107 fame,pestilentia,
1650 4046 1705 4093 et
1726 4038 1899 4104 clade,
1928 4039 2094 4095 divini
2114 4056 2280 4111 expo-

686 4126 823 4174 nunt
855 4119 1002 4189 libri,
1054 4133 1110 4181 et
1159 4124 1378 4196 Josephi
1434 4144 1543 4184 non
1601 4137 1745 4184 tacet
1796 4129 2046 4195 historia,
2080 4131 2278 4201 quibus

686 4213 867 4269 omnis
895 4216 1125 4287 populus
1166 4234 1459 4289 oppressus
1511 4221 1667 4278 malis
1714 4223 1901 4293 gemit,
1942 4223 2176 4294 pretiosa
2211 4227 2276 4282 ad

688 4302 1095 4363 refocillandam
1129 4310 1389 4376 animam,
1428 4311 1606 4368 nullus
1664 4321 1750 4369 est
1792 4314 1886 4384 qui
1946 4326 2224 4372 enumerct
2258 4335 2271 4373 :

683 4410 794 4450 non
819 4399 964 4466 quod
992 4399 1170 4453 anima
1222 4400 1342 4456 istis
1370 4402 1546 4457 alatur
1575 4404 1732 4470 cibis,
1780 4406 1875 4461 sed
1907 4405 2144 4461 animam
2176 4422 2276 4478 pro

680 4491 938 4560 przesenti
963 4492 1073 4547 vita
1097 4494 1295 4563 posuit,
1326 4495 1485 4551 sicuti
1530 4496 1584 4551 in
1616 4496 1735 4553 aliis
1761 4499 1957 4571 quibus
2002 4499 2274 4556 invenitur
2298 4482 2351 4541 D

681 4576 837 4635 locis.

754 4670 1125 4743 Spiritualiter
1151 4686 1330 4732 autem
1363 4689 1531 4736 recte.
1570 4682 1759 4737 Omnis
1806 4683 2035 4754 populus
2083 4685 2268 4756 lugere

679 4762 901 4832 dicitur,
925 4767 1142 4836 quando
1166 4768 1365 4824 famem
1389 4772 1541 4827 verbi
1567 4771 1662 4827 Dei
1694 4774 1914 4842 patitur,
1940 4785 1997 4830 et
2017 4791 2266 4846 quaerens

678 4872 877 4927 panem
926 4860 1019 4932 qui
1047 4861 1115 4918 de
1142 4862 1281 4920 emlo
1317 4864 1597 4922 descendit
1620 4882 1651 4922 a
1679 4867 2011 4935 doctoribus,
2052 4886 2153 4927 nec
2179 4871 2261 4926 in-

677 4951 898 5008 venitur
945 4953 1143 5027 (Joan.
1191 4956 1303 5030 vr).
1341 4956 1450 5014 Pro
1492 4974 1601 5030 quo
1639 4975 1772 5017 sane
1816 4961 1962 5018 malo
2001 4962 2266 5030 videntes,

680 5042 865 5100 dolent
888 5051 945 5101 et
988 5056 1249 5118 gemunt:
1285 5049 1414 5119 quia
1455 5049 1725 5107 dederunt
1767 5068 1996 5125 quaeque
2032 5056 2270 5126 pretiosa

679 5150 781 5205 pro
807 5137 950 5205 cibo,
999 5138 1208 5197 scilicet
1245 5140 1490 5198 coelestia
1527 5143 1828 5201 amiserunt
1871 5160 1972 5220 pro
2014 5148 2269 5215 terrenis,

645 5230 650 5234 ’
680 5228 1010 5299 sempiterna
1038 5245 1137 5300 pro
1180 5228 1401 5289 caducis
1439 5250 1455 5289 :
1485 5234 1555 5290 ad
1600 5234 2007 5296 refocillandam
2052 5239 2269 5314 (inquit)

681 5318 943 5389 animam,
971 5330 1026 5378 et
1047 5338 1154 5380 non
1183 5323 1251 5379 ad
1278 5325 1584 5383 satiandam
1614 5346 1629 5383 :
1666 5329 1793 5399 quia
1817 5338 2013 5387 cuncta
2048 5332 2267 5408 imprae.-

681 5412 979 5468 sentiarum
1031 5414 1289 5473 miseram
1327 5417 1610 5476 desideriis
1656 5420 1988 5489 innumeris,
2049 5432 2107 5479 et
2147 5438 2266 5479 suc-

680 5520 902 5561 censam
951 5507 1190 5565 animam
1225 5509 1531 5569 refocillare
1558 5512 1777 5585 quidem
1807 5522 2033 5585 queunt,
2066 5513 2266 5570 satiare

681 5611 811 5653 vero
838 5613 1137 5670 nunquam.
1175 5602 1315 5661 Hinc
1352 5620 1569 5678 quoque
1592 5605 1770 5664 omnis
1790 5606 2019 5679 populus
2046 5622 2267 5679 gemens

684 5685 898 5759 dicitur,
946 5700 1004 5747 et
1057 5709 1302 5765 quaerens
1345 5713 1541 5770 panem
1594 5697 1719 5771 quia
1772 5713 1939 5770 prava
1985 5698 2265 5755 hominum

2383 3226 2679 3285 Creatoris.
2723 3228 2975 3297 Alioquin
3006 3227 3109 3282 nisi
3159 3240 3363 3282 manus
3391 3221 3588 3279 Domini
3613 3233 3709 3274 eam
3733 3222 3858 3282 tange-

2384 3327 2487 3387 ret,
2524 3318 2592 3375 ad
2623 3327 2828 3375 tantam
2863 3317 3232 3375 humilitatem
3262 3315 3601 3386 etgemitum,
3631 3320 3765 3364 coram
3793 3313 3859 3355 suo

2382 3410 2685 3476 conditore,
2745 3424 3020 3479 nunquam
3070 3408 3306 3463 rediret.
3360 3405 3557 3462 Idcirco
3594 3415 3682 3456 non
3705 3388 3859 3449 absurde

2382 3502 2553 3574 Capli,
2584 3519 2702 3575 qua:
2732 3519 2920 3557 manus
2950 3502 3358 3573 interpretatur
3385 3517 3399 3554 :
3430 3497 3551 3553 licet
3573 3493 3847 3583 tacitam“?

2384 3605 2550 3663 tatur,
2585 3604 2641 3653 et
2663 3603 2723 3652 ut
2747 3594 3020 3667 intelligas
3045 3610 3173 3666 quae
3202 3593 3477 3665 .dixerim,
3513 3600 3671 3645 vocem
3691 3579 3857 3637 clamoris

2382 3687 2508 3744 audi
2537 3703 2657 3758 qua:
2678 3686 2944 3758 sequitur.

3076 3833 3289 3891 nano.

2452 3950 2497 4007 0
2531 3968 2621 4006 vos
2661 3967 2837 4006 omnes
2874 3952 2965 4022 qui
3006 3952 3256 4006 tramitis
3287 3968 3381 4023 per
3409 3949 3562 4011 viam,
3605 3936 3810 3997 attendite,
3835 3936 3865 3982 el

2378 4044 2543 4100 videte
2568 4043 2615 4099 si
2642 4053 2716 4100 est
2748 4043 2901 4099 deter
2945 4044 3079 4099 sicut
3118 4044 3285 4100 dolor
3312 4061 3479 4099 meus.
3515 4037 3731 4107 Quoniam
3748 4027 3867 4083 unde

2378 4136 2555 4193 minuit
2583 4152 2683 4200 me,
2709 4149 2757 4191 et
2778 4135 2980 4191 locutus
3000 4144 3075 4190 est
3103 4135 3164 4191 in
3186 4136 3277 4190 die
3306 4135 3503 4206 furoris
3524 4131 3614 4187 sui.
3635 4111 3867 4215 ῦυῑιιπωςξὶ

2378 4237 2505 4285 ante
2535 4230 2758 4300 ponitur
2787 4243 2802 4283 :
2828 4227 3034 4284 Lamed
3063 4243 3315 4299 namque
3362 4225 3628 4297 disciplina
3659 4216 3728 4304 vel
3754 4208 3870 4304 cordi:

2377 4294 2555 4375 sonat:
2589 4319 2657 4374 Et
2679 4318 2970 4375 videndum
2993 4318 3040 4373 si
3071 4334 3186 4373 non
3214 4294 3507 4388 disciplina
3530 4313 3594 4368 sit
3611 4294 3867 4388 prephetaliS.

2380 4410 2502 4465 talis
2546 4417 2839 4481 tantusque
2888 4417 3249 4480 peccatorum
3306 4384 3396 4463 vel
3442 4402 3731 4476 flagitiorum
3771 4384 3871 4443 ἀοιητ

2381 4498 2668 4571 cordisque
2718 4480 3003 4555 conversio
3046 4516 3062 4555 :
3112 4513 3250 4553 nam
3299 4497 3535 4570 primum
3577 4494 3685 4562 post
3710 4480 3872 4575 ὶιιιξειξῐλ

2382 4569 2677 4649 retrorsum
2729 4606 2892 4663 supra
2938 4606 3212 4647 conversa
3245 4569 3471 4661 legitur,
3499 4580 3675 4640 deinde
3690 4569 3869 4672 pauidi"

2371 4683 2485 4754 jam
2510 4698 2640 4738 voce
2666 4698 2764 4738 sua
2785 4682 3049 4747 clamans,
3070 4681 3237 4751 quasi
3269 4680 3341 4734 ad
3372 4688 3593 4764 sensum,
3817 4666 3871 4764 ξ’

2376 4774 2483 4830 mel
2533 4783 2589 4830 et
2618 4772 2856 4830 secundo
2891 4790 2903 4827 :
2948 4769 3098 4837 Vide,
3125 4771 3362 4827 Domine
3391 4763 3604 4840 (inquit)
3626 4757 3867 4859 σβξδξίθῗ

2376 4885 2566 4934 meam,
2608 4875 2663 4923 et
2688 4873 2884 4923 caetera
2911 4882 3034 4937 quae
3069 4874 3409 4936 sequuntur.
3462 4858 3564 4916 ηῖεῖ
3588 4851 3713 4928 (μιοά
3745 4850 3785 4902 ίη

2375 4974 2564 5015 eorum
2613 4966 2789 5015 metro
2834 4957 3027 5013 ludens
3077 4972 3242 5013 more
3283 4957 3501 5029 poetico
3532 4970 3546 5007 ε
3575 4951 3661 5011 ita.
3698 4942 3872 5031 (Ιυοωδξθ

2373 5060 2589 5106 erectus
2620 5059 2703 5106 est
2732 5049 2985 5105 inimicus
3026 5063 3212 5114 meus,
3264 5050 3322 5103 in
3356 5048 3467 5101 ﬁne
3513 5032 3811 5099 concluditur.
3838 5034 3873 5074 ιη

2373 5142 2546 5198 altero
2574 5155 2725 5207 vero,
2773 5141 3022 5213 quoniam
3076 5139 3197 5195 vilis
3256 5141 3405 5209 facta
3452 5153 3585 5201 sum,
3622 5123 3873 5219 tenninatur.

2372 5234 2525 5292 Nunc
2550 5251 2764 5309 quoque
2788 5234 2942 5306 quasi
2976 5234 3217 5304 receptis
3243 5234 3477 5299 viribus,
3508 5230 3574 5287 de
3593 5239 3705 5317 arce

2373 5329 2557 5385 nescio
2580 5343 2688 5399 qua
2716 5328 2973 5383 subvecta
3005 5324 3165 5392 Sion,
3218 5326 3483 5382 culminis
3531 5316 3723 5394 1338

2371 5419 2496 5474 dine
2524 5419 2734 5474 videns.
2790 5416 2834 5472 0
2866 5434 2953 5473 vos
2986 5416 3213 5489 (inquit)
3257 5432 3443 5471 omnes
3487 5413 3576 5486 qui
3617 5400 3804 5464 transitis
3819 5402 3877 5463 ρετ

2371 5516 2529 5570 viam.
2561 5513 2673 5569 Etsi
2702 5513 2768 5569 ad
2794 5512 3033 5569 litteram
3075 5513 3373 5585 proprium
3400 5525 3522 5568 esse
3556 5498 3877 5563 dolentium”

2373 5606 2672 5679 gnoscitur,
2715 5612 2864 5661 tanto
2903 5603 3145 5661 laborem
3200 5618 3369 5660 suum
3402 5599 3603 5659 caeteris
3641 5593 3765 5666 plura

2372 5670 2510 5766 sere,
2562 5670 2765 5768 quanto
2809 5698 3114 5768 passionem
3165 5696 3411 5753 aliorum
3453 5693 3621 5750 minus
3656 5670 3877 5743 studuerat
