4048 6352
228 322 366 382 1085

940 325 1302 384 EXPOSlTlO
1339 327 1405 382 IN
1442 327 2031 394 LAMENTATIONES
2067 339 2408 400 JEREMUE.
2445 375 2520 387 --
2552 346 2679 401 LIB.
2722 346 2762 402 Ι.

3375 351 3516 421 [086

221 439 550 536 intelligere.
585 439 738 494 Unde
760 454 865 536 quo
889 441 1060 511 magis
1095 442 1336 497 dolorem
1358 460 1524 536 suum
1553 445 1817 514 sentiunt,
1847 458 1895 515 Α
1924 457 2300 523 contristatur,
2334 468 2389 514 οι
2419 459 2471 515 in
2503 460 2809 517 humilitate
2862 462 3009 536 luget
3029 482 3049 520 τ
3083 467 3337 536 quoniam
3369 469 3520 527 videt

222 531 350 585 inde
373 539 428 584 et
464 528 694 584 aliorum
749 530 928 584 minus
971 547 1070 585 suo
1099 535 1370 602 comquari
1425 537 1814 592 consentiunt:

1924 547 2068 616 quod
2099 563 2237 616 pene
2264 564 2453 605 omnes
2483 551 2539 605 in
2584 553 2944 622 perditionem
2994 557 3216 622 vadunt,
3252 568 3307 615 et
3335 569 3517 618 exter-

217 630 404 678 tanien
444 623 489 676 si
525 637 644 692 qua:
676 621 916 691 reliquiae
955 623 1118 678 salvze
1149 623 1304 678 factae
1332 636 1460 680 sunt
1495 642 1680 682 coram
1717 630 1819 683 Do-
1921 639 2150 693 minium
2187 640 2348 694 vitm:
2386 643 2438 696 in
2461 621 2821 713 aliisiquidem
2845 663 3017 717 usque
3045 651 3112 705 ad
3154 662 3385 710 mortem
3417 671 3514 728 pe-

218 713 389 776 mino,
423 729 528 767 una
553 729 673 767 cum
701 713 899 784 populo
925 729 1032 768 non
1076 715 1348 771 immerito
1388 719 1811 789 proclamarunt,

217 808 441 877 quando
491 814 547 860 et
582 806 944 861 sanctiﬁcatio
969 808 1180 862 deserta
1209 810 1387 865 omnis
1417 811 1687 879 deﬁcitur,
1719 815 1814 870 de-

215 910 508 953 Struuntur
533 898 724 952 altaria
760 897 1127 970 thymiamatis
1153 899 1360 955 scilicet
1383 909 1437 955 et
1466 902 1811 959 bolocausto-

217 1005 368 1054 rum,
398 988 655 1058 templum
686 989 754 1044 ad
797 987 971 1044 solum
1002 1003 1173 1059 usque
1214 990 1464 1060 diruitur,
1495 993 1809 1062 psalterium

212 1095 407 1134 eorum
462 1079 801 1152 bumiliatur,
846 1081 1080 1152 hymnus
1109 1081 1386 1145 conticuit,
1434 1090 1488 1136 ct
1513 1083 1809 1141 exsultatio

212 1183 328 1228 tota
366 1173 700 1237 dissolvitur,
746 1173 930 1228 lumen
975 1173 1286 1228 candelabri
1320 1175 1708 1246 exstinguitur,
1752 1186 1808 1234 et

210 1281 342 1320 arca
389 1265 702 1321 testamenti
741 1265 1014 1335 diripitur,
1052 1274 1239 1320 sancta
1297 1266 1481 1320 omnia
1535 1269 1804 1340 contami-

208 1368 432 1422 nantur,
473 1367 528 1412 et
555 1373 682 1411 vasa
713 1371 952 1428 qumque
971 1357 1362 1428 pretiosissima
1394 1359 1805 1416 transferuntur

207 1448 274 1501 ad
308 1456 554 1515 exteros,
594 1463 792 1503 nomen
841 1462 1056 1517 quoque
1100 1447 1216 1511 Dei,
1247 1448 1392 1517 quod
1420 1448 1802 1519 gravissimum

205 1547 310 1605 est,
346 1554 511 1609 super
563 1553 658 1593 eos
705 1538 848 1608 quod
895 1538 1233 1592 nominatum
1279 1547 1419 1605 erat,
1461 1538 1799 1610 profanatur,

204 1643 417 1683 necnon
453 1638 508 1684 et
547 1627 668 1682 libri
700 1638 1122 1685 concremantur
1147 1630 1216 1684 ad
1237 1630 1594 1699 ignominiam
1627 1647 1800 1689 sacra:

202 1721 340 1791 legis
370 1741 383 1776 :
418 1722 732 1778 sacerdotes
760 1739 894 1780 vero
917 1739 981 1779 ac
1004 1723 1183 1780 levita:
1218 1726 1527 1796 capiuntur,
1555 1727 1799 1800 virgines

1921 730 2210 798 riclitatur,
2233 735 2302 789 ab
2333 734 2454 790 aliis
2483 751 2612 792 vero
2643 739 2862 808 pariens
2880 744 3241 812 persequitur,
3271 748 3407 806 alios
3430 759 3513 808 te-

1918 839 2078 879 neros
2115 825 2300 890 lactat,
2333 827 2467 883 alios
2511 841 2867 900 exasperatos
2903 833 2992 888 vix
3025 836 3090 890 ad
3121 837 3237 894 vias
3272 841 3398 896 vita:
3425 859 3512 900 re-

1915 923 2093 978 vocat,
2122 916 2257 971 alios
2313 917 2394 973 ire
2423 918 2669 975 nolentes
2715 929 2769 976 et
2798 923 2982 992 pigros
3028 936 3330 996 exspectat,
3370 931 3506 990 alios

1912 1007 2236 1078 pracipitcs,
2271 1018 2330 1062 ut
2365 1024 2487 1064 cum
2523 1012 2634 1066 suis
2660 1022 2808 1078 eant,
2857 1015 3109 1086 castigat,
3157 1035 3225 1074 ne
3254 1019 3395 1077 forte
3422 1032 3506 1078 ta-

1911 1095 1990 1150 les
2021 1096 2191 1152 liostis
2219 1106 2374 1153 extra
2403 1109 2582 1156 castra
2620 1102 2868 1158 inveniat
2896 1123 2908 1158 :
2947 1107 3204 1162 nimirum
3233 1111 3358 1179 quia
3386 1126 3504 1168 om-

1911 1203 2008 1243 nes
2040 1189 2126 1244 isti
2161 1199 2505 1248 transeuntes
2527 1209 2626 1265 per
2661 1196 2828 1262 viam,
2853 1214 2975 1253 cum
3000 1215 3194 1270 sponsa
3216 1201 3418 1260 Christi
3446 1207 3502 1261 in

1907 1281 2104 1335 castris
2133 1281 2384 1336 militant.
2433 1283 2509 1339 De
2559 1300 2667 1354 qua
2697 1303 2826 1344 sane
2857 1290 2909 1343 in
2943 1289 3183 1347 Canticis
3216 1310 3229 1346 :
3264 1293 3396 1359 Qua:
3425 1304 3510 1350 est

1905 1371 2028 1436 ista,
2058 1371 2250 1442 inquit,
2282 1389 2399 1443 qute
2425 1375 2661 1429 ascendit
2682 1393 2776 1446 per
2813 1379 3093 1444 desertum,
3127 1382 3264 1436 sicut
3299 1400 3497 1439 aurora

1905 1479 2242 1534 consurgens,
2277 1465 2500 1535 pulchra
2531 1477 2589 1520 ut
2633 1467 2787 1537 luna,
2818 1471 2983 1526 electa
3019 1483 3076 1526 ut
3114 1475 3214 1539 sol,
3246 1476 3496 1531 terribilis

1904 1565 1960 1608 ut
1985 1566 2279 1611 castrorum
2304 1558 2440 1612 acies
2460 1559 2484 1612 ?
2501 1558 2677 1624 (Cant.
2709 1559 2808 1632 vr.)
2831 1564 2911 1618 Ad
2937 1578 3075 1633 quos
3105 1563 3290 1634 itaque
3315 1574 3491 1620 trans-

1901 1653 2094 1701 euntes
2133 1647 2220 1702 vel
2274 1643 2662 1714 ascendentes,
2710 1649 2773 1704 ﬁt
2825 1665 2928 1706 vox
2971 1651 3039 1706 ab
3103 1652 3492 1709 excelsioribus

1902 1736 2200 1793 membris:
2235 1736 2280 1793 0
2312 1755 2398 1794 vos
2438 1755 2638 1804 omnes,
2678 1741 2930 1796 attendite
2956 1752 3004 1796 et
3029 1742 3214 1809 videte,
3237 1743 3280 1797 si
3301 1753 3376 1798 est
3395 1745 3491 1799 do-

200 1815 392 1886 inique
415 1824 865 1886 constuprantur,
899 1824 954 1872 et
979 1817 1236 1873 mulieres
1267 1818 1556 1873 mmcbiam
1583 1819 1798 1889 paliun-
1828 1836 1875 1898 Β
1902 1828 1984 1883 lor
2009 1831 2143 1883 sicut
2165 1829 2318 1884 dolor
2342 1847 2507 1885 meus.
2533 1831 2670 1899 Quia
2700 1831 2803 1886 alia
2833 1842 2960 1888 sunt
2985 1848 3104 1903 quae
3124 1851 3224 1904 pro
3254 1835 3341 1890 bis
3372 1850 3490 1890 om-

197 1914 290 1962 tur
318 1925 332 1961 :
364 1907 559 1963 deinde
583 1907 712 1978 justi
753 1923 876 1963 cum
911 1908 1090 1978 impiis
1117 1917 1172 1964 et
1192 1909 1471 1965 sceleratis
1505 1911 1792 1981 rapiuntur

196 2000 268 2054 ad
310 2000 609 2067 excidium,
651 2000 864 2070 parvuli
909 2001 1226 2069 alliduntur,
1254 2001 1483 2073 juvenes
1530 2003 1792 2059 servitute

193 2101 552 2161 coronantur,
575 2102 632 2148 et
649 2091 821 2149 fortes
843 2092 978 2148 ﬁunt
997 2093 1218 2152 invalidi
1250 2111 1262 2147 :
1294 2101 1350 2149 et
1375 2093 1519 2163 quod
1543 2095 1789 2150 omnium

195 2185 477 2255 signorum
508 2184 682 2254 majus
709 2191 814 2250 est,
856 2181 988 2240 Sion
1037 2184 1154 2254 ipsa
1201 2184 1325 2254 quia
1370 2185 1438 2240 de
1489 2185 1661 2256 gloria
1691 2201 1789 2242 sua

196 2273 418 2343 repulsa
468 2280 565 2338 est,
623 2273 860 2328 traditur
896 2273 953 2328 in
1008 2274 1262 2329 manibus
1315 2274 1602 2344 impiorum
1631 2316 1644 2339 ,
1695 2277 1787 2346 qui

190 2378 320 2422 eam
350 2379 559 2434 semper
591 2373 648 2418 et
672 2363 841 2419 Deum
864 2364 1118 2420 oderunt.
1151 2365 1260 2421 Pro
1279 2365 1477 2436 quibus
1504 2375 1558 2422 et
1595 2366 1784 2436 hujus-

185 2455 402 2512 cemodi
427 2456 622 2512 talibus
644 2457 864 2512 videant
882 2458 1078 2527 quibus
1101 2473 1254 2513 mens
1275 2466 1359 2514 est
1384 2459 1452 2514 ad
1472 2459 1780 2528 videndum,

186 2546 235 2602 si
268 2546 472 2616 poterit
498 2555 629 2602 tunc
656 2547 857 2613 chorus
887 2547 978 2602 ille
1009 2556 1306 2617 sanctaque
1328 2547 1520 2603 civitas
1547 2548 1777 2618 ejulare,

186 2639 407 2708 quando
441 2655 548 2694 non
576 2640 754 2695 minus
777 2639 1018 2695 cmlestia
1046 2639 1273 2710 pepulus
1292 2656 1455 2710 quam
1479 2650 1535 2695 et
1563 2649 1777 2698 terrena

185 2732 509 2797 amittebat,
554 2746 812 2801 prospera
853 2739 908 2786 et
955 2731 1275 2787 deliciarum
1331 2718 1773 2790 oblectamenta:

183 2829 446 2898 quoniam
484 2827 910 2882 vindemiaverat
931 2841 1051 2882 eam
1080 2825 1359 2890 Dominus,
1387 2824 1536 2894 justo
1565 2825 1776 2895 judicio

180 2938 304 2986 suo,
338 2923 591 2977 omnibus
620 2920 776 2976 bonis
800 2920 852 2977 in
885 2920 972 2976 die
997 2919 1091 2973 ira:
1118 2935 1248 2983 sure,
1278 2927 1336 2972 ut
1365 2919 1580 2978 loculus
1608 2930 1694 2976 est
1719 2923 1774 2977 in

142 3015 319 3086 ~lcgis
366 3030 478 3068 sua:
518 3013 838 3078 maledictis,
863 3021 919 3067 et
957 3011 1344 3082 prophetarum
1378 3011 1628 3082 eloquiis.
1667 3013 1777 3069 Cte-

178 3115 360 3160 terum
391 3114 579 3159 nostra
606 3102 757 3169 Sion,
784 3101 938 3171 cujus
981 3102 1093 3173 jam
1129 3100 1424 3156 secundum
1457 3101 1772 3172 Apostolum

1898 1920 2058 1975 nibus
2083 1921 2398 1991 ingemisco,
2422 1923 2528 1976 alia
2577 1938 2698 1991 quae
2738 1924 2950 1992 probis
2985 1924 3076 1994 qui
3115 1925 3262 1980 intus
3286 1925 3489 1981 forisve

1895 2021 2022 2067 sunt
2042 2011 2232 2077 tolero,
2263 2012 2367 2066 alia
2393 2028 2524 2067 vero
2549 2028 2671 2083 qua:
2689 2014 2814 2084 quia
2845 2014 3085 2079 dilleror,
3114 2029 3183 2069 ex
3213 2015 3485 2071 desiderio

1893 2105 2159 2160 sustineo.
2189 2104 2296 2160 Pro
2317 2105 2512 2174 quibus
2538 2114 2594 2160 et
2623 2105 2744 2159 aliis
2771 2104 3144 2174 hujuscemodi
3187 2108 3487 2178 dispendiis

1890 2211 1989 2253 vos
2018 2197 2270 2266 imploro,
2293 2197 2492 2266 quibus
2517 2211 2612 2252 cor
2652 2204 2751 2260 est,
2792 2198 3085 2262 attendite;
3114 2198 3245 2252 licet
3269 2199 3337 2251 ad
3361 2198 3484 2252 bra-

1889 2287 2029 2341 vium
2058 2303 2298 2357 superna:
2325 2287 2612 2342 vocationis
2636 2284 2804 2356 (Phil.
2843 2287 2925 2358 ιιι)
2953 2304 3050 2342 vos
3095 2288 3312 2344 devotio
3336 2289 3484 2344 inde-

1887 2379 2034 2434 fessa
2064 2377 2257 2448 rapiat.
2315 2375 2527 2442 Videte,
2577 2391 2780 2447 quaeso,
2838 2378 3078 2434 dolorem
3119 2393 3320 2445 meum,
3349 2380 3477 2449 quia

1882 2470 2040 2539 juxta
2069 2468 2351 2539 exemplar
2374 2470 2517 2538 quod
2545 2469 2678 2524 mihi
2704 2478 2982 2524 ostensum
3013 2478 3116 2535 est,
3141 2471 3285 2525 volui
3315 2470 3477 2538 ﬁlios,

1886 2575 2022 2630 quos
2042 2560 2202 2632 genui
2227 2561 2530 2631 producere
2560 2569 2615 2616 et
2638 2562 3030 2633 compaginari,
3065 2562 3158 2617 sed
3191 2562 3291 2632 ipsi
3314 2563 3477 2618 ober-

1884 2660 2091 2716 rantes,
2115 2651 2198 2706 vel
2249 2659 2589 2720 spernentes,
2634 2661 2727 2706 aut
2774 2652 3116 2724 languentes,
3158 2655 3315 2724 pauci
3349 2664 3477 2709 sunt

1882 2744 1974 2813 qui
2019 2743 2312 2814 expediunt
2355 2744 2476 2799 iter.
2519 2743 2624 2800 Pro
2670 2745 2868 2814 quibus
2898 2744 2983 2816 (Il
3022 2745 3143 2800 Cor.
3172 2745 3270 2817 χι),
3305 2745 3360 2800 in
3391 2747 3473 2801 di-

1881 2851 2036 2892 versa
2061 2835 2277 2905 rapior:
2317 2834 2563 2890 inﬁrmor
2587 2851 2710 2890 cum
2760 2835 3182 2901 inﬁrmantibus,
3239 2845 3293 2891 et
3338 2849 3472 2892 uror

1880 2944 2001 2983 cum
2025 2927 2536 2983 scandalizantibus.
2555 2927 2652 2982 Fio
2672 2927 2871 2983 Iudaeis
2888 2936 3143 2998 tanquam
3163 2927 3400 2995 Iudaeus,
3415 2935 3472 2983 et

1878 3020 2130 3076 omnibus
2157 3021 2338 3075 omnia
2365 3035 2482 3074 sum
2513 3019 2654 3075 facta
2697 3039 2709 3076 :
2757 3037 2859 3076 nec
2887 3029 3065 3076 tamen
3095 3037 3236 3093 queo
3261 3021 3327 3075 ad
3353 3037 3468 3078 me-

1877 3111 2010 3167 liora
2034 3112 2314 3167 universos
2327 3113 2656 3182 provehere;
2683 3112 2887 3168 idcirco
2905 3113 3065 3185 lugeo
3081 3113 3466 3183 indesinenter,

176 3198 232 3252 in
261 3194 407 3249 ccelis
439 3202 514 3248 est
537 3194 860 3248 conversatio
901 3191 1123 3265 (Philip.
1173 3190 1280 3262 ιιι),
1317 3192 1598 3248 videamus
1637 3209 1771 3262 quo-

1876 3204 2036 3258 etiam
2082 3218 2177 3258 eos
2202 3202 2293 3273 qui
2337 3213 2700 3272 peccaverunt
2733 3213 2787 3260 ct
2816 3221 2923 3260 non
2955 3214 3181 3276 egerunt
3207 3206 3470 3277 pmniten-

173 3289 342 3343 modo
382 3287 452 3342 ab
499 3284 712 3342 excelso
756 3285 880 3341 coeli
909 3285 1112 3340 vertice
1164 3283 1220 3337 in
1253 3281 1414 3338 terris
1461 3283 1638 3353 posita
1669 3299 1767 3339 sua

170 3379 424 3435 membra
453 3380 772 3450 conspiciat,
812 3389 866 3435 ct
891 3380 1124 3452 singula,
1157 3397 1276 3452 quae
1306 3381 1560 3448 diximus,
1585 3382 1650 3438 de
1678 3381 1767 3438 illa

170 3481 393 3528 terrena
416 3481 608 3528 cuncta
637 3474 692 3528 in
736 3473 892 3530 nobis
927 3473 1240 3545 adimpleta,
1271 3474 1356 3530 vel
1402 3475 1644 3545 quotidie
1666 3490 1765 3532 ex-

167 3565 370 3636 plenda
411 3566 606 3621 videat.
646 3565 800 3622 Unde
853 3565 1186 3624 vociferatur
1228 3567 1297 3623 ad
1325 3583 1438 3634 eos,
1462 3568 1558 3639 qui
1589 3577 1765 3626 trans-

165 3664 304 3710 eunt
325 3671 422 3726 per
448 3655 612 3722 viam,
649 3654 784 3712 flens
811 3665 866 3712 et
895 3655 1134 3726 ejulans:
1155 3656 1199 3712 Ο
1222 3675 1312 3713 vos
1336 3675 1512 3713 omnes
1543 3659 1762 3732 (inquit)

167 3747 264 3817 qui
287 3747 530 3813 transitis
557 3764 652 3818 per
691 3749 848 3803 viam.
877 3747 945 3803 Et
970 3749 1064 3819 qui
1089 3757 1214 3804 sunt
1239 3749 1330 3820 qui
1358 3758 1642 3806 transeunt
1663 3765 1761 3822 per

164 3837 342 3904 viam,
365 3837 449 3892 vel
479 3855 598 3910 quzn
627 3847 711 3894 est
730 3839 815 3894 via
840 3854 938 3910 per
964 3855 1129 3910 quam
1158 3848 1463 3906 transeunt,
1493 3840 1600 3897 nisi
1630 3855 1761 3911 pro-

167 3929 316 3986 fecto
345 3931 542 3996 sancti,
569 3931 636 3986 de
662 3931 860 4001 quibus
890 3931 1062 3987 David
1098 3933 1270 3998 canit,
1297 3933 1520 3988 dicens:
1554 3931 1759 3988 Euntes

162 4024 318 4078 ibant
340 4034 388 4078 et
410 4026 624 4095 ﬂebant,
649 4026 911 4081 mittentes
943 4027 1146 4080 semina
1187 4043 1287 4081 sua
1310 4026 1336 4081 7
1359 4025 1533 4097 (Psal.
1572 4029 1757 4100 cxxv.)

160 4115 374 4170 Euntes
404 4130 534 4186 ergo
555 4115 734 4180 electi,
773 4116 1020 4185 quamvis
1060 4116 1245 4171 multis
1285 4117 1572 4172 videantur
1592 4133 1758 4175 occu-

157 4207 280 4279 pari
312 4207 565 4280 negotiis,
611 4207 830 4278 agenda:
858 4208 958 4263 viae
989 4223 1205 4278 semper
1248 4217 1397 4274 eunt,
1429 4209 1557 4264 dum
1600 4211 1757 4280 quid-

157 4297 297 4366 quid
342 4279 508 4367 agunt
553 4297 624 4352 ob
657 4313 899 4353 amorem
948 4298 1211 4363 cmlestis,
1245 4312 1367 4352 cum
1416 4299 1521 4353 ﬁde
1566 4279 1751 4370 agunt.

144 4388 372 4475 Qeinde
419 4405 512 4457 per
547 4389 686 4444 viam
717 4389 900 4460 (Joan.
940 4389 1074 4461 xiv),
1104 4405 1224 4460 qua:
1250 4388 1500 4444 Christus
1542 4389 1756 4461 1339

153 4489 266 4544 est,
298 4477 417 4546 ejus
450 4486 737 4549 sequentes
764 4479 1012 4550 vestigia,
1056 4495 1232 4551 neque
1271 4494 1301 4534 a
1334 4479 1542 4536 dextris
1577 4494 1754 4550 neque

1873 3293 2022 3347 tiam.
2085 3293 2373 3348 Distendor
2421 3294 2788 3350 sollicitudine
2839 3295 3008 3350 multa
3069 3297 3309 3350 omnium
3363 3297 3466 3351 Ec-

1870 3383 2159 3438 clesiarum
2195 3383 2409 3456 1340
2456 3385 2572 3450 Dei,
2608 3393 2663 3438 et
2690 3387 2898 3456 gaudeo
2937 3403 3056 3440 cum
3088 3385 3462 3456 gaudentibus,

1867 3471 1969 3529 ﬂeo
1995 3475 2159 3529 etiam
2185 3485 2234 3528 cl
2267 3490 2382 3528 cum
2407 3475 2652 3543 ﬂentibus
2682 3475 2861 3546 (Rom.
2895 3475 3014 3547 xu).
3039 3476 3336 3545 Propterea
3364 3477 3464 3532 ob-

1867 3578 2042 3629 secro,
2073 3565 2323 3618 attendite
2349 3565 2394 3618 si
2421 3573 2496 3618 est
2521 3565 2674 3618 dolor
2693 3567 2828 3620 sicut
2857 3565 3009 3621 dolor
3029 3583 3192 3632 meus,
3225 3567 3463 3623 maxime

1865 3671 1966 3729 pro
1989 3656 2206 3722 talibus,
2238 3656 2365 3726 quia
2395 3656 2978 3713 immoror.Extendite
3000 3659 3216 3714 oculum
3234 3660 3301 3716 ad
3331 3660 3462 3717 illud

1865 3747 2094 3802 extremi
2140 3745 2330 3816 judicii
2361 3754 2597 3818 tempus,
2645 3755 2700 3801 et
2744 3747 2923 3802 videte
2978 3749 3234 3818 quoniam
3283 3750 3337 3805 in
3371 3752 3461 3806 die

1864 3838 2065 3895 furoris
2093 3841 2175 3896 sui
2204 3841 2431 3896 messuit
2459 3856 2546 3896 me
2591 3840 2851 3896 Dominus
2885 3841 2970 3896 vel
3014 3841 3366 3907 vindemiavit,
3397 3852 3460 3898 ut

1861 3931 2073 3987 locutus
2102 3940 2205 3996 cst,
2251 3933 2394 4002 quod
2443 3933 2695 3988 redderet
2738 3932 3027 4002 unicuique
3077 3933 3230 4004 juxta
3291 3949 3456 4004 opera

1862 4042 1996 4093 sua;
2046 4034 2100 4080 et
2148 4026 2268 4081 ideo
2323 4026 2602 4096 palearum
2658 4025 3055 4080 multitudinem
3103 4034 3158 4079 et
3194 4025 3449 4096 stipulam

1859 4119 2017 4175 simul
2043 4134 2166 4174 cum
2187 4120 2330 4173 omni
2356 4118 2500 4182 lolio,
2515 4117 2598 4173 vel
2626 4117 2884 4187 quidquid
2907 4117 3255 4188 degeneravit
3277 4134 3306 4172 a
3321 4132 3451 4172 vero

1859 4211 2084 4275 semine,
2129 4209 2350 4264 tradidit
2387 4209 2495 4280 igni
2531 4207 2950 4278 inexstinguibili
2983 4205 3201 4277 (Matth.
3239 4223 3373 4272 xm,
3403 4217 3452 4261 et

1857 4304 1963 4374 ιιι).
1982 4303 2090 4358 Nec
2108 4302 2200 4356 tibi
2226 4302 2490 4364 videatur,
2511 4300 2702 4366 lector,
2721 4300 3031 4363 absurdum,
3047 4299 3190 4368 quod
3207 4301 3451 4369 praue-ri-

1858 4402 1971 4449 tum
2015 4411 2178 4464 super
2200 4394 2438 4448 futurum
2464 4392 2801 4463 interpretati
2855 4408 3042 4447 sumus
3067 4407 3133 4446 cx
3161 4401 3450 4447 consuetu-

1855 4484 1982 4540 dine
2009 4485 2397 4555 prophetarum
2430 4501 2442 4536 :
2473 4483 2598 4552 quia
2635 4497 2698 4536 ea
2735 4497 2854 4550 quae
2900 4480 3080 4535 futura
3111 4490 3257 4546 sunt,
3307 4481 3448 4550 apud

152 4573 216 4626 in
268 4571 506 4627 sinistris
549 4571 903 4637 declinantes,
936 4573 1119 4629 festini
1152 4572 1377 4628 vadunt.
1417 4573 1500 4628 Ad
1526 4575 1755 4644 pascba-
1778 4551 1832 4611 D
1859 4551 2027 4629 Deum
2047 4551 2160 4644 jam
2191 4573 2268 4627 sic
2299 4580 2444 4636 sunt,
2473 4551 2530 4625 ut
2559 4571 2738 4624 futura
2777 4581 2938 4625 sunt:
2990 4580 3045 4625 et
3075 4571 3194 4625 ideo
3216 4571 3270 4624 in
3300 4569 3448 4624 Scri-

149 4665 239 4720 les
270 4680 506 4735 namque
543 4667 720 4721 vocati
748 4667 932 4738 dapes,
954 4667 1229 4736 paschalia
1245 4665 1584 4721 celebrantes
1604 4675 1751 4731 vota,

149 4773 379 4827 agnum.
400 4755 680 4828 utjussum
706 4768 791 4813 est
815 4773 883 4812 ex
907 4757 1024 4828 lege
1053 4755 1252 4828 (Exod.
1279 4757 1402 4828 xu),
1432 4755 1752 4812 festinantes

148 4847 470 4902 comedunt.
523 4849 670 4916 Quos
699 4864 824 4904 cum
867 4849 1065 4918 aspicit
1112 4847 1380 4914 Ecclesia,
1430 4847 1518 4902 via
1600 4849 1748 4918 regia

146 4937 467 5008 gradientes
507 4939 573 4994 ad
620 4940 877 5010 patriam,
910 4940 1024 5010 ipsa
1062 4953 1370 5010 praegnans,
1411 4939 1538 5010 quia
1575 4939 1750 4994 nutrit

144 5029 296 5082 ﬁlios
323 5038 378 5083 et
404 5038 646 5098 generat,
676 5029 861 5084 multis
875 5029 1168 5101 praepedita
1193 5030 1545 5101 parvulorum
1575 5030 1743 5096 curis,

143 5119 346 5182 dolens
388 5118 588 5174 clamat
643 5135 707 5174 ac
756 5134 1018 5191 gemens:
1067 5117 1112 5174 0
1151 5137 1239 5175 vos
1282 5137 1481 5186 omnes,
1523 5137 1630 5176 non
1684 5131 1746 5177 ut

143 5223 246 5263 cos
283 5210 525 5263 retardet
557 5224 586 5263 a
618 5209 724 5274 via,
747 5209 840 5265 sed
879 5219 940 5265 ut
969 5210 1160 5266 invitet
1210 5210 1278 5266 ad
1319 5211 1599 5267 charitatis
1645 5214 1741 5269 do-

141 5316 244 5366 na,
280 5301 566 5366 attendite,
619 5303 814 5373 inquit,
861 5313 1067 5369 mente,
1115 5313 1163 5358 et
1214 5303 1380 5358 videte
1436 5302 1740 5360 dilectionis

139 5392 350 5446 intuitu
386 5394 432 5447 si
483 5403 558 5448 est
610 5393 763 5448 dolor
802 5395 935 5448 sicut
989 5394 1141 5449 dolor
1171 5411 1335 5448 meus.
1367 5394 1503 5462 Quia
1535 5410 1734 5451 secun-

139 5482 279 5539 dum
334 5487 658 5542 sententiain
709 5487 1090 5559 Redemptoris
1159 5487 1331 5544 nostri
1385 5488 1440 5542 in
1487 5486 1732 5559 Evange-

138 5575 244 5644 lio,
283 5578 475 5634 mulier
501 5597 618 5635 cum
647 5582 810 5654 parit,
833 5583 1100 5638 tristitiam
1124 5581 1274 5636 habet
1302 5579 1484 5652 (Joan.
1508 5580 1644 5651 XVI).
1668 5581 1737 5637 Et

136 5669 266 5724 haec
316 5685 512 5741 sponsa
558 5672 758 5729 Christi
798 5674 970 5746 virgo,
1018 5674 1147 5744 quia
1198 5673 1339 5744 parit
1389 5682 1444 5728 et
1483 5681 1731 5744 generat,

137 5762 323 5817 nutrit
351 5771 404 5818 et
427 5763 612 5833 lactat,
639 5766 879 5822 omnum
910 5775 1156 5822 nostrum
1201 5773 1376 5821 mater
1406 5765 1459 5820 in
1511 5763 1730 5822 tristitia

1856 4667 2033 4737 pturis
2064 4665 2260 4719 divinis
2289 4679 2450 4734 quam
2479 4678 2620 4733 sa‘pe
2644 4665 2916 4733 prmtcrita
2949 4679 3048 4734 pro
3079 4664 3276 4718 futuris
3305 4665 3446 4717 acci-

1853 4755 2095 4825 piuntur.
2123 4753 2317 4808 Anima
2345 4768 2475 4808 vero
2503 4752 2782 4807 moraliter
2803 4753 2993 4808 videns
3028 4767 3086 4808 se
3116 4751 3441 4822 przegravari

1851 4847 2018 4914 vitiis,
2051 4861 2151 4902 nec
2179 4854 2357 4901 tamen
2381 4845 2516 4900 adeo
2536 4853 2737 4900 caecata
2764 4844 2850 4900 vel
2877 4844 3138 4915 deposita,
3164 4858 3232 4897 ne
3262 4841 3442 4897 videat

1851 4939 1987 4995 alios
2032 4937 2351 4996 festinantes
2395 4953 2516 4992 cum
2546 4937 2750 5006 ingenti
2778 4935 3047 4991 desiderio
3097 4934 3316 4989 tendere
3371 4933 3439 4987 ad

1855 5045 2146 5100 supernam
2172 5027 2432 5098 patriam,
2454 5026 2714 5081 virtutum
2742 5027 3018 5096 gressibus
3044 5042 3057 5079 :
3090 5033 3144 5079 et
3169 5038 3275 5078 non
3315 5021 3438 5078 dico

1854 5120 2075 5176 tendere
2088 5119 2175 5174 vel
2192 5117 2445 5183 transire,
2461 5131 2647 5170 verum
2662 5117 2824 5171 etiam
2841 5115 3056 5170 evolare
3079 5130 3200 5169 cum
3222 5128 3436 5169 summa

1850 5212 2351 5281 celeritate,quibus
2377 5216 2704 5280 suntpennm
2726 5224 2791 5263 ac
2825 5208 2868 5263 si
2891 5207 3151 5263 columba:
3171 5207 3432 5278 dcargen-

1849 5314 1994 5372 tatte,
2050 5303 2457 5376 posterioraque
2503 5301 2650 5356 dorsi
2706 5315 2895 5354 carum
2951 5300 3004 5354 in
3056 5298 3262 5370 pallore
3311 5297 3430 5353 auri

1847 5398 2020 5469 (Psal.
2047 5397 2233 5466 van).
2259 5395 2406 5462 Quos
2433 5409 2553 5450 cum
2579 5392 2775 5448 viderit
2794 5393 2931 5448 bene
2960 5407 3058 5463 per
3098 5393 3241 5447 viam
3261 5391 3430 5448 virtu-

1842 5498 1955 5544 tum
1987 5487 2256 5551 incedere,
2289 5485 2395 5539 imo
2420 5482 2636 5538 evolare
2681 5483 2859 5537 anima
2891 5483 3158 5553 quaelibet,
3202 5490 3266 5537 ut
3290 5479 3429 5536 dixi-

1839 5593 1981 5646 mus,
2014 5576 2337 5633 delictornm
2385 5588 2646 5644 oppressa
2691 5573 2872 5640 malis,
2913 5573 3044 5644 quid
3091 5583 3250 5645 putas
3306 5571 3427 5627 lan-

1837 5686 2007 5744 guens
2035 5667 2212 5726 dicat?
2247 5665 2400 5727 Ouod
2421 5666 2465 5720 si
2492 5665 2635 5721 oculi
2666 5675 2793 5722 sunt
2833 5675 2894 5722 ut
2918 5667 3120 5736 videat,
3160 5675 3217 5721 et
3246 5677 3342 5721 cor
3366 5671 3428 5721 ut

1837 5761 2124 5831 intelligat,
2148 5773 2326 5814 nonne
2347 5773 2470 5813 mox
2495 5772 2735 5828 gemens,
2763 5758 2886 5814 licet
2924 5759 3080 5816 malis
3128 5760 3426 5830 depravata
