4048 6352
621 317 758 374 1087

1423 308 1480 364 S.
1523 303 1876 362 PASCllASll
1916 295 2262 356 RADBERTI
2300 291 2594 349 ABBATIS
2634 287 3082 348 CORBEIENSIS

3759 285 3883 343 l088

620 425 881 490 moribus,
911 440 1035 481 cum
1061 423 1268 491 ingenti
1301 435 1536 475 maerore
1556 419 1678 486 jure
1720 417 1936 476 clamat,
1975 413 2200 468 dicens:
2233 413 2282 472 Α
2311 415 2425 461 tera
2453 394 2799 475 designatur;
2840 401 2978 458 Mem
3001 415 3236 471 namque
3264 417 3328 455 ea:
3349 401 3476 472 ipsis
3499 400 3883 470 interpretatur.

623 517 670 573 0
691 533 782 573 uos
809 532 985 570 omnes
1011 515 1101 584 qui
1119 513 1356 566 transitis
1385 527 1475 579 per
1501 510 1663 572 viam,
1686 505 1932 560 attendite
1953 514 1998 558 et
2026 502 2210 566 videte,

625 609 821 680 quibus
863 607 1023 676 jaceo
1068 604 1308 659 sauciata
1352 601 1688 664 vulneribus,
1735 597 1928 667 quibus
1973 595 2215 650 cruciata

627 699 809 764 malis,
837 697 1034 768 quibus
1072 695 1294 749 astricta
1343 691 1592 755 vinculis,
1634 689 1937 758 quibusque
1990 693 2216 741 onerata

625 791 957 864 ﬂagitiorum
1009 785 1338 858 ponderibus
1369 823 1383 846 ,
1446 781 1529 836 vel
1595 779 1791 848 quibus
1839 777 2113 832 debilitata
2162 782 2218 830 et

627 884 846 944 illecta?
868 882 988 936 Ruo
1017 878 1254 949 quotidie
1283 874 1642 946 passionibus,
1669 870 1921 941 quoniam
1944 867 2092 935 justo
2121 881 2218 921 suo

623 975 854 1049 judicio,
885 972 1056 1042 culpis
1104 967 1481 1039 ingruentibus
1539 964 1695 1026 meis,
1757 961 2089 1016 vindemiavit
2139 974 2218 1012 me

632 1063 886 1120 Dominus
916 1070 972 1114 ut
995 1059 1198 1112 locutus
1219 1067 1314 1119 est,
1334 1054 1549 1125 quando
1570 1053 1682 1122 jam
1707 1067 1805 1121 pro
1826 1066 1986 1120 poena
2011 1049 2217 1118 peccati

630 1170 738 1210 non
770 1151 943 1207 solum
972 1148 1130 1202 amisi
1169 1148 1309 1200 bona
1335 1144 1592 1203 virtutum
1635 1141 1836 1201 omnia,
1887 1140 2082 1208 quibus
2135 1151 2221 1204 me

633 1245 991 1300 decoraverat
1053 1251 1322 1306 sponsus,
1381 1249 1570 1287 verum
1639 1238 1936 1286 retrorsum
1994 1229 2100 1282 abii
2167 1235 2222 1283 et

632 1332 854 1395 inferni,
886 1330 952 1385 de
981 1342 1192 1383 summo
1241 1324 1364 1380 εωιί
1415 1323 1636 1386 vertice,
1687 1322 1814 1390 petii
1873 1318 2218 1390 profundum.

635 1421 883 1479 Tradidit
928 1433 1014 1474 me
1055 1417 1271 1487 quidem
1318 1414 1374 1468 in
1413 1414 1500 1468 die
1546 1413 1746 1467 furoris
1781 1411 1886 1476 sui,
1916 1411 2050 1478 meis
2093 1424 2224 1463 exa-

627 1488 897 1570 cerbatus
928 1509 1106 1575 malis,
1133 1509 1188 1563 in
1216 1507 1503 1576 reprobum
1545 1519 1782 1565 sensum,
1814 1511 1872 1556 ut
1900 1503 2132 1569 facerem
2161 1518 2223 1557 ea

637 1623 758 1678 qua:
810 1621 918 1661 non
949 1603 1278 1658 conveniunt
1317 1599 1497 1668 (Rom.
1537 1598 1598 1668 ι).
1635 1598 1694 1652 Et
1728 1597 2052 1671 ideotantis
2075 1597 2224 1650 invo-

635 1697 750 1752 luta
777 1695 1118 1759 criminibus,
1147 1707 1242 1747 vos
1289 1705 1478 1746 omnes
1504 1689 1594 1758 qui
1638 1697 1956 1757 przesentem
1983 1696 2226 1742 contem-

639 1787 769 1842 nitis
795 1787 980 1848 vitam,
1025 1799 1126 1838 nec
1175 1782 1299 1836 lixis
1345 1781 1400 1834 in
1447 1795 1566 1834 eam
1607 1777 1900 1848 gressibus,
1931 1791 2032 1830 nec
2071 1775 2225 1845 quasi
2259 1760 2304 1819 Β

640 1879 782 1930 viam
807 1891 928 1931 eam
955 1872 1216 1943 aspicitis,
1242 1871 1334 1941 qui
1356 1870 1508 1925 vobis
1532 1869 1694 1932 viam,
1723 1883 1843 1938 qua:
1877 1866 2124 1922 Christus
2144 1875 2229 1921 est
2268 1872 2272 1875 ’

639 1969 824 2040 (Joan.
861 1967 993 2037 xiv),
1024 1965 1289 2034 elegistis,
1332 1977 1536 2031 quaeso,
1583 1961 1672 2032 qui
1701 1960 1957 2025 transitis,
1984 1960 2230 2014 conside-

641 2069 776 2124 rate,
809 2058 854 2112 si
885 2065 959 2111 est
983 2056 1136 2111 dolor
1163 2055 1297 2108 sicut
1323 2052 1475 2108 dolor
1519 2069 1685 2118 meus,
1737 2067 1858 2121 qua:
1906 2051 2148 2106 caelestia
2175 2059 2231 2105 et

644 2149 996 2218 sempiterna,
1020 2145 1195 2204 illecta
1217 2144 1590 2209 malis,amisi,
1616 2152 1672 2198 et
1697 2151 1806 2196 tam
1831 2143 1948 2197 dira
1972 2142 2231 2213 supplicia

644 2239 809 2294 indie
838 2240 931 2293 ira:
958 2236 1343 2293 thesaurizavi.
1387 2234 1536 2303 Quod
1580 2235 1624 2290 si
1671 2233 1877 2306 1341
1912 2235 2086 2289 adhuc
2128 2233 2229 2288 ali-

645 2328 774 2397 quid
805 2328 858 2382 in
886 2336 1042 2384 utero
1063 2326 1278 2390 mentis,
1327 2325 1480 2394 quasi
1508 2339 1792 2394 przegnans
1820 2324 2020 2378 habere
2045 2324 2233 2380 videor

644 2421 927 2485 virtutum,
957 2429 1011 2474 et
1027 2419 1266 2474 enutrirc
1295 2419 1454 2490 cupio
1475 2417 1718 2481 allectus,
1742 2434 1865 2473 mox
1899 2420 2056 2474 audio
2069 2435 2232 2488 spon-

647 2525 767 2566 sum
821 2511 1145 2568 clamantem
1186 2528 1199 2564 :
1241 2509 1332 2564 Va:
1368 2511 1757 2582 prwgnantibus
1795 2522 1842 2566 et
1887 2513 2233 2572 nutrientibus

648 2599 866 2671 (Matth.
892 2602 1066 2672 xxiv),
1099 2616 1164 2656 eo
1191 2601 1333 2671 quod
1357 2601 1584 2656 necdum
1611 2602 1746 2656 meis
1772 2610 2104 2671 prmgravata
2133 2601 2235 2655 fte-

648 2693 858 2750 toribus
889 2708 995 2748 non
1029 2693 1149 2747 dico
1176 2692 1413 2757 evolare,
1445 2708 1634 2748 vertun
1665 2708 1765 2748 nec
1803 2693 2055 2750 incedere
2080 2693 2234 2759 valeo

645 2784 949 2844 vobiscum.
991 2783 1143 2840 Unde
1171 2785 1415 2854 sequitur
1441 2803 1455 2839 :

1381 2932 1512 2973 ΙΕΙ.

719 3051 796 3105 De
823 3051 1024 3114 excelso
1048 3053 1188 3105 misit
1217 3051 1469 3121 ignemin
1509 3049 1708 3105 assibus
1747 3052 1899 3116 meis,
1943 3062 1989 3106 et
2014 3051 2237 3108 erudivit

2320 500 2399 554 Ex
2426 497 2559 568 ipsis
2587 511 2714 567 ergo
2746 494 2982 565 Spiritus
3022 492 3404 556 sanctivdonis,
3439 507 3558 562 qua:
3586 507 3682 561 per
3722 491 3912 561 ignem

2320 597 2447 645 sunt
2472 588 2656 651 missa,
2684 585 2886 640 Christi
2919 582 3160 644 Ecclesia
3190 583 3242 636 in
3271 582 3488 637 ossibus
3510 579 3890 651 gratulabunda

2321 680 2506 751 gemit,
2537 681 2678 749 quod
2698 679 2962 735 erudierit
2983 695 3104 734 eam
3129 679 3196 734 ad
3223 679 3529 735 doctrinam
3563 678 3703 733 casti
3756 692 3893 731 amo—

2322 771 2399 825 ris
2428 781 2483 826 et
2512 786 2578 828 ex
2609 771 2740 840 ipsis
2765 770 3121 826 confunditur
3153 779 3209 825 et
3236 770 3509 826 erubescit
3541 769 3822 825 erroribus
3847 777 3894 824 et

2321 862 2468 917 vitiis
2508 862 2706 932 quibus
2756 862 2898 916 male
2942 862 3275 917 deservierat
3305 861 3476 931 prius.
3505 859 3799 930 Expandit,
3825 859 3896 913 in-

2323 956 2458 1024 quit,
2489 965 2592 1009 rete
2638 955 2854 1024 pedibus
2904 955 3053 1020 meis,
3105 965 3151 1009 et
3187 955 3435 1008 convertit
3483 970 3565 1006 me
3599 961 3893 1005 retrorsum.

2324 1047 2588 1102 Nimirum
2614 1055 2730 1101 rete
2768 1056 2970 1102 sancta:
3000 1045 3403 1117 pmdicationis
3435 1043 3698 1115 expandit
3730 1058 3897 1096 coram

2324 1139 2550 1208 pedibus
2591 1139 2885 1195 electorum
2939 1139 3080 1206 Dei,
3123 1155 3191 1201 ue
3255 1139 3400 1194 irent
3464 1145 3591 1208 post
3641 1135 3898 1189 vanitates

2330 1231 2540 1304 1342
2567 1247 2813 1286 errorum
2837 1241 2891 1287 et
2908 1232 3375 1302 concupiscentias
3393 1229 3516 1284 vita:
3537 1227 3624 1299 (II
3646 1225 3796 1281 Petr.
3820 1227 3897 1298 ιι),

2327 1323 2512 1391 sicque
2560 1323 2832 1377 convertit
2861 1337 2956 1378 eos
3009 1331 3069 1377 ut
3103 1323 3264 1378 -isent
3299 1331 3424 1391 post
3473 1337 3533 1376 se
3586 1328 3896 1374 retrorsum.

2328 1415 2479 1481 Quod
2491 1430 2623 1468 sane
2638 1425 2751 1468 rete
2771 1413 3028 1485 apostolis
3043 1413 3317 1470 commisit
3330 1411 3637 1482 expandere
3661 1408 3813 1482 (Luc.
3830 1409 3898 1479 v),

2329 1505 2426 1559 vel.
2456 1505 2768 1575 apostolicis
2807 1506 2958 1572 viris,
2990 1522 3095 1560 non
3124 1506 3296 1560 solum
3326 1514 3386 1560 ut
3405 1519 3524 1559 eam
3553 1519 3677 1574 quae
3718 1503 3898 1574 plorat,

2331 1595 2638 1652 retraheret
2660 1597 2727 1650 ad
2757 1597 2900 1652 viam
2949 1598 3218 1664 veritatis,
3247 1612 3436 1657 verum
3467 1605 3526 1651 ut
3557 1597 3836 1651 irretirent
3856 1604 3904 1651 et

2331 1689 2688 1758 captivarent,
2715 1705 2779 1743 ac
2801 1697 3250 1746 converterentur
3269 1696 3593 1744 retrorsum.
3621 1687 3762 1743 Hinc
3780 1703 3902 1742 unus

2331 1778 2646 1844 electorum,
2680 1778 2755 1832 Ab
2792 1780 2954 1844 omni,
2980 1779 3173 1849 inquit,
3205 1779 3286 1834 via
3324 1778 3468 1832 mala
3497 1777 3744 1849 prohibui
3765 1778 3900 1848 pedes

2332 1884 2473 1922 meos
2517 1865 2693 1935 (Psal.
2739 1870 2949 1939 cxvm).
3001 1867 3108 1924 Sed
3162 1869 3432 1939 quomodo
3495 1869 3744 1938 posuerit
3794 1883 3900 1922 eam

2333 1959 2653 2024 desolatam,
2683 1962 2847 2016 tantis
2883 1962 3108 2016 dilatam
3135 1962 3472 2025 muneribus,
3501 1960 3608 2015 nisi
3639 1959 3775 2030 quod
3801 1961 3896 2016 im-

2332 2053 2747 2123 prmsentiarum
2775 2055 2929 2124 quasi
2974 2053 3212 2111 desolata
3243 2053 3457 2109 videtur
3479 2053 3749 2124 Ecclesia,
3793 2067 3897 2121 quae

2333 2161 2440 2199 non
2486 2146 2777 2215 praesentia
2824 2146 2963 2203 bona
3015 2147 3280 2218 requirit,_
3312 2146 3406 2208 sed
3453 2146 3701 2210 aeterna:
3744 2142 3895 2199 Posita

2333 2248 2569 2304 namque
2592 2243 2676 2290 est
2703 2235 2946 2290 desolata
2970 2251 3033 2290 ex
3058 2236 3145 2291 his
3173 2234 3428 2292 omnibus
3473 2250 3599 2304 qua:
3643 2233 3794 2304 prius
3824 2247 3894 2290 se-

2335 2325 2607 2391 ctabatur,
2640 2335 2752 2382 tota
2774 2328 2861 2382 die
2905 2341 3140 2383 maerore
3179 2327 3425 2383 confecta
3452 2325 3658 2381 doloris
3686 2333 3742 2380 et
3774 2338 3900 2378 amo-
3956 2381 3964 2390 ,

2333 2419 2430 2476 ris.
2464 2419 2540 2473 Ex
2568 2434 2676 2488 quo
2705 2433 2867 2489 supra
2911 2420 3076 2478 etiam
3106 2419 3175 2475 ad
3226 2434 3320 2475 eos
3348 2418 3439 2488 qui
3469 2425 3774 2480 transeunt,
3818 2415 3904 2469 im-

2333 2523 2550 2562 mensas
2596 2507 2959 2580 lacrymarum
3008 2523 3228 2564 suarum
3275 2507 3520 2562 immittit
3547 2521 3732 2561 voces.
3762 2504 3804 2558 0
3831 2521 3904 2569 eos

2334 2617 2532 2666 omnes,
2561 2607 2616 2656 et
2631 2609 2830 2656 uetera
2855 2617 2976 2671 qua:
3016 2608 3334 2671 sequuntur.
3374 2599 3560 2653 Porro.
3589 2598 3769 2652 anima
3797 2609 3906 2667 pec-

2335 2674 2472 2748 catis
2494 2691 2728 2753 obnoxia
2756 2691 2884 2753 dum
2917 2706 3017 2761 pro
3047 2692 3161 2747 suis
3211 2689 3594 2760 iniquitatibus
3634 2703 3665 2742 a
3699 2686 3904 2749 Domino

2336 2796 2723 2852 nonnunquam
2781 2781 3094 2850 corripitur,
3143 2781 3210 2836 ad
3252 2795 3311 2835 se
3364 2780 3640 2844 introrsus
3689 2776 3900 2838 rediens,

2335 2874 2464 2930 dum
2497 2873 2700 2940 salubri
2742 2873 2927 2929 dolore
2970 2871 3380 2943 compungitur,
3411 2869 3569 2940 quasi
3618 2869 3683 2922 de
3708 2867 3903 2922 excelso

2337 2964 2390 3020 in
2421 2964 2535 3020 suis
2570 2964 2802 3028 ossibus,
2858 2979 2920 3020 ac
2971 2964 3018 3018 si
3065 2961 3421 3018 medullarum
3479 2959 3902 3030 cogitationibus.

2340 3055 2516 3126 ignem
2563 3054 2777 3110 venisse
2803 3069 2911 3111 non
2937 3053 3237 3122 dubitatur,
3267 3067 3367 3123 pro
3397 3066 3505 3120 quo
3545 3051 3801 3105 divinitus
3829 3057 3900 3102 at-

651 3157 753 3194 me.
789 3139 1058 3211 Expandit
1087 3154 1190 3196 rete
1219 3142 1436 3213 pedibus
1461 3146 1610 3208 meis,
1647 3145 1892 3197 convertit
1934 3160 2013 3197 me
2044 3154 2236 3197 retror-
2263 3132 2308 3196 C
2343 3153 2483 3200 tacta
2509 3147 2826 3215 castigatur,
2883 3153 2937 3199 et
2970 3144 3216 3199 eruditur
3262 3141 3564 3213 disciplinis
3603 3142 3810 3197 divinis.
3845 3141 3902 3195 Et

651 3246 789 3284 sum.
809 3227 994 3288 Posuit
1021 3248 1099 3285 me
1117 3231 1427 3298 desolatam,
1445 3241 1553 3285 tota
1583 3231 1666 3285 die
1679 3248 1894 3286 maerore
1922 3232 2232 3301 confectam.

649 3320 795 3392 Ergo
822 3319 890 3375 de
918 3322 1058 3376 caelo
1085 3323 1296 3377 misisse
1328 3322 1505 3393 ignem
1561 3322 1617 3377 in
1661 3323 1878 3379 ossibus
1913 3323 2232 3390 Jerusalem,

651 3425 942 3481 supernam
971 3412 1262 3467 vindictam
1293 3413 1550 3480 insinuat,
1578 3421 1636 3468 et
1660 3413 1748 3470 ille
1774 3414 1913 3469 forte
1939 3415 2078 3486 ignis
2104 3429 2235 3470 con-

651 3508 761 3556 stat
805 3503 1025 3568 missus,
1072 3503 1137 3557 de
1165 3519 1271 3574 quo
1306 3505 1360 3558 in
1407 3503 1508 3560 Job
1540 3505 1679 3576 (cap.
1712 3506 1753 3578 1)
1786 3506 2014 3579 legimus
2037 3549 2052 3572 ,
2092 3509 2237 3579 quod

653 3599 827 3647 tactas
865 3607 995 3647 oves
1023 3593 1165 3662 ignis
1205 3594 1318 3659 Dei,
1371 3595 1463 3664 Qui
1512 3597 1577 3651 de
1605 3597 1744 3654 ccelo
1771 3597 2074 3666 descendit,
2105 3614 2238 3670 pue-

652 3697 850 3752 rosque
879 3685 1234 3754 consumpsit,
1281 3687 1547 3743 aethereas
1600 3687 1884 3746 insinuans
1917 3699 2235 3760 potestates,

653 3774 851 3844 quibus
875 3774 1151 3830 cruciandi
1182 3792 1275 3832 eos
1304 3793 1475 3848 usque
1497 3779 1658 3834 hodie
1691 3790 1932 3852 potestas
1961 3784 2140 3839 datur.
2172 3785 2241 3840 Et

650 3867 791 3924 bene
820 3869 874 3927 in
903 3870 1118 3925 ossibus
1166 3871 1306 3942 ignis
1351 3873 1549 3928 missus
1588 3874 1806 3942 dicitur,
1844 3885 1910 3943 ut,
1931 3880 2113 3934 omnia
2145 3878 2240 3935 Ju-

655 3959 895 4018 daeorum
930 3977 1264 4034 quaecunque
1289 3963 1451 4020 fortia
1478 3981 1600 4022 esse
1636 3968 1976 4038 videbantur,
2011 3973 2241 4029 interius

655 4051 1006 4121 exteriusque
1031 4067 1298 4122 possessa,
1330 4054 1556 4127 ﬂagellis
1603 4057 1966 4126 erudirentur,
2011 4062 2102 4132 qui
2149 4063 2239 4132 pia

657 4141 753 4196 Dei
792 4145 994 4200 monita
1022 4145 1172 4215 prius
1214 4147 1508 4203 noluerunt
1535 4149 1724 4204 audire
1763 4151 1949 4221 sicque
1990 4153 2239 4210 addisce-

656 4240 802 4298 rent,
840 4235 928 4290 cui
962 4237 1183 4292 omnino
1231 4237 1483 4309 deinceps
1512 4236 1702 4306 subjici
1750 4239 2029 4296 deberent.
2063 4241 2239 4309 Unde,

655 4325 850 4396 inquit,
883 4338 930 4382 et
957 4329 1180 4384 erudiuit
1231 4346 1330 4389 me.
1365 4331 1634 4401 Expandit
1669 4341 1850 4387 autem
1884 4343 1988 4388 rete
2022 4334 2239 4404 pedibus

655 4418 808 4480 meis,
834 4419 961 4488 quia
1001 4435 1096 4475 eos
1143 4427 1265 4490 post
1315 4420 1618 4491 voluptates
1662 4432 1717 4477 et
1745 4422 2011 4479 desideria
2059 4425 2240 4480 cordis

2340 3235 2464 3304 quia
2497 3236 2664 3296 sentit
2685 3235 2822 3288 retia
2845 3233 3217 3290 doctrinarum
3242 3233 3337 3288 Dei
3361 3248 3551 3288 coram
3583 3231 3799 3305 pedibus
3821 3246 3918 3302 ess

2339 3343 2532 3398 pansa,
2562 3327 2708 3389 vadit
2752 3336 3050 3382 retrorsum
3101 3326 3420 3382 abstinendo
3470 3341 3530 3380 se
3571 3327 3639 3380 ab
3683 3324 3898 3385 illicitis;

2340 3416 2526 3470 luxum
2558 3415 2893 3486 voluptatum
2943 3416 3257 3485 pristinum,
3286 3424 3341 3470 et
3365 3415 3822 3486 concupiscentias
3853 3415 3898 3466 in

2340 3505 2612 3578 lacrymas
2655 3507 2946 3572 convertit,
2990 3517 3046 3562 et
3091 3514 3241 3576 tanto
3282 3505 3478 3562 fortius
3511 3505 3892 3575 eouStringendo

2340 3599 2687 3670 semetipsam
2711 3598 2919 3669 plangit
2947 3613 3185 3656 maerore
3216 3598 3393 3654 luctus
3442 3598 3712 3662 confecta,
3738 3597 3893 3651 nolens

2341 3691 2489 3746 illam
2516 3693 2948 3762 prtesentisrvitze
2974 3692 3188 3747 noxiam
3214 3690 3461 3762 recipere
3482 3691 3890 3751 consolationem,

2341 3781 2858 3852 quanto_scelestius
2884 3795 2983 3852 per
3006 3781 3172 3850 varia
3187 3781 3459 3852 desideria
3491 3797 3552 3837 se
3573 3781 3759 3836 diutius
3780 3794 3887 3846 con-

2342 3872 2547 3928 siderat
2573 3871 2879 3928 oberrasse.

3075 4019 3198 4060 NUN.

2427 4141 2663 4215 Vigilavit
2677 4143 2866 4214 jugum
2886 4143 3219 4214 iniquitatum
3243 4158 3482 4197 mearum
3504 4141 3560 4198 in
3582 4158 3735 4209 manu
3759 4141 3853 4209 ejus
3873 4152 3892 4186 .‘

2341 4234 2628 4290 convoluta:
2658 4244 2799 4301 sunt,
2848 4235 3104 4305 imposita:
3141 4233 3276 4289 collo
3306 4231 3716 4304 meosV’igilare
3758 4229 3895 4300 igitur

2335 4326 2521 4398 iugum
2547 4327 2890 4398 iniquitatum
2916 4342 3134 4383 suarum
3160 4326 3403 4397 deplorat
3426 4327 3480 4380 in
3505 4342 3668 4380 manu
3690 4322 3894 4384 Domini,

2343 4421 2469 4490 quia
2519 4429 2732 4490 tempus
2786 4419 2964 4475 dilata:
2996 4421 3248 4476 vindictae
3289 4421 3509 4476 tandem
3540 4423 3595 4476 in
3623 4435 3736 4476 eam
3765 4419 3897 4473 adre-

655 4519 844 4561 eorum
891 4523 1147 4578 prospere
1177 4523 1348 4580 usque
1401 4510 1468 4564 ad
1523 4509 1686 4565 linem
1722 4511 1801 4565 ire
1832 4528 1937 4567 non
1965 4515 2236 4583 permisit,
2265 4503 2318 4566 D
2343 4513 2444 4568 nit.
2476 4511 2619 4583 Ergo
2663 4513 2816 4582 quasi
2847 4513 3116 4579 dormire,
3143 4513 3331 4585 jugum
3391 4513 3696 4583 iniquitatis
3738 4524 3897 4567 eorum

657 4597 752 4653 sed
783 4600 1054 4654 convertit
1083 4615 1176 4654 eos
1228 4610 1550 4667 retrorsum,
1581 4609 1640 4656 ut
1666 4601 1882 4658 dolores
1929 4613 1985 4658 et
2008 4604 2236 4660 durissi-

656 4703 778 4744 mas
799 4689 1065 4744 sentirent
1084 4693 1362 4762 angustias
1387 4691 1769 4760 tribulationis,
1799 4709 1898 4764 pro
1924 4695 2037 4749 suis
2065 4696 2236 4765 pessi-

657 4779 762 4833 mis
787 4779 1277 4835 adinventionibus.
1305 4780 1457 4848 Quod
1481 4791 1660 4837 autem
1687 4784 1862 4855 posita
1888 4785 2126 4855 ponitur,
2149 4786 2244 4842 de-

659 4869 854 4937 solata,
903 4879 1012 4926 tota
1038 4872 1124 4927 die
1148 4887 1385 4928 mmrore
1425 4873 1691 4940 confecta,
1741 4877 1855 4945 ipse
1881 4878 2026 4933 visus
2047 4880 2243 4950 probat

659 4962 804 5031 quod
833 4971 944 5018 tota
989 4964 1098 5029 die,
1127 4964 1333 5020 scilicet
1359 4980 1530 5036 usque
1569 4967 1637 5021 ad
1660 4967 1824 5022 linem
1858 4969 2065 5037 seaculi,
2099 4986 2242 5027 sem-

601 5115 604 5118 ,
659 5067 757 5122 per
779 5052 832 5107 in
855 5053 1189 5111 desolatione
1207 5054 1376 5110 Judaei
1405 5066 1583 5122 erunt,
1614 5072 1848 5114 mterore
1865 5061 2241 5130 angustiarum

660 5141 918 5197 confecti.
963 5142 1269 5202 Secundum
1313 5145 1629 5217 allegoriam
1673 5164 1825 5217 vero,
1876 5165 1942 5205 ex
1982 5149 2116 5222 ipsis
2165 5151 2241 5208 illi

662 5231 755 5300 qui
779 5233 1145 5300 crediderunt,
1169 5235 1255 5290 vel
1277 5243 1458 5291 nostra
1483 5235 1780 5292 Jerusalem
1801 5253 1922 5308 quze
1948 5241 2114 5297 simul
2137 5258 2243 5298 uua

662 5319 805 5376 facta
835 5332 920 5378 est
945 5323 1014 5380 de
1049 5326 1320 5394 gentibus,
1347 5329 1544 5383 merito
1576 5328 1641 5383 de
1665 5329 1888 5397 excelso,
1920 5332 2114 5402 inquit,
2143 5334 2244 5387 mi-

662 5415 729 5469 sit
758 5417 927 5486 ignem
957 5420 1012 5474 in
1048 5421 1248 5476 ossibus
1287 5422 1438 5487 meis,
1483 5430 1546 5476 ut
1578 5423 1759 5477 omnia
1793 5424 2052 5480 virtutum
2088 5426 2246 5483 fortia

665 5509 1053 5566 roborarentur
1085 5513 1410 5568 intrinsecus
1436 5511 1492 5568 in
1538 5513 1801 5581 Ecclesia,
1830 5524 1890 5570 ut
1932 5517 2246 5573 erudiretur

666 5598 944 5669 divinitus,
970 5619 1038 5660 ne
1059 5604 1199 5658 ultra
1221 5603 1377 5660 idolis
1406 5604 1721 5671 deserviret,
1739 5613 1794 5660 et
1818 5606 1983 5662 variis
2006 5606 2242 5663 oblecta-

669 5698 822 5747 retur
846 5695 1026 5752 saeculi
1055 5697 1452 5754 blandimentis.
1480 5699 1545 5754 Et
1574 5699 1676 5755 hoc
1696 5709 1779 5756 est
1809 5700 1951 5771 quod
1989 5699 2126 5756 Mem
2155 5699 2242 5756 lit-

2343 4604 2468 4670 fuit,
2499 4605 2555 4658 in
2606 4612 2822 4674 torpore
2868 4605 3123 4674 nequitia
3161 4619 3351 4660 secure
3397 4607 3725 4675 impuneque
3770 4603 3899 4673 quiev

2344 4708 2518 4750 scere.
2546 4692 2910 4772 Sedvigilavit
2946 4696 3002 4748 in
3034 4712 3195 4748 manu
3227 4695 3458 4756 Domini.
3489 4695 3647 4766 juxta
3676 4694 3810 4764 quod
3832 4692 3901 4744 hic

2345 4788 2596 4857 idemque
2624 4788 2888 4858 propheta
2909 4785 3138 4842 Domino
3165 4787 3524 4857 interroganti
3556 4786 3824 4857 respondit
3841 4782 3902 4836 di-

2347 4895 2491 4948 cens_
2507 4897 2525 4934 :
2560 4877 2700 4944 Quid
2731 4887 2787 4932 tu
2827 4878 2971 4931 uides
3016 4877 3372 4932 Jeremia?At
3415 4877 3506 4932 ille
3527 4891 3547 4929 :
3572 4875 3708 4948 Ego,
3739 4875 3902 4944 inquit,

2349 4943 2496 5024 videi)
2527 4943 2726 5038 virgam
2752 4967 3074 5037 vigilantem.
3099 4965 3196 5022 Cui
3219 4965 3480 5022 Dominus
3505 4984 3518 5021 :
3550 4943 3714 5031 Bene,
3738 4943 3903 5034 inquit.

2349 5059 2522 5117 vidisti
2554 5072 2572 5110 :
2603 5058 2728 5128 quia
2758 5056 2981 5126 vigilabo
3032 5066 3081 5112 et
3112 5074 3204 5128 ego
3240 5074 3397 5129 super
3419 5059 3633 5112 uerbum
3656 5072 3836 5114 meum,
3864 5061 3908 5103 ιιι

2349 5147 2544 5217 faciam
2592 5146 2727 5200 illud
2770 5145 2990 5216 (Jerem.
3037 5145 3099 5218 ι).
3138 5145 3276 5213 Quia
3327 5147 3587 5202 nimirum
3619 5148 3745 5202 licet
3779 5142 3909 5198 nobis

2353 5239 2690 5308 torpentibus
2711 5246 2932 5307 peccata
2955 5238 3182 5305 lateant,
3199 5239 3426 5310 vigilant
3447 5255 3667 5310 semper
3695 5239 3747 5293 in
3772 5248 3907 5290 manu

2352 5331 2590 5398 Domini,
2627 5333 2755 5391 dum
2808 5348 2905 5387 nos
2934 5331 3001 5386 ad
3029 5332 3322 5388 vindictam
3367 5331 3530 5402 iusta:
3569 5326 3905 5387 retributionis

2351 5431 2627 5478 accusant.
2661 5423 2814 5479 Unde
2840 5423 3100 5478 Dominus
3127 5423 3258 5478 Cain
3286 5426 3505 5496 neganti
3530 5443 3544 5479 :
3575 5424 3714 5490 Quid
3731 5415 3905 5492 fecisti?

2348 5513 2505 5580 Ecce,
2523 5514 2716 5584 inquit,
2735 5513 2946 5586 1343
2969 5531 3066 5569 vox-
3084 5515 3356 5587 sanguinis
3381 5515 3568 5585 [ratris
3589 5516 3666 5569 tui
3687 5510 3803 5568 Abel
3813 5508 3898 5561 cla-

2346 5620 2453 5664 mat
2484 5610 2552 5663 ad
2577 5627 2657 5664 me
2691 5611 2755 5664 de
2781 5621 2923 5665 terra
2955 5610 3112 5681 (Gen.
3144 5612 3243 5682 tv).
3277 5612 3344 5666 Et
3373 5613 3661 5666 cortvolutm
3681 5616 3804 5666 sunt,
3832 5603 3893 5654 in-

2346 5703 2482 5773 quit,
2519 5703 2824 5775 iniquitates
2849 5703 3046 5760 scilicet
3071 5707 3206 5760 tanti
3230 5705 3474 5776 ponderis
3502 5723 3600 5776 quo
3628 5713 3828 5774 premor.
3856 5697 3893 5743 τε
