4048 6352
140 381 160 434 l
170 376 273 434 089

882 368 1243 426 EXPOSlTlO
1281 367 1348 424 IN
1383 365 1965 423 LAMENTATIONES
2002 367 2337 423 JEREMl/E.
2369 400 2438 410 —-
2467 369 2593 423 LIB.
2638 369 2676 423 l.

3290 373 3429 432 £090

134 491 396 563 imposita:
424 490 558 545 collo
589 506 720 544 meo.
752 487 925 555 Quam
961 489 1122 552 bene,
1149 488 1390 558 inquam,
1415 501 1512 556 pro
1544 495 1733 554 torque
1760 491 1811 548 Α
1837 487 1903 539 de
1928 485 2066 539 coelo
2094 485 2262 551 misit,
2284 487 2550 540 convertit
2575 500 2692 540 eam
2727 486 2794 540 ad
2823 488 3198 556 paenitentiam
3231 497 3430 546 retror-

133 598 306 639 anrea
351 579 516 652 ('Isa.
549 579 677 652 ιιι),
727 577 966 634 funiculo
1039 578 1383 648 iniquitatis,
1432 575 1731 631 Jerusalem

135 673 273 730 collo
304 688 405 728 suo
430 671 819 734 circumdatur,
839 679 892 724 et
923 666 1224 739 quasijugo
1256 667 1542 738 premitur,
1572 673 1630 719 ut
1652 664 1734 718 vi-

133 779 233 835 gor
278 761 501 816 virtutis
552 759 768 816 deﬁciat
800 777 813 812 :
849 758 975 828 quia
1025 757 1300 813 cumulum
1359 764 1730 826 peccatorum,

134 871 300 928 quem
381 855 638 910 diuturno
693 861 934 921 tempore
991 849 1158 904 variis
1207 847 1734 918 trausgressionibus

134 945 500 1010 coacervavit,
547 944 857 1013 opprimere
889 956 948 996 se
991 940 1060 994 ad
1107 939 1480 995 suﬁ‘ocandum
1523 946 1578 992 et
1605 953 1734 993 con-

134 1038 414 1106 stringere
440 1032 764 1104 ingemiscit.
804 1029 957 1086 Unde
1003 1029 1266 1099 scriptum
1309 1037 1393 1082 est
1440 1045 1454 1080 :
1490 1025 1733 1081 Funibus

131 1136 470 1197 peccatorum
507 1139 722 1178 suorum
753 1121 1106 1192 unusquisque
1139 1119 1517 1188 constringitur
1547 1116 1729 1188 (l’rcv.

133 1217 211 1287 v).
238 1217 310 1271 Et
345 1217 489 1280 ideo,
513 1214 783 1283 inﬁrmata
823 1221 898 1266 est
943 1211 1107 1266 virtus
1135 1209 1468 1271 Jndzeorum.
1492 1209 1734 1280 deditque

136 1331 221 1369 eos
245 1313 510 1366 Dominus
534 1311 590 1365 in
636 1326 818 1373 manu,
845 1309 912 1363 de
940 1322 1066 1378 qua,
1098 1306 1272 1360 donec
1302 1305 1575 1376 plenitudo
1598 1319 1730 1374 gen-

137 1406 269 1459 tium
311 1403 569 1464 introeat,
625 1415 730 1452 non
782 1408 1022 1468 poterunt
1067 1413 1280 1467 surgere
1323 1395 1495 1466 (Rom.
1533 1393 1634 1464 Ἡ).
1667 1394 1734 1448 Et

135 1497 238 1550 hoc
268 1492 390 1546 Nun
419 1492 599 1545 littera
644 1489 943 1552 denuntiat,
975 1491 1118 1558 quod
1163 1488 1532 1558 sempiternum
1563 1487 1731 1540 inter—

135 1595 409 1658 pretatur.
441 1583 844 1653 Sempiternum
874 1582 1017 1636 enim
1072 1581 1261 1652 jugum
1313 1595 1500 1635 eorum
1547 1587 1651 1645 est,
1680 1588 1736 1634 et

136 1676 434 1732 inﬁrmitas
465 1671 929 1745 prrevaricationis
955 1680 1116 1742 atque
1141 1671 1426 1740 captivitas
1460 1679 1734 1740 perpetua:

136 1767 527 1830 damnationis,
553 1766 644 1834 qui
667 1766 784 1820 sine
815 1765 922 1818 ﬁne
951 1764 996 1819 si
1031 1772 1251 1834 possent
1274 1777 1502 1833 peccare
1545 1763 1734 1816 decre-

1834 589 1953 629 sum
1987 592 2000 628 :
2029 575 2099 629 ita
2122 590 2188 630 ex
2205 575 2343 652 jugo
2373 576 2717 646 iniquitatum
2741 576 2884 645 quod
2921 577 3164 647 vigilavit
3184 578 3237 633 in
3265 594 3428 635 manu

1833 665 2067 733 Domini,
2098 667 2226 723 licet
2267 669 2336 723 ab
2364 669 2537 723 oculis
2568 667 2685 736 ejus
2732 669 2910 722 ablata
2961 680 3144 725 essent
3177 670 3384 742 judicia
3405 685 3426 704 ο

1833 759 1956 829 quia
1986 760 2374 814 thesaurizavit
2397 760 2496 814 sibi
2521 761 2655 813 iram
2685 762 2740 814 in
2770 762 2854 815 die
2875 761 3168 831 irw(Rom.
3199 763 3282 834 ιι).
3308 763 3429 820 Νηιι

1827 849 1974 919 quod
2023 851 2395 920 sempiternum
2450 860 2626 916 sonat,
2678 851 2920 921 impegit,
2981 863 3040 906 ut
3088 854 3160 907 sit
3212 867 3425 919 sensus,

1833 940 1975 1010 quod
1998 939 2147 1009 justo
2174 941 2270 995 Dei
2319 940 2543 1009 judicio,
2572 943 2663 1011 qui
2711 943 2875 996 corde
2915 942 3279 1012 impmnitenti
3322 944 3428 999 sibi

1833 1039 2089 1102 aggregat
2117 1031 2277 1097 iram,
2305 1031 2624 1101 supplicium
2643 1034 3060 1103 sempiternum,
3091 1034 3157 1089 de
3181 1049 3287 1104 qua
3313 1050 3427 1088 ma-

1832 1135 1903 1174 nu
1929 1135 2034 1175 non
2059 1123 2260 1191 poterit
2305 1138 2544 1193 surgere,
2578 1113 2840 1177 incurrit:
2881 1139 2986 1178 non
3015 1125 3154 1192 quod
3180 1123 3423 1180 Ecclesia

1831 1211 2086 1280 praascita
2113 1219 2169 1266 et
2193 1213 2578 1282 praedestinata
2618 1213 2702 1268 his
2733 1215 2992 1268 tradenda
3019 1215 3091 1268 sit
3120 1214 3424 1285 suppliciis,

1834 1301 1929 1354 sed
1950 1301 2077 1369 quia
2107 1317 2442 1372 qurecuuque
2473 1303 2524 1356 iu
2549 1303 2807 1357 membris
2839 1305 2950 1358 suis
2977 1304 3296 1371 acciderint,
3320 1305 3426 1362 sibi

1833 1394 2072 1464 deputat.
2105 1394 2312 1449 ldcirco
2345 1397 2458 1451 haec
2482 1407 2588 1450 tam
2631 1398 2747 1450 dira
2775 1398 2876 1452 sibi
2911 1399 3173 1454 accidisse
3219 1400 3428 1470 plangit

1833 1493 1889 1539 et
1917 1485 2111 1554 plorat.
2143 1485 2532 1557 Tropologicus
2555 1496 2733 1542 autem
2764 1497 2912 1557 patet
2941 1505 3153 1556 sensus,
3180 1491 3320 1560 quod
3340 1489 3428 1560 ju-

1835 1592 1961 1647 gum
1994 1577 2297 1646 iniquitatis
2324 1578 2510 1647 vigilat
2537 1579 2591 1632 iu
2627 1595 2788 1633 manu
2817 1579 3032 1634 Domini
3059 1581 3279 1645 animm,
3305 1595 3427 1650 quae

1835 1681 1893 1721 se
1919 1668 2066 1724 vitiis
2122 1677 2178 1722 et
2216 1668 2510 1722 sceleribus
2559 1669 2881 1733 subdiderit,
2928 1671 3030 1726 nisi
3083 1687 3145 1726 ea
3178 1671 3424 1742 quotidie

1835 1759 2152 1830 pteniteudo
2183 1774 2364 1814 coram
2410 1761 2523 1814 suis
2559 1759 2731 1814 oculis
2777 1763 3204 1831 posuerit.lliuc
3255 1762 3426 1817 David

133 1867 354 1912 verunt.
375 1857 544 1912 Porro
554 1855 709 1926 juxta
739 1855 997 1926 mysticus
1023 1853 1405 1924 allegoriarum
1421 1868 1615 1907 sensus
1631 1866 1722 1922 ge-
1755 1856 1797 1913 B
1826 1865 2042 1920 quoque
2076 1869 2087 1903 :
2126 1861 2172 1904 et
2217 1861 2486 1920 peccatum
2534 1867 2704 1904 meum
2755 1867 2941 1906 coram
2989 1870 3070 1907 me
3113 1865 3186 1908 est
3221 1869 3426 1924 semper

133 1950 232 2004 mit
263 1947 533 2012 Ecclesia,
556 1946 769 2015 quoties
799 1945 1189 2000 tentationibus
1212 1946 1371 1999 datur
1400 1945 1721 2007 innumeris,

133 2040 280 2110 quod
306 2036 761 2109 vigilavitjugum
789 2035 1136 2104 iniquitatum
1169 2034 1287 2105 ejus
1315 2035 1368 2089 in
1411 2051 1574 2089 manu
1623 2035 1726 2089 Do‘

131 2135 295 2199 mini,
324 2141 378 2187 et
422 2132 540 2186 ideo
586 2129 832 2185 hostibus
863 2137 971 2182 tam
1003 2128 1306 2183 visibilibus
1333 2142 1494 2198 quam
1539 2127 1726 2182 invisi-

130 2224 343 2279 bilibus
371 2221 651 2292 aﬂligenda
677 2221 822 2275 intus
842 2218 1040 2274 ferisve
1063 2218 1367 2288 subjicitur,
1403 2219 1726 2288 amissisque

133 2313 437 2369 monilibus
483 2327 600 2382 qua:
629 2311 698 2365 ab
727 2324 925 2380 sponso
966 2308 1144 2380 (Cant.
1183 2308 1222 2381 ι)
1283 2318 1569 2378 acceperat
1629 2323 1727 2378 pro

60 2428 62 2434 ν
128 2403 498 2469 ornamentis,
523 2401 692 2473 gemit
719 2416 882 2470 super
904 2399 1218 2468 iniquitates
1249 2414 1394 2454 suas.
1431 2397 1580 2454 Unde
1603 2415 1728 2452 con-

130 2493 332 2549 rolutre
352 2502 494 2557 sunt,
525 2491 724 2559 inquit,
751 2499 796 2542 et
825 2489 1086 2557 imposita:
1112 2489 1246 2542 collo
1275 2505 1408 2541 meo.
1426 2488 1591 2542 Isaias
1615 2488 1729 2556 qui-

133 2587 256 2641 dem
297 2585 412 2654 jam
459 2583 587 2638 olim
620 2582 830 2635 dixerat
874 2580 1016 2650 quod
1047 2581 1245 2634 dixerit
1277 2581 1537 2634 Dominus
1571 2598 1583 2632 :
1622 2579 1727 2633 Pro

131 2692 190 2729 eo
217 2673 363 2744 quod
389 2672 602 2727 elevatre
631 2679 753 2725 sunt
790 2668 916 2738 lilia:
944 2669 1098 2733 Sion,
1122 2678 1170 2722 et
1212 2667 1606 2722 ambulaverunt
1637 2684 1730 2721 ea;-

132 2777 273 2820 tento
304 2763 466 2828 collo,
497 2773 543 2817 et
572 2761 794 2816 nubibus
831 2758 1103 2813 oculorum
1137 2759 1280 2812 ibant
1305 2767 1352 2813 et
1385 2757 1724 2828 plaudebant,

133 2853 467 2908 ambulantes
507 2860 556 2906 et
596 2849 814 2921 pedibus
854 2850 964 2904 suis
994 2851 1280 2919 composito
1311 2849 1481 2919 gradu
1524 2848 1728 2902 incede-

133 2945 255 2997 bant
284 2942 426 3014 (lsa.
475 2940 582 3013 ιιι),
623 2941 764 3010 quod
789 2939 1084 2995 auferenda
1115 2946 1298 2994 essent
1327 2938 1510 2992 omnia
1541 2952 1729 2993 earum

131 3044 485 3090 ornamenta.
535 3033 681 3088 lnter
709 3047 829 3102 quae
867 3030 1126 3085 nimirum
1156 3038 1377 3100 torques
1404 3040 1461 3083 et
1507 3027 1729 3083 monilia

133 3126 400 3182 describit
429 3139 610 3180 sermo
636 3123 1007 3195 propheticus,
1042 3135 1162 3191 qua:
1200 3120 1382 3175 omnia
1405 3121 1473 3174 ad
1500 3119 1730 3175 virtutes

1828 1940 2003 2014 (Psal.
2033 1942 2105 2012 ι).
2135 1942 2314 1996 Voluit
2338 1942 2554 2010 quidem
2603 1942 2716 2011 ipse
2745 1957 2774 1996 e
2817 1944 3036 2011 regione
3081 1944 3327 2014 vigilare,
3365 1951 3426 1998 ut

1826 2050 1890 2088 ea
1941 2034 2157 2090 ﬂetibus
2204 2034 2468 2099 ablueret,
2499 2034 2703 2089 idcirco
2738 2050 2924 2090 coram
2977 2053 3036 2091 se
3087 2053 3150 2092 ea
3207 2051 3426 2107 semper

1827 2133 2111 2191 statuerat,
2129 2134 2184 2182 et
2199 2142 2267 2182 ne
2289 2125 2534 2194 vigilaret
2551 2124 2740 2196 jugum
2760 2127 3104 2196 iniquitatum
3121 2129 3258 2198 ejus,
3277 2129 3423 2198 quod

1828 2216 1942 2286 ipse
1964 2216 2069 2271 sibi
2101 2215 2236 2271 collo
2265 2216 2616 2285 imposuerat,
2643 2217 2697 2270 in
2727 2232 2890 2271 manu
2926 2218 3158 2283 Domini,
3185 2218 3318 2272 flens
3356 2233 3422 2272 ac

1827 2321 2047 2377 gemens
2068 2307 2280 2361 aiebat:
2303 2309 2487 2360 Averte
2517 2307 2706 2376 faciem
2730 2317 2875 2361 tuam
2905 2327 2937 2362 a
2962 2309 3188 2378 peccatis
3217 2309 3344 2364 meis
3374 2318 3422 2362 et

1829 2413 2002 2451 omnes
2024 2398 2322 2468 iniquitates
2343 2414 2484 2452 meas
2507 2398 2620 2452 dele
2643 2397 2853 2470 (lbid.).
2871 2400 2948 2454 Ac
2965 2402 3008 2454 si
3033 2402 3269 2456 diceret:
3292 2400 3426 2456 Nolo

1830 2495 1920 2541 tua
1945 2487 1999 2540 in
2016 2503 2178 2542 manu
2204 2488 2446 2559 vigilent,
2468 2491 2561 2542 sed
2590 2489 2844 2543 oblivioni
2876 2505 2937 2545 ea
2963 2491 3166 2557 tradas,
3184 2492 3426 2562 mihique

1830 2595 2045 2650 semper
2081 2595 2262 2634 coram
2310 2579 2611 2646 assistant,
2645 2590 2704 2633 ut
2754 2581 3047 2650 puniantur
3076 2582 3322 2648 ﬁetibus‘,
3371 2591 3428 2638 et

1829 2669 2143 2741 pervigilem
2174 2670 2419 2724 reddant.
2446 2669 2552 2725 Sed
2573 2671 2695 2739 quia
2722 2671 2920 2724 misera
2945 2672 3215 2726 interdum
3244 2671 3424 2727 anima

1831 2759 1972 2814 male
2003 2775 2192 2814 secura
2209 2757 2375 2826 jacet,
2397 2758 2585 2830 jugum
2611 2759 2754 2829 quod
2777 2760 2878 2814 sibi
2905 2761 3187 2815 contexuit
3217 2761 3423 2832 iniqui-

1833 2859 2032 2915 tatum,
2065 2861 2287 2920 propter
2321 2850 2787 2919 impmnitudinem
2819 2852 3000 2906 cordis
3032 2851 3287 2906 oblivioni
3319 2851 3427 2907 sibi

1833 2943 2058 2997 tradidit
2086 2961 2099 2996 :
2131 2943 2315 3012 vigilat
2344 2957 2474 2998 vero
2505 2943 2559 2996 in
2589 2959 2751 2997 manu
2793 2943 3029 3007 Domini,
3059 2946 3186 3014 quia
3215 2945 3423 3000 nullum

1832 3043 2113 3106 peccatum
2142 3034 2372 3088 inultum
2400 3033 2588 3089 abibit.
2616 3033 2769 3088 Unde
2791 3043 2845 3089 et
2869 3037 3189 3089 convolutas
3210 3035 3264 3089 in
3288 3034 3429 3089 collo

1833 3126 1970 3196 ejus,
2000 3143 2124 3182 mox
2164 3124 2345 3197 justus
2367 3125 2531 3204 jung
2565 3127 2878 3196 iniquitates
2905 3129 3176 3191 restituet,
3209 3129 3301 3197 qui
3331 3143 3428 3183 eas

133 3231 259 3277 sunt
308 3221 624 3277 referenda.
650 3220 897 3288 Torques
927 3231 1142 3289 quoque
1174 3230 1295 3285 qua:
1339 3216 1408 3270 ad
1433 3221 1619 3283 pectus
1644 3227 1734 3267 IIS-
1761 3211 1805 3273 C
1837 3219 2095 3274 oblivioni
2135 3218 2399 3289 posuerit,
2426 3225 2486 3272 ut
2514 3217 2653 3272 ferat
2680 3217 2793 3286 ipse
2819 3233 2938 3286 qua:
2967 3218 3070 3271 sibi
3096 3218 3429 3273 thesauriza-

131 3328 238 3383 que
269 3313 596 3384 pendentes,
629 3310 1042 3380 intelligentiam
1067 3331 1074 3340 ·
1095 3322 1160 3362 ac
1186 3304 1486 3376 principale
1533 3302 1731 3358 mentis

130 3405 184 3459 in
215 3405 385 3461 corde
433 3405 827 3467 demonstrant,
878 3408 934 3456 et
982 3399 1202 3456 monilia
1232 3413 1369 3468 quaa-
1397 3396 1578 3452 omnia
1621 3411 1730 3451 uno

128 3510 391 3551 sermone
415 3495 677 3548 virtutum
703 3492 1011 3562 signiﬁcant
1036 3498 1377 3545 ornamenta.
1415 3488 1622 3556 Quibus
1642 3502 1731 3541 er-

127 3605 198 3660 go
225 3588 467 3653 amissis,
490 3585 842 3643 ecclesiastici
871 3586 972 3640 viri
1008 3585 1310 3656 spoliantur
1336 3581 1532 3637 talibus
1569 3595 1732 3635 orna-

126 3679 373 3734 mentis:
401 3678 527 3747 quia
548 3676 798 3730 muliebri
824 3674 1019 3731 aﬁ'ectu
1046 3674 1346 3738 ambulant,
1369 3681 1574 3728 extento
1596 3670 1730 3726 collo

126 3782 185 3828 et
211 3772 429 3826 nutibus
455 3770 750 3841 loquuntur
769 3768 1061 3834 oculorum,
1089 3768 1450 3838 plaudentque
1480 3774 1588 3821 tam
1616 3781 1732 3821 ma-

129 3863 302 3917 nibus
323 3877 489 3932 quam
507 3870 567 3916 et
598 3861 847 3931 pedibus,
878 3868 934 3915 et
960 3861 1246 3929 composito
1271 3859 1514 3912 incedant
1535 3857 1728 3929 gradu,

129 3953 327 4010 seculi
359 3960 632 4008 sectantes
659 3951 912 4023 gloriam,
944 3957 1000 4006 et
1030 3950 1133 4004 alia
1169 3949 1565 4020 quamplurima
1609 3961 1731 4018 qua:

128 4062 304 4118 supra
332 4044 688 4114 premiserat.
722 4042 835 4097 Nec
860 4041 1082 4096 dubium
1104 4041 1234 4110 quin
1256 4041 1444 4110 jugum
1474 4039 1731 4107 iniquita-

128 4147 255 4193 tum
282 4151 475 4191 eorum
503 4133 688 4206 vigilet
715 4133 770 4187 in
799 4148 963 4188 manu
992 4131 1225 4195 Domini,
1269 4146 1298 4184 a
1327 4145 1435 4200 quo
1454 4129 1575 4198 jure
1608 4143 1732 4198 pre-

127 4235 367 4283 muntur
395 4233 451 4280 et
481 4224 789 4288 trahuntur,
822 4225 915 4292 qui
941 4235 1000 4276 se
1029 4221 1191 4275 tantis
1219 4219 1593 4290 exspoliarunt
1622 4219 1732 4272 vir-

128 4325 318 4372 tutum
341 4313 692 4370 ornamentis.
719 4311 872 4368 Unde
901 4310 1201 4366 convoluta:
1227 4309 1544 4380 iniquitates
1573 4309 1626 4363 in
1653 4307 1732 4362 fu-

124 4406 321 4463 niculo
374 4403 751 4469 indissolubili,
798 4402 1125 4474 planguntur
1160 4403 1227 4456 ab
1272 4402 1536 4466 Ecclesia,
1587 4402 1730 4471 quod

123 4496 409 4568 imposita:
433 4495 541 4550 sint
557 4494 696 4550 collo
717 4492 835 4562 ejus
856 4493 968 4549 suis
983 4492 1190 4548 scilicet
1211 4493 1490 4558 membris,
1518 4491 1731 4565 13M

1835 3311 1935 3364 vit.
1967 3311 2168 3366 Deinde
2217 3310 2285 3364 ad
2337 3308 2585 3363 ultimum
2617 3309 2852 3362 traditur
2902 3310 2954 3362 in
2985 3324 3171 3374 manu,
3229 3310 3292 3363 de
3322 3326 3430 3379 qua

1833 3404 2062 3473 quisque
2111 3401 2280 3457 semel
2329 3401 2604 3468 ingressus
2654 3400 2878 3456 minime
2925 3402 3126 3470 poterit
3173 3417 3427 3471 surgere:

1833 3496 1959 3566 quia
2028 3496 2153 3548 dum
2220 3493 2396 3563 potuit
2467 3492 2794 3562 sempiterna
2858 3491 3070 3564 1445
3142 3491 3424 3562 supplicia,

1833 3603 1954 3657 quae
2006 3600 2243 3656 prtesens
2293 3584 2621 3639 elementum
2676 3584 3000 3648 denuntiat,
3066 3583 3235 3638 noluit
3289 3598 3426 3655 pra:-

1832 3680 2040 3736 videre.

2509 3764 2734 3805 SAHECII.

1905 3862 2132 3918 Abstulit
2161 3877 2339 3916 omnes
2364 3859 2674 3930 magniﬁcos
2704 3874 2843 3912 meos
2869 3857 3127 3912 Dominus
3159 3857 3222 3911 de
3253 3857 3424 3911 medio

1833 3956 1956 4011 mei.
2005 3953 2216 4009 Vocavit
2247 3955 2522 4007 adversum
2555 3967 2636 4005 me
2659 3961 2882 4021 tempus,
2913 3961 2966 4004 ut
2997 3961 3280 4004 contereret
3316 3949 3424 4005 ele-

1834 4057 1942 4102 ctos
1983 4062 2145 4100 meos.
2175 4044 2286 4099 Nec
2315 4043 2560 4106 dubium,
2587 4042 2715 4111 quin
2747 4041 2861 4096 lucc
2893 4042 3106 4110 plenius
3128 4042 3180 4096 in
3210 4040 3298 4096 illa
3325 4055 3423 4095 ex-

1836 4145 2006 4192 trema
2049 4136 2363 4204 captivitate
2413 4132 2614 4188 ludatis
2656 4133 2945 4196 accidisse,
2981 4133 3200 4202 quando
3251 4131 3428 4186 nullus

1833 4227 2223 4296 prophetarum
2265 4225 2410 4278 inter
2461 4237 2555 4277 eos
2600 4223 2927 4276 remansisse
2978 4223 3221 4276 creditur
3260 4260 3272 4273 .
3318 4236 3426 4276 non

1835 4317 2111 4378 sacerdos,
2145 4315 2234 4384 qui
2276 4314 2482 4368 hostias
2510 4311 2728 4368 offerret
2760 4331 2773 4366 :
2806 4329 2911 4368 non
2944 4313 3120 4368 scriba
3151 4314 3342 4368 doctus
3371 4313 3426 4366 in

1837 4409 1955 4480 lege
1979 4448 1996 4474 ,
2041 4407 2195 4476 cujus
2222 4408 2466 4463 doctrina
2498 4408 2844 4461 erudirentur
2875 4424 2887 4459 :
2927 4406 3084 4461 sicuti
3123 4404 3310 4459 Daniel
3337 4405 3429 4458 de-

1837 4501 2036 4570 plorat,
2062 4500 2249 4554 dicens
2283 4517 2296 4552 :
2331 4497 2570 4562 Domine,
2598 4514 2701 4551 non
2731 4507 2838 4562 est,
2881 4499 3074 4567 inquit,
3112 4498 3165 4550 in
3198 4507 3429 4565 tempore

122 4591 282 4647 forte
313 4589 384 4644 ad
428 4587 823 4653 suﬁ'ocandum,
855 4586 1015 4642 sicuti
1057 4585 1252 4640 Judam
1298 4585 1494 4655 laqueo
1522 4601 1582 4640 se
1615 4600 1736 4642 sus-
1765 4568 1813 4628 D
1839 4568 1936 4647 ltoc
1965 4592 2204 4662 princeps
2229 4630 2243 4656 ,
2283 4606 2374 4643 nec
2409 4591 2681 4659 propheta,
2714 4589 2792 4643 vel
2815 4589 2942 4650 dux,
2987 4604 3150 4659 neque
3178 4587 3430 4641 holocau-

117 4679 398 4752 pendisse
428 4678 659 4749 legimus
686 4676 824 4747 (Act.
851 4676 917 4747 ι),
940 4675 1022 4730 vel
1047 4676 1115 4730 ad
1136 4675 1397 4746 supplicia
1420 4675 1739 4746 pertrahen-

120 4772 293 4826 dum.
322 4767 476 4824 Unde
501 4768 744 4839 plorans,
767 4766 1049 4835 Inﬁrmata
1070 4775 1167 4833 est,
1201 4767 1397 4836 inquit,
1415 4768 1577 4821 virtus
1599 4783 1735 4832 mea,

117 4862 285 4918 dedit
316 4877 398 4915 me
446 4860 704 4915 Dominus
731 4860 790 4912 in
838 4875 999 4913 manu
1055 4859 1120 4913 de
1148 4875 1253 4929 qua
1283 4875 1386 4913 non
1415 4868 1596 4930 potero
1620 4875 1740 4912 sur-

117 4968 282 5025 gere.
307 4952 602 5023 Pr0pterea
627 4953 773 5022 quod
817 4961 1064 5007 extrema
1104 4950 1238 5006 ultio
1275 4950 1530 5006 omnibus
1558 4950 1740 5020 impiis

117 5056 180 5102 et
200 5045 595 5117 peccatoribus
626 5045 682 5099 in
709 5043 817 5099 ﬁne
844 5043 1171 5101 calamitatis
1191 5042 1479 5108 sitfutura,
1508 5058 1609 5098 nec
1637 5043 1734 5097 ali-

118 5135 364 5209 quando
387 5151 419 5190 a
445 5135 778 5191 cruciatibus
801 5136 873 5191 sit
899 5135 1243 5200 cessandum,
1275 5149 1340 5189 eo
1369 5135 1510 5203 quod
1557 5135 1609 5188 in
1640 5149 1734 5188 ex-

118 5230 443 5286 terioribus
472 5229 711 5284 tenebris
734 5230 1020 5300 impiorum
1048 5230 1237 5282 vermis
1264 5244 1369 5282 non
1413 5229 1654 5292 moritur,
1687 5237 1734 5280 et

115 5325 274 5396 ignis
298 5340 407 5378 non
431 5324 783 5394 exstinguitur
812 5322 946 5394 (lsa.
981 5321 1153 5393 vat).
1200 5321 1296 5376 Ubi
1331 5322 1422 5390 qui
1453 5321 1618 5375 semel
1649 5320 1732 5374 in-

116 5418 408 5488 greditur,
427 5415 540 5484 jam
573 5415 800 5469 ulterius
826 5415 1008 5484 egredi
1042 5429 1149 5468 non
1197 5412 1547 5483 permittitur,
1575 5411 1735 5467 sicuti

115 5509 408 5563 Dominus
438 5507 680 5560 insinuat
709 5525 721 5560 :
751 5505 819 5559 Et
849 5522 953 5560 non
982 5505 1120 5559 exies
1171 5505 1312 5570 inde,
1344 5504 1539 5574 inquit,
1573 5504 1736 5557 donec

114 5598 486 5654 novissimum
516 5597 706 5652 reddas
729 5598 1074 5669 quadrantem
1101 5596 1314 5669 (Matth.
1340 5595 1416 5668 v),
1443 5597 1494 5650 id
1515 5604 1619 5660 est,
1643 5596 1740 5649 do-

111 5704 246 5746 nec
291 5689 475 5745 anima
501 5705 728 5760 quaeque
754 5689 1030 5760 persolvas
1059 5689 1274 5744 delicta.
1313 5687 1448 5742 Nam
1493 5686 1738 5756 superior

112 5779 418 5835 sententia
443 5780 583 5834 sicut
611 5796 674 5834 ex
702 5778 861 5847 Mem,
889 5779 938 5834 id
969 5789 1050 5834 est
1076 5795 1140 5834 ex
1172 5780 1306 5845 istis,
1337 5794 1456 5848 qum
1479 5777 1739 5833 Dominus

1839 4695 2000 4749 stum,
2036 4699 2198 4753 neque
2223 4681 2566 4750 sacri/icium,
2593 4697 2756 4751 neque
2782 4682 3071 4745 incensum,
3103 4696 3264 4749 neque
3284 4677 3429 4731 locus

1840 4775 2199 4847 primitiarum
2228 4789 2405 4827 coram
2435 4783 2504 4837 te,
2526 4781 2578 4825 ut
2607 4771 3112 4840 possimusinvenire
3132 4769 3430 4822 misericor-

1840 4868 1984 4920 diam
2021 4865 2180 4936 (Dan.
2217 4864 2322 4934 ιιι).
2354 4864 2459 4918 Sed
2491 4863 2605 4917 ham
2634 4863 2856 4927 melius,
2889 4871 2947 4917 ut
2987 4860 3131 4925 dixi,
3175 4860 3241 4912 ad
3279 4857 3430 4911 illam

1840 4956 2149 5012 referuntur
2173 4963 2472 5009 extremam
2504 4971 2517 5008 :
2544 4954 2670 5024 quia
2699 4954 2752 5008 in
2783 4955 2884 5008 hac
2903 4968 3022 5022 qum
3042 4951 3143 5006 sub
3164 4948 3431 5005 Chaldaeis

1842 5047 2060 5109 accidit,
2091 5044 2365 5098 Danielem
2387 5044 2555 5098 fuisse
2583 5043 2714 5097 nulli
2742 5041 2964 5096 dubium
2993 5040 3134 5094 inter
3158 5053 3275 5104 eos,
3300 5052 3428 5092 nec-

1841 5153 1947 5192 non
1977 5147 2031 5192 et
2061 5135 2312 5191 Ezechiel
2340 5136 2536 5191 ibidem
2573 5136 2898 5205 pr0phetare
2922 5147 3148 5188 exorsus
3179 5140 3283 5194 est,
3327 5146 3432 5184 car-

1845 5232 2054 5298 terique
2082 5230 2357 5298 prophette
2403 5243 2526 5282 cum
2568 5242 2655 5280 eo.
2705 5225 2910 5280 idcirco
2949 5224 3002 5277 in
3044 5221 3307 5276 extremis
3331 5220 3431 5273 sub

1845 5321 1966 5373 Tito
1988 5328 2044 5373 et
2071 5318 2398 5387 Vespasiano
2436 5331 2625 5370 omnes
2669 5313 2936 5382 magnifici
2965 5355 2978 5378 ,
3026 5311 3168 5384 quod
3200 5309 3430 5367 Samech

1845 5411 2103 5474 insinuat,
2132 5411 2296 5464 ablati
2329 5419 2454 5464 sunt
2482 5409 2548 5462 dc
2576 5407 2730 5462 Juda.
2767 5407 2996 5460 Sun:er
3036 5404 3235 5474 quippe
3273 5401 3430 5471 adju-

1844 5504 2036 5556 torium
2066 5511 2242 5558 sonat.
2269 5503 2419 5556 Tunc
2447 5515 2576 5570 ergo
2603 5515 2762 5554 omne
2789 5497 3112 5566 adjutoriunt
3146 5499 3215 5553 ab
3243 5495 3325 5551 eis
3347 5510 3430 5550 re-

1844 5594 2046 5660 cessit,
2100 5593 2315 5664 quando
2348 5607 2452 5645 non
2485 5591 2658 5645 solum
2686 5604 2874 5644 omnes
2911 5588 3180 5658 magniﬁci
3230 5585 3428 5657 captivi

1846 5687 1993 5742 ducti
2024 5696 2170 5752 sunt,
2196 5687 2348 5755 juxta
2376 5684 2569 5738 Isaiam
2600 5701 2612 5735 :
2640 5683 2911 5752 Auferam,
2944 5682 3138 5751 inquit,
3170 5680 3235 5733 ab
3263 5678 3427 5734 Jeru-

1846 5779 2008 5834 salem
2037 5779 2262 5834 validum
2292 5786 2338 5829 et
2369 5775 2576 5845 fortem,
2604 5791 2754 5828 omne
2781 5774 2941 5827 robur
2967 5772 3118 5843 panis
3139 5811 3156 5838 ,
3188 5780 3237 5826 et
3278 5784 3429 5824 omne
