4048 6352
605 332 757 415 1091‘

1423 351 1482 407 S.
1519 346 1876 405 PASCllASll
1922 345 2268 402 BADBERTI
2306 346 2595 403 ABBATlS
2634 345 3087 405 CORBEIENSIS

3733 349 3854 407 £092

600 473 762 529 robur
788 486 960 540 aqum,
986 468 1271 539 principem
1296 476 1344 521 et
1384 466 1921 538 quinquagenarium,
1961 482 2025 520 ac
2057 481 2184 537 pru-
2212 470 2258 528 Α
2287 466 2343 520 in
2371 467 2457 522 die
2485 467 2753 538 passionis
2782 483 2892 522 sua:
2911 507 2925 532 ,
2956 474 3016 520 ut
3040 475 3097 520 et
3121 465 3473 521 credentibus
3493 465 3735 534 praemia,
3762 482 3856 524 non

599 565 805 619 dentem
830 562 1043 632 mystice
1084 558 1225 631 loqui
1278 556 1547 629 (Isa.m),
1580 568 1634 614 et
1658 573 1755 614 eos
1801 573 2011 623 omnes,
2052 572 2188 627 quos

602 655 817 726 longum
849 665 1171 708 enumerare
1206 650 1459 705 duximus
1499 665 1684 705 verum
1719 658 1841 721 post
1879 649 2185 719 passionem

602 744 801 801 Christi
830 757 1019 799 omnes
1053 741 1241 812 gratiae
1265 750 1321 796 et
1347 742 1668 796 donationes
1707 740 1933 796 sublatae
1962 748 2088 797 sunt
2117 740 2186 794 ah

601 838 702 894 eis.
750 838 978 905 Quando
1013 837 1177 892 etiam
1210 835 1355 905 ipsos
1394 833 1613 905 angelos
1665 834 1931 889 clamasse
1959 832 2188 904 legimus

603 930 657 984 in
696 929 867 999 portis
916 927 1216 983 Jerusalem
1260 943 1273 979 :
1310 926 1677 981 Transeamus
1724 941 1789 982 ex
1831 925 1918 981 his
1968 924 2188 981 sedibus

605 1020 893 1094 (loseplt.).
922 1019 1191 1076 Caeterum
1220 1020 1446 1091 mystice
1487 1026 1675 1074 nostra
1701 1016 2027 1083 Jerusalem,
2047 1031 2185 1086 quo-

608 1113 925 1181 tiescunque
965 1109 1408 1165 tribulationibus
1453 1109 1720 1178 premitur
1775 1115 1832 1163 et
1879 1105 2141 1177 angustiis
2168 1144 2185 1171 ,

606 1204 822 1274 quoties
849 1201 1315 1275 persecutionibus
1348 1200 1583 1271 agitatur
1607 1239 1624 1265 ,
1653 1198 1739 1253 vel
1779 1198 1943 1253 etiam
1973 1194 2190 1251 haereti-

606 1310 795 1351 corum
827 1294 1174 1364 impugnatur
1198 1291 1477 1356 hostibus,
1505 1305 1606 1346 nec
1630 1289 1854 1345 dubium
1879 1288 2010 1358 quin
2035 1286 2189 1357 plan—‘

604 1384 724 1455 git,
770 1384 957 1440 dicens
988 1398 1004 1438 :
1034 1382 1260 1437 Abstulit
1298 1381 1554 1436 Dominus
1582 1380 1647 1436 de
1670 1380 1842 1434 medio
1880 1378 1980 1433 mei
2010 1392 2188 1432 omnes

606 1475 912 1547 magniﬁcos
939 1490 1080 1529 meos
1103 1490 1124 1539 ,°
1153 1474 1208 1529 in
1244 1480 1452 1528 tantum
1481 1479 1543 1526 ut
1563 1471 1773 1543 legatur
1795 1470 1939 1541 quod
1960 1484 2104 1542 saepe
2134 1468 2189 1524 in

610 1577 723 1626 toto
748 1568 880 1624 orbe
913 1574 1179 1623 terrarum
1206 1564 1364 1637 pauci
1388 1564 1751 1621 remanserint
1769 1564 2144 1635 episcoporum
2172 1600 2187 1626 ,

607 1658 880 1732 magniﬁci
920 1658 1007 1714 vel
1045 1657 1409 1724 sacerdotum,
1454 1657 1547 1727 qui
1575 1655 1819 1713 doctrina
1865 1670 1998 1711 sana
2041 1662 2191 1709 recte

608 1748 935 1805 catholicam
977 1746 1332 1819 defenderent
1375 1747 1558 1803 ﬁdem.
1591 1745 1745 1814 Quod
1776 1753 1958 1801 autem
1983 1745 2189 1817 gemit,

2287 560 2633 615 credentibus
2684 574 2813 615 vero
2851 568 2907 615 et
2946 558 3395 630 persequentibus
3444 573 3511 613 ac
3546 559 3856 629 cruciﬁgen-

2288 652 2430 707 tibus
2457 652 2587 706 ultio
2614 661 2889 722 perpetua:
2914 650 3243 721 captivitatis
3277 658 3334 705 et
3364 649 3629 721 supplicia
3659 659 3861 706 aeterna:

2289 743 2653 799 damnationis
2682 750 2984 797 manerent.
3029 739 3264 795 Calcavit
3308 755 3442 809 ergo
3470 741 3574 797 hoc
3602 740 3858 806 torcular,

2286 836 2413 905 quia
2442 844 2636 891 cuncta
2673 833 3014 889 adversantia
3069 834 3121 887 in
3173 848 3267 888 sua
3329 833 3538 903 redegit
3585 841 3858 902 potestate.

2289 926 2397 982 Sed
2444 926 2636 982 videns
2682 927 2944 996 preplteta
2995 924 3254 980 duritiam
3303 924 3488 980 cordis
3519 922 3862 990 Judaeum,

2285 1018 2506 1089 plorans
2568 1018 2736 1090 gemit
2786 1018 2929 1088 quod
2974 1016 3265 1072 calcaverit
3303 1016 3351 1071 ei
3389 1015 3642 1071 Salvator
3690 1015 3865 1085 virgini

2288 1108 2415 1178 ﬁlia:
2440 1108 2586 1163 Juda
2617 1107 2852 1163 torcular
2882 1108 3208 1163 adversariae
3250 1107 3620 1177 oppressionis
3667 1122 3782 1162 sua:
3810 1107 3865 1162 ad

2287 1198 2641 1254 liberandum.
2670 1198 2792 1268 Ipsa
2819 1212 2950 1252 vero
2993 1212 3026 1253 e
3062 1197 3343 1252 contrario
3381 1196 3449 1251 de
3488 1196 3733 1251 remedio
3761 1203 3866 1250 tor-

2290 1296 2470 1346 menta
2503 1289 2605 1344 sibi
2650 1299 2758 1343 tam
2789 1294 3049 1343 extrema:
3081 1288 3414 1358 captivitatis
3438 1328 3454 1355 ,
3483 1302 3648 1358 quam
3675 1294 3733 1368 et
3759 1301 3868 1357 per-

2288 1389 2467 1452 petua:
2491 1380 2856 1435 damnationis
2881 1380 3123 1451 ingessit.
3161 1380 3229 1434 Et
3255 1380 3399 1444 ideo,
3434 1380 3633 1450 inquit,
3659 1394 3729 1435 ex
3756 1395 3869 1449 per-

2291 1488 2423 1529 sona
2443 1471 2653 1545 1357
2677 1471 2843 1542 ipsius
2863 1470 3158 1542 Synagogze
3185 1489 3200 1525 :
3228 1470 3344 1543 Ego
3365 1472 3604 1542 plorans,
3623 1481 3675 1526 et
3696 1470 3867 1525 oculus

2291 1579 2436 1620 meus
2465 1565 2726 1620 deducens
2755 1562 3017 1633 lacrymas
3046 1579 3066 1619 ,ν
3094 1565 3219 1635 quia
3243 1564 3420 1634 factus
3451 1573 3529 1620 est
3562 1582 3598 1619 α
3621 1580 3708 1618 nte
3731 1563 3871 1636 longe

2291 1653 2590 1709 consolator
2614 1693 2630 1719 ,
2681 1662 2980 1708 convertens
3015 1654 3250 1708 animam
3296 1658 3485 1708 meam.
3516 1644 3695 1721 Quam
3723 1652 3871 1723 longe

2293 1755 2473 1801 autem
2510 1761 2541 1800 a
2583 1743 2784 1801 Iudaeis
2825 1744 3003 1801 factus
3048 1745 3119 1800 sit
3168 1744 3509 1812 consolator,
3557 1755 3871 1801 convertens

609 1841 737 1909 quia
785 1838 1059 1895 vocaverit
1086 1838 1346 1894 adversus
1373 1852 1495 1892 eam
1530 1846 1765 1905 tempus,
1795 1843 1855 1890 ut
1883 1841 2193 1891 contereret
2219 1825 2267 1884 B
2294 1837 2532 1891 animam
2561 1851 2747 1892 eorum
2766 1877 2780 1901 ,
2826 1852 2926 1892 nos
2954 1837 3055 1907 ipsi
3085 1838 3376 1906 probamus
3402 1862 3418 1903 ,
3476 1838 3571 1908 qui
3621 1837 3871 1892 duritiam

609 1934 809 1990 electos
828 1932 967 2000 ejus,
982 1929 1178 2002 quibus
1198 1928 1343 1984 nulla
1356 1937 1475 1984 erat
1489 1927 1610 1983 ﬁdei
1624 1926 1864 1983 defensio
1892 1924 1979 1979 vel
1990 1924 2196 1980 doctri-

611 2036 802 2076 narum
828 2037 844 2075 :
872 2035 979 2075 non
1009 2018 1154 2089 quod
1182 2027 1394 2088 tempus
1421 2017 1488 2072 ad
1518 2015 1666 2071 aliud
1694 2014 2074 2077 contrahatur,
2099 2014 2195 2071 sed

613 2110 785 2181 culpis
806 2107 1147 2179 exigentibus
1177 2106 1293 2161 suis
1321 2120 1483 2162 causa
1501 2105 1755 2161 vindictae
1776 2103 1872 2160 Dei
1895 2102 2191 2159 accidisse:

613 2202 825 2271 quoties
850 2200 1068 2266 accidit,
1089 2199 1278 2272 lugens
1306 2197 1512 2269 plangit
1537 2206 1593 2251 et
1618 2196 1803 2267 gemit.

686 2293 820 2347 Nam
873 2292 1168 2348 secundum
1215 2290 1590 2362 tropologiam,
1642 2289 1824 2343 anima
1851 2301 1980 2343 suos
2006 2301 2197 2343 omnes

614 2383 930 2457 magniﬁcos
959 2383 1164 2455 plangit
1205 2381 1415 2437 ablatos
1442 2421 1457 2447 ,
1503 2379 1717 2453 1346
1752 2378 1970 2450 quando
2005 2393 2198 2435 sensus

614 2477 851 2547 Optimos
879 2474 1138 2529 virtutum
1179 2472 1231 2527 in
1275 2486 1335 2528 se
1385 2473 1550 2527 sentit
1582 2472 1847 2542 captivos,
1876 2484 1975 2541 pro
2000 2469 2198 2542 quibus

612 2575 804 2623 contra
834 2580 954 2620 eam
985 2564 1245 2620 Dominus
1267 2563 1482 2617 vocavit
1509 2572 1721 2632 tempus
1746 2561 1997 2616 vindictas
2022 2599 2038 2626 ,
2072 2574 2197 2616 cum

612 2673 768 2714 suum
798 2656 1039 2712 divinum
1066 2653 1243 2709 aufert
1270 2652 1621 2722 adiutorium.
1658 2650 1773 2707 Hoc
1802 2662 1934 2707 sane
1961 2647 2198 2705 Samech

612 2764 808 2806 sonare
830 2749 1086 2803 diximus.
1111 2744 1455 2814 Quoablato,
1484 2758 1608 2799 mox
1633 2758 1752 2800 eam
1778 2742 2032 2799 inimicus
2050 2741 2198 2798 vitiis

613 2842 905 2913 captivam,
930 2855 961 2893 a
991 2847 1138 2894 statu
1166 2844 1331 2892 recta:
1351 2835 1476 2891 ﬁdei
1504 2844 1561 2891 et
1588 2836 1744 2891 bona:
1768 2834 2199 2893 conversationis

613 2934 669 2988 in
704 2931 1076 2988 confusionem
1122 2928 1325 2984 erroris
1372 2928 1540 2984 ducit.
1587 2925 1912 2983 Sanctorum
1937 2926 2199 2997 praedica-

614 3032 794 3078 torum
824 3021 1127 3077 doctrinam
1154 3027 1209 3074 et
1237 3018 1484 3089 exempla
1514 3058 1530 3085 ,
1588 3034 1618 3072 a
1672 3026 1966 3089 conspectu
2020 3018 2201 3075 cordis

614 3115 732 3186 ejus
754 3153 770 3181 ,
817 3128 916 3184 per
943 3111 1265 3167 oblivionem
1293 3110 1547 3165 auferens
1560 3150 1595 3187 ι
1615 3109 1817 3166 electos
1860 3109 2059 3165 mentis
2107 3124 2201 3165 co-

613 3178 778 3263 natus
812 3178 1065 3271 conterit,
1100 3212 1367 3275 quatenus
1410 3217 1535 3258 eam
1560 3178 1860 3273 spoliatam
1886 3201 2196 3269 virtutibus,
2225 3178 2271 3243 (ἶ

616 3298 831 3355 facilius
863 3296 922 3352 in
949 3303 1094 3350 terra
1116 3293 1290 3349 aliena
1323 3293 1621 3363 possideat,
1649 3308 1720 3348 ne
1746 3308 1845 3365 per
1865 3292 2199 3350 recordatio-

616 3403 740 3444 nem
768 3388 888 3443 sani
914 3386 1206 3456 dogmatis,
1222 3393 1278 3440 et
1298 3383 1729 3440 meliorationem
1749 3385 1895 3452 vitae,
1908 3384 1976 3440 ad
1995 3391 2199 3440 statum

616 3478 860 3549 pristina:
893 3474 1325 3533 conversationis
1354 3475 1559 3530 redeat.

1354 3626 1465 3666 MN.

690 3742 733 3796 Τ
735 3741 947 3797 orcular
976 3741 1195 3798 calcavit
1234 3742 1493 3800 Dominus
1520 3745 1707 3817 virgini
1744 3746 1872 3817 ﬁliae
1907 3747 2074 3802 Juda.
2097 3746 2199 3802 Id-

619 3833 759 3888 circo
791 3846 885 3904 ego
916 3832 1130 3903 plorans
1172 3844 1220 3887 ct
1268 3832 1454 3888 oculus
1492 3851 1639 3891 meus
1677 3836 1938 3892 deducens
1981 3853 2196 3908 aquam.

621 3926 885 3985 Torcular
910 3928 1123 3997 itaque,
1157 3926 1313 3998 juxta
1345 3922 1643 3999 Scriptum
1676 3940 1877 3985 sanctae
1911 3938 2202 3985 consuetu-

620 4017 802 4072 dinem
829 4018 1100 4073 interdum
1130 4033 1230 4089 pro
1254 4019 1460 4075 ultione
1486 4028 1647 4089 atque
1688 4020 1968 4091 suppliciis
2011 4036 2205 4092 pecca-

621 4119 826 4176 torum,
853 4110 1123 4166 interdum
1151 4111 1204 4165 in
1227 4112 1646 4183 congregatione
1671 4127 1935 4168 novarum
1957 4112 2199 4184 frugum,

620 4220 720 4275 pro
744 4204 921 4275 poenis
964 4204 1183 4277 ponitur
1224 4213 1387 4275 atque
1416 4206 1722 4271 tormentis,
1760 4206 1841 4260 uti
1872 4216 1957 4262 est
1988 4206 2201 4276 imprae-

621 4297 944 4362 sentiarum,
972 4297 1116 4367 quod
1146 4295 1410 4352 Jeremias
1438 4297 1697 4369 plangens
1735 4299 2075 4355 eversionem
2108 4297 2200 4355 Je-

621 4387 879 4455 rusalem,
903 4388 978 4442 ait
1002 4403 1017 4441 :
1044 4386 1302 4442 Torcular
1325 4388 1544 4444 calcavit
1574 4390 1831 4446 Dominus
1859 4392 2047 4463 virgini
2071 4391 2202 4461 ﬁliae

2295 1927 2474 1982 cordis
2509 1941 2696 1982 eorum
2736 1941 2878 1995 saepe
2908 1928 3256 1997 aggredimur
3284 1945 3299 1982 :
3328 1928 3453 1998 quia
3483 1934 3695 1998 quanto
3723 1942 3869 1997 prape

2294 2028 2370 2071 est
2413 2017 2666 2072 Dominus
2705 2017 2942 2072 omnibus
2982 2018 3347 2074 invocantibus
3394 2036 3510 2074 eum
3556 2021 3615 2074 in
3667 2021 3863 2074 veritate

2296 2106 2479 2179 (Psal.
2527 2107 2751 2178 cxuv),
2802 2116 2953 2162 tanto
3000 2107 3340 2179 elongabitur
3390 2109 3461 2164 ab
3501 2109 3589 2166 his
3627 2110 3724 2180 qui
3755 2110 3868 2165 ﬁcte

2294 2209 2544 2270 quierunt
2568 2216 2711 2267 eum,
2734 2210 2789 2258 et
2813 2201 3002 2258 nolunt
3030 2204 3275 2273 recipere
3296 2204 3581 2259 veritatem
3611 2221 3626 2258 :
3652 2204 3861 2274 oppido,

2295 2292 2424 2362 quia
2452 2291 2700 2349 Christus
2741 2294 2942 2349 veritas
2966 2302 3051 2350 est
3071 2293 3255 2366 (Joan.
3285 2278 3541 2366 xiv).'Et°
3560 2295 3669 2352 hoc
3710 2305 3870 2352 tntum

2296 2383 2555 2451 estquod
2591 2383 2855 2453 propheta
2884 2384 3131 2455 plangit,
3182 2400 3406 2442 servans
3454 2388 3867 2457 metaphoram:

2296 2473 2424 2544 quia
2455 2474 2615 2529 vinea
2645 2490 2807 2546 quam
2853 2491 2923 2531 ex
2962 2475 3202 2550 Egypto
3240 2478 3582 2548 plantaverat
3619 2479 3873 2534 Dominus

2294 2564 2470 2640 (Psal.
2497 2568 2681 2641 Lntx)
2699 2586 2715 2634 ;
2738 2569 2855 2640 ipsa
2868 2584 2997 2625 vero
3010 2569 3101 2624 diu
3115 2570 3315 2625 sterilis
3329 2580 3383 2625 et
3406 2570 3744 2626 infructuosa
3758 2585 3875 2641 per-

2296 2672 2524 2714 manens
2549 2658 2764 2723 dicitur,
2788 2658 2933 2727 quod
2950 2660 3261 2730 exspectavit
3287 2668 3342 2712 ut
3367 2659 3560 2729 faceret
3582 2674 3735 2723 uvas,
3762 2660 3873 2727 fecit

2298 2758 2475 2805 autem
2495 2749 2766 2805 labruscas
2780 2748 2914 2819 (Isa.
2931 2749 3009 2822 v).
3030 2748 3182 2805 Unde
3199 2750 3460 2805 Dominus
3480 2749 3725 2805 torcular
3740 2750 3875 2820 quod

2297 2843 2515 2911 indidit,
2543 2841 2793 2909 calcavit,
2817 2852 2876 2898 et
2901 2841 3054 2913 quasi
3081 2841 3336 2913 pessimis
3359 2842 3555 2907 acinis,
3585 2842 3874 2913 captivita-

2297 2945 2408 2994 tem
2432 2936 2683 3006 pessimas
2706 2934 3051 3000 invectionis,
3082 2934 3427 3005 praeparavit.
3455 2934 3771 3007 Allegorice
3796 2948 3875 2988 au-

2297 3033 2408 3082 tem
2436 3044 2450 3081 :
2479 3024 2740 3080 Torcular
2778 3024 2995 3080 calcavit
3025 3024 3283 3079 Dominus
3320 3025 3508 3096 virgini
3541 3025 3673 3093 filice
3696 3023 3870 3087 Iuda;

2301 3116 2516 3188 quando
2527 3114 2786 3172 Ecclesiae
2804 3131 2903 3187 per
2919 3116 3225 3187 passionem
3246 3130 3398 3171 suam
3418 3130 3610 3172 omnes
3629 3117 3684 3172 ei
3708 3118 3874 3172 aerias

2300 3217 2598 3282 potestates
2622 3208 2871 3278 subjecit.
2898 3209 3015 3280 Ipsa
3041 3216 3125 3265 est
3145 3222 3381 3280 namque
3399 3209 3554 3280 virgo
3578 3208 3689 3264 ﬁlia
3709 3208 3871 3273 lude,

2298 3316 2367 3357 ex
2394 3314 2503 3372 qua
2534 3308 2657 3357 orta
2684 3309 2770 3356 est
2792 3298 3033 3356 Ecclesia
3065 3318 3079 3354 :
3110 3299 3239 3369 quia
3269 3299 3335 3353 de
3357 3298 3492 3355 Sion
3511 3300 3672 3354 exibit
3699 3300 3805 3365 lex,
3829 3309 3872 3353 et

2298 3392 2509 3446 verbum
2530 3390 2744 3447 Domini
2783 3392 2849 3446 de
2883 3389 3182 3446 Jerusalem
3225 3390 3362 3463 (Isa.
3404 3390 3493 3464 tl).
3530 3391 3633 3448 Cui
3665 3392 3873 3447 calcavit

2300 3480 2557 3536 Dominus
2615 3479 2853 3535 torcular
2884 3480 3070 3547 solus,-
3106 3481 3358 3551 pessimze
3397 3482 3768 3552 oppressionis
3796 3482 3875 3552 jac

2302 3587 2449 3644 gum,
2475 3581 2539 3627 ut
2559 3581 2705 3628 esset
2726 3572 2920 3628 libera.
2945 3570 3053 3627 Sed
3073 3572 3200 3643 quia
3223 3572 3446 3628 Christo
3466 3573 3711 3630 calcante
3728 3574 3867 3637 illud,

2302 3663 2458 3718 multi
2487 3663 2591 3718 sub
2618 3677 2684 3719 eo
2714 3664 2944 3720 redeunt
2989 3664 3047 3718 in
3098 3679 3416 3730 amurcam,
3454 3664 3579 3720 ideo
3628 3665 3871 3736 plangens

2300 3753 2563 3824 propheta
2587 3771 2601 3808 :
2627 3752 2847 3822 Oculus,
2877 3755 3073 3826 inquit,
3095 3771 3243 3810 meus
3267 3755 3492 3812 deducit
3514 3772 3724 3827 aquam.
3750 3756 3872 3811 Pro-

2302 3857 2488 3918 pterea
2512 3854 2569 3903 et
2602 3846 2706 3901 Am
2739 3847 3027 3904 Hebraeum
3073 3848 3422 3919 anteponitur
3453 3851 3598 3920 quod
3641 3851 3751 3920 fons
3789 3847 3873 3903 vei

2303 3938 2487 3993 oculus
2533 3939 2942 4008 interpretatur.
2986 3939 3090 4007 Qui
3142 3940 3403 3996 nimirum
3454 3941 3614 4005 fons,
3667 3940 3877 4011 quando

2304 4032 2513 4104 prelum
2539 4034 2718 4090 crucis
2744 4033 2962 4104 pressit,
2993 4034 3061 4089 de
3085 4032 3287 4089 Christi
3317 4032 3493 4090 latere
3514 4033 3744 4089 manavit
3771 4074 3787 4098 ,
3814 4046 3877 4087 es

2305 4140 2413 4194 quo
2434 4166 2450 4192 ,
2480 4134 2616 4181 teste
2662 4125 2995 4198 evangelista
3020 4165 3036 4191 ,
3073 4141 3196 4179 mox
3234 4128 3454 4196 sanguis
3480 4138 3531 4180 et
3558 4143 3691 4197 aqua
3722 4126 3874 4178 exivit

2307 4217 2490 4290 (Joan.
2521 4218 2659 4286 χιχ).
2685 4219 2760 4271 De
2779 4231 2888 4287 quo
2909 4232 3039 4272 sane
3066 4216 3247 4282 fonte,
3294 4231 3493 4286 sponsa
3539 4216 3729 4271 Christi
3772 4228 3877 4270 neu

2306 4309 2479 4365 solum
2512 4309 2836 4375 renascitur,
2885 4324 3074 4364 verum
3101 4318 3160 4364 et
3205 4308 3431 4364 ditatur.
3484 4309 3604 4381 Ipse
3654 4321 3880 4377 namque

2306 4404 2463 4459 nobis
2487 4411 2570 4458 est
2598 4401 2721 4458 fons
2746 4403 2891 4467 vitae,
2933 4402 2986 4457 in
3019 4410 3192 4458 morte
3236 4401 3441 4458 Christi
3478 4412 3746 4459 reseratas
3769 4440 3785 4463 ,
3816 4400 3878 4453 de

620 4478 800 4544 Juda;
830 4480 949 4535 ideo
974 4495 1075 4551 ego
1101 4480 1272 4552 ploro.
1302 4479 1456 4549 Quod
1482 4490 1537 4538 et
1560 4481 1754 4538 Isaiam
1779 4498 1903 4539 cum
1944 4485 2205 4540 Dominus
2231 4490 2281 4552 ι)
2306 4507 2415 4563 quo
2476 4491 2650 4547 ﬂuunt
2700 4506 2890 4547 omnes
2945 4491 3186 4546 thesauri
3240 4491 3524 4561 sapientia:
3580 4491 3675 4548 Dei
3722 4501 3878 4559 atque

622 4574 776 4641 quasi
828 4572 997 4628 ccelos
1041 4574 1339 4629 ascendens
1375 4574 1444 4629 ab
1485 4576 1692 4645 angelis
1725 4576 2152 4648 interrogaretur
2184 4595 2199 4633 :

624 4662 802 4727 Quare
827 4663 1044 4717 rubrum
1074 4672 1149 4718 est
1178 4665 1540 4720 indumentum
1569 4677 1739 4731 tuum,
1765 4675 1812 4720 et
1844 4668 2205 4721 vestimentum

622 4763 770 4806 tuum
797 4754 928 4808 sicut
952 4754 1270 4809 calcanlium
1305 4757 1362 4811 in
1396 4758 1689 4813 torculari?
1716 4759 2061 4828 respondisse
2088 4757 2201 4812 fer-

625 4852 752 4898 tur:
784 4843 1039 4900 Torcular
1084 4844 1281 4902 calcavi
1324 4847 1502 4914 solus,
1535 4859 1587 4904 et
1616 4850 1681 4903 de
1720 4851 1957 4921 gentibus
1988 4866 2093 4905 non
2126 4857 2201 4903 est

623 4933 702 4987 vir
721 4950 922 4989 mecum
950 4934 1087 5006 (lsa.
1112 4946 1288 5009 Lxm).
1318 4936 1433 4994 Hoc
1457 4954 1692 5009 namque
1720 4939 1977 5008 torcular,
2008 4940 2063 4994 in
2095 4954 2205 5011 quo

624 5033 683 5080 et
712 5026 870 5081 malis
893 5027 1178 5097 supplicia,
1205 5035 1263 5083 et
1289 5029 1448 5084 bonis
1474 5030 1696 5100 praemia
1718 5032 1996 5087 calcantur
2013 5071 2028 5099 ,
2061 5031 2208 5088 solus

624 5115 735 5186 ipse
759 5117 977 5172 calcavit
1007 5118 1287 5186 Dominus,
1320 5122 1411 5190 qui
1443 5122 1649 5177 nullum
1670 5124 1858 5180 habuit
1878 5124 2202 5195 adjutorem.

626 5207 813 5278 Neque
839 5209 984 5264 enim
1011 5211 1257 5282 angelus,
1293 5221 1348 5269 et
1382 5214 1757 5286 archangelus,
1790 5216 1971 5271 throni
1998 5216 2083 5270 vel
2109 5216 2207 5272 do-

628 5302 972 5370 minationes,
1001 5313 1096 5360 aut
1112 5304 1254 5362 ullus
1283 5306 1587 5362 cmlestium
1630 5316 1984 5378 potestatum,
2008 5323 2207 5380 corpus

628 5392 924 5450 humanum
958 5399 1269 5468 assumpsit,
1309 5407 1365 5454 et
1413 5415 1512 5469 pro
1559 5401 1715 5456 nobis
1754 5416 1949 5470 passus
1995 5408 2079 5455 est
2103 5441 2118 5467 ,
2153 5409 2209 5456 et

633 5487 973 5543 conculcavit
1010 5490 1353 5546 adversarius
1400 5492 1746 5548 fortitudines
1770 5534 1785 5559 ,
1818 5501 1874 5548 et
1915 5494 2206 5561 contrivit,

629 5576 737 5633 nisi
770 5577 858 5633 ille
909 5580 999 5649 qui
1032 5580 1268 5650 loquitur
1314 5583 1367 5637 in
1404 5582 1611 5653 psalmo
1648 5601 1661 5636 :
1694 5582 1913 5638 Salvum
1954 5601 2036 5639 me
2085 5586 2206 5654 fac,

629 5669 874 5737 Domine,
902 5675 1150 5743 quoniam
1176 5675 1363 5744 defecit
1402 5686 1616 5730 sanctus
1647 5674 1820 5748 (Psal.
1859 5678 1959 5748 χι).
2001 5678 2070 5732 Et
2105 5679 2208 5732 hoc

631 5758 850 5831 itaque:
879 5763 1135 5818 Torcular
1166 5766 1383 5821 calcavit
1418 5768 1673 5824 Dominus
1705 5771 1893 5839 virgini
1916 5770 2040 5840 ﬁlice
2063 5770 2208 5827 Juda

2310 4584 2575 4640 scientiae.
2616 4582 2682 4637 Et
2707 4582 2835 4653 quia
2869 4582 2973 4637 Ain
3002 4582 3170 4637 etiam
3201 4582 3383 4636 oculus
3414 4582 3753 4654 interpretari
3799 4578 3876 4634 di-

2311 4674 2455 4729 citur
2476 4713 2492 4739 ,
2544 4687 2646 4728 nec
2687 4672 2961 4728 immerito
2987 4672 3055 4726 de
3087 4670 3237 4726 fonte
3268 4671 3574 4728 inebriatus
3622 4672 3879 4728 deducens

2311 4781 2508 4838 aquam
2538 4766 2898 4838 lacrymarum
2925 4765 3197 4836 plangitur
3224 4783 3236 4819 :
3269 4763 3406 4830 Quia
3430 4764 3608 4834 factus
3630 4773 3702 4819 est
3725 4780 3753 4815 a
3780 4775 3875 4822 me,

2312 4857 2511 4927 inquit,
2543 4855 2694 4925 longe
2721 4855 3035 4921 consolator,
3080 4865 3380 4909 convertens
3410 4855 3647 4909 animum
3695 4865 3874 4907 meum.

2313 4949 2537 5018 Quoties
2550 4963 2680 5020 ergo
2691 4949 2930 5005 Ecclesia
2951 4948 3387 5005 tribulationibus
3400 4947 3658 5012 aﬁicitur,
3681 4944 3879 5017 quoties

2312 5041 2517 5097 auxilio
2528 5040 2800 5098 desolatur
2811 5040 3088 5107 divino,ad
3102 5040 3370 5110 lacrymas
3384 5040 3545 5111 quasi
3560 5041 3629 5096 ad
3639 5042 3880 5095 consueta

2312 5131 2551 5187 recurrit
2568 5144 2742 5188 arma.
2768 5131 2835 5186 Et
2865 5133 3181 5199 notandum,
3211 5132 3424 5202 quoties
3462 5146 3576 5186 non
3625 5125 3885 5186 converti—

2311 5231 2423 5292 tur,
2450 5225 2670 5282 doctore
2692 5236 2969 5293 monente,
2994 5228 3254 5294 exterius,
3285 5226 3411 5299 quia
3444 5225 3607 5299 longe
3630 5234 3708 5282 est
3730 5222 3799 5276 ab
3817 5234 3887 5275 ea

2312 5315 2625 5373 Paracletus
2658 5316 2912 5389 Spiritus,
2946 5319 3038 5388 qui
3064 5333 3185 5374 eam
3216 5318 3449 5374 instruat
3484 5328 3543 5374 et
3570 5315 3773 5374 erudiat
3799 5313 3885 5367 in-

2310 5406 2606 5474 trinsecus;
2640 5406 2842 5463 idcirco
2868 5418 2922 5463 ct
2954 5408 3048 5463 lilii
3082 5406 3200 5476 ejus
3235 5422 3395 5480 quam
3433 5422 3582 5479 szepe
3602 5408 3727 5463 ﬁunt
3751 5417 3885 5475 per.

2311 5499 2430 5554 diti.
2462 5499 2756 5571 Propterea
2793 5500 3039 5571 quisquis
3079 5501 3316 5556 doctoris
3354 5496 3593 5555 oﬁicium
3639 5496 3744 5552 vult
3788 5508 3889 5548 exe

2308 5592 2456 5661 plere
2485 5632 2501 5657 ,
2559 5595 2772 5663 quoties
2821 5594 3119 5650 Ecclesiam
3167 5594 3270 5650 sibi
3319 5593 3667 5648 commissam
3704 5588 3891 5644 minus

2309 5683 2507 5737 viderit
2527 5694 2933 5741 convertentem
2952 5726 2967 5753 ,
3001 5686 3071 5740 de
3097 5684 3244 5741 fonte
3273 5685 3492 5740 hauriat
3519 5680 3711 5738 amoris
3734 5678 3891 5734 unde

2310 5774 2582 5847 lacrymas
2611 5780 2911 5851 producat,
2961 5778 3134 5834 donec
3165 5777 3535 5833 consolantem
3562 5779 3889 5831 converten-
