4048 6352
155 347 285 403 1095

892 344 1264 411 ,EXI‘OSITIO
1306 343 1373 400 IN
1411 341 1990 400 LAMENTATIONES
2026 341 2365 398 JEREMIxE.
2406 372 2475 382 —-
2512 343 2640 398 LIB.
2679 344 2718 399 I.

3296 348 3433 405 109i

151 471 368 530 temque
396 459 626 515 advocet
658 456 874 530 ιω
903 458 1240 515 Paracletum
1266 458 1550 530 Spiritum.
1581 457 1735 514 Alio.
1762 466 1815 523 Α
1839 456 1999 527 quasi
2027 457 2096 510 ad
2132 469 2345 526 preces,
2378 455 2522 512 inter
2551 455 2765 513 dolores
2794 467 2848 512 et
2892 472 3195 529 pressuras,
3220 473 3321 515 nec
3348 469 3434 517 est

149 552 279 621 quin
336 550 610 620 quandiu,
665 549 871 605 olfenso
923 550 1069 617 Deo,
1118 550 1348 621 erigitur
1392 550 1649 606 inimicus
1687 558 1745 607 et

148 641 428 697 extollitur
456 658 470 694 :
500 639 597 694 lilii
636 640 729 710 qui
768 642 997 695 necdum
1039 648 1165 696 sunt
1206 640 1463 696 ablactati
1493 680 1510 707 ,
1567 656 1742 711 neque

145 742 380 805 possunt
410 732 465 788 in
497 733 673 788 virum
701 731 1001 803 perfectum
1044 733 1280 788 transire
1303 773 1319 797 ,
1357 732 1660 802 perduntur
1687 741 1742 789 et

147 824 489 888 alliduntur,
529 837 812 893 quousque
852 839 883 876 a
923 824 1017 878 Dei
1052 823 1401 879 refoveantur
1447 831 1501 878 et
1547 839 1741 879 conso-

145 917 329 970 lentur
361 913 587 984 Spiritu.
633 912 985 985 Tropologice
1017 931 1148 970 vero
1169 956 1184 981 ,
1226 915 1421 970 animae
1452 916 1739 972 virtutibus

146 1006 471 1072 infecundae,
501 1014 555 1061 et
596 1006 751 1061 bonis
786 1006 1042 1077 operibus
1080 1022 1279 1072 vacum,
1328 1022 1428 1063 nec
1462 1007 1583 1064 ﬁdei
1621 1010 1734 1062 fru-

144 1106 294 1152 ctum
317 1096 579 1166 gignenti,
605 1095 868 1150 Dominus
891 1097 1130 1152 torcular
1154 1096 1348 1163 calcat,
1378 1099 1596 1167 quando
1616 1114 1736 1154 eam

144 1204 243 1260 pro
276 1186 567 1244 sterilitate
595 1200 691 1240 sua
736 1195 794 1240 et
836 1186 1112 1243 otiositate
1144 1187 1360 1242 inimica
1389 1202 1577 1257 poenas
1606 1204 1736 1244 con-

144 1283 324 1351 digna:
348 1279 603 1335 vindicta:
623 1278 774 1335 luere
802 1278 963 1349 cogit.
999 1277 1135 1332 llinc
1176 1292 1391 1347 quoque
1436 1280 1733 1334 secundum

144 1370 444 1441 superioris
490 1368 946 1424 interminabilent
990 1367 1211 1423 latnenti
1259 1366 1495 1434 luctum,
1545 1368 1734 1424 oculus

142 1476 308 1532 quam
330 1460 580 1515 districts
606 1459 826 1514 deducit
855 1473 1073 1528 aquam,
1105 1460 1381 1514 consensit
1417 1473 1499 1524 se,
1530 1458 1733 1514 amisso

142 1552 513 1619 consolatore,
545 1550 708 1607 corde
746 1549 1110 1620 impaenitenti
1151 1551 1219 1606 ad
1248 1566 1312 1605 ea
1346 1565 1504 1607 ruere
1532 1551 1734 1607 indesi-

140 1655 357 1710 neuter,
389 1659 501 1715 quo
529 1641 687 1698 ﬂetus
713 1642 997 1699 oculorum
1025 1649 1082 1699 et
1100 1642 1303 1698 stridor
1336 1642 1578 1698 dentium
1607 1657 1733 1713 pro—

139 1737 440 1793 nuntiatur.
492 1734 574 1791 Ex
613 1750 721 1805 quo
777 1733 935 1790 ﬂetus
997 1732 1189 1805 ingens
1245 1734 1441 1791 animae
1500 1733 1733 1790 dolentis

1843 547 1895 603 ei
1921 546 2030 601 ulla
2055 561 2161 602 vox
2186 546 2300 601 oris
2331 545 2494 616 digna
2539 561 2661 617 quae
2689 547 2860 618 possit
2887 548 3073 605 hostes
3121 550 3427 618 revincere,

1842 655 2047 709 suaque
2092 638 2385 695 defendere
2432 639 2707 711 dogmata.
2760 639 2912 697 lZ-nde
2960 641 3020 696 ﬁt
3081 657 3244 712 quam
3287 659 3431 716 serpe

1841 733 1995 803 quasi
2020 731 2224 802 polluta
2255 737 2475 802 propter
2519 730 2796 787 fmditates
2834 732 3135 789 carnalium
3181 749 3428 805 operum,

1839 823 2361 896 sanguinolentaque
2407 822 2677 879 illecebris
2705 825 2832 881 vita:
2867 825 3135 882 desideria
3156 827 3297 882 inter
3326 829 3426 884 ho-

1839 924 1971 982 stes,
1994 931 2024 969 a
2048 915 2244 985 quibus
2273 917 2419 969 intus
2448 912 2650 969 forisve
2673 915 3039 986 impugnatur.
3080 917 3144 971 Et
3173 917 3296 973 ideo
3326 919 3433 973 Do-

1837 1008 2018 1063 minus
2046 1007 2113 1061 dc
2157 1005 2354 1062 talibus
2386 1020 2401 1059 :
2440 1003 2529 1061 Va:
2556 1006 2947 1077 pra’gnantibus
2979 1017 3028 1061 et
3081 1009 3431 1065 nutrientibus

1836 1098 1893 1151 in
1944 1096 2039 1151 illa
2070 1096 2154 1150 die
2180 1095 2375 1166 (Marc.
2406 1095 2550 1166 χιιι).
2593 1095 2763 1152 Porro
2789 1097 3071 1152 moraliter
3095 1099 3275 1153 anima
3300 1114 3425 1154 cre-

1837 1189 2036 1255 dentis,
2062 1204 2182 1259 qua:
2211 1188 2482 1258 quondam
2511 1197 2632 1244 erat
2661 1189 2938 1259 speculum
2962 1190 3057 1246 Dei
3084 1199 3139 1247 et
3165 1191 3426 1263 supplan-

1838 1281 2004 1337 tatrix
2032 1280 2306 1345 vitiorum,
2336 1296 2460 1336 cum
2485 1296 2585 1351 pro
2626 1281 2785 1337 malis
2816 1282 3027 1338 actibus
3051 1283 3164 1339 suis
3196 1284 3430 1339 traditur

1836 1373 2191 1445 spiritualiter
2221 1373 2497 1444 nequitiis,
2546 1372 2749 1429 frustra
2792 1375 2984 1444 quaerit
3028 1377 3428 1433 consolatorem

1841 1468 2071 1524 interius
2103 1485 2117 1522 :
2155 1474 2209 1524 et
2236 1467 2358 1524 ideo
2382 1483 2543 1539 quam
2570 1468 2836 1540 condigne
2864 1472 3144 1527 mandavit
3167 1473 3430 1531 Dominus

1834 1560 2096 1617 adversus
2118 1556 2305 1627 Iacob,
2328 1561 2601 1630 quondam
2628 1560 3065 1632 supplantantem
3092 1563 3242 1621 vitia.
3268 1558 3425 1623 Nunc

1834 1665 1967 1707 vero
1988 1650 2105 1707 solo
2126 1644 2346 1707 nomine
2380 1650 2643 1708 adversus
2668 1653 2908 1709 animam
2956 1654 3149 1712 eodem
3193 1656 3424 1712 decora-

1835 1748 1948 1797 tam
1999 1740 2265 1799 vocabulo
2299 1759 2314 1796 :
2346 1741 2476 1812 quia
2526 1740 2699 1798 noluit
2746 1744 2974 1801 subesse
3021 1746 3155 1811 Deo,
3198 1744 3426 1816 ejusque

137 1828 492 1893 describitur,
522 1836 585 1883 ut
607 1827 746 1883 sciat
767 1828 913 1897 quod
936 1836 1057 1899 post
1080 1842 1275 1883 vanam
1300 1827 1544 1884 laetitiam
1570 1826 1733 1898 hujus
1761 1822 1810 1883 B
1834 1831 2060 1889 obedire
2085 1832 2380 1899 mandatis,
2404 1841 2466 1889 ut
2509 1833 2563 1890 in
2594 1833 2829 1891 circuitu
2875 1836 3015 1906 ejus,
3043 1838 3284 1908 undique
3327 1839 3428 1893 ho-

138 1922 349 1987 mundi,
386 1919 569 1977 omnis
596 1919 893 1976 consolatio
928 1920 1211 1991 praesentis
1253 1919 1377 1975 vitae
1401 1919 1479 1975 illi
1514 1927 1599 1975 est
1628 1935 1729 1975 au-

137 2014 388 2080 ferenda,
420 2014 630 2070 fructus
657 2012 797 2069 uteri
823 2012 931 2078 sui,
962 2012 1227 2069 malorum
1248 2011 1458 2069 scilicet
1478 2027 1728 2082 operum,

136 2105 514 2176 dissipabitur,
549 2112 607 2159 et
643 2103 791 2160 solus
820 2103 1074 2182 inimicus
1101 2104 1244 2159 inter
1276 2111 1548 2160 tormenta
1578 2104 1728 2160 varia

135 2195 288 2252 illius
322 2195 708 2251 dominabitur.

878 2350 996 2390 PHE.

209 2471 483 2541 Expendit
513 2468 643 2527 Sion
669 2487 856 2526 manus
885 2488 1035 2538 suas,
1081 2487 1187 2526 non
1213 2479 1288 2527 est
1315 2475 1407 2543 qui
1434 2471 1732 2527 consoletur

132 2581 274 2619 eam.
303 2562 579 2617 Handarit
614 2561 871 2617 Dominus
906 2562 1184 2618 adversum
1213 2563 1400 2628 Jacob,
1428 2563 1485 2617 in
1505 2563 1727 2618 circuitu

134 2657 248 2725 ejus
275 2656 455 2710 hostes
488 2654 624 2724 ejus.
660 2653 831 2709 Facta
875 2664 952 2709 est
997 2652 1298 2710 Jerusalem
1347 2655 1500 2726 quasi
1527 2652 1731 2725 polluta

133 2745 426 2800 menstruis
460 2745 597 2800 inter
616 2761 723 2800 eos.
773 2744 928 2813 Quod
969 2752 1151 2801 autem
1198 2745 1508 2802 extendisse
1534 2760 1731 2801 manus

133 2855 264 2895 suas
294 2838 432 2894 Sion
460 2837 756 2908 plangitur,
779 2837 994 2894 dolores
1018 2837 1172 2908 quasi
1202 2836 1557 2908 parturientis
1598 2836 1732 2891 insi-

130 2940 287 2987 nuat.
331 2930 487 2987 Unde
506 2939 562 2986 et
584 2928 712 2984 alibi
740 2946 754 2983 :
780 2928 930 2985 Sicut
954 2929 1202 2999 expandit
1228 2939 1421 2983 natans
1442 2929 1512 2982 ad
1541 2938 1732 2985 natan-

132 3023 262 3077 dum
275 3038 473 3076 manus
484 3037 632 3087 suas,
657 3021 733 3075 sic
757 3029 805 3076 et
828 3019 960 3076 Sion
985 3020 1121 3075 inter
1138 3020 1407 3091 angustias
1425 3019 1727 3092 (Isa.xxv).

131 3112 200 3167 Et
219 3112 395 3167 Isaias
418 3125 435 3165 :
457 3111 734 3182 Angustia,
754 3109 945 3179 inquit,
963 3110 1192 3179 possedit
1217 3125 1300 3164 me
1325 3111 1460 3165 sicut
1486 3111 1733 3181 angustia

1832 1933 1946 1982 stes
1983 1924 2104 1995 ejus
2154 1940 2277 1981 eam
2329 1925 2602 1992 obsident,
2649 1940 2718 1981 ne
2764 1929 2938 1998 possit
2982 1929 3240 2001 effugere.
3272 1931 3431 1987 Unde

1831 2032 1995 2087 quam
2026 2033 2168 2088 saepe
2188 2017 2378 2074 videns
2405 2032 2464 2073 se
2487 2018 2764 2084 vallatam,
2794 2023 3046 2091 expandit
3086 2039 3274 2077 ntanus
3299 2039 3425 2079 suas

1831 2109 1975 2165 inter
2006 2109 2284 2182 angustias
2313 2110 2723 2181 cogitationum,
2770 2125 2871 2167 nec
2907 2121 2990 2167 cst
3013 2127 3117 2167 vox
3154 2113 3285 2176 oris,
3325 2126 3427 2167 nec

1830 2199 1939 2255 ulla
1998 2201 2278 2257 excusatio
2326 2202 2617 2267 sermonis,
2645 2201 2752 2256 nisi
2800 2202 2926 2272 quia
2958 2201 3099 2258 facta
3142 2209 3226 2258 est
3274 2202 3428 2274 quasi

1831 2291 2033 2362 polluta
2059 2293 2339 2348 menstruis
2367 2294 2505 2347 inter
2556 2294 2761 2359 hostes,
2790 2293 2999 2349 scilicet
3024 2294 3268 2350 cruentis
3290 2308 3425 2363 ope-

1833 2381 1987 2436 ribus
2012 2380 2307 2437 maculata.
2347 2380 2556 2449 Quibus
2600 2380 2848 2453 profecto
2890 2382 3187 2439 menstruis
3241 2383 3425 2437 anima

1834 2474 2106 2545 quomodo
2154 2481 2369 2539 careat,
2422 2474 2728 2544 praesertim
2775 2490 2899 2529 cum
2949 2474 3209 2545 propheta
3258 2475 3423 2541 dicat,

1833 2564 1978 2635 quod
2033 2579 2222 2621 omnes
2257 2563 2495 2635 justitias.
2533 2570 2733 2620 nostra:
2782 2562 2863 2620 sic
2914 2563 3026 2619 sint
3071 2578 3254 2619 coram
3291 2564 3424 2630 Dco,

1833 2656 1986 2727 quasi
2012 2671 2219 2726 pannus
2244 2663 2582 2710 menstruam
2612 2652 2751 2722 (Isa.
2774 2664 2945 2727 LXIV).
2979 2653 3238 2725 Sequitur
3265 2668 3281 2708 :

2537 2811 2689 2853 SADE.

1906 2932 2094 2988 Justus
2114 2927 2486 3001 estjDominus,
2508 2927 2631 3000 quia
2652 2945 2710 2983 os
2730 2927 2843 2997 ejus
2866 2927 2934 2981 ad
2949 2924 3283 2981 iracundiam
3304 2941 3431 2996 pro-

1835 3023 2035 3077 uocaui.
2072 3020 2284 3087 Audite,
2309 3019 2545 3084 obsecro,
2573 3018 2802 3073 universi
2832 3016 3036 3089 populi,
3057 3025 3107 3070 et
3134 3016 3299 3072 uidete
3327 3016 3427 3071 do-

1836 3111 2002 3166 lorem
2035 3126 2207 3166 meum
2228 3122 2248 3161 :
2269 3108 2489 3180 virgines
2511 3124 2641 3163 mete
2668 3116 2715 3162 et
2728 3107 2945 3178 juvenes
2976 3108 3078 3162 mei
3108 3108 3349 3162 abierunt
3374 3109 3429 3163 in

131 3202 481 3275 parturientis
512 3200 646 3273 (ιω.
678 3201 815 3273 xxi).
844 3200 976 3269 Quae
997 3201 1254 3256 nimirum
1277 3201 1529 3272 angustia
1548 3201 1730 3258 cordis
1755 3200 1802 3262 C
1835 3202 2203 3273 captivitatem.
2243 3200 2302 3255 In
2343 3199 2611 3272 principio
2642 3214 2834 3254 versus
2863 3197 3007 3255 Sade
3046 3198 3224 3254 littera
3259 3213 3426 3268 expo-

129 3305 239 3362 δι,
267 3304 330 3352 et
357 3296 413 3351 in
444 3295 698 3351 manibus
738 3294 1061 3351 exclamatio
1087 3294 1218 3350 oris.
1252 3294 1485 3366 Ideoque
1524 3294 1638 3351 Pbe
1674 3296 1729 3351 in

129 3388 410 3460 principio
442 3401 633 3443 versus
659 3386 918 3441 scribitur
939 3427 955 3451 ,
985 3384 1099 3442 Pbe
1140 3400 1379 3457 namque
1417 3387 1524 3441 oris
1557 3386 1730 3442 inter-

126 3488 407 3552 pretatur.
438 3478 576 3547 Quia
602 3478 856 3533 nimirum
884 3478 1011 3532 dum
1060 3475 1191 3532 Sion
1227 3475 1487 3546 expandit
1536 3493 1730 3532 manus

126 3587 265 3629 suas
311 3572 457 3628 inter
494 3570 806 3642 augustius,
856 3570 1065 3640 signum
1104 3578 1190 3624 est
1227 3567 1364 3635 oris,
1402 3582 1512 3623 non
1541 3568 1731 3623 valens

126 3676 277 3720 voce
305 3677 439 3718 suos
464 3660 823 3737 pronuntiare
846 3659 1101 3726 gemitus,
1128 3658 1255 3728 quia
1278 3658 1397 3713 sine
1415 3657 1731 3715 consolante

124 3752 314 3809 multo
340 3750 528 3808 dolore
549 3748 834 3821 premitur.
865 3744 1159 3818 Pmpterea
1176 3753 1233 3801 et
1258 3744 1521 3816 propheta
1546 3744 1685 3800 alius
1711 3761 1725 3797 :

124 3842 391 3899 Recedite
413 3858 447 3895 a
468 3856 568 3904 me,
592 3838 786 3910 inquit,
809 3854 990 3894 amare
1017 3837 1173 3907 ﬂebo.
1205 3834 1386 3891 Nolite
1412 3835 1728 3901 incumbere,

125 3944 191 3988 ut
224 3930 571 3988 consolemini
596 3945 679 3985 me
708 3945 865 3999 super
886 3928 1131 3982 vastitate
1157 3926 1237 3982 uel
1264 3927 1576 3982 contritione
1602 3926 1732 3994 ﬁlia:

122 4022 323 4095 populi
360 4022 463 4077 mei
489 4019 627 4093 (Isa.
656 4019 791 4092 xxI).
821 4017 974 4087 Quod
996 4016 1149 4083 dicit,
1176 4017 1303 4087 quia
1331 4015 1598 4070 mandavit
1628 4015 1734 4069 Do-

122 4118 318 4170 minus
350 4114 626 4185 aduersunt
656 4109 859 4176 Jacob,
887 4109 1126 4165 ostendit
1151 4108 1293 4178 quod
1326 4108 1441 4176 ipse
1472 4106 1733 4162 Dominus

123 4203 437 4260 adduxerit
461 4216 626 4272 super
665 4215 783 4255 eam
813 4239 830 4265 ,
880 4213 987 4254 non
1031 4198 1211 4253 minus
1240 4205 1427 4268 postea
1459 4195 1733 4251 Romanos

120 4310 309 4366 quam
354 4301 410 4349 et
463 4292 617 4363 prius
667 4289 966 4346 Chaldaeos.
1023 4288 1102 4343 Ex
1148 4303 1258 4358 quo
1298 4295 1448 4357 patet
1499 4302 1733 4353 sensus,

120 4389 288 4460 quod
354 4399 635 4455 nunquam
682 4397 791 4439 non
841 4383 962 4438 dico
1012 4381 1274 4436 adversus
1320 4395 1441 4435 eam
1473 4420 1488 4444 ,
1544 4395 1733 4436 verum

121 4492 324 4548 neque
369 4483 584 4547 gentem
638 4473 786 4528 illam
854 4472 1116 4527 adversus
1167 4469 1329 4524 aliam
1380 4484 1733 4541 consurgere,

1833 3295 2004 3361 nitur,
2040 3309 2161 3364 quas
2198 3292 2428 3364 justitite
2466 3291 2858 3361 interpretatur
2888 3308 2903 3345 :
2933 3299 2990 3346 et
3016 3291 3160 3356 ideo,
3193 3291 3318 3360 quia
3339 3292 3430 3361 ju-

1835 3387 1984 3442 stitia
2020 3385 2235 3441 Domini
2260 3392 2423 3445 rectae
2448 3383 2762 3440 creduntur.
2796 3382 2942 3439 Bene
2964 3384 3108 3454 quod
3130 3381 3315 3453 justus
3340 3392 3431 3439 est

1834 3478 2095 3535 Dominus
2123 3477 2449 3548 prtedicatur
2473 3493 2486 3531 :
2512 3475 2659 3545 quia,
2686 3475 2881 3545 inquit,
2906 3492 2962 3530 os
2983 3475 3099 3545 ejus
3116 3476 3186 3530 ad
3207 3477 3425 3530 iractm-

1834 3569 1977 3622 diam
2021 3566 2317 3639 provocavi.
2350 3564 2473 3621 Oris
2516 3565 2733 3635 quidem
2757 3564 3021 3636 judicium
3052 3563 3218 3635 priori
3266 3578 3429 3619 versu

1835 3676 1903 3717 ex
1930 3659 2045 3715 Phe
2072 3658 2251 3714 littera
2269 3656 2416 3728 juste
2444 3656 2663 3727 pertuli,
2692 3665 2745 3711 et
2789 3656 2912 3712 ideo
2938 3655 3083 3712 Sade
3108 3654 3320 3712 scilicet
3338 3655 3429 3726 ju-

1835 3750 2037 3808 stitiam
2061 3749 2179 3822 ejus
2205 3767 2218 3804 :
2242 3749 2370 3819 quia
2395 3748 2577 3819 justus
2612 3757 2698 3804 est
2725 3747 3009 3813 Dominus,
3041 3748 3286 3806 conﬁteri
3316 3762 3426 3804 non

1837 3843 2042 3908 distuli,
2094 3841 2222 3912 quia
2286 3856 2346 3896 os
2395 3840 2511 3911 ejus
2552 3841 2621 3895 ad
2671 3841 3007 3895 iracundiam
3062 3840 3427 3909 extrinsecus,

1843 3936 2057 4007 1350
2108 3948 2229 4005 quae
2293 3932 2631 4004 spiritualem
2679 3932 2915 4003 perdidit
2975 3932 3427 4000 consolationem,

1835 4028 2130 4099 prouocaui.
2170 4026 2345 4095 Supra
2374 4026 2538 4081 etiam
2566 4040 2684 4090 eos,
2718 4025 2812 4095 qui
2839 4033 3126 4082 transeunt
3154 4041 3255 4096 per
3282 4026 3429 4082 viam

1837 4118 2069 4184 scilicet,
2097 4117 2253 4189 quasi
2300 4115 2615 4187 pauciores;
2647 4131 2793 4171 nunc
2820 4132 2952 4172 vero
2975 4118 3045 4185 ad
3081 4117 3431 4173 consideran-

1836 4207 1967 4262 dum
1990 4206 2290 4262 Jerusalem
2320 4205 2403 4263 vel
2444 4205 2705 4276 propheta
2734 4205 2973 4263 dolorem
3003 4223 3182 4273 suum,
3211 4206 3428 4264 indide-

1839 4306 2023 4354 renter
2050 4313 2174 4352 cum
2203 4296 2581 4352 obsecratione
2606 4296 2892 4354 universos
2920 4297 3134 4366 invitat,
3157 4305 3428 4368 quatenus

1840 4404 1975 4459 quos
2001 4404 2107 4443 una
2155 4387 2405 4444 condicto
2433 4387 2564 4457 ligat
2610 4395 2840 4452 naturae,
2873 4403 2980 4442 una
3024 4388 3121 4443 ﬁat
3156 4386 3432 4443 vastitatis

1840 4480 1958 4549 ejus
1979 4479 2302 4549 compassio.
2335 4478 2469 4533 Nam
2496 4494 2659 4550 supra
2686 4479 2927 4551 virgines
2949 4479 3225 4549 squalidas
3259 4479 3432 4549 luget,

118 4573 252 4630 nisi
298 4570 648 4643 praecipiente
704 4568 815 4624 Deo
853 4569 1004 4638 justo
1057 4580 1292 4635 veroque
1348 4580 1447 4621 suo
1503 4564 1729 4635 judicio.

1839 4582 1892 4630 et
1928 4573 2181 4644 parvulos
2209 4572 2400 4627 ductos
2436 4585 2557 4626 esse
2584 4571 2866 4640 captivos:
2899 4587 3044 4627 nunc
3087 4586 3218 4626 vero
3268 4570 3435 4627 robu-

115 4665 203 4721 Εἰ
256 4665 401 4734 facta
435 4671 511 4717 est
544 4658 843 4716 Jerusalem
866 4698 882 4724 ,
919 4659 1071 4730 quasi
1108 4657 1309 4728 polluta
1339 4657 1620 4712 menstruis
1656 4658 1739 4710 in-

116 4769 217 4812 ter
241 4771 354 4809 eos.
372 4753 512 4821 Quia
535 4751 678 4808 sicut
698 4749 1052 4807 exsecrabilis
1073 4757 1157 4803 est
1185 4747 1383 4802 mulier
1403 4760 1468 4802 eo
1497 4753 1738 4817 tempore

113 4863 258 4920 quo
300 4854 579 4902 menstrua
616 4843 856 4914 patitur,
895 4842 974 4897 ita
1002 4849 1059 4896 ct
1084 4839 1160 4895 illi
1186 4838 1550 4896 exsecrabiles
1582 4845 1740 4891 erant

118 4936 372 5017 1349
404 4936 598 5001 Judaei,
626 4943 681 4990 et
707 4943 835 4990 sunt
862 4947 1035 5003 usque
1061 4931 1222 4988 hodie
1252 4938 1361 4984 tam
1390 4928 1551 4984 nobis
1572 4942 1739 4997 quam

112 5030 187 5085 εἰ
219 5025 480 5083 hostibus
504 5025 639 5081 suis.
667 5022 936 5079 Caeterum
957 5029 1145 5077 nostra
1177 5018 1494 5081 Jerusalem,
1523 5017 1738 5087 quoties

112 5118 532 5178 hereticorum
556 5114 791 5171 vallatur
813 5114 1082 5179 exercitu,
1110 5110 1427 5167 noverimus
1458 5108 1589 5180 quia
1633 5107 1737 5163 Bo-

110 5213 332 5269 minus
353 5210 637 5265 adversum
681 5205 853 5262 Jacob
891 5203 1193 5269 mandavit,
1221 5201 1433 5259 scilicet
1476 5200 1739 5256 adversus

111 5298 472 5364 Ecclesiam,
493 5313 618 5369 qua:
650 5296 839 5354 debuit
882 5295 1017 5351 vitia
1065 5291 1420 5367 supplantare
1447 5297 1503 5345 et
1532 5288 1738 5346 doctri-

110 5405 275 5452 nam
305 5388 552 5462 perversi
578 5387 871 5460 dogmatis,
898 5394 959 5440 ut
991 5383 1431 5440 circumdaretur
1457 5378 1740 5435 obsidione

111 5482 537 5544 hereticorum
581 5496 596 5534 :
641 5480 771 5552 quia
812 5477 1213 5535 consolatorem
1253 5477 1440 5533 amisit
1477 5475 1739 5547 Spiritum

110 5581 427 5640 sanctum,
450 5581 508 5630 et
531 5573 806 5629 doctorem
828 5573 947 5627 sine
974 5586 1081 5642 quo
1111 5570 1289 5625 nullus
1315 5568 1383 5624 ad
1408 5584 1589 5624 veram
1618 5584 1742 5623 eru-

112 5670 306 5727 ditur
333 5665 516 5731 ﬁdem,
546 5665 725 5720 nullus
771 5664 1042 5719 relevatnr
1070 5678 1103 5716 a
1142 5662 1311 5727 vitiis,
1342 5660 1520 5717 nullus
1546 5662 1746 5732 poterit

108 5758 432 5822 consolari
458 5759 597 5814 inter
619 5758 823 5814 hostes.
865 5758 933 5812 Et
962 5757 1086 5812 illeo
1107 5754 1368 5825 expandit
1396 5771 1590 5812 manus
1618 5770 1743 5813 suas

1838 4668 2036 4723 stiores
2055 4679 2300 4735 quosque
2313 4662 2542 4731 juvenes
2565 4672 2620 4719 et
2641 4663 2882 4734 virgines
2903 4665 3208 4733 captivatas
3228 4662 3431 4733 plorat.

1837 4757 2046 4813 Idcirco
2093 4763 2356 4826 quantum
2404 4756 2644 4811 accrevit
2688 4755 2912 4823 malum,
2964 4764 3173 4811 tantum
3201 4763 3256 4810 et
3284 4753 3435 4809 dolo-

1839 4863 1960 4903 rum
1990 4847 2228 4916 gemitus
2271 4844 2721 4916 multiplicantur.
2755 4846 2909 4902 Unde
2944 4861 3051 4901 non
3104 4843 3434 4915 quibuslibet

1838 4936 1994 5001 dicit,
2020 4935 2109 4990 via
2146 4934 2296 5006 regia
2339 4934 2731 5007 gradientibus,
2764 4951 2952 4992 verum
3003 4948 3194 4991 omnes
3244 4934 3313 4990 ad
3354 4932 3436 4989 la-

1844 5033 2088 5083 mentum
2118 5024 2331 5080 invitat.
2363 5023 2575 5089 Audite,
2599 5023 2796 5094 inquit,
2825 5024 3060 5089 obsecro,
3084 5022 3311 5077 universi
3336 5037 3433 5093 po—

1844 5116 1977 5188 puli,
2004 5126 2053 5171 et
2083 5116 2251 5171 videte
2296 5114 2529 5170 dolorem
2559 5132 2754 5181 meum,
2786 5117 3042 5187 quoniam
3085 5128 3194 5170 non
3222 5114 3432 5185 absque

1846 5221 2045 5278 magno
2095 5206 2294 5262 intuitu
2340 5214 2397 5261 et
2446 5205 2882 5262 consideratione
2940 5204 3181 5263 discerni
3230 5211 3433 5275 potest.

1846 5297 2073 5370 Mystice
2097 5304 2278 5351 autem
2306 5294 2548 5352 Ecclesia
2576 5309 2741 5366 supra
2767 5310 2933 5365 quam
2971 5303 3120 5352 recte
3150 5295 3266 5351 oris
3286 5294 3436 5367 judi-

1844 5388 1990 5446 cium
2029 5386 2273 5459 pertulit,
2306 5387 2433 5457 quia
2468 5402 2525 5440 os
2556 5385 2795 5451 Domini,
2824 5386 2877 5441 in
2904 5385 3203 5456 Scripturis
3241 5386 3438 5453 sacris,

1847 5481 1917 5538 ad
1942 5478 2280 5536 iracundiam
2311 5479 2645 5548 provocavit.
2674 5476 2792 5544 Quo
2815 5478 3073 5533 nimirum
3093 5478 3298 5549 judicio
3322 5492 3442 5532 cor.

1848 5581 2018 5637 recta,
2051 5570 2240 5627 didicit
2283 5569 2513 5625 Domino
2551 5567 2799 5624 conﬁteri
2832 5583 2847 5624 :
2884 5569 3072 5624 Justus
3112 5578 3210 5636 est,
3238 5568 3437 5638 inquit,

1848 5662 2130 5727 Dominus,
2156 5660 2281 5734 quia
2310 5678 2367 5715 os
2396 5660 2511 5731 ejus
2538 5659 2607 5714 ad
2638 5660 2973 5716 iracundiam
3000 5662 3438 5732 provocavimus.

1848 5754 2173 5815 Perducitur
2196 5770 2430 5825 namque
2454 5753 2672 5826 querela
2695 5756 2828 5810 tanti
2846 5756 3175 5814 discriminis
3192 5756 3260 5811 ad
3288 5756 3443 5829 agni—
