4048 6352
597 349 735 407 1095
1415 342 1470 398 S.
1514 337 1871 397 PASCHASII
1912 338 2258 396 BADBERTI
2295 339 2587 397 ABBATIS
2623 339 3074 397 CORBEIENSIS
3747 338 3866 397 i096

595 465 798 520 tionem
841 457 1124 516 sententizc
1149 454 1279 527 justi
1308 454 1528 526 judicis,
1561 463 1622 508 ut
1649 454 1934 509 addiscunt
1978 452 2184 518 cuncti,
2213 457 2262 516 Α
2291 452 2346 507 in
2376 451 2752 508 confusionem
2785 453 2867 508 ire
2897 453 3112 508 miserm
3147 451 3505 523 captivitatis,
3551 467 3698 521 spem
3741 456 3865 509 uteri

595 557 642 612 si
687 553 817 610 nihil
858 553 929 607 sit
978 552 1096 606 sine
1140 563 1303 604 causa
1347 563 1510 618 super
1541 556 1763 609 terram,
1813 546 1958 615 quod
1985 559 2187 615 sponsa
2290 543 2373 597 sui
2401 544 2468 598 ab
2490 543 2736 598 hostibus
2755 543 2968 597 violari.
2994 541 3866 612 Profecto,quiaquandoquisque

597 645 803 702 Christi
840 643 1082 713 pretioso
1126 640 1402 709 redempta
1446 637 1731 708 sanguine,
1765 651 1870 690 non
1922 636 2040 691 sine
2092 635 2189 690 Dei
2291 632 2491 687 viderit
2516 632 2758 688 sobolem
2785 633 3033 702 deperire
3063 648 3235 696 suam,
3265 641 3449 687 certus
3494 641 3579 687 est
3625 647 3768 702 spem
3791 632 3864 687 iu-

598 733 940 809 providentia
974 732 1140 786 tantis
1170 729 1414 783 tunditur
1453 727 1809 782 tentationum
1835 725 2105 791 ﬂuctibus,
2135 734 2192 782 et
2291 732 2428 779 tura:
2449 725 2821 796 generationis
2843 741 2958 779 sua:
2988 724 3255 778 amisisse.

599 829 955 897 impugnatur
983 823 1050 876 ab
1077 821 1322 876 hostibus
1355 818 1478 889 (Job
1525 821 1600 888 v).
1635 817 1847 872 Etenim
1879 818 2192 882 conﬁtetur,

600 920 730 991 quia
761 934 824 974 os
856 915 1070 972 Domini
1101 914 1168 968 ad
1190 913 1523 968 iracundiam
1546 911 1881 982 provocavit,
1909 925 2014 966 non
2046 910 2194 980 quod

601 989 850 1069 membra
898 1009 1135 1066 hominis
1178 1007 1349 1061 Deum
1405 1005 1598 1060 doceat
1645 1006 1866 1071 habere,
1909 1005 2004 1060 sed
2055 1005 2197 1059 sicut
2375 995 2568 1050 νοεαυί
2596 994 2792 1049 ιυηὶθο⁸
2826 1011 2989 1060 ’πεοδι
3015 1004 3062 1047 ει
3097 993 3197 1063 ipsi
3223 992 3534 1062 ἀεσερενυηε
3558 1007 3662 1046 ’πει
3695 989 3873 1049 δαίετο

601 1103 828 1162 aﬁ'ectus
859 1101 1080 1158 humani
1113 1100 1318 1169 tropice
1351 1098 1699 1153 ascribuntur
1740 1098 1813 1162 ei,
1844 1098 1918 1152 ita
1946 1106 2002 1152 et
2027 1113 2196 1152 mem-
2294 1090 2438 1144 dotes
2478 1090 2600 1152 mei,
2641 1098 2690 1143 et
2727 1104 2874 1143 senes
2914 1087 3035 1152 mei,
3093 1088 3149 1140 in
3190 1087 3316 1140 urbe
3372 1087 3669 1155 consumpti
3719 1096 3874 1143 sunt:

600 1197 735 1263 bra;
781 1195 908 1265 quia
958 1192 1087 1247 illud
1141 1190 1672 1260 incircumscriptum
1731 1190 1938 1255 lumen,
1994 1198 2049 1243 et
2093 1189 2195 1243 im-
2295 1183 2417 1253 quia
2447 1181 2766 1253 quaesierunt
2810 1180 2980 1233 cibum
3013 1180 3144 1244 sibi,
3179 1190 3237 1232 ut
3270 1179 3624 1248 refocillareut
3657 1180 3878 1234 animum

605 1301 792 1342 mensa
823 1284 919 1340 Dei
949 1280 1228 1350 majestas,
1268 1280 1598 1336 lineamenta
1641 1281 1886 1350 corporis
1915 1296 2022 1336 non
2047 1279 2199 1334 novit
2295 1288 2468 1326 suam.
2487 1271 2728 1325 Primum
2747 1286 2878 1341 ergo
2900 1269 3051 1339 Coph
3070 1271 3422 1339 quaerendum
3451 1270 3598 1339 quod
3630 1270 3880 1340 interpre-

606 1379 828 1441 hahere,
854 1375 946 1431 sed
971 1391 1068 1446 per
1087 1389 1150 1429 os
1171 1372 1394 1428 verbum
1423 1373 1488 1427 de
1509 1387 1604 1427 ore
1629 1371 1810 1426 Patris
1834 1372 2196 1443 pr0genitum,
2299 1375 2461 1421 telur.
2493 1363 2642 1434 Coph
2675 1365 2893 1434 quidem
2916 1363 3121 1418 vacatio
3165 1363 3384 1418 dicitur.
3420 1363 3577 1418 Unde
3609 1363 3878 1429 continuo,

606 1483 666 1524 se
696 1469 763 1523 ad
813 1467 1149 1522 iracundiam
1195 1478 1522 1533 provocasse
1568 1462 1878 1518 conﬁtetur.
1923 1463 2004 1518 Ac
2041 1459 2087 1518 si
2121 1462 2201 1516 di-
2299 1457 2451 1528 quasi
2486 1456 2733 1510 alludens
2773 1456 2839 1509 ad
2884 1455 3120 1509 litteram
3158 1472 3172 1507 :
3213 1452 3427 1519 Vocati,
3461 1453 3661 1522 inquit,
3703 1455 3882 1508 amicos

609 1568 766 1615 catur
796 1573 810 1612 :
845 1557 976 1612 Meis
999 1557 1184 1628 pravis
1216 1556 1448 1621 actibus,
1493 1553 1700 1624 justum
1731 1555 2021 1626 provocavi
2056 1555 2202 1624 judi-
2299 1567 2460 1615 meos,
2494 1558 2543 1604 et
2570 1548 2668 1618 ipsi
2696 1548 3007 1618 deceperunt
3036 1563 3136 1600 me.
3163 1545 3451 1617 Aigyptios
3491 1545 3688 1600 volens
3732 1545 3882 1615 signi-

2957 881 2968 890 ε
3011 863 3167 912 corn.

609 1665 749 1713 cem,
784 1658 948 1719 atque
983 1646 1215 1718 compuli
1245 1656 1442 1702 natura
1473 1647 1818 1712 clementem,
1851 1649 2044 1702 duram
2064 1663 2199 1702 con-

609 1749 695 1794 tra
759 1755 846 1794 me
884 1738 1026 1793 ferre
1086 1739 1434 1794 sententiam.
1473 1738 1681 1793 Idcirco
1731 1739 1935 1804 audite,
1965 1742 2197 1803 obsecro,

2302 1643 2490 1708 ﬁcare,
2514 1656 2746 1711 quorum
2775 1655 2992 1708 semper
3018 1639 3100 1693 usi
3130 1649 3259 1693 sunt
3287 1636 3458 1692 Judaei
3484 1637 3767 1692 amicitiis.
3793 1636 3884 1691 Sed

2303 1737 2356 1791 in
2384 1745 2624 1805 tempore
2646 1735 2835 1803 prima:
2851 1732 3202 1802 captivitatis,
3220 1739 3314 1786 aut
3335 1731 3537 1786 ultima:
3561 1731 3664 1786 sub
3691 1729 3883 1801 1352

609 1829 840 1884 universi
870 1829 1072 1899 pepuli,
1119 1839 1166 1883 et
1197 1828 1362 1883 videte
1391 1828 1626 1884 dolorem
1667 1845 1860 1884 meum.
1899 1830 2102 1886 Omnes
2137 1829 2204 1884 ad
2232 1822 2279 1881 B
2309 1829 2586 1893 Romanis,
2612 1828 2710 1897 ipsi
2742 1827 3071 1895 deceperunt
3099 1825 3240 1889 illos,
3260 1825 3474 1892 quando
3496 1833 3760 1877 vocantes
3783 1838 3880 1886 eos,

612 1921 903 1976 videntium
949 1919 1188 1975 dolorem
1228 1935 1382 1975 suum
1416 1919 1631 1982 invitat,
1662 1921 1790 1989 quia
1837 1921 2201 1976 calamitatem

613 2029 768 2070 suam
821 2012 1171 2082 multiplicem
1225 2021 1281 2067 et
1333 2011 1763 2066 inaestimabilem
1804 2023 2112 2083 perpensat,
2148 2020 2207 2067 ut

615 2105 844 2159 aliorum
901 2103 1314 2173 compassione,
1357 2103 1684 2157 anxietatem
1732 2117 1887 2158 suam
1945 2105 2206 2173 quodam-

618 2195 780 2248 modo
807 2192 1018 2247 allevet.
1052 2193 1128 2249 De
1159 2207 1265 2260 quo
1297 2205 1428 2246 sane
1463 2207 1623 2247 sensu
1653 2190 1767 2259 jam
1813 2207 1976 2262 supra
2005 2193 2207 2247 dixisse

614 2284 883 2350 sufﬁciat,
926 2284 1030 2340 nisi
1077 2283 1220 2354 quod
1263 2283 1490 2352 juvenes
1534 2299 1598 2337 ac
1641 2283 2123 2353 virgincscabiisse
2153 2283 2207 2338 iu

615 2375 986 2446 captivitatem
1015 2375 1118 2429 hoc
1146 2373 1375 2442 amplius
1407 2372 1671 2442 deplorat.
1705 2373 1949 2442 Denique
1975 2372 2208 2442 juvenes

618 2483 758 2537 quos
788 2466 853 2522 de
889 2465 1038 2520 fonte
1070 2464 1411 2536 baptismatis
1446 2464 1686 2519 Ecclesia
1725 2463 1918 2528 edidit,
1949 2473 2004 2519 et
2033 2464 2206 2535 virgi-

615 2571 714 2611 nes
734 2569 876 2626 quas
902 2554 1198 2610 immortali
1229 2565 1430 2626 sponso
1457 2551 1677 2608 Christo
1705 2552 1809 2608 ﬁde
1845 2551 2207 2617 consecravit,

616 2647 832 2716 quoties
870 2655 965 2700 aut
1010 2635 1393 2701 haereticorum
1447 2643 1716 2713 pravitate
1761 2651 2205 2714 corrumpuntur,

615 2752 681 2792 ac
707 2737 961 2791 vitiorum
1001 2736 1186 2792 usibus
1226 2743 1678 2805 constuprantur:
1704 2734 1912 2806 1351
1940 2751 2045 2790 non
2065 2735 2205 2802 loco,

615 2829 710 2883 sed
739 2837 917 2883 mente
953 2827 1008 2881 in
1038 2825 1384 2898 Babylonem,
1415 2825 1470 2880 id
1490 2834 1573 2880 est
1601 2826 1656 2879 in
1682 2825 2056 2881 confusionem
2084 2840 2209 2897 pec-

621 2918 729 2974 cati
773 2920 1121 2988 captivantur
1163 2935 1178 2971 :
1221 2917 1476 2988 quoniam
1515 2917 1606 2985 qui
1648 2917 1906 2971 meretrici
1937 2917 2212 2988 conjungi-

619 3021 730 3074 tur,
772 3026 938 3064 unum
973 3025 1160 3078 corpus
1191 3009 1411 3078 eﬂicitur
1460 3007 1511 3079 (ι
1566 3006 1690 3061 Cor.
1723 3008 1820 3080 vi).
1851 3009 1917 3062 Et
1963 3009 2089 3064 inde
2125 3017 2212 3063 est

621 3102 764 3170 quod
799 3110 982 3156 tantus
1009 3099 1187 3154 luctus
1214 3107 1270 3154 et
1297 3098 1450 3153 dolor
1471 3096 1777 3163 adhibetur,
1808 3106 1867 3152 ut
1888 3099 1974 3153 vix
2000 3100 2068 3154 ab
2090 3099 2212 3153 uni-

2307 1921 2360 1975 in
2389 1920 2585 1989 quibus
2606 1928 2740 1973 teste
2763 1919 2899 1971 Isaia
2927 1919 3062 1987 (cap.
3091 1917 3239 1984 xxx),
3268 1916 3504 1969 maxime
3527 1915 3879 1977 conﬁdebant,

2308 2009 2510 2064 nullum
2561 2008 2909 2078 praebuerunt
2935 2006 3214 2060 auxilium.
3263 2004 3377 2059 Hoc
3424 2014 3479 2058 et
3526 2004 3795 2059 Ralvsacen
3827 2006 3875 2058 in

2307 2099 2496 2154 eodem
2519 2098 2793 2167 propheta:
2824 2096 2963 2151 libro
2997 2096 3265 2151 clamasse
3307 2095 3565 2166 legimus,
3592 2097 3737 2166 quod
3763 2097 3881 2150 tnui-

2309 2201 2417 2246 tam
2449 2192 2501 2245 in
2525 2191 2605 2245 eis
2627 2190 2880 2244 ﬁduciam
2914 2189 3202 2244 habuerint
3231 2188 3366 2257 (lsa.
3393 2191 3608 2260 xxxvi).
3640 2189 3749 2244 Sed
3771 2205 3881 2259 quo-

2308 2280 2468 2336 modo
2523 2294 2619 2334 eos
2665 2279 2978 2348 deceperint
3040 2279 3236 2344 vocati,
3273 2279 3438 2333 Isaias
3485 2279 3670 2348 prodit
3711 2298 3724 2331 :
3768 2279 3880 2343 Quia

2307 2372 2429 2435 erit,
2463 2368 2659 2440 inquit,
2704 2380 2845 2422 terra
2875 2367 3035 2422 Iuda:
3081 2367 3315 2439 ﬁgypto
3358 2369 3410 2422 in
3463 2369 3550 2422 die
3599 2371 3882 2423 vastationis

2309 2479 2511 2527 eorum,
2542 2464 2597 2516 in
2628 2461 2910 2532 formidine
2944 2471 2990 2516 et
3033 2478 3224 2532 pavore
3255 2474 3273 2512 :
3313 2462 3482 2515 omnis
3503 2464 3598 2532 qui
3621 2462 3768 2516 illius
3793 2463 3887 2531 fue-

2312 2554 2380 2607 rit
2407 2553 2733 2619 recordatus,
2760 2552 2961 2622 pavebit
2988 2569 3021 2605 a
3052 2546 3187 2620 facie
3208 2552 3416 2606 consilii
3449 2551 3669 2604 Domini
3710 2553 3887 2606 exerci-

2311 2653 2481 2712 tuum,
2509 2645 2649 2716 quod
2684 2645 2792 2714 ipse
2837 2644 3081 2714 cogitavit
3115 2659 3274 2713 super
3314 2659 3430 2696 eam
3457 2640 3596 2713 (lsa.
3655 2645 3791 2711 xu).
3821 2641 3885 2696 Ex

2311 2753 2418 2810 quo
2440 2739 2565 2810 jure
2593 2739 2806 2809 decepti
2855 2739 3127 2804 dicuntur,
3161 2737 3288 2806 quia
3336 2737 3510 2805 magis
3545 2741 3890 2804 speraveruut

2311 2829 2367 2883 in
2391 2829 2470 2883 eis
2494 2827 2738 2884 derelicti
2767 2827 2862 2882 Dei
2889 2827 3088 2881 auxilio
3114 2844 3127 2880 :
3160 2841 3229 2881 ex
3253 2825 3452 2896 quibus
3475 2839 3587 2878 non
3614 2825 3739 2879 dico
3761 2822 3887 2894 quod

2310 2921 2392 2976 eis
2441 2920 2701 2976 auxilium
2749 2920 2974 2985 fuerint,
3018 2934 3204 2975 verum
3251 2919 3450 2974 exinde
3481 2919 3662 2989 magis
3703 2918 3889 2973 ollenso

2311 3013 2634 3079 Deo,etiam
2675 3012 2756 3068 eis
2797 3011 3029 3068 formido
3069 3020 3231 3082 atque
3279 3027 3452 3082 pavor
3496 3029 3600 3084 pro
3650 3014 3890 3068 recorda-

2313 3105 2460 3159 tione
2495 3119 2682 3158 eorum
2711 3104 3031 3159 accreverit.
3062 3103 3215 3172 Quod
3261 3104 3443 3158 au'tem
3494 3106 3808 3160 sacerdotes
3843 3112 3892 3157 et

621 3191 796 3246 versis
824 3190 990 3244 etiam
1019 3188 1192 3243 videri
1225 3186 1310 3242 vel
1354 3185 1581 3256 intelligi
1620 3187 1894 3242 credatur.
1943 3187 2210 3243 Czeterum
2238 3191 2283 3253 C
2315 3210 2473 3252 senes
2505 3195 2561 3250 in
2589 3195 2722 3250 urbe
2756 3197 3063 3266 consumpti
3111 3197 3461 3267 planguntur,
3501 3198 3639 3252 nulli
3688 3198 3889 3253 dubium

622 3284 804 3338 anima
835 3298 955 3352 qua:
977 3280 1202 3351 jamjam
1257 3296 1322 3336 ex
1357 3279 1471 3334 oris
1507 3277 1716 3348 judicio
1745 3279 2022 3350 suppliciis
2047 3279 2214 3335 casti-

622 3386 799 3448 gatur,
826 3373 948 3443 jure
974 3373 1280 3438 conﬁtetur,
1307 3370 1646 3443 quodjustus
1671 3381 1755 3428 est
1776 3373 2036 3430 Dominus
2063 3374 2117 3428 in
2144 3373 2212 3427 iis

623 3483 743 3538 qua:
773 3469 976 3539 patitur
1010 3485 1023 3520 :
1055 3467 1181 3538 quia
1221 3466 1372 3537 prius
1403 3467 1585 3536 pravis
1607 3466 1784 3522 illecta
1827 3467 2128 3532 desideriis,
2151 3481 2214 3522 os

622 3560 836 3615 Domini
885 3559 966 3630 (ut
999 3560 1216 3629 dignam
1265 3573 1364 3628 pro
1413 3575 1572 3629 paena
1624 3560 1834 3630 peccati
1882 3561 2210 3615 sententiam

621 3663 811 3710 contra
829 3669 948 3708 eam
964 3652 1254 3724 proferret)
1282 3654 1348 3708 ad
1373 3653 1706 3708 iracundiam
1731 3655 2064 3724 provocavit.
2093 3653 2211 3709 Non

623 3747 770 3800 enim
817 3746 978 3800 aliter
1011 3754 1208 3815 potest,
1256 3747 1379 3815 quia
1402 3746 1584 3815 justus
1622 3758 1697 3800 est
1750 3747 1803 3800 in
1851 3746 2089 3800 omnibus
2116 3748 2211 3802 viis

622 3837 755 3901 suis,
816 3835 1259 3906 atquezoperibus
1304 3837 1415 3890 suis
1444 3833 1617 3907 (Psal.
1669 3834 1869 3906 cxuv).
1920 3835 2036 3903 Qua
2082 3851 2213 3908 ergo

624 3927 893 3983 sententia
919 3927 1254 3983 confusionis
1286 3943 1398 3983 sua:
1427 3929 1605 3982 anima
1639 3929 1928 3999 opprobrio
1971 3928 2211 4000 perfusa,

622 4034 734 4074 non
790 4020 953 4074 audet
1004 4020 1188 4075 oculos
1226 4029 1352 4075 ante
1395 4020 1602 4089 justum
1657 4019 1918 4089 judicem,
1955 4035 2116 4091 quem
2145 4021 2213 4076 ad

625 4110 960 4164 iracundiam
1013 4109 1347 4180 provocavit,
1379 4110 1612 4179 erigere,
1663 4110 1758 4165 sed
1805 4110 1872 4164 ad
1930 4110 2214 4166 universos

626 4203 708 4258 sui
758 4212 1037 4258 consortes
1088 4202 1328 4257 clamare
1372 4217 1479 4255 non
1522 4210 1720 4266 cessat,
1749 4211 1809 4256 ut
1837 4201 1954 4270 ejus
1975 4201 2213 4256 dolorem

623 4295 867 4360 audiant,
895 4295 1121 4366 ejusque
1160 4294 1365 4349 luctum
1396 4293 1634 4348 videant.
1678 4293 1939 4364 Denique,
1976 4296 2102 4364 quia
2135 4303 2214 4350 ta-

621 4387 692 4444 lis
718 4397 802 4442 est
830 4398 1039 4443 naturae
1067 4395 1270 4443 nostrae
1297 4384 1544 4451 aﬂ‘ectus,
1570 4386 1654 4441 vel
1692 4386 1895 4441 doloris
1928 4388 2098 4442 nostri
2130 4387 2213 4443 vel

623 4481 836 4552 gaudii,
876 4480 1013 4536 alios
1065 4495 1372 4550 quaaramus
1417 4495 1578 4550 quam
1607 4493 1749 4550 saepe
1779 4481 2210 4550 comparticipes,

2314 3286 2444 3356 quin
2474 3284 2576 3340 sub
2620 3285 2934 3356 Babyloitiis
2963 3295 3017 3340 et
3045 3289 3145 3342 sub
3175 3287 3436 3342 Romanis
3485 3290 3540 3342 id
3595 3289 3888 3343 accidisse:

2308 3373 2464 3444 juxta
2497 3391 2775 3448 anagogen
2810 3392 2965 3444 vero,
3011 3377 3251 3434 Ecclesia
3285 3388 3447 3434 vocat
3491 3395 3638 3450 saepe
3680 3380 3890 3446 amicos,

2313 3482 2408 3522 eos
2431 3468 2684 3524 videlicet
2708 3485 2843 3539 quos
2883 3470 2939 3524 in
2987 3470 3094 3525 ﬁde
3143 3473 3318 3527 socios
3347 3474 3550 3528 habere
3595 3483 3771 3542 putat.
3801 3472 3889 3543 ipsi

2313 3578 2446 3620 vero
2472 3579 2593 3619 eam
2620 3565 2918 3636 decipiunt,
2949 3567 3189 3636 corrupti
3214 3566 3318 3621 ﬁde
3347 3568 3512 3630 intus,
3544 3569 3676 3638 quia
3720 3569 3884 3628 latent.

2315 3664 2464 3712 certe
2489 3665 2582 3712 aut
2611 3655 2745 3712 foris
2765 3657 2892 3711 dum
2922 3673 2990 3712 ex
3019 3658 3176 3713 nobis
3197 3659 3471 3723 exierunt,
3502 3675 3535 3712 e
3566 3669 3758 3714 contra
3781 3658 3889 3729 quia

2313 3761 2555 3818 pugnant
2584 3747 2636 3818 (Ι
2663 3747 2825 3803 Joan.
2855 3750 2938 3818 ιι).
2971 3748 3192 3804 Necnon
3216 3759 3272 3804 et
3299 3750 3424 3804 mali
3455 3750 3750 3806 Christiani
3793 3750 3894 3819 qui-

2314 3839 2445 3895 libet
2469 3840 2801 3895 sublimioris
2836 3839 3172 3910 prafecturae
3221 3843 3274 3896 in
3316 3842 3562 3898 fascibus
3603 3842 3893 3907 constituti,

2315 3945 2544 3999 quorum
2587 3946 2730 4000 saepe
2778 3933 2950 3986 utitur
3003 3932 3242 3989 Ecclesia
3291 3935 3582 3999 amicitiis,
3634 3936 3896 3990 interdum

2315 4035 2436 4074 eam
2468 4021 2749 4090 decipiunt
2795 4022 3124 4091 quibuslibet
3173 4009 3459 4093 pravitatis
3497 4040 3608 4079 sua:
3653 4024 3895 4095 ingeniis,

2315 4113 2399 4167 vel
2426 4113 2754 4170 illecebrosze
2777 4116 2902 4170 vita:
2938 4117 3201 4186 exemplis
3231 4135 3244 4170 :
3276 4134 3380 4172 non
3407 4121 3551 4187 quod
3598 4120 3762 4174 amici
3801 4120 3898 4173 sint

2317 4205 2394 4270 hi,
2425 4205 2518 4260 sed
2542 4206 2693 4276 juxta
2723 4208 3081 4276 antiphrasin,
3117 4222 3182 4262 eo
3221 4209 3361 4278 quod
3405 4211 3516 4262 sint
3561 4211 3719 4278 quasi
3775 4207 3896 4263 socii

2316 4311 2534 4360 mensae,
2582 4297 2833 4353 scelerati
2878 4298 3004 4364 ﬁde,
3049 4307 3104 4354 et
3150 4299 3405 4368 operibus
3453 4299 3720 4354 Ecclesia:
3756 4300 3900 4353 dece-

2314 4397 2528 4459 ptores;
2563 4399 2619 4444 et
2651 4391 2795 4458 quod
2824 4389 2978 4461 pejus
3003 4399 3104 4456 est,
3133 4400 3258 4446 tunc
3288 4391 3423 4445 tales
3451 4402 3646 4446 contra
3679 4408 3774 4448 eos
3793 4406 3901 4445 eruo

2319 4480 2494 4536 delius
2565 4483 2809 4545 smviunt,
2857 4499 2980 4537 cum
3040 4485 3350 4564 sacerdotes
3409 4493 3466 4538 et
3527 4500 3693 4540 senes
3754 4488 3898 4554 (quos

621 4549 891 4641 quatenus
923 4549 1113 4625 eorum
1154 4549 1691 4636 solationeisull‘ulti,
1726 4549 1938 4640 pondus
1979 4549 2213 4626 tristitia:
2241 4549 2291 4608 D
2316 4570 2490 4626 Graeci
2517 4575 2760 4649 γέροντας
2787 4573 3004 4645 vocant)
3038 4575 3090 4628 in
3122 4557 3277 4630 nobis
3298 4574 3443 4631 fame
3471 4577 3623 4630 verbi
3654 4549 3895 4632 Deileon-

618 4661 706 4717 vel
733 4662 913 4734 gaudii
943 4662 1284 4733 splendorem
1315 4662 1486 4717 levius
1520 4662 1924 4733 jncundiusque
1951 4662 2212 4718 feramus.

620 4750 774 4806 Unde
798 4751 888 4807 ille
911 4751 966 4806 in
995 4751 1287 4822 Evangelio
1311 4751 1464 4821 (Luc.
1493 4751 1610 4822 xv),
1642 4753 1735 4822 qui
1763 4767 1919 4808 ovem
1943 4754 2215 4823 perditam

618 4842 935 4912 requisivit,
990 4841 1074 4897 vel
1129 4843 1328 4898 mulier
1381 4858 1501 4913 quae
1545 4844 1861 4899 drachmam
1915 4845 2212 4912 adinvenit,

618 4942 922 4988 convocant
967 4935 1173 4989 amicos
1219 4943 1274 4989 et
1317 4935 1527 4990 vicinos
1558 4936 1804 4990 volentes
1833 4936 2034 4990 habere
2061 4951 2213 4990 com-

617 5025 908 5095 participes
940 5027 1120 5098 gaudii
1165 5027 1270 5092 sui,
1314 5036 1368 5082 et
1415 5038 1694 5084 consortes
1745 5029 1962 5085 l-aetitiae.
1996 5029 2209 5097 Quanto

618 5115 791 5184 magis
814 5116 995 5169 anima
1026 5116 1188 5172 debet
1211 5132 1513 5172 convocare
1544 5134 1758 5184 omnes,
1786 5135 1906 5189 quae
1946 5135 2075 5175 suos
2103 5135 2208 5176 non

618 5207 781 5262 audet
835 5209 1020 5264 oculos
1063 5210 1296 5280 erigere,
1345 5212 1552 5280 pudore
1596 5211 1934 5268 confusionis
1977 5229 2087 5268 sua:
2113 5229 2208 5284 op-

616 5312 805 5368 pressa
846 5301 913 5355 ad
953 5301 1146 5367 Deum,
1200 5316 1360 5373 quem
1411 5303 1569 5358 malis
1613 5304 1726 5360 suis
1769 5305 1838 5359 ad
1871 5303 2206 5360 iracundiam

617 5390 970 5456 conduxerat,
1002 5402 1059 5446 ut
1089 5395 1229 5464 apud
1258 5393 1580 5450 clementem
1613 5394 1850 5466 judicem
1884 5397 2209 5454 intercesso-

617 5493 730 5548 res,
755 5497 851 5551 per
876 5485 1305 5553 compassionem
1339 5485 1544 5542 doloris
1578 5496 1633 5542 et
1672 5488 1896 5554 amoris,
1935 5489 2208 5545 existant?

619 5571 771 5639 Quod
801 5585 978 5630 autem
1022 5575 1251 5644 juvenes
1292 5577 1407 5646 ejus
1449 5588 1506 5634 et
1547 5580 1788 5650 virgines
1842 5582 2206 5652 captivantur,

617 5665 856 5719 ostendit
881 5682 940 5722 se
969 5670 1144 5739 magis
1168 5670 1291 5724 inde
1318 5670 1522 5735 dolere,
1551 5672 1677 5726 dum
1711 5673 1909 5728 viderit
1932 5675 2204 5732 robustio-

620 5771 709 5812 res
739 5762 918 5817 cordis
948 5763 1063 5833 ejus
1104 5767 1351 5831 allectus,
1388 5767 1471 5822 vel
1514 5767 1784 5839 virgincas
1828 5768 2202 5840 cogitationes,

2317 4664 2517 4733 sumpti
2552 4664 2803 4719 laborant
2835 4681 2849 4717 :
2881 4665 3208 4735 praesertim,
3243 4667 3370 4734 quia
3407 4677 3691 4723 sectantes
3722 4681 3899 4724 cama-

2317 4753 2385 4810 lis
2412 4756 2538 4810 vita:
2567 4756 2740 4821 lucra,
2773 4758 2946 4826 magis
2990 4767 3240 4826 qumrunt
3268 4758 3449 4812 cibmn
3497 4775 3606 4827 quo
3657 4762 3896 4813 miseram

2318 4848 2623 4904 refocillcnt
2649 4848 2814 4902 vitam
2845 4848 2945 4916 (uti
2979 4849 3092 4919 jam
3124 4863 3288 4918 supra
3317 4849 3726 4918 exposuimus),
3749 4860 3897 4918 quam

2317 4941 2502 5010 epulas
2528 4941 2646 4995 illas
2669 4941 2920 4996 caelestes
2943 4941 3008 4996 de
3032 4940 3241 4996 ferculo
3265 4939 3578 4994 Salomonis
3598 4939 3666 5010 {(1
3673 4951 3785 4993 aut.
3804 4936 3896 5001 ιιι),

2313 5043 2366 5088 et
2389 5049 2454 5088 ex
2485 5033 2713 5102 prandio
2754 5033 2896 5103 quod
2928 5041 3176 5102 paratum
3207 5033 3262 5086 in
3293 5031 3590 5099 Evangelia
3639 5032 3898 5102 prtedica-

2314 5133 2402 5179 tur
2431 5124 2648 5196 (Matth.
2701 5126 2861 5197 xxn),
2907 5128 3292 5196 Sapientiteque
3341 5127 3614 5190 convivio,
3661 5129 3732 5184 ad
3770 5123 3900 5197 quod

2310 5219 2550 5272 onmium
2592 5219 2804 5273 vocatio
2833 5219 2984 5287 Coph
3041 5218 3222 5273 littera
3274 5219 3616 5286 designatur,
3675 5235 3820 5290 quae,
3847 5226 3901 5271 ut

2309 5309 2564 5374 diximus,
2629 5310 2828 5364 vacatio
2891 5311 3300 5379 interpretatur.
3368 5309 3542 5365 Vocat
3605 5321 3800 5368 autem
3853 5314 3901 5363 et

2313 5402 2508 5455 anima
2531 5403 2811 5458 moraliter
2837 5404 3040 5458 amicos
3079 5420 3223 5467 suos,
3252 5402 3435 5458 dulces
3480 5403 3750 5460 videlicet
3793 5419 3903 5460 sua-

2315 5506 2514 5560 vesque
2557 5495 2740 5549 carnis
2787 5509 2896 5548 sum
2937 5493 3181 5558 allectus,
3222 5495 3316 5550 sed
3355 5495 3454 5564 ipsi
3506 5513 3753 5567 quorum
3790 5499 3901 5552 dum

2314 5584 2516 5638 fruitur
2541 5585 2820 5648 amicitiis,
2857 5602 2978 5639 mox
3012 5602 3130 5640 eam
3164 5587 3438 5656 decipiunt
3463 5605 3474 5640 :
3503 5597 3717 5658 etquae
3743 5586 3904 5658 regale

2311 5676 2666 5730 sacerdotium
2696 5675 2746 5746 (I
2775 5676 2920 5730 Petr.
2960 5676 3020 5748 ιι)
3063 5692 3183 5732 esse
3213 5677 3416 5739 debuit,
3449 5679 3831 5750 voluptatibus
3857 5688 3906 5730 et

2315 5769 2598 5824 desideriis
2649 5768 2844 5832 illcct‘a,
2897 5770 3049 5839 quasi
3097 5785 3195 5838 pro
3241 5770 3365 5824 cibo
3415 5770 3480 5824 ad
3527 5770 3906 5826 refocillandas
