4048 6352
122 341 233 398 ίθθἹ

829 334 1191 413 EXPOSlTlO
1227 334 1295 391 IN
1331 332 1910 391 LAMENTATIONES
1947 329 2285 388 JEBEMLE.
2324 362 2392 371 —-
2430 329 2556 388 LIB.
2595 331 2639 386 l.

3233 332 3371 386 i098

118 455 274 510 carnis
306 469 417 509 suae
446 451 918 524 concupiscentias
934 452 1165 508 laborat.
1199 450 1405 520 Quibus
1424 465 1674 506 consum-
1703 452 1756 513 Α
1779 447 1924 501 omni
1957 445 2338 512 amaritudine,
2385 445 2530 500 intus
2555 442 2757 501 forisve
2792 443 3188 511 tribulationis;
3236 462 3375 516 qua-

118 555 195 614 pta
235 541 550 613 dignitatem
604 543 897 598 sacerdotii
930 552 988 598 et
1026 543 1393 598 maturitatem
1440 541 1677 606 consilii,

117 651 198 706 per
225 635 570 706 indigentiam
593 633 872 705 sapientiae
899 642 955 688 et
976 634 1214 703 inopiam
1249 634 1534 697 virtutum,
1558 649 1684 704 per—

118 727 198 781 dit.
214 717 476 797 Egyptus
495 739 634 779 vane
648 724 865 794 quidem
883 725 1236 779 auxiliabitur
1256 725 1472 796 (Ezech.
1489 725 1644 796 xxix)
1666 743 1680 780 :

116 819 226 888 quia
249 817 478 872 mundus
512 816 728 880 transit,
759 827 816 870 et
838 815 1017 872 omnis
1063 815 1504 887 concupiscentia
1543 813 1682 885 ejus.

116 908 200 963 Est
231 916 406 963 autem
456 906 682 962 baculus
734 907 1068 961 arundineus
1112 915 1275 976 atque
1312 905 1523 978 1353
1549 922 1684 962 con-

115 1001 330 1064 fractus,
353 997 558 1054 idcirco
581 998 763 1068 potius
792 1013 955 1069 super
981 1013 1042 1053 se
1073 997 1364 1052 innitentes
1393 997 1592 1053 lacerat
1622 1012 1686 1052 ac

114 1106 293 1146 manus
321 1088 588 1161 perforat,
619 1104 720 1144 nec
762 1102 1002 1158 unquam
1053 1087 1167 1142 suis
1204 1087 1539 1142 amatoribus
1566 1101 1689 1160 per-

113 1179 294 1238 fectam
323 1178 744 1250 prosperitatem
772 1176 1023 1233 conferre
1047 1185 1243 1248 potest.

835 1325 956 1366 RES.

180 1443 324 1512 Vide,
351 1445 592 1511 Domine,
624 1445 874 1516 quoniam
896 1442 1154 1512 tribulor,
1181 1454 1354 1500 venter
1388 1461 1532 1499 meus
1562 1460 1691 1499 con-

111 1540 336 1592 turbatus
381 1546 477 1603 est,
511 1538 815 1593 subversum
841 1546 914 1592 est
953 1555 1044 1591 cor
1086 1553 1259 1593 meum
1283 1537 1338 1591 in
1363 1537 1688 1608 memetipsa.

111 1630 249 1686 Nunc
275 1629 576 1684 Jerusalem
603 1630 808 1700 pudore
844 1629 1208 1691 confunditur,
1244 1644 1347 1684 nec
1375 1631 1540 1684 audet
1565 1643 1696 1684 ocu—

111 1725 186 1779 los
210 1723 392 1777 levare
427 1723 493 1776 ad
522 1721 712 1787 Deum,
755 1736 899 1776 nunc
938 1736 1034 1793 spe
1063 1721 1236 1776 veniae
1263 1721 1599 1786 sublevatur,
1637 1728 1695 1775 et

1785 546 1940 593 tenus
1964 536 2186 592 feriatur
2218 537 2459 591 exterius
2479 535 2658 606 gladio
2686 544 3117 606 persecutorum,
3143 536 3372 594 interius

1783 645 1914 687 vero
1970 630 2092 685 felle
2150 629 2405 685 amariori
2471 628 2719 685 doctrina
2769 627 3200 695 hatreticorum;
3276 636 3374 685 aut

1785 737 1932 786 certe
1968 741 2066 797 pro
2110 723 2452 795 improbitate
2489 738 2731 786 morum,
2764 729 2968 784 morte,
3002 736 3166 791 quam
3207 722 3374 783 simili

1786 819 1995 874 salsura
2032 815 2308 868 vitiorum.
2342 813 2509 868 Porro
2548 813 2826 867 moraliter
2852 813 3033 868 anima
3071 814 3238 870 variis
3280 831 3406 875 ve-_

1786 919 1912 965 xata
1945 906 2239 969 doloribus,
2266 904 2698 960 ventremwalde
2736 903 3159 974 turbatum,.pro
3192 916 3376 964 mente

1789 1002 1984 1073 gemit,
2028 999 2155 1070 quia
2192 999 2246 1053 in
2292 1013 2449 1062 sacro
2479 996 2694 1066 eloquio
2737 996 2877 1052 solet
2909 997 3116 1051 ventris
3155 997 3376 1053 nomine

1788 1091 1872 1146 vel
1902 1090 2040 1145 uteri
2073 1104 2225 1144 mens
2276 1088 2566 1159 designari.
2595 1087 2664 1142 Et
2693 1086 2822 1142 hinc
2848 1096 2932 1142 est
2963 1088 3105 1158 quod
3134 1104 3231 1159 per
3275 1087 3378 1144 Sa—

1789 1181 2060 1236 lomonem
2089 1179 2286 1234 dicitur
2315 1193 2330 1231 :
2371 1177 2608 1231 Lucerna
2647 1175 2883 1244 Domini,
2911 1177 3235 1246 spiraculum
3273 1177 3374 1233 lio-

1789 1271 1967 1332 minis,
1989 1285 2106 1340 qua:
2127 1268 2400 1338 investigat
2428 1267 2605 1321 omnia
2627 1277 2824 1320 secreta
2846 1267 3036 1321 ventris
3051 1266 3231 1338 (Prov.
3251 1268 3372 1339 xx).

1791 1361 1932 1432 Ergo
1963 1360 2055 1414 lux
2085 1359 2180 1414 Dei
2221 1358 2403 1420 omnia
2453 1367 2665 1412 secreta
2695 1357 2902 1412 ventris
2931 1357 3256 1428 investigare
3291 1359 3376 1416 di-

1792 1451 1964 1515 citur,
2007 1449 2133 1518 quia
2175 1447 2386 1503 occulta
2418 1447 2614 1502 mentis
2663 1456 2930 1517 penetrat,
2964 1457 3025 1503 ut
3065 1447 3207 1505 facta
3255 1465 3378 1521 quas

1793 1541 1967 1611 ipsam
2009 1539 2250 1594 latebant
2281 1537 2522 1592 animam
2556 1545 2683 1591 ante
2709 1537 2826 1608 ejus
2849 1537 3025 1593 flenda
3069 1538 3254 1596 oculos
3285 1555 3376 1594 re-

1794 1631 1973 1686 ducat.
2021 1629 2089 1684 Et
2139 1628 2293 1694 ideo,
2330 1635 2390 1682 ut
2429 1627 2575 1694 dixi,
2617 1626 2744 1698 quia
2779 1643 2933 1683 mens
2983 1637 3144 1699 caput
3181 1630 3377 1687 animae

1796 1722 2139 1793 designatur,
2169 1721 2308 1776 bene
2351 1719 2545 1790 capitis
2590 1717 2806 1774 est'iste
2846 1719 3078 1789 gemitus
3102 1760 3117 1785 ,
3148 1721 3239 1791 qui
3280 1736 3380 1792 per

110 1818 168 1871 de
213 1815 584 1870 misericordia
639 1815 937 1885 praesumit.
988 1813 1216 1879 Idcirco,
1255 1813 1391 1880 vide,
1437 1814 1683 1877 Domine,
1714 1809 1761 1869 B
1791 1815 1900 1868 Res
1929 1813 2164 1868 litteram
2188 1809 2512 1866 ostenditur.
2537 1809 2618 1865 Ex
2642 1824 2750 1879 quo
2781 1810 2835 1864 in
2868 1825 2926 1865 se
2955 1811 3135 1865 omnia
3157 1820 3380 1867 contur-

107 1909 296 1980 inquit,
316 1895 567 1980 quoniam
591 1908 835 1972 tribulor,
852 1915 1123 1976 quatenus
1142 1906 1290 1976 pium
1308 1905 1548 1976 judicem
1564 1920 1690 1960 cru-

100 2000 274 2053 ciatus
313 1996 497 2052 ﬂectat
524 1997 592 2051 ad
617 1996 962 2052 clementiam
988 2037 1004 2060 ,
1037 1987 1112 2050 et'
1135 1995 1309 2066 pudor
1337 1996 1405 2052 ad
1452 1995 1688 2050 veniam.

107 2087 235 2142 Nam
261 2097 506 2142 ventrem
537 2087 676 2156 quod
708 2086 871 2149 dolet,
903 2085 1133 2141 formam
1161 2086 1418 2157 exprimit
1449 2086 1692 2142 mulieris

100 2179 155 2233 in
178 2191 334 2234 utero
361 2178 718 2249 periclitantis
746 2197 758 2232 :
789 2178 914 2248 quia
938 2180 1142 2249 repleta
1168 2195 1307 2244 sum,
1326 2179 1518 2248 inquit,
1543 2196 1692 2233 ama-

99 2270 358 2323 ritudine.
406 2268 482 2322 Ex
511 2284 618 2340 quo
649 2284 753 2323 non
783 2283 852 2322 ex
901 2277 1054 2337 parte
1080 2284 1140 2323 se
1182 2276 1384 2322 tactam
1431 2269 1690 2332 insinuat,

95 2360 200 2414 sed
236 2359 492 2429 repletam
533 2359 681 2415 omni
707 2359 1074 2414 amaritudine
1097 2359 1298 2414 doloris
1333 2366 1388 2414 et
1415 2360 1691 2424 maeroris,

91 2464 195 2503 cor
219 2447 446 2518 ejusque
486 2449 807 2505 subversum
845 2449 1084 2520 pondere
1116 2448 1476 2504 tribulationis
1511 2447 1692 2514 deflet,

94 2557 160 2596 eo
218 2541 368 2611 quod
397 2539 529 2596 foris
571 2541 832 2594 desseviat
860 2539 1070 2610 gladius
1133 2539 1523 2608 persecutoris,
1551 2538 1696 2593 intus

96 2644 227 2684 vero
254 2643 408 2684 mors
437 2629 630 2684 similis
658 2645 758 2699 pro
800 2628 1163 2682 amaritudine
1205 2627 1588 2684 tribulationis.
1629 2628 1698 2682 Et

93 2729 153 2773 ut
204 2721 276 2774 ad
327 2736 606 2791 anagogen
653 2720 925 2784 veniatur,
956 2720 1068 2775 Rus
1099 2719 1281 2774 littera
1330 2721 1461 2789 quid
1504 2721 1697 2775 innuat

96 2813 401 2868 videamus.
433 2811 490 2867 Si
515 2813 732 2883 quidem
757 2812 865 2868 Res
888 2813 1078 2883 capitis
1109 2813 1523 2883 interpretatur.
1551 2813 1695 2869 Con-

89 2905 342 2960 turbatio
367 2913 547 2959 autem
582 2905 806 2968 ventris,
831 2904 915 2959 vel
939 2904 1224 2960 suliversio
1261 2904 1464 2969 cordis,
1499 2905 1697 2960 mentis

88 3005 175 3048 est
203 2997 469 3066 gemitus.
502 2995 652 3050 Mens
691 3009 822 3049 vero
845 2993 1136 3063 cujuslibet
1179 2996 1375 3050 animae
1403 3004 1564 3066 caput
1591 3005 1692 3060 est,

87 3101 154 3142 ac
197 3103 310 3157 per
352 3087 457 3141 hoc
477 3086 600 3156 jure
625 3086 964 3158 perturbatio
997 3087 1191 3157 capitis
1217 3097 1273 3142 et
1301 3087 1584 3142 subversio
1611 3087 1694 3141 di-

1789 1904 1916 1959 bata
1958 1911 2015 1957 et
2057 1902 2318 1957 subversa
2361 1899 2621 1964 insinuat,
2649 1899 2836 1954 dicens
2878 1917 2891 1952 :
2938 1897 3098 1964 Vide,
3131 1900 3376 1956 Domine.

1791 1995 1927 2051 Hinc
1968 2008 2183 2064 quoque
2216 1993 2330 2062 ipse
2375 1989 2643 2046 Jeremias
2691 1989 2850 2060 longe
2899 2004 3097 2060 supra:
3139 1989 3378 2046 Ventrem

1790 2105 1983 2153 meum,
2007 2097 2233 2142 ventrem
2262 2101 2434 2140 meum
2465 2084 2616 2137 doleo
2647 2083 2864 2155 (Jerem.
2900 2085 2996 2154 Iv).
3030 2084 3098 2139 Et
3126 2093 3382 2142 utoslen-

1791 2181 1944 2236 deret
1983 2179 2116 2249 quid
2159 2176 2428 2240 dixisset,
2473 2175 2720 2246 adjungit
2764 2194 2776 2229 :
2812 2175 3018 2232 Sensus
3056 2178 3234 2234 cordis
3274 2179 3381 2239 mei

1793 2270 2096 2328 eonturbati
2126 2275 2270 2324 sunt.
2303 2266 2524 2322 Ventris
2551 2281 2784 2337 namque
2811 2268 3029 2322 nomine
3061 2279 3207 2324 recte
3229 2285 3382 2326 mens

1793 2362 2076 2430 accipitur,
2120 2359 2270 2429 quia,
2319 2357 2462 2412 sicut
2491 2357 2672 2428 proles
2725 2357 2778 2411 in
2832 2367 3021 2422 utero,
3054 2359 3133 2414 sic
3174 2361 3384 2430 cogita-

1795 2452 1969 2508 tiones
1993 2452 2049 2505 in
2090 2458 2271 2504 mente
2300 2457 2658 2520 generantur;
2704 2456 2759 2503 et
2783 2448 2923 2504 sicut
2953 2449 3005 2504 in
3037 2462 3224 2506 ventre
3253 2453 3381 2516 cibi,

1794 2543 1868 2597 ita
1919 2541 2056 2595 etin
2104 2547 2288 2592 mente
2343 2537 2713 2593 continentur.
2765 2536 2967 2592 Fidelis
3009 2538 3156 2595 enim
3202 2540 3386 2594 anima

1796 2632 2184 2689 tentationibus
2213 2631 2382 2686 variis
2409 2630 2656 2702 fatigata,
2683 2632 2878 2686 merito
2912 2647 2972 2686 se
3006 2632 3157 2692 intus
3182 2633 3387 2690 ferisve

1797 2733 1972 2781 morte
2039 2722 2203 2778 simili
2253 2723 2494 2776 attritam
2549 2722 2824 2792 deplorat,
2860 2725 2989 2793 quia
3027 2723 3164 2782 foris
3201 2740 3389 2796 perse-

1797 2817 2123 2882 cutionibus,
2157 2825 2214 2872 et
2243 2816 2390 2870 intus
2423 2815 2688 2885 angustiis
2715 2815 2950 2870 lacerari
2989 2831 3047 2872 se
3081 2831 3187 2871 non
3234 2817 3389 2885 igno-

1799 2919 1904 2964 rat.
1935 2905 2089 2976 Saepc
2125 2907 2276 2961 enim
2314 2905 2447 2960 foris
2484 2904 2710 2976 ﬂagellis
2733 2906 3043 2971 atterimur,
3072 2907 3219 2962 intus
3257 2923 3387 2964 vero

1798 3003 2106 3060 carnalibus
2135 3000 2424 3072 fatigamur
2451 3001 2907 3072 suggestionibus.
2955 3001 3093 3056 Hinc
3133 3010 3218 3056 est
3243 3003 3391 3072 quod

1799 3099 1877 3152 ait
1908 3115 1922 3152 :
1953 3095 2110 3150 Foris
2132 3095 2376 3164 interﬁcit
2404 3093 2633 3164 gladius,
2662 3103 2711 3149 et
2736 3093 2880 3149 domi
2908 3111 3049 3149 mors
3073 3094 3259 3150 similis
3285 3106 3385 3152 est.

83 3183 238 3236 citur
274 3181 423 3252 ipsa,
451 3181 577 3234 dum
607 3180 846 3249 repletur
869 3180 1233 3234 amaritudine
1259 3179 1446 3234 multis
1474 3194 1696 3234 suorum
1726 3173 1770 3236 C
1801 3188 1958 3244 Foris
1994 3187 2214 3259 quidem
2256 3185 2469 3258 gladius
2518 3185 2798 3252 interficit,
2827 3202 2952 3242 cum
2995 3202 3097 3242 nos
3143 3189 3389 3244 exterius

85 3272 323 3327 casibus
353 3270 653 3326 vulnerata.
698 3269 811 3326 Nec
837 3271 1062 3326 dubium
1089 3272 1219 3340 quin
1259 3270 1500 3327 dolorem
1526 3271 1699 3326 tribu-

77 3364 477 3434 iatiouemque
518 3379 672 3418 suam
703 3365 947 3434 quotidie
988 3365 1418 3420 clementissimo
1461 3373 1700 3434 exponat

75 3459 260 3526 iudici
303 3466 368 3512 et
415 3458 671 3512 insinuet.
722 3457 832 3514 Sed
861 3459 1024 3514 habet
1060 3458 1302 3514 Ecclesia
1334 3465 1602 3522 ventrem,
1631 3458 1701 3514 de

75 3567 194 3619 quo
231 3551 296 3604 in
333 3549 520 3619 sponsi
559 3548 812 3604 laudibus
846 3551 915 3605 ab
956 3550 1072 3621 ipsa
1097 3549 1430 3605 declamatur
1457 3550 1514 3604 in
1557 3550 1701 3606 Can-

75 3643 238 3696 ticis.
291 3639 491 3694 Venter
535 3639 686 3710 ejus,
731 3639 924 3710 inquit,
955 3640 1213 3696 eburneus
1255 3640 1530 3695 distinctus
1574 3658 1700 3710 sap-

67 3736 261 3801 phiris
313 3731 498 3804 (Cant.
530 3731 604 3803 v).
644 3731 814 3788 Nemo
840 3733 1005 3802 igitur
1032 3741 1280 3788 ventrem
1301 3748 1550 3789 escarum
1581 3749 1700 3787 om-

69 3824 244 3876 nium
303 3822 713 3891 receptaculum
745 3822 978 3892 ignorat,
1004 3822 1096 3876 ubi
1132 3822 1297 3877 totius
1335 3821 1581 3892 corporis
1619 3823 1704 3876 vi-

58 3926 204 3969 etus
255 3911 657 3968 etsubstantia
699 3923 959 3984 congesta
990 3913 1342 3983 decoquitur;
1394 3929 1494 3984 per
1541 3928 1704 3984 quem
1769 3986 1771 3988 η

59 4008 147 4061 illi
186 4015 370 4061 recte
397 4004 794 4075 intelliguntur,
820 4005 938 4076 qui,
983 4004 1111 4060 licet
1136 4005 1272 4061 alios
1316 4021 1423 4060 non
1454 4004 1708 4060 studeant

48 4118 168 4156 suo
193 4111 490 4156 sermone
513 4097 727 4162 docere,
744 4097 924 4154 cibum
949 4106 1128 4152 tamen
1155 4098 1482 4159 animarum,
1509 4111 1707 4166 panem

51 4191 363 4245 videlicet
390 4189 481 4258 qui
505 4187 572 4241 de
616 4187 742 4242 caelo
772 4188 1038 4243 descendit
1079 4186 1262 4260 (loan.
1299 4190 1402 4258 vt),
1427 4204 1537 4242 una
1581 4202 1706 4243 cum

41 4283 314 4352 Spiritu
371 4289 566 4333 sancto
618 4279 764 4333 intus
808 4279 1080 4344 condere,
1121 4294 1188 4334 ac
1227 4279 1505 4334 rumiuare
1560 4294 1710 4334 more

39 4376 446 4430 tumidarum
494 4370 809 4425 animalium
859 4370 1057 4442 (Leuit.
1105 4371 1183 4438 χι)
1212 4411 1227 4436 ,
1270 4386 1378 4426 non
1429 4370 1705 4427 emittant.

26 4473 252 4539 Quem
313 4480 467 4522 sane
510 4466 690 4520 cibum
730 4467 967 4536 primum
1019 4464 1322 4534 suscipiunt
1369 4479 1468 4535 per
1520 4463 1707 4529 fidem,

29 4564 292 4618 deinde
355 4567 708 4628 concoquunt
745 4557 866 4628 igne
894 4558 1179 4613 eharitatis
1206 4572 1306 4627 per
1330 4556 1527 4612 bonam
1575 4571 1709 4612 con-

15 4653 486 4710 versationem
517 4649 662 4714 vitaa,
684 4656 740 4703 et
766 4648 1192 4704 meditationem.
1226 4648 1466 4716 Quorum
1496 4663 1597 4702 vox
1613 4662 1713 4717 per

13 4749 278 4804 Isaiam
323 4742 666 4814 prophetam
694 4740 914 4804 clamat,
937 4740 1158 4796 dicens:
1191 4738 1234 4792 A
1263 4744 1449 4795 timore
1478 4750 1567 4793 tuo
1591 4755 1715 4793 cen-

5 4843 369 4910 cepimus,
419 4831 661 4895 Domine,
684 4841 729 4886 et
766 4833 1062 4902 peperimus
1091 4833 1335 4903 spiritum
1361 4831 1547 4886 salutis
1576 4831 1720 4901 (Isa.

5 4933 237 5000 ιιι-ι).
289 4924 488 4980 Hunc
515 4923 950 4994 quandoquidem
996 4934 1238 4979 ventrem
1269 4925 1438 4996 gemit
1477 4925 1720 4981 Ecclesia

6 5035 215 5081 :ontu
228 5019 535 5079 rbatum,
568 5015 783 5085 quoties
813 5015 983 5069 variis
1017 5014 1255 5069 alliditur
1283 5016 1670 5072 tentationihus
1699 5035 1713 5071 :

13 5121 392 5168 mansum
421 5104 586 5158 etiam
611 5113 671 5157 ut
709 5105 811 5174 ipsi
843 5104 975 5174 foris
1019 5105 1231 5160 intusve
1263 5105 1548 5161 tormentis
1573 5122 1716 5176 prae-

5 5221 266 5277 graver:
283 5211 443 5255 tur.
483 5195 561 5252 Ac
586 5195 781 5251 deinde
808 5212 900 5250 cor
928 5213 1121 5261 meum,
1152 5198 1248 5262 ait,
1275 5198 1577 5252 subversum
1618 5207 1714 5262 est,

5 5300 144 5367 [uia
203 5284 506 5366 1355
531 5286 754 5341 omnino
782 5286 914 5342 illud
953 5287 1095 5357 quod
1123 5302 1352 5358 sponsus
1373 5287 1614 5356 jusscrat
1660 5289 1715 5344 in

5 5385 332 5445 :anu‘cjs
386 5392 509 5432 non
533 5377 788 5448 impletur
813 5395 828 5430 :
859 5377 1005 5431 Pone
1027 5394 1129 5443 me,
1159 5378 1354 5447 inquit,
1382 5387 1436 5432 ut
1466 5380 1714 5448 signacu-

6 5503 118 5539 κω
159 5490 429 5548 ,κυρεῖ
453 5488 544 5526 car
584 5483 734 5525 tuum
775 5469 954 5542 (Cant.
997 5472 1138 5544 vui).
1184 5471 1339 5539 Quod
1383 5473 1428 5528 si
1473 5482 1722 5542 poneret,

5 5576 214 5636 ostis
261 5578 458 5626 eam
487 5579 594 5619 non
627 5563 802 5619 adiret
837 5572 896 5618 ut
925 5564 1280 5620 subverteret.
1315 5565 1384 5620 Et
1426 5566 1572 5631 ideo,
1599 5567 1727 5636 quia

5 5675 212 5733 aluit
287 5659 594 5722 reti-nere
637 5659 978 5714 dulcedinem
1022 5660 1159 5714 tanti
1213 5660 1437 5725 amoris,
1475 5669 1534 5715 ut
1584 5667 1729 5716 esset

5 5771 174 5830 urtis
225 5752 485 5820 σειεεί
529 5767 677 5808 mors
708 5751 827 5823 ejus
856 5751 1097 5814 dilectio,
1129 5753 1368 5822 repletur
1398 5768 1564 5824 quam
1587 5767 1728 5824 saepe

579 5847 854 5908 Psrnor.
901 5844 1100 5908 CXX.

1795 3281 1998 3337 feriens
2024 3279 2260 3334 vindicta
2299 3275 2546 3342 conﬁcit;
2574 3276 2671 3332 sed
2701 3275 2848 3331 domi
2873 3279 3020 3332 mors
3060 3277 3253 3332 similis
3281 3286 3384 3341 est,

1799 3374 1925 3446 quia
1953 3381 2010 3428 et
2035 3371 2243 3443 flagella
2265 3371 2482 3440 quidem
2504 3369 2756 3434 sustinet,
2779 3378 2836 3424 et
2866 3377 3050 3424 tamen
3079 3369 3226 3425 intus
3255 3384 3387 3433 cou-

1800 3465 2025 3522 scientia
2079 3479 2112 3517 a
2158 3460 2516 3516 tentatiouum
2565 3458 2819 3515 sordibus
2871 3459 3074 3514 munda
3121 3474 3231 3514 non
3279 3467 3404 3522 est.

1803 3558 1957 3614 Unde
1981 3570 2141 3626 quam
2169 3554 2306 3608 bene
2325 3551 2518 3621 capitis
2545 3565 2650 3605 vox
2676 3558 2780 3615 est,
2811 3549 2864 3605 id
2894 3557 2981 3605 est
3007 3550 3205 3605 mentis
3234 3548 3390 3621 plan—

1803 3647 1977 3720 gentis
2007 3659 2072 3700 ac
2093 3641 2346 3698 dolentis.
2380 3641 2534 3706 Vide,
2559 3639 2801 3704 Domine,
2839 3639 3174 3712 amictionem
3194 3655 3390 3708 meant,

1804 3750 1913 3796 etc.
1945 3737 2101 3794 Unde
2127 3734 2402 3805 sequitur:

2551 3881 2660 3924 ειη.

1878 4007 2172 4063 Audierant
2197 4002 2321 4075 quia
2343 4001 2626 4072 ingemisco
2652 4016 2769 4071 ego,
2789 4009 2840 4055 et
2872 4015 2976 4056 non
2995 4007 3073 4054 est
3093 3998 3185 4070 qui
3205 4013 3395 4056 conso-

1811 4102 1946 4158 letur
1964 4120 2067 4157 me.
2096 4103 2290 4158 Omnes
2320 4100 2521 4156 inimici
2546 4100 2648 4154 mei
2673 4099 2955 4153 audierunt
2977 4096 3173 4152 malum
3199 4114 3396 4160 meum.

1811 4195 1976 4250 (letali
2013 4205 2157 4260 sunt,
2200 4195 2450 4265 quoniam
2492 4202 2549 4246 tu
2581 4191 2768 4262 fecisti.
2807 4188 2948 4244 Nulli
2986 4189 3231 4251 dubium,
3258 4189 3405 4258 quod

1811 4299 2003 4339 omnes
2033 4283 2234 4339 inimici
2267 4282 2598 4344 Judazorum,
2634 4279 2772 4335 Isaia
2803 4286 2959 4341 teste,
3001 4276 3166 4333 laetati
3193 4279 3403 4333 suntin

1813 4393 1999 4433 eorum
2042 4377 2254 4448 1355
2294 4376 2596 4430 vastatione
2625 4413 2640 4435 ,
2682 4372 2919 4426 maxime
2958 4372 3103 4441 quod
3145 4372 3406 4427 videbant

1814 4485 1909 4526 eos
1950 4470 2043 4524 Dei
2077 4469 2278 4523 auxilio
2320 4475 2386 4523 et'
2418 4465 2787 4523 consolatione
2828 4464 3151 4530 destitutos,
3183 4466 3250 4520 de
3301 4480 3410 4534 quo

1813 4562 1964 4631 prius
2011 4559 2300 4630 plurimum
2332 4558 2722 4629 gloriabantur.
2775 4555 2911 4622 Quia
2956 4557 3200 4626 profecto
3249 4554 3411 4611 Jeru-

1815 4652 1982 4706 salem
2029 4652 2110 4706 sic
2151 4651 2254 4704 sita
2296 4657 2417 4704 erat
2457 4649 2598 4703 inter
2631 4648 2835 4713 hostes,
2868 4648 3026 4717 quasi
3061 4648 3228 4703 navis
3269 4648 3413 4702 inter

1821 4744 2028 4798 medios
2060 4741 2230 4796 maris
2261 4739 2472 4796 ﬂuctus.
2509 4740 2553 4793 A
2583 4737 2782 4808 quibus
2806 4753 2969 4809 quam
3012 4755 3156 4810 sape
3181 4739 3402 4810 propel-

1821 4837 2103 4898 lebantur,
2136 4841 2316 4886 tamen
2369 4845 2670 4901 nunquam,
2701 4829 2806 4886 nisi
2855 4844 2980 4886 cum
3028 4831 3198 4885 Deum
3234 4830 3404 4884 offen-

1826 4928 2038 4986 derent,
2064 4921 2181 4977 laedi
2221 4929 2493 4992 poterant.
2527 4919 2679 4988 Quod
2709 4928 2765 4974 et
2791 4922 2905 4990 ipsa
2938 4935 3294 4992 cognoscens,
3323 4920 3406 4975 di-

1827 5018 1967 5072 vinis
2005 5015 2197 5071 edocta
2238 5014 2522 5078 institutis,
2547 5027 2653 5068 non
2694 5013 2808 5068 suis
2854 5014 3102 5069 attribuit
3146 5013 3405 5078 inimicis,

1825 5126 2001 5180 neque
2026 5109 2239 5164 illorum
2262 5107 2485 5178 deputat
2513 5106 2742 5171 viribus,
2772 5107 2866 5162 sed
2891 5106 2986 5161 Dei
3006 5106 3234 5177 judicio,
3263 5108 3408 5176 quod

1826 5211 2163 5275 protestatur
2191 5219 2204 5255 :
2239 5199 2390 5255 Unde
2423 5209 2472 5255 et
2493 5198 2660 5254 laetati
2688 5209 2831 5265 sunt,
2855 5199 3050 5269 inquit,
3083 5201 3334 5270 quoniam
3356 5208 3415 5253 tu

1829 5291 2038 5364 fecisti,
2083 5306 2148 5347 ac
2188 5290 2232 5346 si
2279 5290 2423 5344 dicat
2460 5308 2474 5344 :
2519 5289 2672 5344 Licet
2717 5289 2791 5344 illi
2842 5289 3094 5344 laetentur
3141 5290 3297 5360 quasi
3343 5303 3413 5344 ex

1828 5392 2045 5448 eventu,
2074 5392 2130 5437 tu
2193 5391 2369 5436 tamen
2415 5382 2700 5437 decrevisti
2741 5379 2889 5450 justo
2919 5381 3128 5452 judicio
3156 5383 3298 5454 quod
3328 5397 3418 5454 pa-

1827 5478 1939 5532 tior
1964 5489 2062 5545 pro
2112 5483 2286 5529 reatu.
2338 5473 2638 5542 Sequitur:
2671 5472 2955 5528 Adduxisti
2999 5473 3138 5528 diem
3178 5473 3418 5531 consola-

1828 5565 2009 5630 tionis,
2029 5573 2078 5620 et
2101 5564 2226 5634 ﬁent
2254 5561 2450 5617 similes
2477 5562 2599 5616 mei.
2631 5560 2774 5618 Vidit
2793 5578 2922 5636 ergo
2949 5562 3248 5620 Jerusalem
3276 5566 3418 5621 diem

1833 5656 2220 5714 consolationis
2263 5669 2374 5710 sua:
2405 5652 2681 5721 futuram;
2721 5655 2830 5711 imo
2873 5656 3138 5727 propheta
3164 5665 3218 5712 et
3256 5671 3418 5726 quam

1833 5751 1986 5822 quasi
2038 5749 2372 5821 prieteritam
2416 5749 2770 5831 repromittit,
2797 5759 3083 5806 venturam
3125 5751 3226 5806 sub
3253 5749 3417 5822 Cyro.

2916 5843 2992 5906 35
