4048 6352
663 347 683 400 l
697 344 801 403 099

1493 343 1557 398 Β.
1591 337 1952 399 PASCllASﬂ
1992 341 2333 397 ltADBERTl
2369 343 2656 400 ABBATIS
2697 343 3139 403 CORBEIENSIS

3786 352 3889 406 “00

661 471 772 528 non
803 457 1084 513 dubitavit.
1123 456 1328 511 Interea
1364 463 1416 509 et
1453 453 1594 524 quod
1624 462 1881 509 exoratur
1922 453 2094 524 magis
2128 453 2239 523 spi-
2267 457 2319 515 Α
2345 451 2561 525 (Ephes.
2595 456 2704 522 v1);
2755 473 2966 513 necnon
3011 467 3066 513 et
3093 458 3333 514 lueretici
3368 467 3421 514 et
3451 459 3569 514 falsi
3599 460 3890 524 Christiani.

664 551 774 604 ritu
818 547 1134 618 prophetia,
1163 555 1223 600 ut
1252 546 1552 610 deterreat,
1585 543 1895 604 annuntiat,
1948 560 2108 613 quam
2150 544 2238 615 de;

663 639 888 695 structis
913 646 968 692 et
1001 637 1288 707 captivatis
1313 636 1524 690 cteteris
1553 635 1786 704 undique
1823 635 2028 704 regnis,
2057 635 2236 688 novis-

661 733 798 788 sima
826 729 1203 801 scilicet‘qnod
1228 730 1342 798 ipsa
1373 728 1614 799 Babylon
1644 737 1701 783 et
1739 742 1964 798 regnum
1993 725 2113 796 ejus
2142 726 2236 779 de-

661 821 976 879 struendum
999 819 1164 876 esset.’
1185 817 1324 873 Hinc
1348 826 1432 873 est
1452 818 1592 888 quod
1615 816 1878 887 sequitur,
1892 815 2016 883 ﬁent
2038 813 2236 868 similes

661 913 784 967 mei.
818 910 967 966 More
1006 909 1244 978 loquitur
1283 923 1470 963 eorum
1514 907 1604 978 qui
1633 907 1732 962 sibi
1763 922 1976 976 semper
2026 906 2238 961 animos

658 1002 901 1073 judicum
941 999 1218 1055 conciliari
1257 1006 1526 1067 satagunt,
1563 1006 1620 1054 et
1647 1008 1835 1053 contra
1867 998 2051 1053 hostes
2089 996 2231 1051 inlli-

663 1109 812 1166 gere.

633 1217 641 1239 ς
733 1184 1096 1255 Spiritualiter
1116 1199 1242 1239 vero
1261 1183 1497 1239 EcClesia
1521 1181 1736 1253 plorans
1763 1181 1903 1237 mala
1926 1181 2238 1252 imprmsen-

663 1276 886 1340 tiarum,
919 1290 1039 1343 qua:
1082 1275 1182 1330 sibi
1224 1276 1441 1344 suisque
1477 1274 1781 1328 inferuntur
1806 1313 1821 1337 ,
1867 1273 2030 1342 gemit
2081 1273 2234 1341 quasi

662 1377 759 1434 per
797 1363 890 1418 Sin
920 1363 1180 1426 litteram,
1215 1377 1334 1431 quae
1365 1362 1595 1416 dentium
1636 1363 2044 1431 interpretatur.
2098 1362 2235 1416 Den-

659 1453 794 1508 tium
836 1460 920 1507 cst
965 1452 1144 1521 itaque
1171 1451 1328 1506 ﬂetus
1355 1467 1564 1514 eorum,
1598 1452 1665 1506 de
1700 1453 1897 1521 quibus
1943 1451 2138 1522 legitur
2181 1452 2235 1506 in

658 1543 896 1599 Canticis
927 1559 942 1595 :
972 1542 1161 1596 Dentes
1209 1544 1286 1595 tui
1328 1543 1459 1596 sicut
1506 1558 1682 1611 greges
1731 1541 2072 1594 detonsarum
2119 1557 2254 1611 qure-

657 1635 1000 1687 ascenderunt
1041 1633 1105 1686 de
1137 1630 1345 1685 lavacro
1391 1629 1565 1701 (Cant.
1610 1629 1704 1701 iv).
1745 1629 1946 1685 Omnes
1993 1631 2236 1700 gemellis

658 1724 874 1786 fetibus,
905 1733 959 1776 et
1001 1722 1200 1777 sterilis
1226 1737 1330 1776 non
1361 1730 1444 1775 est
1474 1721 1615 1774 inter
1642 1735 1754 1776 eas.
1784 1721 1930 1787 Quos
1979 1721 2232 1775 nimirum

2340 559 2371 599 a
2417 545 2613 615 quibus
2663 547 2807 602 intus
2855 547 3056 604 forisve
3107 551 3470 620 impugnatur.
3519 550 3722 606 Tamen
3774 557 3893 610 novit

2338 648 2533 702 sponsa
2580 634 2800 697 Christi.
2836 635 2964 692 licet
3013 637 3086 691 illi
3121 641 3367 704 saeviant,
3405 641 3549 709 quod
3585 643 3795 698 nonnisi
3821 646 3896 699 Dei

2341 722 2688 777 dominantur
2718 727 3002 794 permisso,
3032 736 3089 782 et
3119 729 3248 783 hinc
3292 738 3378 783 est
3425 730 3570 799 quod
3621 731 3776 796 dicit,
3799 749 3899 802 quo-

2339 813 2481 865 niam
2513 822 2569 865 tu
2598 813 2789 881 fecisti,
2816 815 2955 869 sicut
2982 816 3098 886 ipse
3132 817 3262 871 dicit
3288 833 3385 887 per
3407 819 3726 890 prophetam
3763 819 3897 874 alibi:

2339 900 2452 971 Ego
2482 901 2740 957 Dominus
2779 921 2962 959 creans
3004 906 3224 972 malum,
3260 918 3307 960 et
3347 908 3550 976 faciens
3578 925 3760 978 pacem
3786 908 3896 976 (lsa.

2338 995 2481 1062 xcv).
2528 993 2681 1048 Facit
2721 1009 2849 1062 ergo
2892 1011 3087 1065 pacem
3133 1007 3189 1051 et
3237 1007 3388 1052 creat
3438 999 3682 1062 malum,
3713 1001 3898 1069 quando

2331 1081 2478 1152 justo
2506 1100 2604 1139 suo
2627 1084 2833 1152 judicio
2854 1089 3119 1156 permittit
3145 1089 3276 1143 illud
3309 1090 3448 1143 fieri.
3481 1090 3791 1154 Adduxisti,
3825 1092 3898 1155 ait,

2335 1172 2474 1228 diem
2512 1175 2904 1240 consolationis,
2928 1187 2977 1231 et
3019 1178 3147 1246 ﬁent
3189 1179 3386 1232 similes
3423 1180 3544 1232 mei.
3581 1179 3715 1233 Rrec
3759 1183 3902 1251 magis

2338 1265 2593 1320 Ecclesia:
2618 1278 2940 1337 congruunt,
2969 1272 3096 1338 quia
3137 1270 3276 1325 nulla
3307 1272 3608 1326 consolatio
3640 1279 3810 1325 restat
3829 1271 3901 1326 lu-

2338 1360 2574 1415 dzeorum
2589 1362 2918 1430 captivitatis
2927 1371 3203 1417 extremae.
3231 1363 3382 1418 Unde
3401 1363 3603 1416 Paulus
3618 1364 3891 1432 apostolus:

2337 1448 2549 1502 Iustum
2599 1459 2694 1511 est,
2736 1451 2943 1520 inquit,
2979 1453 3118 1518 apud
3152 1449 3322 1505 Deum
3375 1451 3662 1505 retribuere
3703 1451 3900 1504 tribula-

2338 1541 2527 1594 tionem
2574 1541 2654 1593 his
2695 1542 2784 1610 qui
2831 1541 3122 1606 tribulam;
3172 1552 3222 1596 et
3256 1542 3396 1596 vobis
3441 1543 3533 1611 qui
3580 1542 3899 1604 tribulamim',

2338 1635 2564 1703 requiem
2598 1632 2865 1686 nobiscum
2892 1633 2946 1685 in
2974 1634 3283 1688 reuelatione
3306 1633 3518 1687 Domini
3550 1632 3687 1687 Iesu
3731 1633 3893 1688 Christi

2334 1723 2392 1776 in
2419 1723 2544 1777 caelo
2565 1739 2681 1776 cum
2711 1723 2910 1793 angelis
2936 1725 3139 1776 uirtutis
3163 1724 3296 1793 ejus,
3321 1725 3374 1777 in
3393 1724 3612 1792 ﬂamma
3639 1725 3772 1793 ignis
3795 1725 3896 1776 dan-

657 1817 848 1869 dentes
874 1828 1116 1868 eos‘esse
1147 1812 1362 1881 opinor,
1396 1811 1486 1881 qui
1517 1809 1702 1880 (Hebr.
1726 1810 1780 1878 ν)
1813 1825 1917 1863 non
1947 1810 2084 1865 lacte
2125 1811 2230 1865 do-
2265 1801 2311 1862 Β
2337 1815 2404 1868 tis
2434 1814 2712 1868 vindictam
2743 1815 2825 1868 his
2851 1816 2940 1884 qui
2993 1831 3097 1867 non
3127 1824 3378 1868 noverunt
3411 1813 3607 1878 Deum,
3631 1825 3680 1868 et
3711 1815 3795 1884 qui
3815 1831 3896 1867 που

655 1904 844 1959 ctrina
874 1902 1134 1972 indigent,
1156 1901 1250 1954 sed
1280 1899 1392 1967 jam
1420 1898 1659 1952 infantize
1688 1900 2074 1952 transcendunt
2102 1909 2232 1953 teta-

655 2003 790 2055 tem,
813 1992 904 2061 qui
928 2007 1034 2046 non
1060 1989 1234 2044 solum
1260 1988 1488 2043 solidum
1508 1989 1616 2042 sibi
1645 1988 1823 2042 cibum
1849 1997 2053 2058 queunt
2077 2004 2231 2042 man-

653 2085 807 2148 dere,
832 2097 1019 2137 verum
1044 2081 1205 2136 etiam
1239 2090 1295 2134 et
1322 2080 1578 2133 virtutum
1621 2094 1743 2132 ossa
1791 2077 1951 2133 fortia
1979 2078 2230 2147 quaelibet

652 2172 912 2228 membris
939 2171 1190 2226 Ecclesia:
1233 2169 1472 2223 dividere
1511 2161 1574 2223 ac
1601 2170 1892 2223 rnminare.
1932 2167 2086 2224 Unde
2133 2169 2227 2223 uni

651 2277 843 2320 eorum
871 2262 1131 2318 Dominus
1157 2276 1279 2316 cum
1310 2261 1558 2315 universa
1583 2260 1826 2328 repenti
1850 2260 1915 2314 de
1943 2258 2079 2314 eat-lo
2101 2259 2227 2315 sub-

650 2356 890 2410 mitteret
919 2371 931 2406 :
966 2352 1162 2416 Macta,
1191 2353 1386 2421 inquit,
1411 2361 1457 2404 et
1488 2351 1747 2405 manduca
1778 2350 1915 2421 (Act.
1951 2350 2030 2423 ι).
2069 2350 2228 2406 Tales

649 2450 814 2522 igitur
838 2447 1212 2503 discretissimi
1242 2445 1606 2500 doctrinarum
1632 2443 1878 2498 acumine
1905 2443 2082 2498 sciunt
2113 2458 2226 2498 ma-

643 2548 798 2593 ctare
839 2538 995 2602 vitia,
1021 2546 1075 2590 et
1104 2537 1315 2590 animas
1345 2535 1677 2588 credentium
1702 2533 1753 2586 in
1791 2531 1995 2587 Christi
2026 2548 2224 2602 corpus

642 2629 952 2685 mdendo
990 2629 1258 2697 trajicere.
1302 2624 1408 2680 Sed
1449 2626 1575 2693 quia
1604 2623 1846 2678 dentium
1894 2623 2224 2680 incurrimus

642 2722 974 2777 mentionem
1002 2759 1018 2785 ,
1064 2718 1372 2773 noverimus
1415 2729 1604 2770 eorum
1644 2713 1856 2769 diversa
1905 2729 2024 2769 esse
2071 2730 2225 2769 man-

645 2815 804 2868 dendi
829 2813 1037 2874 cilicia;
1082 2811 1174 2864 alii
1203 2811 1416 2878 quidem
1443 2808 1708 2871 dividunt,
1739 2806 1826 2861 alii
1855 2807 2225 2861 comminuunt

646 2913 704 2957 et
732 2903 1024 2964 ruminant,
1055 2900 1144 2953 alii
1174 2899 1408 2952 formant
1453 2911 1631 2959 voces,
1661 2903 1717 2949 et
1759 2910 1880 2950 cum
1910 2895 2092 2964 lingua
2136 2910 2225 2950 so.

646 3008 749 3048 nos
768 2992 1104 3046 discernunt.
1131 2988 1328 3058 Sicque
1358 2987 1530 3041 sancti
1549 2986 1638 3039 alii
1669 2994 1795 3039 sunt
1820 2994 1880 3039 ut
1907 2998 2098 3056 greges
2128 2985 2222 3039 de—

647 3092 948 3146 tonsarum,
980 3081 1095 3150 qui,
1124 3095 1220 3134 sua
1243 3077 1529 3148 ex5po|iati
1557 3085 1843 3142 vetustate,
1876 3075 2075 3130 fetibus
2106 3077 2221 3130 suis

2333 1904 2576 1959 obediunt
2625 1903 2904 1974 Evangelia
2951 1903 3163 1958 Domini
3206 1904 3376 1958 nostri
3419 1902 3554 1957 Iesu
3594 1902 3785 1957 Christi
3820 1902 3894 1972 (II

2334 1996 2486 2051 Thes.
2525 1997 2588 2063 I).
2628 1997 2696 2051 Et
2719 1997 2834 2051 haec
2856 2007 2940 2051 est
2968 1995 3357 2051 consolationis
3385 1995 3504 2049 dies
3538 2010 3701 2064 quam
3721 2009 3885 2049 omnes

2330 2089 2484 2143 electi
2515 2088 2605 2144 Dei
2634 2089 2686 2141 in
2711 2102 2804 2158 spe
2827 2089 3048 2148 habent,
3075 2101 3292 2156 proqua
3309 2095 3420 2140 tam
3452 2087 3725 2156 patienter
3740 2084 3889 2138 omnia

2332 2179 2816 2249 impraesentiarum
2865 2162 3167 2243 sustinent,
3205 2177 3351 2248 quod
3399 2185 3458 2231 et
3500 2176 3891 2246 oppressoribus

2329 2269 2621 2340 supplicia,
2651 2279 2706 2324 et
2741 2269 2944 2325 sanctis
2971 2271 3194 2340 praemia
3229 2270 3300 2324 sit
3335 2270 3592 2334 daturus,
3621 2271 3716 2339 qui
3744 2270 3888 2323 reddet

2329 2361 2607 2430 unicuique
2614 2359 2770 2429 juxta
2784 2375 2939 2430 Opera
2957 2376 3054 2413 sua
3080 2359 3292 2430 (Matth.
3321 2361 3456 2431 xvr).
3477 2360 3793 2416 Secundum
3809 2369 3892 2412 tto

2327 2451 2594 2521 pologiam
2620 2466 2747 2506 vero
2774 2451 2952 2520 plorat
2984 2451 3190 2516 anima,
3218 2452 3362 2520 quod
3401 2452 3684 2506 audierint
3718 2451 3893 2506 inimici

2327 2543 2450 2611 quia
2484 2543 2786 2613 ingemiscit
2825 2542 3028 2596 offenso
3066 2542 3195 2604 Deo.
3226 2551 3282 2596 et
3306 2551 3598 2612 exaggerat
3631 2542 3771 2596 mala
3797 2557 3898 2610 quae

2329 2632 2558 2696 tolerat;
2590 2633 2886 2702 praesertim
2910 2632 3034 2701 quia
3065 2632 3307 2686 anxianti
3346 2632 3544 2686 animze
3559 2641 3616 2686 et
3645 2631 3898 2686 doloribus

2326 2721 2534 2778 atllictm
2579 2725 2681 2780 hoc
2721 2707 2936 2779 videtur
2958 2738 3100 2794 saepe
3136 2733 3488 2793 augmentum
3515 2726 3600 2777 sui
3643 2724 3893 2782 mret-oris,

2330 2813 2540 2896 1351
2560 2813 2702 2883 quod
2736 2812 2848 2876 ille,
2879 2813 2933 2867 in
2954 2828 3114 2883 quem
3144 2827 3296 2882 spem
3323 2813 3618 2877 habuerat,
3651 2829 3764 2868 sua:
3785 2827 3896 2866 con-

2325 2904 2602 2958 solationis
2656 2903 2835 2958 diﬂ'ert
2881 2919 3036 2974 Opem
3091 2903 3235 2958 ferre
3285 2912 3342 2959 et
3393 2904 3586 2957 auxilii
3643 2904 3899 2959 solatium.

2325 2995 2460 3051 Hinc
2488 3004 2541 3051 et
2586 2997 2883 3051 maximum
2915 2996 2964 3051 ei
3002 3010 3294 3050 maerorem
3347 2995 3564 3058 indidit.
3603 2997 3753 3066 quod
3794 3011 3898 3050 eam

2327 3084 2530 3140 inimici
2568 3085 2867 3150 derideant,
2901 3085 3109 3139 scilicet
3135 3093 3188 3139 et
3223 3087 3410 3139 hostes
3454 3085 3780 3150 invisibiles,
3821 3086 3900 3154 qui

647 3170 734 3225 lac
750 3144 1140 3232 doctrinarum,
1162 3177 1216 3223 et
1243 3144 1555 3222 indumenta
1582 3167 1843 3220 virtutum
1867 3166 2178 3221 ministrant
2203 3182 2217 3231 ;
2250 3144 2294 3205 C
2328 3176 2478 3246 prius
2501 3176 2645 3229 imus
2672 3175 2812 3230 "me
2840 3144 3273 3240 blandiebantur,
3301 3183 3356 3229 ει
3378 3191 3486 3230 non
3513 3175 3690 3231 solum
3714 3144 3790 3240 hi",
3817 3144 3902 3226 ξε,

646 3265 742 3320 alii
770 3275 829 3318 ut
853 3266 919 3319 de
942 3263 1093 3320 Judte
1121 3264 1370 3318 dentibus
1397 3263 1862 3333 prophetizantur,
1889 3263 2031 3332 quod
2069 3261 2222 3332 (Gen.

646 3353 797 3424 χιιι)
822 3353 1318 3408 lactecandidiores
1330 3361 1530 3412 essent.
1545 3351 2001 3421 pulchritudinem
2016 3352 2228 3407 decoris

645 3463 716 3502 ex
737 3445 913 3501 ollieio
944 3444 1009 3500 ad
1035 3459 1301 3500 summam
1329 3442 1684 3498 subtilitatem
1710 3442 1858 3496 verbi
1896 3442 2224 3497 ministrant.

651 3537 867 3610 1356
906 3537 984 3592 De
1009 3537 1207 3608 quibus
1248 3535 1578 3590 tantumdem
1625 3534 1876 3589 dentibus
1916 3534 2047 3589 dicit
2083 3533 2227 3603 Apo-

645 3632 818 3688 stolus
841 3629 908 3684 ad
937 3629 1212 3691 Hebraeos,
1245 3627 1388 3696 quod
1421 3626 1790 3696 perfectorum
1817 3635 1904 3679 est
1946 3625 2102 3680 cibus
2131 3642 2222 3682 so-

646 3723 789 3777 lidus
829 3719 1018 3791 (Hebr.
1066 3718 1144 3790 v),
1197 3718 1288 3786 qui
1330 3733 1429 3787 pro
1469 3716 1829 3787 possibilitate
1873 3717 2223 3780 sumentium,

647 3813 975 3868 exercitatos
1013 3810 1214 3864 habent
1237 3825 1432 3864 sensus
1460 3809 1526 3862 ad
1573 3809 1983 3864 discernendum
2018 3810 2143 3864 boni
2175 3817 2229 3862 et

645 3904 798 3959 mali.
829 3904 928 3970 Qui
959 3902 1202 3973 profecto
1231 3901 1440 3967 dentes,
1467 3902 1595 3971 quia
1618 3917 1732 3972 pra:
1755 3901 2008 3957 omnibus
2038 3917 2224 3956 curam

647 4002 706 4049 et
723 3993 1138 4050 sollicitudinem
1170 4000 1394 4063 gerunt,
1427 3992 1725 4056 audierunt,
1759 3993 1952 4062 inquit,
1980 3995 2106 4064 quia
2140 3995 2226 4047 inm

647 4084 870 4156 gentiseo
892 4099 1009 4154 ego,
1041 4092 1090 4136 et
1117 4098 1220 4136 non
1247 4091 1322 4135 est
1341 4081 1431 4151 qui
1459 4070 1755 4135 consoletur
1777 4098 1879 4136 me.
1925 4082 2228 4137 Audierunt

649 4175 857 4231 scilicet
898 4173 1102 4229 inimici
1129 4211 1144 4234 ,
1172 4187 1310 4241 quos
1337 4186 1462 4226 mox
1495 4171 1707 4226 laetatos
1735 4171 1991 4227 insinuat.
2031 4171 2228 4229 Audie-

648 4275 794 4332 runt,
825 4266 1067 4337 inquam,
1096 4262 1240 4332 quod
1266 4277 1465 4332 sponsa
1508 4262 1690 4332 lugeat
1725 4263 1793 4317 ab
1826 4279 2026 4334 sponso
2069 4264 2229 4319 desti-

648 4367 787 4422 tuta,
812 4357 939 4412 licet
971 4355 1283 4426 promiserit
1306 4354 1451 4424 quod
1491 4369 1614 4408 cum
1641 4368 1707 4408 ea
1748 4369 1962 4424 semper
1993 4355 2064 4409 sit
2093 4353 2228 4408 affu-

2330 3282 2450 3320 rum
2477 3275 2532 3320 et
2556 3267 2770 3336 propria
2799 3267 3130 3321 conscientia
3155 3267 3371 3337 gravius
3402 3269 3715 3322 accusando
3753 3264 3905 3334 insul-

2331 3364 2432 3419 tat,
2468 3357 2691 3425 ipsaque
2739 3355 2870 3410 vitia
2925 3370 3046 3424 quae
3086 3357 3285 3410 dudum
3334 3356 3513 3411 dulcia
3571 3358 3901 3415 videbantur,

2331 3446 2597 3500 atrociora
2624 3460 2681 3500 se
2700 3445 2989 3501 ostendunt
3009 3454 3065 3500 et
3087 3461 3292 3499 amara.
3309 3446 3464 3513 Quod
3494 3448 3540 3502 si
3571 3449 3643 3502 ad
3672 3447 3900 3502 notitiam

2329 3551 2537 3602 eorum,
2584 3537 2746 3592 etiam
2792 3537 2882 3607 qui
2937 3546 3218 3592 consortes
3271 3551 3397 3591 sunt
3447 3539 3588 3593 tanti
3628 3539 3781 3600 mali,
3812 3535 3899 3590 ali-

2331 3629 2545 3697 quando
2592 3635 2776 3682 nostra
2829 3633 3180 3696 pervenerint
3223 3625 3490 3692 facinora,
3532 3627 3901 3683 discernuntur

2329 3727 2580 3772 utruuuie
2627 3717 2831 3773 inimici
2895 3717 3006 3773 sint
3060 3733 3128 3772 an
3199 3718 3394 3782 amici,
3440 3718 3576 3772 dum
3635 3718 3908 3774 derident.

2329 3809 2421 3879 qui
2448 3810 2679 3878 compati
2703 3809 3003 3864 debuerant
3035 3818 3092 3862 et
3130 3809 3334 3878 lugere.
3365 3808 3442 3863 De
3471 3809 3670 3878 quibus
3693 3806 3862 3861 David
3896 3821 3910 3854 ε

2277 3945 2284 3953 .
2331 3900 2433 3966 Qui
2471 3899 2860 3966 custodiebant,
2895 3901 3087 3970 inquit,
3127 3900 3359 3953 animam
3395 3916 3598 3963 meum,
3634 3897 3919 3953 consilium

2331 3991 2560 4061 fecerunt
2604 3993 2658 4044 in
2698 4007 2892 4056 unum,
2942 3992 3171 4045 dicentes
3207 4004 3228 4043 :
3273 3989 3417 4044 Deus
3453 3989 3741 4060 dereliquit
3781 4004 3915 4047 eam.

2327 4085 2692 4154 persequimini
2719 4093 2766 4139 et
2796 4085 3211 4154 comprehendite
3237 4100 3357 4138 eum
3375 4125 3392 4150 ,
3422 4085 3548 4154 quia
3581 4101 3696 4138 non
3732 4093 3812 4136 est
3838 4079 3925 4149 qui

2320 4175 2513 4242 eripiat
2540 4173 2878 4244 (Psal.r.u).
2911 4173 3016 4230 Sed
3043 4173 3290 4243 quamvis
3338 4173 3412 4227 ita
3451 4173 3689 4227 sazviam
3736 4170 3926 4225 adver-

2329 4265 2480 4327 sarii,
2511 4263 2672 4318 habet
2695 4265 2874 4318 anima
2903 4265 3090 4319 dentes
3111 4277 3237 4317 suos
3259 4263 3328 4317 de
3347 4275 3516 4316 carne
3540 4261 3760 4316 Christi
3789 4266 3849 4312 et
3869 4257 3930 4309 de

2327 4355 2542 4409 ossibus
2580 4355 2698 4423 ejus
2742 4355 2794 4408 in
2845 4354 3027 4408 animo
3077 4354 3365 4418 elimatos,
3401 4368 3646 4422 quorum
3681 4364 3796 4404 vos
3849 4355 3927 4400 est

646 4462 804 4505 turus
859 4463 1019 4518 usque
1063 4447 1132 4500 ad
1193 4447 1692 4500 consummationem
1745 4445 1925 4500 standi
1989 4446 2222 4514 (Matth.
2253 4487 2306 4548 Β
2333 4447 2399 4501 ad
2421 4447 2608 4510 Deum,
2635 4456 2692 4500 ut
2713 4445 3031 4516 ingemiscat
3057 4454 3111 4500 et
3129 4445 3330 4514 lugeat,
3367 4445 3650 4514 cogitatus
3682 4439 3938 4496 videlicet

647 4538 864 4607 xxviii).
913 4536 1070 4603 Quia,
1111 4535 1212 4591 etsi
1242 4535 1398 4591 adest
1438 4550 1652 4604 semper
1690 4550 1949 4605 praesens,
1979 4537 2069 4606 qui
2101 4553 2230 4607 nus-

648 4606 886 4700 quamet
919 4643 1191 4698 nunquam
1215 4628 1368 4682 abest
1399 4641 1497 4696 per
1526 4625 1884 4694 majestatem,
1918 4643 2081 4697 quam
2125 4606 2232 4684 ire-

650 4730 882 4793 quenter
933 4728 1114 4774 tamen
1158 4717 1341 4773 multis
1380 4732 1448 4774 ex
1494 4717 1674 4772 causis
1703 4717 1925 4771 dimittit
1972 4733 2230 4788 sponsam

651 4811 852 4870 tentari
877 4810 996 4867 sine
1022 4807 1412 4872 consolatione,
1442 4815 1503 4862 ut
1529 4806 1766 4872 videtur,
1801 4807 1888 4862 sui
1924 4807 2132 4872 auxilii,
2160 4822 2230 4862 ex

650 4919 761 4975 quo
779 4903 856 4958 ait
890 4919 907 4957 :
932 4899 1194 4956 Viderunt
1214 4899 1340 4970 quia
1361 4898 1640 4969 ingemisco
1662 4915 1790 4970 ego;
1821 4913 1886 4954 ac
1908 4899 1954 4955 si
1977 4899 2185 4955 diceret
2205 4919 2226 4955 :

650 4992 920 5050 Viderunt
946 4991 1090 5062 quod
1118 5004 1392 5060 nunquam
1419 4990 1678 5060 suspicati
1725 4998 1870 5056 sunt,
1908 4991 2054 5060 quod
2089 5005 2232 5046 sem-

650 5099 752 5155 per
781 5088 1108 5154 optaverunt
1132 5088 1188 5134 et
1227 5080 1510 5146 viderunt,
1540 5095 1647 5135 non
1692 5079 1868 5135 solum
1910 5080 2054 5149 quod
2083 5081 2232 5151 inge-

655 5177 848 5241 misco,
877 5189 1066 5231 verum
1085 5173 1250 5229 etiam
1295 5171 1436 5228 mala
1465 5172 1702 5242 ingentia
1731 5187 1852 5241 qua:
1878 5173 2144 5237 sustineo,
2174 5182 2232 5228 et

653 5267 781 5324 inde
809 5264 974 5320 laetati
1004 5271 1160 5329 sunt;
1210 5262 1465 5332 quoniam
1507 5261 1795 5316 audierunt
1823 5261 2026 5316 malum
2051 5277 2230 5318 meum

656 5372 765 5427 quo
801 5355 996 5427 patior,
1025 5369 1132 5424 quo
1172 5352 1348 5423 lugeo,
1372 5367 1479 5421 quo
1510 5352 1628 5407 sine
1666 5352 2029 5417 consolatore,
2059 5352 2224 5407 etiam

658 5449 713 5503 in
757 5445 1010 5502 membris
1057 5443 1194 5500 meis
1233 5443 1416 5514 pejora
1456 5442 1754 5499 committo.
1821 5442 2053 5509 Quinam
2117 5443 2228 5498 sint

657 5535 917 5592 Ecclesiae
961 5533 1188 5598 inimici,
1221 5531 1564 5589 manifestum
1609 5542 1694 5588 est
1735 5533 1880 5602 quod
1907 5545 2096 5586 omnes
2140 5549 2231 5588 ne-

658 5629 837 5698 quitiae
865 5626 1174 5698 spirituales
1195 5627 1248 5681 in
1263 5625 1550 5686 cwlestibus
1575 5634 1633 5681 et
1653 5625 1785 5681 aerii
1807 5624 2029 5694 spiritus
2050 5635 2106 5680 et
2131 5641 2228 5696 po-

663 5725 888 5772 testates
949 5717 1293 5773 tenebrarum
1344 5715 1535 5770 harum
1596 5730 1716 5782 qua:
1769 5715 1818 5770 ei
1871 5701 2291 5771 adversantur"

2333 4550 2427 4606 spe
2447 4534 2636 4599 fortes,
2660 4535 2751 4604 qui
2779 4537 2960 4589 sciunt
2981 4535 3217 4589 dividere
3258 4535 3401 4590 inter
3443 4547 3730 4605 prospera
3757 4540 3816 4585 et
3841 4528 3933 4580 ad-

2333 4641 2509 4692 versa,
2557 4627 2649 4696 qui
2684 4625 2864 4681 sciunt
2910 4625 3277 4682 consolantem
3313 4627 3575 4696 spiritum
3621 4625 3936 4694 requirere.

2333 4735 2433 4774 nec
2455 4721 2522 4774 de
2551 4720 2644 4774 Dei
2699 4718 3067 4774 misericordia
3096 4734 3333 4789 unquam
3390 4719 3734 4787 desperare.
3769 4713 3939 4772 Undi‘.

2332 4811 2541 4881 inquit,
2572 4810 2842 4864 adduxisti
2871 4810 3009 4864 diem
3037 4810 3436 4874 consolationis,
3459 4811 3595 4879 quia
3632 4813 3756 4866 scit
3791 4809 3943 4863 fortis

2333 4901 2514 4955 anima
2556 4909 2612 4956 et
2653 4899 2976 4970 paenitentes
3011 4907 3134 4970 post
3158 4901 3437 4969 angustias
3455 4901 3698 4956 veniam
3730 4913 3945 4972 promr-

2332 4991 2460 5055 reri,
2486 4998 2542 5044 et
2563 4989 2968 5054 insultantibns,
3002 4988 3262 5060 supplicia
3290 4989 3721 5058 retributionis,
3751 4989 3947 5058 aiusto

2323 5082 2508 5157 judice
2540 5081 2788 5153 irrogari.
2811 5080 3056 5150 Iliaeque
3081 5080 3326 5151 sequitur
3357 5100 3370 5134 :

3040 5235 3201 5276 τωο.

2405 5350 2744 5422 Ingrediatur
2771 5367 2922 5406 omne
2946 5352 3146 5406 malum
3179 5367 3358 5406 eorum
3389 5368 3582 5406 coram
3632 5363 3732 5420 te,
3775 5364 3828 5409 et
3852 5350 3954 5407 sil-

2335 5442 2508 5496 demia
2531 5459 2618 5496 eos
2637 5443 2774 5497 sicut
2811 5443 3140 5496 vindemiasti
3162 5459 3266 5508 me,
3285 5453 3498 5513 propter
3516 5460 3734 5500 omnes
3764 5442 3952 5512 iniqui-

2335 5539 2467 5586 tates
2495 5547 2659 5588 meas.
2699 5531 2763 5586 Hi
2794 5531 3047 5586 versiculi
3078 5532 3281 5588 habent
3324 5532 3501 5598 Thau,
3547 5544 3623 5588 et
3647 5536 3785 5592 hac
3813 5533 3956 5602 signa

2309 5623 2532 5698 quibus
2553 5622 2782 5694 plurima
2810 5623 2864 5677 in
2905 5622 3103 5680 litteris
3129 5624 3329 5694 passim
3368 5623 3586 5679 divinis
3620 5626 3958 5697 signiﬁcan-

2337 5725 2444 5783 tur,
2473 5732 2592 5787 qua:
2612 5732 2720 5772 non
2747 5717 2926 5772 minus
2955 5717 3045 5773 hic
3071 5732 3234 5786 quam
3263 5726 3317 5771 et
3340 5715 3467 5770 alihi
3502 5716 3848 5776 habentur.
3877 5714 3960 5771 Si-
