4048 6352
200 345 310 401 “0|

899 337 1265 400 EXPOSITIO
1301 342 1367 399 IN
1404 337 1991 399 LAMENTATIONES
2029 340 2369 397 JEREMIIE.
2411 371 2480 382 --
2515 341 2645 399 LIB.
2690 343 2731 398 Ι.

3308 349 3447 405 “02

194 456 388 529 quidem
415 454 562 509 Thau
603 453 752 523 signa
793 453 1202 522 interpretatur,
1252 454 1445 525 plurali
1487 469 1752 509 numero:
1785 460 1836 519 Α
1861 471 1948 510 eos
1975 454 2107 508 sicut
2138 454 2468 509 uindemiain
2497 471 2576 509 me
2601 493 2618 519 ,
2655 463 2868 524 propter
2918 470 3093 510 omnes
3141 457 3447 528 iniquitates

191 548 423 620 quoniam
450 547 518 601 ob
546 546 648 600 hoc
670 544 882 615 signum
909 545 1040 600 illud
1062 555 1531 616 prannonstratur,
1561 562 1628 602 ex
1645 563 1754 617 quo

197 645 368 694 cuncta
389 644 600 692 secreta
632 635 758 698 Dei,
799 650 920 704 quae
953 636 1166 706 signata
1215 645 1368 703 sunt,
1417 647 1752 693 reserantur.

197 731 266 785 De
295 740 394 798 quo
418 741 548 783 sane
570 726 725 794 signo
756 723 1027 781 Ezechieli
1063 728 1345 797 prophetae
1375 727 1616 798 angelus,
1645 728 1757 783 imo

194 823 299 891 ipse
326 821 616 876 Dominus:
650 818 860 884 Transi,
887 820 1100 890 inquit,
1142 837 1237 890 per
1265 820 1490 875 mediam
1534 819 1758 875 Ierusa-

191 910 308 974 lem,
331 921 372 964 et
400 911 545 980 signa
595 908 743 962 Thau
769 911 830 962 in
866 908 1129 978 frontibus
1171 910 1405 964 virorum
1443 911 1758 980 gementium

188 1013 235 1056 et
255 1001 528 1056 dolentium
550 999 770 1071 (Ezech.
803 999 902 1071 ix).
933 999 1038 1055 Per
1059 1002 1200 1070 quod
1228 1002 1482 1057 nimirum
1521 1002 1755 1073 signum,

193 1093 319 1148 nulli
347 1094 580 1157 dubium,
611 1108 743 1147 crux
769 1091 982 1147 Domini
1008 1100 1064 1147 et
1090 1091 1208 1160 ejus
1239 1101 1389 1148 recte
1417 1093 1597 1163 passio
1621 1092 1761 1147 desi-

192 1194 399 1253 gnatur,
423 1183 580 1239 siculi
613 1190 668 1237 et
696 1199 763 1238 ex
796 1183 966 1252 ipsius
1010 1183 1326 1239 charactere
1372 1183 1774 1261 cognoscitur;

193 1280 242 1333 in
274 1293 371 1348 qua
397 1292 581 1348 parum
613 1276 802 1331 deesse
831 1276 1034 1342 crucis,
1065 1275 1169 1332 nisi
1201 1277 1345 1346 quod
1379 1292 1542 1347 supra
1595 1276 1760 1331 telum

192 1367 519 1436 praeminet;
561 1368 704 1420 unde
726 1366 841 1436 jam
870 1374 925 1420 et
962 1381 1029 1420 ex
1080 1366 1338 1437 mysterio
1389 1367 1443 1420 in
1494 1366 1762 1421 frontibus

191 1458 419 1511 virorum
444 1457 774 1527 gementium
805 1464 864 1510 et
890 1456 1185 1510 dolentium
1233 1457 1437 1526 signari
1485 1472 1762 1513 commen-

193 1554 366 1607 datur.
388 1552 448 1607 Et
468 1567 538 1608 ne
562 1567 755 1624 parum
789 1551 883 1606 tibi
920 1553 1184 1617 videatur,
1219 1554 1361 1608 scias
1387 1569 1506 1609 eam
1537 1551 1766 1608 novissi-

193 1662 332 1701 mam
355 1645 698 1701 Hebrzeorum
727 1644 988 1709 litteram,
1016 1644 1157 1698 sicut
1183 1653 1236 1699 et
1261 1668 1301 1699 ω
1323 1644 1654 1700 Graecorum.
1691 1643 1766 1698 De

191 1751 299 1806 qua
325 1735 574 1790 Dominus
591 1753 603 1790 :
623 1735 736 1804 Ego
753 1750 891 1800 sum,
908 1734 1102 1803 inquit,
1131 1758 1164 1790 α
1186 1745 1231 1788 et
1256 1758 1314 1794 ω.
1339 1735 1547 1788 initium
1570 1743 1619 1789 et
1642 1733 1764 1802 ﬁnis

1856 560 2020 599 meas.
2044 543 2316 612 Quantum
2339 546 2405 601 ad
2435 545 2670 600 litteram
2700 554 2929 616 spectat,
2955 547 3034 602 sic
3057 548 3257 606 factum
3287 559 3374 606 est
3391 561 3449 607 et

1858 635 1913 689 in
1938 634 2152 690 caeteris
2192 635 2374 706 regnis
2403 633 2710 690 Judaeorum
2741 635 2995 692 inimicis.
3045 635 3188 706 Lege
3212 642 3448 711 propheo

1859 735 1960 791 tas,
1993 736 2050 782 et
2091 728 2274 782 omnia
2323 728 2590 798 completa
2625 729 2880 799 reperies.
2929 728 3034 785 Sed
3083 733 3150 787 ad
3201 742 3446 789 nostram

1857 816 2156 874 Jerusalem
2185 819 2297 874 haec
2333 819 2514 874 omnia
2557 819 2753 874 melius
2786 830 3112 891 congruunt,
3157 839 3278 893 quin
3324 835 3450 882 orat

1865 911 2080 983 1359
2105 912 2493 972 indesinenter.
2524 914 2686 967 etiam
2717 913 2784 968 de
2813 915 2916 969 sub
2955 929 3051 969 ara
3086 915 3180 970 Dei
3201 917 3342 973 sicut
3369 919 3450 973 le-

1858 1003 2007 1074 gitur
2026 1019 2044 1056 :
2073 1001 2272 1070 Quare,
2306 1003 2550 1068 Domine,
2574 1021 2680 1058 non
2706 1004 2943 1072 defendis
2981 1016 3028 1060 et
3069 1008 3304 1062 vindicas
3327 1025 3452 1063 san—

1861 1094 2070 1163 guinem
2100 1106 2332 1148 nostrum
2348 1094 2374 1148 γ
2392 1092 2574 1165 (Apoc.
2594 1094 2666 1162 vt)
2684 1103 2738 1149 et
2761 1102 2956 1150 caetera
2983 1110 3104 1165 qua:
3124 1106 3446 1167 sequuntur.

1861 1182 1939 1237 Ita
1977 1192 2034 1238 et
2077 1184 2166 1238 hic
2206 1184 2406 1239 chorus
2435 1183 2693 1247 lldelium,
2725 1191 2784 1238 ut
2818 1193 3211 1240 rcmemoretur
3235 1186 3288 1241 in
3317 1202 3453 1242 con-

1862 1281 2050 1343 spectu
2079 1275 2169 1328 Dei
2187 1281 2597 1344 persecutorum
2624 1273 2937 1339 crudelitas,
2971 1283 3025 1328 et
3063 1275 3285 1332 ultionis
3327 1278 3452 1332 vin-
3514 1308 3517 1310 -

1863 1367 2005 1424 dicta
2030 1369 2235 1439 justum
2270 1368 2366 1424 Dei
2388 1367 2648 1437 judicium
2677 1382 2770 1423 eos
2786 1367 3117 1439 jamjamque
3145 1371 3452 1440 apprehen-

1865 1459 1976 1524 dat,
2006 1459 2253 1514 humiliet
2281 1468 2336 1515 et
2365 1459 2579 1528 perdat,
2602 1459 2693 1527 qui
2722 1459 3083 1528 superbiendo
3107 1461 3313 1516 crudeli
3343 1477 3454 1517 non

1866 1548 2164 1604 timuerunt
2189 1549 2564 1618 persecutione
2589 1548 2790 1604 Christi
2819 1550 3117 1606 Ecclesium
3139 1568 3358 1619 vexare,
3375 1553 3458 1609 af.

1864 1638 2050 1710 ﬂigere
2071 1641 2156 1696 vel
2181 1641 2392 1711 punire.
2430 1640 2584 1696 Unde
2623 1641 2904 1711 inquiunt,
2946 1645 3272 1713 ingrediatur
3304 1663 3459 1703 omne

1866 1732 2067 1786 malum
2106 1749 2287 1788 eorum
2317 1748 2494 1788 coram
2524 1743 2591 1786 te.
2623 1733 2757 1800 Quia
2802 1734 3064 1803 profecto,
3089 1738 3302 1806 quando
3333 1737 3462 1793 talia

190 1825 639 1898 (Amanum).
669 1825 826 1892 Quod
857 1826 901 1880 si
931 1826 1045 1896 ipse
1072 1827 1321 1881 Christus
1344 1849 1378 1882 at
1406 1827 1622 1891 dicitur,
1647 1826 1768 1880 linis
1799 1819 1847 1880 B
1876 1832 1932 1878 et
1961 1831 2110 1878 tanta
2131 1839 2322 1879 eorum
2346 1824 2626 1878 incanduit
2642 1825 2869 1890 malitia,
2900 1826 3056 1895 quasi
3077 1827 3220 1882 Deus
3249 1829 3463 1884 nescire

192 1917 451 1982 videlicet,
474 1903 602 1987 quid
626 1926 784 1986 putas
808 1917 986 1973 minus
1005 1917 1220 1988 1358
1247 1933 1345 1988 per
1369 1917 1522 1973 Thau
1547 1933 1767 1974 crucem

194 2006 475 2077 significari
500 2021 682 2076 posse,
727 2021 836 2074 qua
873 2006 1133 2076 iubentur
1159 2008 1402 2062 omnium
1433 2008 1766 2079 gementium

189 2111 260 2152 ac
285 2096 570 2152 dolentium
595 2095 807 2151 frontes
828 2097 1139 2168 consignari
1164 2107 1218 2153 et
1243 2100 1576 2162 consecrari,
1594 2113 1659 2152 ne
1681 2099 1770 2155 lte-

179 2189 392 2256 ,dantur
413 2189 586 2248 abhis
606 2189 659 2244 in
690 2204 919 2258 quorum
944 2190 1193 2245 manibus
1219 2205 1348 2246 vasa
1377 2190 1768 2248 interfectionis

193 2295 302 2350 per
324 2280 536 2334 mediam
570 2279 868 2335 Jerusalem
898 2282 965 2336 ad
991 2282 1332 2352 perimendas
1375 2285 1586 2338 animas
1621 2284 1770 2339 defe-

196 2371 424 2424 runtur?
468 2369 600 2424 Nam
629 2386 822 2430 omnes
853 2373 1044 2427 littera:
1094 2373 1247 2444 signa
1280 2382 1406 2428 sunt
1431 2375 1721 2429 verborum
1751 2391 1766 2440 ;

191 2464 358 2518 verba
391 2477 515 2518 vero
540 2472 595 2517 et
617 2464 905 2529 dictiones,
932 2481 1124 2520 rursus
1166 2467 1319 2536 signa
1342 2475 1468 2521 sunt
1496 2483 1680 2522 rerum
1716 2475 1772 2522 et

180 2569 410 2625 operum
434 2565 733 2625 gestorum,
751 2572 818 2611 ex
843 2557 1040 2626 quibus
1068 2560 1202 2614 etin
1224 2561 1422 2630 quibus
1445 2562 1648 2625 omnia,
1665 2579 1770 2618 non

190 2645 318 2700 dico
338 2646 646 2714 praesentia,
661 2661 850 2701 verum
873 2647 1036 2701 etiam
1060 2657 1116 2702 et
1142 2648 1322 2704 futura
1354 2651 1768 2722 prasignantur.

185 2737 302 2793 Sed
333 2737 453 2806 quia
483 2736 635 2792 Thau
664 2739 815 2808 signa
860 2739 1209 2808 interpretari
1228 2738 1488 2806 diximus,
1509 2756 1632 2812 qua:
1664 2743 1776 2797 sint

184 2828 309 2898 ipsa
343 2827 511 2895 signa,
545 2826 628 2882 vel
674 2827 828 2897 cujus
881 2828 990 2883 sint
1036 2827 1191 2899 signa
1249 2829 1549 2884 videamus.
1600 2830 1773 2886 Omne

181 2917 339 2973 enim
361 2917 568 2987 signum
599 2918 827 2989 alicujus
847 2928 930 2974 est
949 2919 1160 2991 signum
1195 2937 1209 2975 :
1236 2921 1361 2990 quia
1385 2922 1608 2978 omnino
1628 2921 1774 2978 aliud

182 3018 277 3065 est
313 3009 454 3079 quod
479 3009 679 3081 signat,
706 3020 761 3065 et
789 3010 934 3067 aliud
958 3011 1105 3082 quod
1129 3012 1392 3084 signatur.
1421 3013 1627 3070 idcirco
1653 3030 1773 3085 quae

188 3102 303 3158 sint
354 3101 520 3172 signa,
573 3117 692 3171 qua:
733 3101 891 3170 hujus
944 3103 1139 3160 litteras
1183 3106 1533 3176 designantur
1575 3110 1771 3164 chara-

182 3205 363 3259 ctere,
391 3195 477 3248 vel
503 3209 566 3249 ea
605 3194 758 3263 cujus
779 3195 889 3250 sint
918 3197 1094 3266 signa,
1138 3213 1246 3252 non
1296 3199 1529 3254 absurde
1575 3201 1771 3270 quaeri-

187 3296 304 3340 tur.
341 3287 577 3340 Diximus
600 3285 714 3354 jam
745 3301 908 3356 supra
942 3288 1086 3357 quod
1113 3288 1268 3343 Thau
1294 3290 1506 3359 signum
1532 3299 1638 3354 est,
1668 3291 1778 3346 imo

180 3379 348 3447 juxta
373 3381 868 3448 interpretationem
897 3381 1015 3450 ejus
1034 3420 1049 3445 ,
1078 3380 1230 3451 signa
1259 3390 1386 3435 sunt
1405 3382 1602 3446 crucis,
1631 3392 1686 3437 et
1722 3393 1781 3437 ut

185 3475 376 3528 verius
402 3473 611 3543 loquar,
634 3490 772 3545 pene
806 3475 925 3545 ipsa
971 3485 1056 3530 est
1103 3492 1256 3530 crux.
1288 3476 1442 3532 Unde
1469 3487 1526 3533 et
1551 3479 1775 3550 signari,

186 3562 466 3632 quomodo
507 3564 847 3632 praemissum
874 3605 888 3627 ,
940 3566 996 3620 in
1044 3562 1313 3621 frontibus
1366 3569 1694 3638 gementium
1725 3579 1780 3624 et

181 3652 490 3706 dolentium
537 3653 687 3720 jussa
720 3650 832 3719 est;
865 3655 960 3710 sed
1013 3662 1140 3711 tunc
1169 3655 1380 3725 signum
1414 3667 1534 3713 erat
1584 3657 1780 3714 futurae

177 3743 395 3808 crucis,
419 3758 561 3797 llllllc
600 3758 730 3798 vero
769 3745 882 3814 jam
921 3745 1036 3815 ipsa
1075 3761 1236 3810 crux,
1281 3747 1365 3802 vel
1411 3748 1465 3802 i-n
1496 3764 1560 3802 ea
1601 3751 1780 3818 potius

183 3849 285 3888 res
332 3844 416 3889 est
460 3844 656 3890 nostra:
690 3837 1095 3905 redemptionis.
1135 3838 1243 3894 Sed
1296 3840 1423 3910 quia
1462 3840 1615 3896 Thau
1656 3843 1780 3898 linis

179 3933 276 3981 est
317 3924 664 3984 Hebraeorum
720 3929 1146 3996 elementorum,
1181 3933 1298 4001 ipsa
1347 3948 1478 3989 vero
1513 3934 1779 3992 elementa

184 4020 420 4074 totidem
458 4028 583 4074 sunt
616 4029 748 4090 quot
775 4031 828 4076 et
854 4021 975 4076 libri
1007 4023 1220 4078 Veteris
1251 4024 1616 4092 Testamenti,
1647 4043 1782 4096 queo

181 4124 315 4162 rum
341 4110 456 4178 ipsa
488 4119 613 4163 sunt
641 4110 814 4180 signa.
852 4109 1003 4166 Unde
1028 4125 1134 4166 non
1161 4113 1608 4170 inconvenienter
1635 4133 1778 4182 reor,

175 4199 337 4267 quod
371 4200 509 4254 sicut
542 4202 784 4254 omnium
829 4201 1220 4257 elementorum
1252 4204 1374 4259 linis
1421 4215 1527 4270 est,
1555 4207 1627 4262 ita
1657 4209 1783 4262 toti-

183 4291 316 4344 dem
369 4289 632 4346 librorum
678 4293 893 4348 Veteris
925 4293 1285 4360 Testamenti,
1317 4295 1440 4351 linis
1490 4308 1576 4352 est
1622 4314 1781 4364 crux,

175 4384 378 4452 passio
410 4383 659 4440 videlicet
685 4384 817 4440 Jesu
840 4386 1065 4453 Christi,
1083 4388 1173 4457 qui
1198 4387 1321 4443 finis
1347 4397 1430 4445 est
1454 4390 1620 4447 totius
1643 4391 1780 4464 legis

179 4477 260 4530 ad
281 4475 574 4545 justitiam.
621 4478 913 4548 Propterea
941 4482 1122 4536 omnia
1149 4483 1237 4537 illa
1279 4483 1541 4540 librormn
1584 4486 1780 4542 divinae

179 4568 545 4623 auctoritatis
602 4570 778 4641 signa,
810 4571 1096 4627 dominica:
1149 4573 1542 4632 incarnationis
1590 4586 1646 4631 et
1692 4593 1780 4633 re;

169 4657 524 4726 demptionis
573 4668 770 4715 nostra:
813 4671 940 4716 sunt
983 4672 1342 4719 sacramenta.
1391 4665 1458 4720 Et
1502 4667 1625 4721 ideo
1657 4668 1782 4736 jure

169 4746 347 4800 Thau
395 4748 550 4816 signa
587 4749 998 4818 interpretatur,
1046 4762 1105 4806 ut
1131 4769 1228 4822 per
1256 4755 1442 4809 eadem
1482 4756 1583 4810 hoc
1613 4773 1780 4812 unum

171 4839 651 4904 annuntietur,ex
682 4857 811 4911 quo,
843 4851 903 4897 ut
926 4842 1058 4907 dixi,
1083 4846 1264 4898 omnia
1289 4856 1601 4902 reserantur
1628 4848 1780 4918 signa

165 4935 238 4981 et
277 4927 552 4995 pateﬁunt
595 4930 864 4984 universa.
900 4931 1118 4987 Necnon
1145 4943 1202 4986 et
1244 4933 1645 4992 lamentationis
1682 4953 1780 4992 no-

171 5025 318 5071 stris
349 5033 384 5071 a
409 5019 770 5089 principio,in
797 5021 994 5090 quibus
1024 5023 1190 5076 multa
1236 5035 1597 5080 cucurrerunt
1626 5028 1778 5098 signa

155 5105 520 5176 judiciorum
545 5109 660 5174 Dei,
691 5111 884 5181 dignus
911 5121 998 5168 est
1029 5112 1151 5168 linis
1197 5131 1210 5167 :
1252 5122 1314 5169 ut
1337 5123 1393 5169 et
1418 5115 1472 5170 in
1515 5118 1780 5185 gementi-

163 5199 288 5254 bus
327 5199 825 5270 impraesentiarum
865 5211 921 5257 et
941 5202 1270 5271 dolentibus,
1296 5220 1528 5275 quorum
1553 5207 1607 5261 in
1635 5207 1781 5263 frono

159 5295 334 5352 tibus
362 5311 505 5351 crux
549 5296 759 5368 signata
798 5298 1092 5367 promicat,
1122 5314 1329 5354 merces
1366 5300 1608 5356 laborum
1636 5317 1784 5358 com-

157 5397 455 5459 pensetur
480 5404 511 5444 a
541 5388 807 5457 Domino;
843 5401 898 5446 et
930 5391 1016 5446 his
1041 5392 1132 5462 qui
1162 5407 1256 5448 eos
1303 5394 1652 5460 tribularunt,
1683 5409 1784 5450 nec

155 5482 339 5552 signa
376 5481 518 5536 tanti
540 5483 721 5552 operis
750 5482 1038 5538 voluerunt
1067 5499 1361 5554 agnoscere
1380 5526 1396 5551 ,
1440 5487 1602 5557 digna
1625 5486 1784 5541 retri-

155 5571 433 5628 butionis
459 5582 826 5645 consequatur
853 5575 1006 5629 ultio.
1036 5575 1105 5630 Et
1129 5576 1257 5631 hinc
1292 5585 1378 5631 est
1406 5578 1549 5646 quod
1589 5577 1785 5633 dicitur

151 5680 277 5718 non
300 5665 567 5736 optantis
598 5663 810 5736 allecto,
829 5666 922 5721 sed
946 5667 1316 5737 prophetantis
1345 5669 1575 5740 spiritu:
1602 5668 1786 5738 Ingre-

147 5755 367 5808 diautr
416 5771 574 5809 ontne
625 5755 823 5808 malum
873 5771 1048 5809 eorum
1105 5768 1390 5831 coramte,
1426 5769 1473 5813 et
1519 5758 1786 5814 vindemia

1803 4525 1858 4585 D

1874 1921 2066 1968 etnon
2113 1913 2299 1968 videre
2350 1914 2662 1984 putabatur,
2695 1930 2855 1984 quem
2885 1916 3032 1970 nulla
3077 1916 3248 1973 latent
3272 1917 3462 1991 (Hebr.

1874 2004 2334 2076 tv).Ingrediatur
2360 2023 2510 2061 omne
2535 2007 2740 2062 malum
2757 2025 2937 2062 eorum
2964 2026 3143 2065 coram
3171 2022 3248 2077 te,
3281 2029 3346 2068 ex
3376 2014 3462 2069 his

1874 2095 1928 2151 in
1949 2097 2220 2167 pondere,
2264 2105 2324 2152 ut
2372 2098 2668 2168 puniantur
2707 2099 2826 2155 sine
2860 2099 2966 2155 line
3009 2101 3102 2170 qui
3146 2101 3310 2158 ﬁnem
3353 2105 3466 2159 suis

1871 2187 2056 2257 pravis
2085 2189 2343 2258 operibus
2375 2189 2665 2245 noluerunt
2706 2190 3004 2260 imponere.
3057 2191 3328 2250 Vindemia
3378 2213 3467 2253 eos

1874 2279 1967 2349 qui
2023 2294 2110 2334 me
2148 2280 2636 2336 vindemiaverunt.
2688 2280 3036 2339 Vindemiare
3089 2286 3234 2340 enim
3270 2303 3469 2342 unum-

1875 2385 2147 2442 quemque
2184 2381 2267 2426 est
2299 2386 2528 2442 operum
2588 2387 2811 2427 suorum
2851 2373 3030 2429 fructu
3068 2376 3361 2446 colligere,
3411 2386 3468 2432 et

1875 2475 2058 2522 servat
2090 2467 2462 2536 metaphoram
2505 2481 2574 2520 ex
2613 2465 2770 2520 vinea
2815 2481 2976 2536 quam
3005 2481 3071 2521 ex
3099 2464 3337 2536 Egypto
3366 2467 3464 2522 ad-

1877 2557 2106 2612 duxerat
2138 2555 2312 2627 (Psal.
2346 2556 2533 2626 anx)
2553 2595 2569 2623 ,
2607 2556 2693 2611 vel
2723 2572 2789 2612 ex
2817 2571 2879 2611 ea
2903 2571 3065 2627 quam
3093 2556 3146 2611 in
3175 2556 3468 2628 Evangelia

1876 2648 1992 2719 ipse
2018 2647 2289 2719 plantarat
2337 2647 2554 2719 (Matth.
2591 2648 2728 2717 XXI).
2763 2646 3073 2703 Vindemiat
3117 2651 3468 2720 ergo‘hostes

1877 2754 2006 2796 suos
2055 2740 2334 2804 Dominus,
2367 2738 2460 2809 qui
2493 2748 2714 2795 sanctos
2743 2738 2861 2806 ejus
2891 2739 2944 2794 in
2981 2741 3089 2796 hoc
3121 2741 3319 2796 saeculo
3347 2742 3470 2797 vin-

1876 2831 2204 2894 demiarum,
2240 2847 2378 2901 quos
2424 2831 2492 2885 ad
2522 2831 2900 2901 probationem
2925 2845 3114 2886 eorum
3162 2832 3471 2902 opprimere

1878 2925 1994 2994 ipse
2016 2925 2356 3002 permiserat,
2383 2923 2599 2994 quando
2630 2922 2684 2978 in
2715 2920 2897 2977 futuro
2915 2920 3121 2990 judicio
3149 2931 3467 2993 perpetuam

1877 3017 2138 3073 ultionem
2194 3015 2566 3088 unusquisque
2621 3015 2867 3085 recipiet,
2923 3023 3083 3085 prout
3132 3016 3315 3086 gessit.
3358 3015 3468 3072 Sed

1880 3109 2036 3164 aliter
2065 3107 2380 3162 vindemiati
2423 3113 2550 3162 sunt
2594 3105 2766 3161 sancti
2798 3107 3033 3175 quodam
3075 3107 3234 3161 modo
3263 3107 3316 3161 in
3364 3106 3471 3163 hoc

1882 3201 2098 3267 smculo,
2129 3209 2182 3256 et
2206 3199 2364 3256 aliter
2391 3199 2540 3270 impii
2577 3199 2630 3253 in
2683 3197 2911 3264 futuro;
2955 3199 3080 3268 quia
3123 3199 3296 3254 sancti
3335 3207 3471 3254 tem-

1882 3293 2086 3363 poralia
2131 3291 2431 3346 amiserunt
2477 3299 2534 3346 et
2585 3297 3031 3358 contempserunt,
3087 3289 3258 3354 bona,
3319 3289 3471 3360 impii

1880 3401 2010 3441 vero
2040 3395 2094 3440 et
2146 3393 2416 3438 amatores
2450 3381 2654 3448 szecuii,
2703 3383 3052 3451 sempiterna.
3102 3380 3172 3435 Et
3217 3381 3334 3435 haec
3388 3389 3472 3435 est

1881 3492 2036 3546 aequa
2060 3474 2451 3542 compensatio,
2482 3473 2610 3543 quia
2641 3471 2781 3526 sicut
2820 3472 2876 3526 hi
2905 3470 3220 3526 vindemiati
3252 3478 3378 3524 sunt
3401 3471 3472 3524 ab

1882 3567 2132 3621 omnibus
2158 3562 2316 3633 hujus
2343 3565 2469 3618 vita:
2505 3562 2740 3633 gaudiis,
2774 3570 2833 3617 ut
2862 3562 2964 3631 ipsi
3012 3576 3079 3616 ex
3129 3559 3473 3616 confessione

1881 3672 2023 3712 vera:
2083 3655 2404 3711 humilitatis
2465 3652 2825 3709 confiteantur
2885 3660 3108 3722 propter
3155 3650 3472 3720 iniquitates

1882 3762 2044 3809 suas,
2079 3745 2152 3801 ita
2186 3754 2244 3800 et
2268 3745 2343 3800 illi
2373 3759 2402 3798 a
2434 3743 2634 3823 futuris
2667 3752 2886 3813 propter
2911 3742 3217 3811 impietatcs
3247 3749 3302 3796 et
3329 3740 3474 3795 mala

1882 3851 1980 3890 sua
2011 3835 2312 3906 privamur.
2344 3834 2568 3898 Deinde,
2597 3834 2740 3888 sicut
2767 3833 2942 3888 sancti
2966 3847 3176 3897 eorum,
3199 3831 3347 3900 justo
3372 3831 3473 3886 Dei

1875 3926 2086 3995 judicio
2122 3923 2461 3995 pertulerunt
2498 3936 2815 3994 pressurus,
2847 3922 2923 3977 ita
2951 3931 3007 3977 et
3031 3921 3106 3976 illi
3147 3935 3247 3992 pro
3276 3921 3475 3976 errati-

1882 4019 1984 4074 bus
2012 4016 2126 4072 suis
2169 4029 2361 4086 poenas
2393 4015 2770 4085 sempiternas.
2833 4012 2988 4069 Unde
3042 4028 3114 4068 ne
3147 4013 3473 4084 contingant

1882 4109 2032 4174 talia,
2073 4108 2294 4178 plorans
2323 4121 2387 4161 ac
2417 4119 2641 4175 gemens
2675 4105 2806 4161 dicit
2829 4105 3067 4161 Ecclesia
3103 4119 3119 4158 :
3146 4104 3303 4159 Multi
3332 4105 3473 4160 enim

1881 4203 2101 4272 gemitus
2142 4202 2272 4266 mei,
2299 4209 2347 4254 et
2395 4216 2487 4253 cor
2524 4215 2697 4253 meum
2725 4215 2966 4252 maerens.
3009 4195 3310 4268 Siquidem,
3341 4198 3472 4268 quia

1884 4291 2039 4346 multi
2066 4304 2359 4353 excessus,
2403 4287 2558 4344 multi
2588 4296 2643 4343 et
2685 4287 2962 4358 gemitus;
3006 4295 3060 4341 et
3085 4287 3212 4357 quia
3268 4287 3469 4341 multus

1883 4386 2054 4450 dolor,
2087 4384 2288 4440 multus
2311 4391 2367 4438 et
2392 4382 2573 4438 cordis
2592 4395 2816 4435 mceror.
2852 4377 2910 4434 Si
2933 4393 3040 4449 quo
3061 4379 3221 4432 modo
3251 4379 3471 4432 tandem

1883 4484 2048 4547 queat
2068 4475 2266 4539 dicere,
2285 4474 2513 4528 Domino
2545 4468 3184 4526 miserante:Secundum
3232 4469 3471 4522 multitu-

1886 4569 2060 4622 dinem
2089 4565 2330 4621 dolorum
2372 4581 2605 4619 meorum
2632 4565 2688 4616 in
2733 4563 2888 4616 corde
2912 4578 3057 4624 meo,
3091 4561 3472 4616 consolationes

1887 4669 1995 4712 tua:
2042 4656 2434 4725 lwtiﬁcauerunt
2464 4654 2697 4708 animum
2747 4669 2914 4706 meant
2956 4652 3129 4722 (Psal.
3157 4652 3333 4725 xcm).
3363 4651 3472 4709 Sed

1889 4749 1978 4805 hic
2001 4748 2288 4803 multitudo
2303 4747 2568 4812 dolorum,
2585 4746 2711 4800 licet
2727 4746 2781 4800 in
2803 4747 2994 4816 spiritu
3011 4761 3104 4816 spe
3130 4745 3276 4800 intus
3306 4746 3474 4800 inter-

1889 4843 2015 4898 dum
2040 4839 2368 4904 consoletur,
2396 4837 2522 4893 alibi
2549 4853 2682 4894 vero
2725 4839 3110 4894 consolationis
3134 4839 3241 4893 erit
3287 4854 3470 4894 remu-

1889 4931 2118 4988 neratio.
2157 4930 2226 4984 Et
2259 4931 2379 4984 ideo
2427 4931 2598 4986 donec
2633 4931 2853 4986 venient
2903 4945 3022 4999 qua:
3046 4939 3272 4984 ventura
3321 4941 3466 4994 sunt,

1883 5023 2099 5094 plenius
2133 5023 2346 5094 1360
2377 5020 2568 5078 educta
2615 5022 2682 5076 de
2730 5022 2985 5075 omnibus
3048 5021 3179 5077 dicit
3226 5021 3468 5077 Ecclesia

1886 5131 1980 5172 seu
2009 5115 2188 5170 anima
2216 5122 2404 5169 sancta
2445 5131 2458 5168 :
2491 5113 2650 5169 Multi
2699 5115 2919 5184 gemitus
2952 5114 3051 5166 mei
3089 5122 3136 5166 et
3168 5130 3258 5167 cor
3297 5131 3472 5168 meum

1884 5224 2124 5264 maerens.
2165 5205 2294 5273 Qua:
2338 5204 2596 5259 nimirum
2645 5203 2824 5258 anima
2861 5203 3024 5257 etiam
3068 5202 3348 5258 moraliter
3373 5219 3466 5258 ex-

1885 5316 2052 5373 pensa
2098 5315 2282 5356 coram
2336 5297 2564 5353 Domino
2601 5306 2777 5367 rogat,
2843 5295 3026 5349 dicens
3065 5312 3078 5348 :
3130 5295 3470 5365 Ingrediatur

1887 5409 2040 5447 omne
2087 5391 2287 5447 malum
2334 5407 2515 5446 eorum
2553 5405 2730 5444 coram
2771 5398 2840 5443 te.
2871 5387 3025 5456 Quod
3063 5388 3262 5443 malum
3315 5389 3462 5459 (quia

1884 5483 2020 5537 mihi
2068 5481 2380 5554 frequenter
2409 5482 2695 5553 ingerunt,
2758 5487 2814 5535 et
2849 5479 3141 5534 ostendunt
3191 5479 3336 5534 intus
3384 5480 3466 5534 fo-

1888 5573 2032 5628 risve
2062 5571 2374 5642 frequenter
2419 5578 2474 5625 et
2503 5568 2770 5640 inﬂigunt)
2803 5569 3136 5640 ingrediatur
3171 5583 3354 5623 coram
3394 5579 3464 5633 te,

1887 5673 1948 5720 ut
1979 5665 2227 5721 revinces
2262 5673 2318 5719 et
2368 5678 2628 5731 enerves;
2659 5664 2784 5736 quia
2835 5663 2970 5718 meis
3021 5677 3228 5732 nequeo
3266 5661 3470 5714 viribus

1887 5755 2139 5811 evadere.
2179 5755 2310 5811 Nam
2363 5756 2674 5823 ubicunque
2704 5769 2790 5810 me
2837 5763 3007 5819 verto,
3059 5757 3164 5808 non
3196 5751 3295 5806 nisi
3329 5749 3467 5805 Inala
