4048 6352
648 320 668 372 1
690 321 786 374 103

1460 317 1519 373 S.
1559 316 1914 374 PASCH‘ASII
1951 313 2299 371 RADBERTI
2332 313 2623 372 ABBATlS
2660 313 3106 373 CORDEIENSIS

3681 329 3775 384 lilii

645 446 834 487 eorum
864 431 1042 496 video,
1067 429 1290 501 etquod
1330 430 1548 502 gravius
1583 438 1689 496 est,
1713 428 1957 486 etiamin
2004 438 2229 484 memet-
2261 434 2307 490 Α
2336 428 2598 482 dextrum.
2643 425 2833 482 Excita
2883 429 3139 498 furorem,
3183 436 3228 480 et
3266 429 3450 496 eﬂunde
3484 433 3609 488 iram.
3635 436 3783 495 Extolle

647 525 765 596 ipsa
795 522 1056 580 fabricata
1087 537 1250 593 supra
1278 523 1496 578 dorsum
1526 522 1736 593 reperio
1763 521 1946 592 (Peal.
1980 519 2232 591 cxxvtn).

644 617 854 674 Idcirco
878 617 1005 686 quia
1035 615 1353 688 ﬁgmentum
1380 616 1660 686 agnoscis,
1698 615 2027 686 ingrediatur
2058 631 2236 668 coram

2337 521 2720 584 adversarium,
2747 531 2792 574 et
2822 520 2988 591 aﬂiige
3031 519 3310 573 inimicum.
3348 518 3532 577 Festina
3567 536 3783 598 temput,et

2337 625 2591 668 memento
2633 614 2754 682 ﬁnis
2783 612 2974 682 iEccli.
3006 612 3214 684 xxxvi).
3255 612 3383 682 Ergo
3435 626 3564 687 rogat
3602 619 3792 677 innovare

632 720 697 762 rte
723 707 925 762 malum
946 724 1150 771 earum,
1183 717 1244 761 ut
1271 723 1460 772 exuar,
1491 717 1546 761 et
1571 715 1626 760 tu
1658 708 1833 760 vincas
1880 723 1999 760 cum
2020 706 2238 776 judica-
2337 706 2488 774 signa
2519 720 2638 774 qua:
2665 704 2907 774 quotidie
2937 703 3094 765 liunt.
3125 712 3182 756 ut
3234 715 3541 762 convertatur
3571 707 3731 776 iustitia
3755 713 3792 768 in

643 801 718 852 ris
771 795 943 868 (Psal.
978 798 1064 868 ι),
1100 798 1227 853 talia
1276 813 1385 853 non
1433 812 1646 851 curare.
1715 794 1986 850 Vindemia
2035 812 2122 849 eos
2167 795 2236 849 ab
2330 791 2616 861 judicium,
2672 807 2738 847 ne
2769 808 2984 862 semper
3029 790 3324 862 allligantur
3359 796 3544 860 sancti,
3583 800 3800 854 sedatius-

643 888 894 942 omnibus
921 887 1200 944 fraudibus
1227 888 1360 953 suis,
1388 901 1455 942 ne
1483 886 1716 943 fructum
1743 890 1810 943 de
1855 902 1940 940 me
1983 887 2230 957 capiant;

642 980 778 1034 sicut
819 991 865 1034 et
907 997 988 1034 me
1016 980 1365 1045 vindemiam,
1406 981 1622 1049 quando
1674 989 1730 1035 et
1787 989 1877 1034 tua
1932 979 2062 1033 mihi
2093 979 2232 1033 dona

642 1065 824 1122 lurore
881 1077 1186 1123 commotus
1237 1067 1586 1128 subtrax-isti.
1640 1077 1696 1124 et
1744 1067 2232 1138 imprzcsentiarum

640 1159 895 1227 gaudium
944 1158 1194 1228 perfecta:
1255 1159 1378 1212 vitae
1440 1171 1650 1228 propter
1701 1177 1880 1214 omnes
1931 1160 2232 1229 iniquitates

640 1264 782 1303 meas
811 1249 1109 1315 abstulisti;
1139 1257 1197 1303 ut
1239 1258 1294 1303 et
1325 1249 1453 1302 mihi
1502 1250 1569 1304 de
1611 1263 1846 1303 interere
1887 1265 2076 1303 rursus
2102 1265 2232 1315 gau-

640 1339 747 1403 dia,
775 1348 830 1393 et
862 1339 964 1394 illis
993 1341 1058 1394 de
1088 1356 1186 1395 sua
1214 1340 1554 1394 irrevocabili
1596 1341 1922 1394 crudelitate
1968 1338 2228 1409 supplicia

637 1440 976 1485 excrescant.
1016 1431 1080 1485 Et
1110 1432 1227 1485 itth
1255 1439 1380 1485 sunt
1432 1431 1584 1500 signa
1629 1439 1848 1500 propter
1881 1445 2000 1498 qua:
2047 1429 2229 1484 omnia

638 1521 916 1592 signorum
949 1521 1089 1577 facta
1121 1529 1249 1578 sunt
1291 1520 1572 1574 miracula.
1605 1519 1756 1576 Unde
1782 1519 1949 1573 David
1993 1519 2044 1572 in
2085 1518 2230 1587 psal-

635 1624 766 1664 mo:
799 1610 997 1664 Dedisti
1023 1612 1366 1665 metuentibus
1395 1623 1444 1666 te
1478 1611 1911 1681 signiﬁcationes,
1939 1619 1992 1662 ut
2021 1609 2226 1678 fugiant

636 1715 669 1753 α
697 1699 832 1768 facie
859 1717 1012 1755 arcus
1043 1699 1216 1767 (Psal.
1251 1700 1385 1771 th).
1433 1701 1578 1766 Quas
1600 1701 1694 1768 qui
1723 1699 1993 1754 noluerint
2021 1713 2225 1768 przcca-

2335 884 2564 954 quisque
2614 884 2839 953 recipiat
2877 893 3039 952 prout
3094 883 3375 954 gessit;.ae
3412 885 3452 940 si
3491 887 3612 942 dicat
3650 907 3662 942 :
3702 890 3797 956 Quia

2336 991 2506 1046 usque
2536 975 2604 1029 ad
2633 990 2873 1045 praesens
2921 972 3063 1029 facta
3112 983 3238 1028 sunt
3291 984 3346 1028 ut
3391 975 3665 1046 effugerent,
3703 995 3805 1034 nunc

2335 1068 2560 1122 immuta
2593 1065 3062 1134 niirabilia,.juxla
3109 1068 3251 1137 quod
3295 1068 3579 1138 signiﬁcata:
3616 1080 3730 1134 sunt,
3764 1081 3804 1126 ut

2333 1157 2670 1226 perveniant.
2701 1157 2768 1211 Et
2798 1157 2918 1211 ideo
2949 1157 3003 1211 in
3047 1156 3152 1210 line
3179 1156 3570 1224 hujuslamenti,
3592 1173 3672 1228 per
3698 1159 3809 1214 Thau

2333 1247 2567 1303 litteram
2599 1249 2751 1317 signa
2796 1251 3137 1320 praemonuit,
3165 1257 3220 1305 et
3268 1251 3496 1306 versibus
3531 1252 3807 1324 lacuymabili-

2334 1347 2436 1403 ter,
2462 1354 2582 1408 qua:
2610 1340 2788 1393 futura
2835 1349 2961 1394 sunt
2989 1340 3354 1409 prophetando
3380 1349 3558 1396 cuncta
3582 1341 3812 1410 complevit.

2332 1429 2624 1499 Propterea
2656 1440 2712 1484 et
2754 1447 2852 1486 nos
2879 1431 3033 1485 linito
3076 1430 3359 1499 alphabeto
3390 1432 3567 1500 primo,
3595 1441 3722 1501 prout
3750 1445 3812 1499 po-

2334 1522 2569 1585 tuimus,
2619 1521 2742 1576 libri
2777 1522 2937 1575 linem
2973 1525 3181 1578 demus.
3222 1522 3288 1576 Et
3329 1538 3423 1576 oro
3450 1522 3715 1594 suppliciter
3741 1538 3818 1576 om-

2331 1613 2480 1666 nium
2511 1613 2670 1676 votis,
2694 1623 3125 1683 cunctorumque
3148 1613 3415 1678 lamentis,
3447 1613 3612 1668 abluat
3635 1614 3678 1666 in
3698 1613 3817 1667 visce-

2331 1705 2482 1758 ribus
2499 1703 2627 1759 Jesu
2656 1704 2858 1760 Christi
2885 1722 2898 1769 ;
2936 1706 3064 1775 quia
3096 1705 3344 1770 mihimet
3369 1720 3472 1758 non
3514 1703 3709 1768 subicio,
3734 1717 3819 1772 qua-

635 1806 784 1855 vcre,
817 1793 1109 1847 devenient
1139 1794 1204 1847 ad
1256 1809 1318 1846 ea
1360 1809 1480 1861 qum
1507 1803 1873 1847 consonanter
1929 1793 2222 1861 Scripturze
2254 1797 2297 1855 Β
2329 1802 2484 1847 tenus
2510 1795 2750 1862 quicum
2782 1795 3058 1857 omnibus,
3083 1801 3139 1848 et
3176 1809 3290 1863 pra:
3318 1793 3556 1848 omnibus
3581 1792 3820 1846 immaniter

633 1889 837 1935 sanetae
866 1892 1302 1952 przemonstraut.
1337 1881 1475 1936 Hinc
1519 1896 1732 1952 quoque
1757 1891 1812 1936 et
1858 1881 2119 1951 sapientia
2153 1881 2219 1935 ad

635 1979 936 2026 extremum
986 1971 1201 2026 oculum
1232 1973 1516 2026 intendens
1548 1989 1560 2025 :
1594 1971 1796 2026 Innova
1825 1973 1998 2043 signa,
2027 1972 2221 2040 inquit,

635 2060 856 2116 immuta
913 2062 1198 2116 mirabilia.
1275 2059 1526 2130 Gloriﬁra
1581 2079 1794 2118 manum
1853 2073 1900 2117 et
1952 2063 2223 2117 brachium

2328 1887 2548 1956 deliqui,
2583 1888 2747 1941 etiam
2781 1888 2833 1941 in
2881 1886 3131 1942 omnibus
3160 1886 3454 1942 clementer
3493 1893 3547 1940 et
3571 1899 3676 1939 cuin
3696 1882 3819 1938 omni-

2327 1983 2427 2038 bus
2462 1982 2528 2037 ad
2566 1981 2780 2036 veniam
2807 1994 3021 2035 merear
3053 1979 3325 2035 exaudiri.

637 2223 2530 2251 Μ

1729 2369 2148 2433 PROLOGUS
2191 2371 2404 2433 LIBRI
2444 2370 2803 2433 SECUNDI.

703 2606 914 2681 1331
949 2607 1092 2664 Inter
1132 2625 1231 2666 nos
1253 2626 1320 2666 ex
1358 2621 1547 2682 parte,
1578 2621 1640 2668 ut
1678 2613 1880 2670 dictum
1919 2623 2034 2680 est,
2079 2615 2223 2671 viro-

627 2714 756 2754 rum
777 2699 1119 2764 charissime,
1136 2702 1189 2754 in
1214 2702 1405 2757 dandis
1422 2704 1860 2776 accipiendisque
1884 2707 2222 2773 muneribus,

625 2791 901 2858 praecipue
929 2805 992 2844 ea
1035 2791 1349 2848 aestimanda
1379 2803 1508 2848 sunt
1538 2793 1732 2862 oliicia,
1770 2798 1816 2851 si
1855 2798 2060 2868 liquido
2089 2815 2220 2854 con-

633 2881 854 2946 Stiterit,
885 2882 1021 2936 nihil
1058 2898 1144 2936 me
1171 2883 1317 2939 aliud
1347 2886 1491 2954 quod
1521 2887 1614 2941 tibi
1646 2892 2036 2960 congruentius
2064 2890 2224 2945 alier-

2322 2632 2537 2687 semper
2571 2626 2785 2673 constat
2826 2616 2994 2672 fuisse
3032 2615 3303 2681 ofﬁcium,
3331 2608 3834 2670 orationibusincnm-

2321 2707 2472 2775 bere,
2503 2712 2752 2766 insistere
2784 2711 3057 2776 lamentis,
3097 2721 3162 2764 et
3195 2709 3280 2764 vel
3310 2719 3496 2763 nostra
3522 2705 3598 2760 vel
3628 2703 3764 2756 aliena
3785 2696 3838 2750 la-

2320 2801 2506 2856 cinora
2547 2801 2764 2856 detlere.
2800 2800 2940 2856 Hinc
2988 2811 3069 2856 est
3100 2801 3260 2870 quod
3298 2798 3571 2867 explicito,
3602 2791 3838 2847 inLamen-

2322 2893 2642 2958 tationibus,
2661 2895 2840 2962 primo
2863 2892 3178 2948 litterarum
3203 2892 3518 2962 alphabeto,
3547 2889 3611 2942 ad
3626 2879 3845 2940 secundum

633 2989 768 3039 rem,
791 2973 947 3044 juxta
977 2974 1323 3044 quodpotui,
1347 2978 1682 3048 explicitum;
1727 2995 1875 3035 neca
1905 2990 1956 3036 te
1984 2997 2219 3051 unquam
2250 3017 2294 3080 C
2327 2995 2546 3034 mamun
2571 2981 2922 3050 porrigimus,
2952 2991 3010 3034 ut
3040 2981 3259 3036 habeas
3287 2979 3519 3049 amplius
3545 2973 3669 3046 quod
3687 2969 3842 3026 deﬂeas,

632 3065 772 3133 quod
796 3066 1016 3119 charius
1042 3065 1416 3122 benevolentia
1435 3068 1888 3139 complecteretur
1909 3077 2216 3138 acceptum.

631 3155 880 3212 Profecto
901 3159 1026 3230 quia
1049 3161 1564 3216 consenescentibus
1590 3163 1766 3229 nobis,
1794 3163 1895 3218 hoc
1918 3161 2222 3234 longaevum

639 3325 1490 3351 Hm

2328 3069 2594 3124 charitate
2638 3079 3015 3139 compunctus,
3062 3069 3108 3124 si
3151 3085 3270 3124 non
3300 3078 3386 3124 est
3418 3069 3472 3122 in
3515 3080 3594 3122 me
3621 3062 3738 3133 quod
3757 3070 3846 3128 sau-

2329 3160 2458 3215 deas
2488 3159 2647 3216 malis
2667 3161 3016 3217 amaricatus.

2875 3319 3835 3355 Μ

1778 3477 2098 3556 "LIBER
2172 3477 2730 3556 SECUNDUS.

700 3723 928 3781 Reddidi
946 3721 1186 3792 'ergo'in
1211 3722 1487 3794 prioribus
1511 3721 1740 3796 singulis
1773 3727 2019 3798 sapphiei
2049 3729 2212 3786 metri

625 3814 887 3870 clausulis
941 3821 1218 3869 ternorum
1255 3829 1534 3880 versuum,
1588 3815 1829 3887 singulas
1871 3833 1996 3872 cum
2045 3818 2216 3874 inter-

627 3903 1022 3976 pretationibus
1064 3904 1175 3959 suis
1222 3904 1477 3960 litteras:
1510 3904 1650 3962 forte
1677 3922 1784 3963 non
1814 3916 1875 3962 ut
1912 3909 2053 3964 idem
2085 3924 2214 3980 pro-

627 3997 791 4067 pheta
818 3995 1420 4068 perfectius‘intellexit,
1450 4013 1548 4053 cur
1573 3998 1653 4054 sic
1678 4013 1771 4054 eas
1798 3999 2072 4055 indiderit.
2109 3997 2217 4055 Sed

625 4087 780 4157 juxta
811 4086 1063 4158 ingenioli
1092 4087 1195 4141 ιιιεί
1224 4101 1465 4152 sensum,
1494 4089 1688 4144 saltem
1713 4088 1896 4146 lector
1934 4105 2003 4145 ex
2030 4091 2132 4146 hoc
2160 4099 2220 4145 ut

631 4184 970 4248 agnosceret,
1001 4174 1142 4244 quod
1166 4173 1297 4229 nihil
1325 4176 1380 4229 in
1409 4175 1614 4231 eisdem
1638 4177 1836 4232 litteris
1857 4186 2015 4233 vacat
2039 4193 2068 4232 a
2101 4194 2220 4250 my-

624 4266 817 4324 sterio.
847 4265 913 4321 Et
937 4264 985 4320 si
1005 4263 1207 4318 vellent
1229 4266 1540 4334 capaciores
1564 4265 1766 4336 quique
1791 4276 1900 4321 tam
1930 4266 2221 4338 diligenter

629 4355 811 4409 divina
839 4353 1168 4424 perscrutari
1195 4353 1428 4422 eloquia,
1473 4369 1572 4410 nec
1602 4355 1826 4417 dubium
1855 4355 1986 4427 quin
2023 4357 2215 4413 altiora

627 4456 683 4500 et
727 4445 1081 4515 profundiora
1124 4444 1476 4499 invenissent.
1528 4445 1604 4499 Ea
1642 4446 1808 4501 etiam
1856 4447 1909 4501 in
1937 4462 2213 4514 sermone,

627 4555 793 4611 quam
841 4537 1000 4594 ullius
1042 4537 1322 4593 saecularis
1364 4538 1660 4608 disciplina:
1688 4539 2078 4610 eloquentiam,
2105 4557 2212 4597 non

628 4630 774 4701 quod
829 4628 1003 4686 sancti
1047 4627 1147 4680 viri
1191 4642 1312 4681 eam
1358 4629 1664 4684 studuerint
1697 4631 1917 4696 sectari,
1960 4633 2055 4686 sed
2096 4633 2213 4702 ipsa

627 4724 784 4793 quasi
825 4719 1074 4784 ancillula
1124 4720 1339 4773 videtur
1381 4721 1662 4790 sapientiae
1711 4722 2003 4779 deservire.
2060 4723 2214 4780 Unde

625 4815 903 4884 prophetae
928 4812 1077 4883 (quia
1121 4811 1310 4881 viginti
1333 4811 1440 4866 duo
1483 4813 1749 4868 elementa
1780 4825 1928 4880 sunt,
1964 4831 2073 4886 .per
2095 4830 2217 4886 qua:

627 4904 889 4960 scribitur
918 4901 1180 4956 Hebraiee
1225 4917 1385 4956 omne
1425 4903 1569 4972 quod
1599 4903 1909 4974 loquuntur,
1942 4915 1996 4960 et
2023 4922 2212 4962 eorum

626 4994 849 5049 indiciis
877 5007 987 5047 vox.
1029 4993 1261 5047 humana
1301 4995 1814 5064 comprehenditur)
1856 4995 2059 5065 placuit
2092 4997 2217 5051 toti-

627 5085 754 5139 dem
775 5083 1048 5154 ,principia
1083 5098 1337 5137 versuum
1363 5085 1569 5140 eisdem
1600 5085 1805 5140 exoriri
1835 5086 2052 5151 litteris,
2080 5095 2140 5140 ut
2161 5097 2218 5142 et

630 5175 883 5230 versibus
931 5175 1142 5244 poetica
1190 5174 1494 5230 deserviret
1531 5175 1836 5246 disciplina,
1877 5186 1933 5232 et
1967 5178 2122 5233 nobis
2147 5195 2214 5233 ex

627 5264 761 5334 ipsis
806 5265 986 5319 divina
1032 5265 1377 5333 aperirentur
1433 5264 1644 5337 1362
1697 5276 2058 5322 sacramenta.
2110 5269 2216 5324 Sed

629 5356 758 5423 quia
792 5355 1007 5426 longum
1051 5365 1136 5410 est
1167 5371 1275 5426 per
1325 5357 1567 5429 singulas
1599 5359 1820 5413 secundi
1874 5359 2036 5428 hujus
2089 5359 2214 5415 libri

628 5446 922 5513 clausulas,
961 5447 1198 5517 singulas
1253 5447 1726 5519 interpretationes
1768 5449 2086 5504 earumdem
2130 5449 2216 5503 iu-

625 5547 898 5592 terserere
944 5534 1287 5604 lit'terarum,
1337 5554 1635 5610 sensusque
1682 5555 1748 5594 ex
1791 5541 1871 5595 eis
1923 5556 2216 5611 exponere,

629 5629 970 5686 decrevimus
997 5647 1183 5686 earum
1214 5633 1614 5698 connexiones,
1646 5648 1794 5687 more
1820 5633 2123 5693 doctorum,
2161 5633 2214 5686 in

630 5721 896 5793 principio
945 5733 1226 5788 annotare,
1280 5725 1643 5796 relinquentes
1702 5727 1919 5784 lrctoris
1968 5727 2215 5792 arbitrio,

2317 3724 2590 3798 quomodo
2617 3731 2674 3778 et
2703 3723 2817 3792 ipse
2855 3737 2954 3778 suo
3004 3721 3246 3792 ingenio
3291 3706 3857 3793 singulas'intelligenliﬂ

2318 3821 2432 3877 suis
2469 3817 2660 3872 reddat
2688 3815 2955 3871 sensibus.
2989 3814 3086 3869 Est
3121 3816 3284 3870 enim
3313 3833 3328 3870 :

2391 3909 2572 3965 Prima
2600 3906 2866 3962 connexio
2900 3915 3147 3976 quatuor
3180 3908 3528 3971 litterarum,
3548 3904 3717 3960 Ausus.
3737 3893 3864 3948 Βετιιι

2323 4000 2523 4064 ῦιιιει,
2561 3998 2803 4060 υλιετιι,
2831 4005 2891 4049 ιιι
2925 3997 2996 4052 sit
3022 4011 3268 4064 sensus,
3318 3999 3584 4060 doctrina,
3610 3993 3776 4046 domm,
3797 3980 3870 4051 Pu'

2326 4089 2510 4143 nitudo
2533 4129 2548 4154 ,
2600 4085 2922 4141 tabularum.
2960 4083 3120 4152 Quod
3176 4088 3228 4142 si
3259 4102 3470 4143 earum
3504 4088 3614 4141 duze
3647 4079 3868 4152 iungantur

2325 4188 2611 4245 extremm,
2663 4178 2770 4231 erit
2815 4176 3062 4230 doctrina
3118 4179 3494 4243 tabularum,
3546 4177 3596 4231 in
3641 4159 3873 4242 quibuslet

2327 4271 2495 4341 digito
2525 4270 2618 4324 Dei
2664 4269 2864 4339 scripta
2895 4277 3001 4323 est.
3053 4269 3377 4326 Plenitudo
3421 4272 3628 4329 domus,
3675 4262 3872 4331 ιιιιειειιυε

2325 4378 2391 4418 ex
2424 4362 2670 4418 doctrina
2710 4361 2979 4415 librorum
3035 4371 3136 4416 aut
3168 4363 3527 4426 tabularum,
3555 4352 3790 4431 plenitudo
3812 4343 3876 4398 ἀο-

2324 4470 2444 4510 mus
2475 4454 2570 4508 Dei
2600 4451 2892 4522 repleatur.
2951 4450 3047 4506 Sin
3079 4464 3289 4508 autem
3320 4450 3622 4524 plenitudo
3645 4443 3873 4530 rursusli'

2320 4540 2566 4595 bularum
2590 4537 2840 4608 junxeris
2868 4579 2883 4603 ,
2913 4539 3018 4592 erit
3047 4553 3288 4606 sensus,
3344 4540 3497 4610 quod
3535 4538 3601 4592 de
3615 4525 3878 4617 plenitudine

2320 4631 2725 4700 Scripturarum
2773 4629 3019 4683 doctrina
3074 4631 3390 4700 repleatur
3440 4632 3649 4684 domus.
3695 4621 3750 4674 Et
3790 4621 3874 4680 lli”a

2318 4725 2498 4778 omnis
2525 4723 2717 4777 domus
2747 4720 3054 4777 Salomonis
3085 4722 3461 4779 intrinsecus
3501 4718 3722 4776 tabulata
3745 4705 3879 4776 ιθιῖιιιτ

2321 4812 2438 4882 (Ill
2477 4812 2606 4884 Reg.
2643 4813 2717 4883 vr)
2749 4831 2760 4866 :
2796 4811 2853 4866 Si
2888 4813 3215 4866 tabularum
3253 4828 3438 4883 super
3479 4826 3575 4867 eos
3602 4795 3878 4861 voluerisin—

2320 4905 2631 4974 terpretari,
2663 4920 2893 4975 quorum
2918 4903 3214 4972 iuncturis
3249 4914 3312 4960 et
3343 4906 3644 4962 latitudine
3675 4885 3884 4954 cbaritatis

2320 4999 2464 5052 inter
2501 4998 2754 5066 quaelibet
2803 5006 2915 5051 tota
2961 4997 3174 5052 domus
3223 4998 3614 5054 eminentiora
3652 4983 3885 5045 νεειίιυτθί

2320 5089 2777 5158 compaginatur,
2851 5095 3066 5156 oportet
3162 5088 3428 5160 intelligi
3507 5085 3652 5158 quod
3712 5069 3889 5134 doctrina

2318 5194 2507 5234 eorum
2555 5179 2828 5248 plenitudo
2875 5179 2945 5232 sit
2989 5178 3177 5234 totius
3227 5182 3468 5236 domus.
3507 5179 3734 5246 Quarum
3767 5169 3892 5255 ίιεφξθ

2320 5269 2696 5325 doctrinarum
2727 5268 3089 5336 intelligentia
3137 5269 3222 5326 de
3278 5270 3454 5328 fonte
3485 5269 3722 5326 nascitur
3745 5258 3892 5314 ιίωοηδ

2322 5361 2455 5424 Dei,
2511 5369 2570 5415 ut
2605 5363 2954 5432 perveniatur
3006 5359 3077 5414 ad
3139 5363 3396 5419 culmen
3449 5358 3756 5433 sapientis.
3802 5345 3894 5399 Sic“

2320 5453 2582 5523 propheta
2641 5470 2656 5507 :
2717 5453 2762 5506 Α
2813 5454 2997 5507 timore
3051 5461 3161 5508 tuo
3194 5497 3212 5520 ,
3289 5457 3528 5527 inquit,
3601 5442 3896 5526 εολειρίκνβ

2322 5543 2544 5598 Domine
2570 5585 2586 5612 ,
2614 5560 2661 5599 et
2703 5545 2992 5614 peperimus
3038 5547 3329 5613 spiritum
3375 5548 3578 5603 salutis
3619 5542 3741 5614 (Ira.
3779 5532 3896 5586 XI"?-

2396 5633 2644 5690 Secunda
2671 5637 2935 5689 connexio
2969 5642 3076 5698 est,
3120 5634 3243 5703 Hs,
3275 5637 3430 5704 Vav,
3474 5638 3634 5701 lam,
3658 5631 3807 5689 Hera,
3824 5624 3902 5686 ‘1“:

2321 5726 2731 5797 interpretatur,
2764 5730 2886 5793 ista,
2923 5739 2992 5794 et,
3026 5726 3183 5794 Itwc,
3226 5733 3374 5786 vita.
3425 5731 3531 5786 L'bi
3564 5731 3609 5784 si
3642 5715 3904 5781 harumjlw'
