4048 6352
198 349 340 410 H05

926 347 1290 408 EXPOSlTlO
1325 346 1392 404 IN
1429 344 2015 409 LAMENTATIONES
2048 347 2389 407 JEREMIE.
2427 352 2511 394 -“
2533 351 2669 409 me;
2700 353 2764 410 ll.

3348 358 3487 414 H06

196 484 298 543 gas
321 465 719 529 extremitates,
765 462 1008 534 duasque
1055 471 1348 521 connectas
1395 462 1628 528 medias,
1676 460 1787 517 erit
1812 462 1863 522 A
1891 476 2011 533 qua:
2038 464 2315 535 praemissa
2347 474 2490 530 sunt,
2534 475 2590 524 et
2621 468 2951 526 lamentandi
2971 471 3152 543 operis
3175 473 3340 547 signa
3354 484 3485 534 sunt

196 559 579 631 intelligentia,
626 555 756 627 quid
786 565 843 612 et
883 558 999 613 haec
1025 572 1147 628 quae
1173 558 1556 635 praemisimus,
1588 558 1645 613 in
1676 556 1784 613 ista

193 651 308 709 sint
335 651 449 705 vita
475 646 783 704 necessaria
813 664 827 701 :
854 655 911 702 et
946 648 1175 703 scientia
1223 645 1628 718 Scripturarum
1683 646 1788 703 ista

192 745 268 802 sit
295 742 407 799 vita
428 756 529 813 per
556 755 720 812 quam
746 737 997 795 Christus
1023 740 1351 809 agnoscitur,
1380 748 1435 795 et
1460 740 1789 810 sempiterna

190 835 544 893 credentibus
567 841 921 905 praeparatur.
945 831 1003 887 in
1028 830 1183 902 cujus
1206 830 1460 886 nimirum
1486 830 1789 888 tabularum

190 926 372 996 libris,
402 942 511 983 non
539 924 642 981 alia
670 923 941 980 Ezechieli
971 939 1135 994 quam
1169 939 1389 979 carmen
1431 931 1486 979 et
1514 924 1785 980 lamenta-

188 1020 396 1085 tiones,
417 1027 481 1072 et
496 1030 577 1070 va:
597 1030 763 1086 supra
788 1022 1180 1070 monstrantur.
1204 1013 1273 1068 Et
1294 1013 1434 1080 ideo,
1466 1021 1528 1068 ut
1551 1015 1784 1082 testimo,

188 1117 322 1172 talia
350 1115 781 1188 praesignantur,
828 1111 1006 1183 qualia
1057 1110 1255 1168 sectari
1306 1118 1541 1182 oportet.
1591 1126 1661 1167 ne
1706 1126 1788 1167 va:

154 1208 325 1263 ‘illud
347 1208 600 1263 ultimum
627 1205 821 1276 aliquis
848 1205 1112 1268 incurrat,
1142 1210 1199 1258 et
1227 1203 1331 1257 ista
1373 1202 1444 1259 sit
1471 1203 1787 1275 impraesen-

183 1299 394 1354 tiarum
418 1297 530 1352 vita
568 1311 780 1363 eorum,
806 1295 900 1367 qui
939 1294 1007 1351 de
1039 1291 1267 1349 infantia
1308 1292 1364 1349 in
1412 1292 1590 1349 virum
1636 1292 1787 1351 abla-

183 1395 414 1443 ctantur
441 1384 763 1457 perfectum.

260 1499 449 1556 Tertia
480 1499 747 1555 connexio
773 1506 879 1560 est.
924 1497 1108 1563 Tum,
1154 1497 1264 1563 Ion,
1315 1498 1459 1569 quod
1489 1508 1665 1563 sonat,
1695 1498 1785 1554 bo-

184 1608 339 1657 num,
394 1591 729 1661 principium.
779 1591 846 1645 Et
891 1590 996 1645 hoc
1042 1604 1169 1645 vere
1215 1590 1419 1645 bonum
1459 1590 1783 1660 principium

177 1681 599 1751 jurecreditur,
652 1681 706 1735 in
745 1696 855 1751 quo
894 1696 1020 1736 cum
1072 1680 1338 1736 doctrina
1368 1696 1401 1735 a
1450 1680 1645 1736 timore
1682 1680 1780 1736 Dei

180 1772 560 1843 concepimus,
598 1770 1044 1827 lamentationum
1080 1772 1326 1827 instituta
1358 1770 1532 1828 donec
1569 1771 1637 1826 ad
1661 1772 1778 1842 spi-

180 1863 350 1916 ritum
378 1861 569 1917 salutis
610 1860 920 1932 plenissime
965 1862 1215 1916 veniatur
1244 1878 1258 1916 :
1286 1862 1415 1931 quia
1446 1861 1586 1917 sicut
1614 1874 1778 1932 supra

177 1963 464 2010 ostensum
491 1962 596 2019 est,
640 1954 695 2008 in
742 1954 843 2009 hac
870 1953 1009 2008 valle
1051 1953 1412 2025 lacrymarum
1452 1960 1778 2024 congruunt,

177 2052 236 2098 et
258 2044 369 2098 hoc
406 2043 608 2099 bonum
647 2043 973 2114 principium
1022 2051 1107 2099 est
1151 2043 1374 2099 threnos
1416 2051 1472 2098 et
1516 2042 1779 2098 lamenta-

180 2135 363 2191 tiones
404 2135 637 2201 sectari,
678 2150 755 2192 eo,
776 2136 921 2205 quod
958 2134 1252 2206 Evangelia
1292 2142 1474 2190 teste:
1509 2134 1657 2189 Beati
1685 2135 1777 2206 qui

178 2226 385 2296 lugent,
409 2226 630 2298 1363,
641 2228 888 2297 quoniam
908 2227 1007 2297 ipsi
1028 2225 1440 2281 consolabuntur
1459 2224 1674 2296 (Hatth.
1697 2223 1773 2297 v),

184 2318 409 2372 demum
453 2318 516 2372 ad
566 2317 658 2372 illa
706 2318 941 2374 caelestis
986 2318 1110 2373 vitae
1157 2318 1371 2373 cantica
1413 2316 1772 2387 pertingatur.

177 2406 436 2478 Alioquin
465 2408 572 2464 nisi
598 2409 703 2465 hoc
746 2410 946 2464 bonum
974 2408 1302 2478 principium
1334 2406 1424 2463 hic
1451 2407 1773 2477 accipiatur,

175 2500 249 2555 ad
272 2514 338 2554 es
374 2500 599 2556 minime
627 2502 961 2572 pervenitur.
996 2501 1207 2556 Etenim
1234 2501 1359 2571 quia
1389 2516 1456 2555 ex
1494 2509 1776 2569 parte‘co-

174 2592 520 2661 gnoscimus,
554 2601 611 2647 et
652 2609 717 2647 ex
746 2601 901 2662 parte
929 2593 1334 2663 prophetamus.
1366 2590 1518 2647 Nunc
1555 2593 1773 2663 quidem

176 2698 279 2751 per
304 2684 590 2752 speculum
618 2684 869 2739 videmus
907 2684 959 2738 in
987 2684 1291 2754 maigmate,
1319 2693 1447 2740 tunc
1473 2699 1602 2740 vero
1634 2684 1773 2741 facie

171 2775 243 2829 ad
275 2771 475 2829 faciem
497 2772 551 2845 (I
574 2772 699 2829 Cor.
729 2774 872 2845 xm).
905 2774 1121 2843 quando
1157 2773 1300 2829 Deus
1330 2774 1608 2847 absterget
1650 2791 1773 2831 om—

173 2879 305 2919 nem
334 2863 631 2936 lacrymam
656 2865 725 2919 ab
754 2864 926 2920 oculis
953 2864 1354 2931 electorum,.et
1390 2863 1570 2921 luctus
1597 2880 1775 2922 cessa-

167 2954 255 3008 bit
282 2954 469 3025 (Apoc.
504 2954 641 3025 xxI).
669 2954 839 3009 Porro
876 2971 915 3009 ες

244 3068 455 3136 Quarta
484 3068 753 3124 connexio
782 3084 903 3140 qua:
936 3078 992 3125 et
1031 3068 1207 3125 media
1235 3069 1302 3126 de
1327 3078 1534 3142 septem
1584 3071 1770 3128 habet.

165 3161 346 3225 Carn,
372 3158 622 3226 Lusca,
650 3160 793 3231 quod
815 3168 918 3227 est,
943 3176 1131 3216 manus
1159 3160 1332 3215 cordis
1351 3161 1429 3216 vel
1455 3161 1766 3233 disciplima.
1800 3168 1845 3232 (ζ

165 3251 369 3306 Manus
425 3250 644 3321 quidem
692 3251 761 3305 ad
797 3250 925 3314 hoc,
958 3257 1019 3304 ut
1063 3250 1427 3305 extendantur
1483 3250 1552 3305 ad
1604 3267 1773 3323 opera

159 3342 434 3415 perfectae
481 3341 805 3408 charitatis;
845 3341 1026 3396 cordis
1075 3356 1206 3396 vero
1253 3341 1431 3397 luctus
1474 3341 1560 3397 vel
1604 3343 1775 3399 medi-

162 3436 315 3491 tatio
358 3442 419 3490 et
454 3432 759 3504 disciplina:
790 3432 1203 3503 intelligentiam
1231 3430 1299 3486 ad
1346 3445 1435 3499 ea,
1484 3439 1546 3486 ut
1588 3433 1769 3487 omnia

161 3527 383 3584 munda
413 3526 527 3581 sint
566 3526 727 3583 nobis
752 3540 937 3583 coram
972 3524 1222 3592 Domino,
1253 3523 1586 3581 referuntur.
1631 3522 1773 3592 Quid

160 3620 308 3676 satis
337 3637 349 3674 :

170 3789 179 3794 ς
239 3733 461 3803 Quinta.
494 3730 653 3791 nobis
697 3731 953 3803 explanat
994 3730 1296 3788 litterarum
1343 3731 1623 3804 periocha,
1675 3730 1770 3788 ubi

160 3827 397 3900 legitur,
445 3824 569 3881 Man
592 3866 607 3892 ,
637 3824 776 3892 Non,
806 3825 1044 3891 Sanscn,
1072 3824 1216 3896 quod
1237 3832 1342 3890 est,
1371 3840 1435 3878 ea:
1458 3826 1608 3895 ipsis,
1634 3840 1772 3879 sem.

158 3918 462 3988 piternum,
511 3915 857 3985 adjutorium.
893 3914 960 3970 Et
1004 3922 1135 3985 puto
1163 3915 1306 3984 quod
1336 3912 1441 3968 tria
1478 3914 1595 3969 hzec
1620 3912 1768 3969 nulla

158 4007 561 4078 explanatione
584 4006 880 4079 indigeant,
912 4007 1177 4062 nimirum.
1190 4007 1317 4076 quia
1343 4014 1450 4061 tam
1471 4020 1538 4062 ex
1560 4006 1769 4062 duabus

160 4100 373 4156 mediis
419 4099 699 4170 superiora
744 4099 1083 4170 supplentur,
1130 4114 1293 4170 quam
1338 4097 1504 4153 etiam
1534 4105 1591 4154 et
1637 4097 1769 4154 infe-

154 4189 317 4247 riora
349 4188 451 4244 tria
482 4204 548 4246 ex
578 4189 710 4261 ipsis
732 4199 1166 4246 remunerantur.
1192 4188 1385 4248 Unde:

233 4300 414 4357 Sexta
443 4302 710 4358 connexio
752 4302 858 4358 hoc
899 4301 1095 4369 habet,
1122 4301 1248 4370 Am,
1282 4301 1415 4370 Pus,
1453 4301 1619 4372 Sans,
1644 4303 1765 4375 fons

156 4389 388 4446 scilicet
433 4390 548 4445 sive
594 4390 800 4457 oculus,
850 4400 907 4447 et
952 4394 1059 4447 oris
1096 4391 1359 4463 justitiae;
1386 4395 1644 4465 quoniam
1695 4407 1764 4450 ex

1892 555 2133 611 omnium
2157 572 2353 613 vocum
2380 567 2691 615 sanctarum
2733 559 3167 633 Scripturarum,
3189 574 3246 624 et
3264 570 3483 626 vocatlo

1891 647 2088 702 summi
2115 649 2307 719 capitis
2340 651 2512 708 nostri
2542 650 2670 708 Jesu
2695 651 2919 721 Christi,
2950 671 3052 727 per
3077 663 3483 729 quem'venitur
3520 691 3532 703 ε

1892 738 1960 793 ad
1988 739 2226 807 Patrem,
2267 750 2322 797 et
2344 743 2416 798 ad
2452 756 2677 816 regnum
2706 747 3104 818 sempiternum
3128 749 3314 824 (locu.
3339 754 3480 827 xrv).

1890 827 2001 885 Nec
2029 829 2249 886 dubium
2270 831 2400 903 quin
2416 834 2587 890 sancti
2607 834 2965 903 Patres,imo~
2975 836 3211 910 Spiritus
3238 850 3479 911 sanctus,

1890 921 1945 977 in
1972 924 2279 993 septenario
2302 925 2415 981 isto
2451 942 2700 993 numero,
2738 929 3003 1000 mystieos
3045 931 3292 991 indidere
3322 935 3484 993 intel-

1890 1007 2083 1075 lectus,
2113 1014 2256 1069 unde
2277 1023 2333 1069 et
2362 1015 2572 1071 medius
2597 1030 2787 1073 eorum
2815 1018 2883 1075 ad
2918 1027 3178 1092 utrosque
3209 1026 3481 1083 ternarios

1887 1098 2192 1157 litterarum
2230 1103 2449 1159 ordines
2476 1107 2786 1177 respondet.
2816 1108 2932 1165 Etsi
2960 1109 3200 1169 volueris
3232 1115 3481 1171 animad-

1887 1202 2100 1248 vertere
2126 1193 2515 1251 elementorum
2526 1195 2799 1267 juncturte
2818 1201 3086 1268 sensibus,
3117 1203 3332 1278 1365
3351 1219 3479 1261 sua-

1888 1299 2007 1339 rum
2034 1299 2067 1341 e
2090 1294 2278 1341 contra
2307 1290 2704 1347 connexionum
2733 1303 3016 1349 consonat.
3060 1292 3180 1351 Jam
3204 1297 3335 1368 quid
3362 1297 3479 1370 ipse

1886 1384 2068 1435 textus
2089 1377 2492 1439 lamentationis
2516 1382 2707 1440 alferat
2734 1385 3033 1443 videamus.

2589 1559 2785 1600 Αιεριι.

1958 1668 2232 1735 Quomodo
2279 1673 2473 1728 obtexit
2511 1676 2745 1747 caligine
2773 1679 2840 1733 in-
2866 1679 3046 1748 furore
3089 1681 3474 1743 suo-Dominus

1884 1760 2050 1830 ﬁliam
2085 1761 2216 1818 Sion
2257 1777 2278 1815 :
2328 1766 2546 1835 projecit
2586 1767 2652 1822 de
2696 1769 2845 1836 calo,
2869 1772 2945 1826 in-
2976 1783 3169 1828 terram
3221 1775 3475 1848 inclytam

1883 1849 2071 1907 Israel.
2100 1852 2158 1907 ln
2185 1853 2271 1909 bis
2303 1855 2476 1911 tribus
2503 1858 2744 1929 sapphici
2766 1862 2926 1917 metri
2951 1863 3273 1933 alphabetis,
3304 1882 3471 1924 unum

1878 1943 2207 2014 principium
2243 1953 2327 2001 est
2356 1946 2628 2015 dictionis,
2663 1966 2880 2023 unaque
2924 1953 3270 2024 exclamatio,
3310 1957 3472 2029 plena

1878 2032 2176 2101 doloribus,
2197 2034 2355 2105 plena
2369 2039 2533 2093 omni
2545 2040 2906 2099 admiratione
2922 2053 2978 2100 et
2996 2053 3237 2117 stupore.
3262 2047 3472 2105 Idcirco

1875 2122 2037 2179 velim
2075 2140 2193 2182 non
2233 2128 2560 2197 transitorie,
2590 2130 2781 2200 lector,
2812 2133 2941 2189 talia
2991 2138 3313 2206 perpendas,
3371 2141 3471 2195 sed

1876 2214 2127 2273 allectum
2146 2221 2299 2275 tanti
2326 2221 2503 2277 luctus
2532 2223 2860 2295 diligentiori
2908 2227 3105 2284 intuitu
3132 2230 3469 2297 consideres,

1874 2316 1929 2362 et
1960 2308 2228 2379 intelligas
2257 2321 2459 2382 quanta
2504 2315 2789 2384 charitate,
2822 2329 3027 2390 quanto
3072 2337 3262 2380 amore
3284 2325 3470 2380 sancti

1874 2396 2268 2468 alliciebautur,
2319 2414 2626 2477 quantaque
2683 2410 2988 2468 dilectionis
3047 2412 3267 2471 ﬂamma
3319 2416 3469 2472 intus

1873 2493 2230 2549 movebantur
2253 2495 2322 2552 ad
2347 2501 2568 2555 omnia:
2596 2501 2669 2557 ita
2699 2511 2759 2559 ut
2801 2505 3045 2561 omnium
3094 2521 3289 2565 causas
3338 2524 3469 2567 suas

1872 2596 1995 2638 esse
2038 2582 2297 2652 facerent,
2341 2596 2399 2644 et
2440 2604 2563 2646 cum
2598 2594 2803 2666 ingenti
2853 2596 3214 2655 sollicitudine
3255 2599 3468 2672 singula

1872 2685 2251 2744 procurarent.
2304 2678 2644 2752 Quapropter
2702 2682 2968 2741 Jeremias
2997 2726 3013 2753 ,
3068 2688 3197 2760 quia
3243 2687 3467 2747 Jerusa-

1874 2761 1981 2817 lem
2045 2779 2167 2834 quae
2239 2767 2540 2826 acciderint
2613 2773 2959 2831 considerare
3036 2791 3145 2834 non
3221 2777 3460 2848 sullicit,

1874 2865 1984 2905 non
2034 2851 2212 2909 solum
2281 2857 2448 2912 semel
2496 2867 2554 2914 et
2603 2863 2844 2919 secundo
2873 2906 2888 2931 ,
2952 2880 3143 2923 verum
3190 2877 3261 2937 et,
3300 2872 3464 2928 tertio

1875 2941 2108 3014 idipsum
2162 2946 2573 3008 exclamationis
2640 2956 2867 3011 verbum
2915 2972 3015 3028 per
3052 2959 3323 3031 principia
3371 2976 3463 3018 re-

1874 3033 2011 3103 petit
2058 3034 2504 3095 lamentationum
2551 3056 2566 3096 :
2622 3042 2897 3110 Quomodo
2950 3048 3128 3115 sedet,
3182 3050 3271 3107 vel
3318 3051 3462 3119 Quo-

1876 3124 2033 3180 modo
2061 3126 2253 3184 obtexit
2294 3129 2571 3199 Dominus,
2603 3134 2689 3191 vel
2719 3135 2995 3201 Quomodo
3024 3140 3360 3198 obscuratum
3384 3152 3464 3199 est

1878 3231 2069 3270 aurum
2117 3219 2366 3289 optimum
2392 3261 2408 3287 ,
2457 3233 2568 3278 tam
2613 3225 2906 3297 improvise
2952 3238 3116 3302 atque
3166 3231 3459 3304 insperate,

1876 3320 2041 3376 quam
2073 3321 2142 3363 ex
2168 3311 2420 3367 omnibus
2446 3315 2697 3384 gentibus
2721 3318 2822 3373 sibi
2851 3319 3109 3392 elegerat,
3148 3330 3207 3377 ut
3234 3332 3380 3378 esset
3405 3325 3462 3382 in

1874 3396 2064 3465 Deum,
2119 3408 2175 3455 et
2224 3401 2339 3471 ipsa
2388 3402 2465 3458 illi
2516 3406 2569 3459 in
2606 3407 2860 3477 populum
2890 3408 3068 3478 (Deut;
3117 3411 3491 3483 xxvr).Quo-»

1871 3486 2051 3554 modo,
2102 3488 2309 3561 inquit,
2363 3492 2557 3548 obtexit
2596 3494 2857 3552 Dominus
2908 3498 3134 3571 caligine
3178 3503 3234 3557 in
3279 3501 3460 3572 furore

1871 3594 1968 3633 suo
1996 3578 2165 3648 ﬁliam
2216 3581 2369 3639 Sion.
2407 3583 2484 3641 De
2532 3601 2636 3657 qua
2682 3588 2929 3659 profecto
2959 3592 3186 3664 caligine
3230 3597 3462 3667 quaestio

1871 3679 2036 3740 esset,
2084 3673 2185 3729 nisi
2227 3675 2538 3744 addidisset,
2566 3679 2620 3735 in
2649 3680 2831 3751 futuro
2877 3700 2975 3740 suo
3003 3703 3017 3739 :
3047 3687 3175 3757 quia
3229 3689 3489 3745 omnino-

1871 3765 1977 3821 alia
2000 3774 2085 3823 est
2111 3767 2285 3840 caligo
2313 3771 2379 3826 ad
2420 3787 2584 3842 quam
2625 3777 2858 3833 accessit
2905 3778 3115 3852 Moyses
3162 3781 3215 3837 in
3246 3789 3458 3849 monte,-

1869 3857 1923 3913 in
1953 3867 2205 3928 quaerat
2225 3860 2368 3917 Deus
2395 3860 2592 3935 (Exod.
2648 3868 2787 3935 xxx),
2815 3878 2871 3925 et
2892 3870 2998 3926 alia
3028 3886 3149 3944 qua:
3181 3873 3284 3930 sub
3304 3874 3461 3945 pedi-

1868 3949 1971 4006 bus
1996 3949 2128 4007 inibi
2168 3952 2284 4008 visa
2333 3963 2420 4010 est
2451 3954 2538 4026 (II
2582 3956 2712 4031 Reg.
2736 3960 2903 4034 xm),
2938 3970 2994 4018 et
3022 3963 3075 4018 in
3115 3978 3325 4035 psalmo
3353 3950 3458 4021 sub

1866 4041 2094 4111 pedibus
2121 4042 2449 4113 praedicatur
2494 4044 2670 4118 (Psal.
2710 4051 2843 4121 xvn)
2873 4068 2888 4118 ;
2922 4051 3025 4108 alia
3066 4069 3200 4112 vero
3238 4069 3360 4127 qua:
3398 4056 3477 4113 in-

1867 4131 2051 4189 furore
2078 4130 2172 4189 Dei
2194 4132 2493 4193 Jerusalem
2517 4140 2833 4209 obtexitur;
2869 4144 2995 4214 quia
3024 4144 3280 4200 nimirum
3310 4146 3484 4204 hancv

1865 4223 2187 4280 tenebrosus
2226 4227 2385 4284 turbo
2410 4230 2683 4300 possidet,
2731 4234 2820 4303 qui
2847 4242 2902 4288 et
2930 4249 3090 4305 quam
3116 4250 3258 4308 sazpe
3303 4235 3459 4294 furor

1863 4315 1961 4372 Dei
1983 4325 2129 4372 recte
2150 4318 2556 4388 interpretatur.
2579 4321 2636 4377 ln
2662 4322 2749 4378 illa
2773 4339 2900 4381 vero
2921 4325 3064 4383 Deus
3091 4341 3211 4383 esse
3232 4327 3453 4397 dicitur,

1865 4407 2022 4464 sicuti
2051 4417 2104 4464 et
2134 4409 2206 4477 ei,
2235 4425 2355 4481 quae
2378 4413 2481 4468 sub
2509 4413 2733 4484 pedibus
2754 4426 2857 4483 est,
2882 4416 2972 4472 illa
2996 4432 3230 4488 praeesse
3253 4420 3452 4489 praedi-

151 4476 355 4540 cordis
380 4483 605 4553 gemitu,
634 4481 759 4539 fons
785 4493 971 4539 manat
995 4485 1234 4555 pietatis,
1260 4493 1316 4541 et
1349 4487 1538 4542 oculus
1566 4486 1710 4543 intus
1731 4502 1762 4543 a
1787 4524 1843 4587 Β
1868 4506 2040 4554 catur,
2106 4476 2266 4557 Unde
2315 4476 2666 4559 considerans
2720 4476 2901 4560 omnia
2964 4476 3085 4578 quae
3141 4476 3281 4565 Deus
3326 4511 3455 4566 huic

149 4574 281 4630 Deo
309 4572 673 4640 illuminatur,
713 4590 831 4646 quo.
847 4576 1015 4633 Deum
1047 4578 1100 4632 in
1127 4578 1437 4636 novissimis
1464 4580 1649 4637 videre
1668 4594 1761 4636 va.

147 4666 405 4724 leamus.
444 4664 503 4721 Si
534 4668 751 4737 quidem
779 4677 834 4725 et
855 4686 920 4725 ex
951 4686 1112 4726 manu
1134 4673 1354 4744 orisque
1373 4672 1608 4746 eloquio,
1642 4677 1761 4732 zelo

141 4757 395 4828 iustitia:
439 4758 808 4814 reconduntur
840 4801 855 4826 ,
900 4761 976 4815 uti
1023 4761 1163 4817 bene
1206 4764 1424 4834 quidam
1470 4765 1536 4822 de
1578 4766 1762 4837 aliquo

142 4853 511 4926 epitaphium
527 4856 766 4911 condens
784 4872 797 4910 :
825 4854 923 4909 llic
944 4855 1045 4922 vir,
1069 4856 1261 4927 inquit,
1289 4858 1591 4928 despiciens
1603 4876 1762 4916 mun-

144 4945 300 5001 dum
327 4951 389 4996 et
425 4952 641 4999 terrena
688 4944 1049 5014 triumphans,
1073 4947 1288 5003 divitias
1326 4949 1465 5005 coelo
1498 4950 1759 5021 condidit,

141 5049 285 5101 ore,
318 5048 505 5089 manu.
535 5036 682 5103 Quas
713 5047 860 5092 recte
903 5038 1120 5095 divitias
1161 5042 1416 5109 perfectae
1445 5044 1585 5109 vitae,
1604 5042 1767 5111 justi-

145 5123 274 5179 tias
321 5125 576 5194 congruit
603 5125 927 5196 intelligere,
960 5125 1164 5199 Spiritu
1212 5140 1401 5187 sancto
1448 5142 1762 5202 attestante,

139 5215 260 5287 qui
304 5215 432 5271 ait:
475 5216 756 5287 Dispersit,
790 5219 931 5274 dedit
977 5223 1334 5291 pauperibus,
1367 5224 1584 5295 justitia
1647 5229 1763 5299 ejus

140 5318 353 5364 manet
389 5308 444 5363 in
479 5310 735 5367 arculum
771 5312 952 5367 saeculi
989 5310 1175 5385 (Psal.
1216 5315 1325 5388 In).
1366 5314 1628 5388 Sequitur
1661 5335 1761 5375 au-

234 5491 500 5548 Extrema
525 5492 793 5551 connexio
825 5507 947 5566 qua:
977 5505 1065 5551 est
1102 5497 1356 5568 septima,
1398 5490 1452 5556 in
1483 5516 1588 5572 qua
1617 5513 1768 5573 sunt,

134 5582 338 5648 Corn,
370 5581 499 5651 Ras,
532 5583 665 5650 Sus,
712 5585 860 5653 Tw,
899 5597 956 5644 et
986 5587 1409 5660 interpretantur
1438 5593 1641 5648 vacatio
1679 5611 1770 5651 ca-

1866 4589 2065 4661 populo
2092 4589 2318 4658 fecerat,
2342 4607 2504 4662 quam
2530 4610 2743 4666 magna,
2770 4612 2931 4666 quam
2956 4598 3256 4663 innumera,
3285 4614 3452 4670 quam

1868 4683 2149 4739 horribilia
2191 4684 2276 4740 vel
2319 4686 2709 4755 inscrutabilia,
2730 4697 2795 4744 tet
2828 4704 3059 4745 cernens
3086 4705 3207 4761 quae
3234 4690 3455 4746 accide-

1867 4783 2011 4840 rant,
2047 4789 2170 4831 cum
2223 4776 2429 4847 ingenti
2473 4778 2676 4849 gemitu
2724 4780 3032 4837 exclamare
3080 4796 3185 4836 non
3231 4778 3452 4847 sulllcit,

1867 4864 2008 4933 quod
2039 4866 2109 4920 de
2154 4875 2301 4921 tanta
2328 4868 2634 4938 adoptione,
2681 4879 2743 4926 ut
2786 4871 2893 4926 tilia
2921 4884 3209 4928 vocaretur
3236 4869 3358 4938 Dei,
3386 4871 3458 4926 de

1869 4963 1978 5011 tam
1996 4956 2258 5013 immensa
2270 4957 2463 5030 gloria,
2485 4959 2553 5015 de
2570 4977 2781 5018 summo
2799 4963 2919 5019 coeli
2936 4962 3155 5028 vertice,
3175 4970 3234 5020 et
3254 4978 3459 5035 magna

1868 5046 2147 5114 felicitate,
2172 5051 2237 5104 ad
2271 5058 2380 5103 tam
2412 5053 2699 5107 maximam
2729 5053 3023 5118 miseriam,
3053 5052 3108 5108 in
3144 5053 3234 5111 die
3255 5050 3454 5111 furoris

1870 5139 2078 5195 Domini
2102 5148 2157 5197 et
2169 5140 2752 5206 vindictm,dcvenerit.
2772 5142 2827 5197 ln
2848 5143 3213 5213 diesiquidem
3230 5141 3451 5208 Rtroris,

1867 5244 1923 5290 et
1945 5249 2054 5290 non
2079 5235 2132 5289 in
2155 5234 2244 5290 die
2263 5233 2476 5292 Domini
2504 5255 2516 5289 :
2533 5237 2660 5307 quia
2681 5236 2808 5294 licet
2830 5237 3119 5308 ipsefuror
3135 5235 3348 5294 Domini
3367 5253 3454 5296 rs-

1866 5334 1970 5393 sel,
1994 5336 2177 5382 tamen
2197 5326 2311 5383 haec
2332 5327 2448 5385 dies
2459 5327 2727 5395 vindictas,
2748 5329 2864 5386 dies
2881 5328 3084 5386 furoris
3108 5328 3231 5384 fuit.
3251 5329 3456 5390 Habt-tit

1872 5420 2091 5491 quidem
2119 5419 2228 5475 lilia
2246 5420 2376 5476 Sion
2398 5419 2540 5477 diem
2576 5421 2788 5478 Domini
2821 5420 2899 5493 (et
2916 5422 3046 5492 quia
3066 5422 3122 5477 in
3147 5422 3237 5481 die
3266 5424 3456 5505 salutis

1875 5511 2088 5585 1365
2128 5527 2258 5578 suae,
2297 5511 2468 5569 noluit
2505 5512 2796 5570 observare
2833 5513 2980 5570 diem
3016 5514 3255 5587 Domini)
3288 5530 3454 5588 quam

1868 5602 2142 5658 Abraham
2177 5611 2332 5673 pater
2366 5600 2483 5671 ejus
2518 5603 2752 5669 viderat,
2792 5611 2847 5659 et
2888 5604 3110 5674 gavisus
3145 5617 3229 5662 est
3267 5604 3450 5678 (Joan.

130 5677 312 5747 pisis,
369 5675 623 5742 dentium,
671 5678 847 5748 signa,
881 5688 940 5735 ut
972 5681 1285 5751 percientes,
1331 5682 1615 5740 articulata
1656 5702 1769 5742 vos
1870 5695 2009 5765 vui).
2037 5695 2243 5751 Idcirco
2271 5694 2494 5766 impegit
2523 5694 2576 5749 in
2610 5694 2699 5752 die
2732 5693 2935 5754 luroris
2974 5698 3091 5755 Dei.
3125 5675 3286 5753 Juxta
3314 5711 3449 5751 ana-

126 5772 527 5845 ystelligatur,
568 5789 633 5831 eo
680 5776 825 5846 quod
876 5779 993 5835 lucc
1028 5777 1424 5841 elcrnentorum
1472 5783 1761 5853 vocabula,

1869 5800 2039 5858 gogen
2098 5800 2226 5853 vero
2258 5818 2259 5821 η
2290 5799 2394 5841 non
2453 5784 2630 5843 minus
2684 5787 3143 5858 ingemiscendum
3173 5830 3188 5858 ,
3238 5787 3452 5864 quoties
