4048 6352
649 267 786 364 tio?

1461 299 1521 358 S.
1561 298 1919 358 PASCIIASII
1955 299 2300 358 RADBERTI
2339 297 2630 355 ABBATIS
2665 297 3114 356 CORBEIENSIS

3696 313 3793 372 nos

651 417 810 480 Sion,
843 424 1020 470 mater
1047 419 1260 478 nostra,
1297 411 1530 484 caligine
1555 413 1834 470 obtexitur
1865 420 2236 482 peccatorum,
2267 412 2314 473 Α
2341 411 2716 477 conculcatur,
2745 411 3022 482 diripitur,
3049 420 3104 467 et
3137 412 3405 469 dil'aniatur
3425 432 3442 481 ;
3462 431 3548 472 nec
3569 427 3639 474 est
3665 421 3799 482 Domi.

654 509 860 567 erroris
884 514 980 561 aut
1022 504 1365 576 ignorantiae,
1409 518 1530 573 qum
1557 504 1723 559 tantis
1762 504 2079 559 muneribus
2107 503 2246 558 adeo

654 601 828 658 ditata
876 596 1138 663 creditur,
1169 601 1225 649 et
1269 594 1520 652 laudibus
1576 594 1922 665 praedicatur.
1954 593 2059 650 Sed
2101 592 2245 664 quod

656 685 810 762 pejus
836 695 958 754 est,
1003 687 1238 743 habebat
1267 672 1377 741 illa.
1404 693 1532 741 tunc
1575 684 1825 755 quamvis
1874 683 2083 739 oii’enso
2111 683 2243 750 Deo,

656 783 752 855 qui
792 797 915 842 eam
967 779 1257 838 indefessis
1296 780 1590 850 gemitibus
1621 779 2001 836 lamentarent.
2045 777 2248 835 Nostra

659 887 792 928 vero
840 870 1026 930 nescio
1049 871 1098 928 si
1129 870 1217 925 vel
1262 884 1416 926 raros
1457 869 1674 935 habeat,
1703 868 1799 939 qui
1821 884 1886 924 ea
1923 867 2248 939 intelligant,

659 975 757 1022 aut
781 964 1103 1036 recogitent,
1150 963 1352 1033 quibus
1391 962 1626 1033 patimur
1669 969 1725 1014 et
1769 958 2032 1018 aiIicimur
2067 959 2244 1016 malis.

660 1058 966 1129 Projectam
1012 1071 1248 1126 namque
1277 1056 1346 1110 de
1374 1055 1513 1110 caelo
1538 1054 1790 1124 inclytam
1837 1052 2003 1107 Israel
2027 1050 2245 1122 conspi-

660 1149 862 1216 cimus,
908 1147 1126 1218 quando
1173 1156 1386 1202 terrena
1417 1147 1614 1202 sectari
1655 1161 1775 1199 eam
1812 1153 1868 1198 et
1898 1143 2139 1199 carnalia
2169 1143 2253 1198 vi-

659 1244 895 1300 demus:
941 1242 1244 1314 praesertim
1285 1241 1305 1311 (
1328 1242 1623 1297 secundum
1667 1239 2026 1312 Apostolum)
2065 1249 2252 1295 nostra

661 1337 1011 1392 conversatio
1053 1351 1175 1391 cum
1205 1335 1260 1391 in
1292 1334 1443 1390 caelis
1471 1333 1693 1404 (Philip.
1724 1333 1808 1402 III)
1845 1347 1966 1389 esse
2003 1334 2252 1399 deberet,

664 1445 766 1484 nos
794 1444 826 1483 e
873 1427 1170 1492 contrario,
1213 1441 1357 1482 nunc
1403 1427 1666 1497 temporis
1718 1442 1824 1481 non
1871 1427 1976 1481 nisi
2029 1427 2256 1482 caducis

661 1526 717 1572 et
746 1516 1033 1572 mundanis
1082 1516 1446 1572 incumbimus
1495 1517 1747 1586 negotiis,
1779 1525 1837 1570 et
1865 1517 2040 1586 turpia
2088 1517 2252 1572 medi.

662 1618 864 1664 tamur.
896 1608 1038 1676 Quid
1069 1608 1300 1679 amplius
1339 1617 1521 1678 putas,
1553 1609 1657 1662 nisi
1708 1609 1832 1679 quia
1866 1609 2124 1665 Dominus
2155 1611 2252 1665 ab-

655 1701 791 1774 jecit
815 1704 1020 1759 nostris
1061 1703 1551 1758 intervenientibus
1593 1703 1782 1769 malis,
1809 1712 1864 1758 et
1904 1705 2130 1775 proiecit
2151 1721 2250 1760 nos

2343 520 2448 560 nus
2475 503 2790 559 recordatus
2816 501 2954 571 ejus,
2987 503 3110 573 quia
3152 503 3310 558 noluit
3333 513 3464 560 stare
3491 506 3535 560 in
3562 507 3658 564 luce
3674 513 3798 570 virtu-

2343 604 2478 651 tum.
2510 594 2744 665 Propter
2761 594 2908 665 φιοὰ
2929 604 2986 650 et
3012 595 3229 649 tradidit
3244 611 3354 651 eam
3377 597 3426 652 in
3452 597 3528 651 die
3551 596 3709 656 furoris
3727 607 3801 660 sui.

2345 689 2421 745 De
2447 704 2552 758 qua
2575 703 2703 743 sane
2729 688 2818 743 die
2845 702 3086 758 praesens
3109 687 3355 758 pr0pbeta
3375 687 3617 758 loquitur:
3641 691 3804 748 Maledi-

2346 788 2451 845 cta,
2485 779 2679 850 inquit,
2715 779 2826 833 dies
2856 778 2911 833 in
2936 795 3039 849 qua
3068 789 3217 832 natus
3242 795 3370 844 sum,
3409 781 3508 835 dies
3533 784 3580 836 in
3599 798 3682 853 qua
3702 801 3808 854 pepe.

2347 874 2415 928 rit
2439 889 2519 928 me
2559 881 2730 926 mater
2749 887 2888 935 mea,
2913 881 2962 925 et
2990 888 3093 926 non
3131 873 3219 936 sit,
3259 872 3440 942 inquit,
3468 874 3689 929 benedicta
3713 875 3806 947 (Jer.

2345 967 2465 1038 xx).
2495 965 2627 1034 Quae
2656 964 2916 1020 nimirum
2945 963 3082 1028 dies,
3124 973 3181 1018 ut
3207 979 3358 1034 supra
3378 964 3479 1033 jam
3499 966 3609 1030 dixi,
3645 968 3736 1023 dies
3756 967 3813 1023 iu-

2350 1060 2493 1115 roris
2529 1058 2743 1114 Domini
2767 1056 2893 1126 jure
2922 1057 3238 1128 appellatur,
3270 1059 3333 1112 ad
3360 1075 3507 1128 quam
3535 1062 3700 1126 anima,
3730 1077 3812 1130 quae

2349 1151 2632 1212 deciderit,
2671 1149 2866 1205 tollens
2903 1165 2963 1204 se
3005 1150 3073 1204 de
3113 1149 3361 1205 membris
3384 1149 3566 1205 Christi
3598 1153 3815 1220 peccando,

2350 1241 2664 1310 faciensque
2701 1256 2762 1296 se
2806 1241 3113 1298 membrum
3143 1241 3450 1307 meretricis,
3490 1241 3537 1296 id
3581 1250 3650 1296 est
3675 1242 3814 1297 diaboli

2349 1351 2472 1390 eum
2501 1351 2610 1405 quo
2651 1333 3057 1398 mere-tricatur,
3089 1348 3194 1388 non
3240 1334 3530 1387 recordatur
3563 1333 3610 1387 in
3641 1332 3710 1387 die
3737 1333 3818 1397 ire,

2351 1427 2478 1496 quia
2518 1441 2626 1480 non
2654 1424 2807 1480 stetit
2835 1425 2891 1479 in
2938 1423 3026 1479 die
3054 1439 3214 1496 quam
3241 1423 3362 1478 fecit
3408 1423 3647 1478 Dominus.
3673 1422 3820 1476 Idcirco

2351 1525 2532 1588 spreta
2560 1525 2615 1571 et
2657 1513 2919 1570 derelicta
2961 1529 2993 1568 a
3023 1514 3155 1580 Deo,
3174 1575 3180 1580 ,
3201 1513 3497 1570 conculca-ta
3526 1513 3586 1566 ab
3621 1514 3816 1587 hostibus.

2352 1624 2460 1663 non
2489 1605 2667 1662 minus
2702 1620 2733 1660 a
2783 1605 3050 1675 propheta
3079 1619 3240 1674 quam
3267 1614 3323 1658 et
3344 1602 3410 1657 ab
3438 1603 3655 1658 omnibus
3676 1601 3819 1656 Christi

2357 1697 2642 1762 membris,
2667 1696 2829 1766 digne
2853 1694 3148 1766 plangitur,
3205 1708 3321 1762 quae
3347 1707 3401 1746 se
3425 1691 3488 1745 de
3527 1690 3639 1744 tanti
3668 1689 3820 1743 honoris

662 1796 717 1850 in
745 1795 982 1850 terram?
1014 1792 1128 1848 Nec
1146 1809 1221 1848 est
1244 1794 1550 1848 recordatus
1575 1793 1791 1849 scabelli
1811 1796 2002 1864 pedum
2029 1812 2247 1850 auorum
2281 1779 2327 1839 Β
2353 1787 2608 1851 culmine.
2654 1787 2722 1842 ad
2770 1795 2974 1840 tantam
3028 1784 3324 1840 deVOIVer'ﬂ
3351 1783 3626 1838 irrisionem
3650 1791 3692 1835 ει
3725 1782 3822 1834 ἱηεθε

660 1890 718 1944 in
744 1888 829 1942 die
855 1887 1055 1956 furoris
1079 1887 1163 1941 sui
1209 1885 1371 1955 (Joel.
1402 1886 1505 1957 ιιι).
1539 1887 1700 1952 Quia,
1728 1887 1828 1940 etsi
1863 1886 1950 1940 iila
1973 1885 2102 1941 Sion
2131 1886 2253 1956 pul-

662 1978 937 2034 cherrima
965 1976 1061 2033 Dei
1095 1977 1294 2048 legitur
1331 1977 1616 2041 habitatio,
1649 1977 1894 2045 angelico
1929 1979 2253 2043 ministerio,

662 2075 720 2122 et
749 2068 971 2131 ducatu,
1008 2080 1072 2121 ac
1101 2065 1196 2120 Dei
1219 2066 1554 2136 protectione
1580 2065 1820 2129 suil‘ulta,
1843 2075 1898 2121 et
1937 2068 1992 2121 in
2035 2068 2253 2124 deserto

663 2155 850 2212 multis
879 2155 1176 2219 miraculis,
1219 2170 1285 2209 ac
1321 2139 1519 2210 divinis
1563 2155 1774 2210 solatiis
1812 2156 2114 2211 diutissime
2158 2173 2253 2227 per

665 2247 887 2320 Moysen
917 2256 973 2303 et
999 2247 1208 2311 Aaron,
1233 2247 1550 2318 ueterisque
1591 2249 1794 2302 sanctis
1838 2249 2083 2316 patribus
2120 2250 2253 2304 edu-

663 2345 811 2406 cata,
857 2347 918 2394 ut
956 2338 1219 2394 vocabulo
1263 2339 1484 2399 scabelli
1524 2339 1718 2410 pedum
1772 2339 2001 2398 Domini,
2034 2349 2254 2410 propter

662 2437 869 2484 statum
907 2429 1074 2485 divini
1099 2429 1276 2486 cultus
1302 2430 1497 2486 merito
1520 2432 1786 2500 p0tiretur
1807 2446 1827 2485 :
1853 2440 2031 2486 tamen
2067 2441 2255 2487 nostra

665 2518 797 2576 Sion
826 2519 1136 2592 gloriosior,
1163 2522 1232 2576 ab
1271 2529 1502 2591 utroque
1532 2530 1859 2577 testamento
1894 2523 2254 2592 praedicatur,

664 2609 739 2664 ita
773 2617 834 2664 ut
882 2609 1092 2666 videret
1137 2618 1192 2665 et
1238 2610 1563 2682 przevideret
1607 2626 1727 2665 eam
1778 2609 1996 2681 Moyses
2036 2612 2254 2679 quando

665 2701 912 2756 ascendit
936 2700 993 2755 in
1026 2710 1289 2765 montem,
1328 2701 1510 2756 Aaron
1537 2701 1763 2767 scilicet,
1796 2700 1983 2756 Nadab
2009 2711 2064 2757 et
2088 2702 2252 2768 Abiu,

665 2808 774 2846 una
820 2807 946 2848 cum
993 2793 1346 2863 Septuaginta
1398 2794 1466 2850 de
1513 2795 1844 2858 senioribus,
1897 2803 1952 2848 et
2001 2795 2254 2850 viderunt

667 2883 835 2940 Deum
868 2884 1059 2949 Israel,
1094 2885 1286 2955 inquit,
1315 2894 1370 2940 et
1403 2887 1505 2941 sub
1538 2888 1766 2956 pedibus
1791 2887 1908 2956 ejus
1935 2887 2088 2956 quasi
2117 2903 2254 2957 opus

666 2977 861 3048 lapidis
907 2976 1228 3045 sapphirini,
1277 2987 1334 3031 et
1376 2979 1532 3047 quasi
1577 2979 1776 3034 cmlmn
1821 2996 1945 3034 cum
1996 2995 2252 3035 serenum

665 3075 750 3121 est
797 3064 996 3138 (Exod.
1034 3067 1205 3134 χιιι).
1253 3067 1311 3121 In
1354 3067 1549 3136 quibus
1592 3068 1831 3139 profecto
1876 3070 2057 3124 verbis
2106 3079 2253 3140 patet

663 3172 882 3223 sensus,
934 3158 1076 3227 quod
1130 3158 1430 3214 Ecclesiam
1471 3161 1524 3215 in
1571 3162 1766 3231 spiritu
1815 3162 2124 3232 praeviderit
2157 3163 2253 3218 Dei

665 3250 769 3306 sub
798 3250 1025 3321 pedibus
1047 3249 1358 3318 aﬂ‘uturam,
1389 3261 1670 3323 propterea
1700 3255 1854 3324 quasi
1896 3255 2094 3310 coelum
2130 3271 2254 3312 cum

667 3355 921 3396 serenum
971 3349 1074 3408 cst,
1123 3344 1240 3397 ait:
1275 3342 1412 3410 Quia
1455 3345 1570 3399 caeli
1611 3356 1860 3400 enarra»:
1899 3347 2124 3417 gloriam
2155 3348 2256 3404 Dei

666 3427 843 3500 (Psal.
879 3433 1056 3503 xvut).
1089 3431 1262 3500 Quam
1295 3435 1533 3492 retinere
1579 3436 1765 3491 volens
1793 3436 2075 3503 Dominus,
2116 3440 2253 3509 bap-

666 3522 814 3576 tismi
863 3525 1244 3588 sacramentis,
1293 3525 1349 3581 in
1395 3527 1577 3597 specie
1617 3527 1860 3598 sapphiri
1900 3529 2092 3601 lapidis
2132 3545 2255 3586 eam

669 3612 772 3668 sibi
795 3612 897 3670 sub
922 3615 1149 3685 pedibus
1187 3615 1241 3670 in
1268 3617 1556 3688 aenigmate
1583 3618 1996 3676 demonstravit.
2020 3621 2089 3676 Et
2133 3622 2255 3677 ideo

664 3707 928 3778 propheta
973 3708 1027 3762 in
1073 3709 1289 3780 spiritu,
1338 3725 1482 3776 reor,
1533 3712 1678 3781 quod
1731 3729 1840 3767 non
1889 3713 2069 3768 minus
2113 3714 2255 3771 illius

667 3800 852 3872 populi
905 3802 1142 3868 ruinam,
1198 3819 1360 3874 quam
1401 3815 1458 3859 et
1502 3816 1704 3861 nostra:
1753 3806 1882 3863 Sion
1915 3807 2253 3874 discrimina,

665 3891 926 3946 divinitus
958 3894 1278 3962 przevidens,
1319 3893 1483 3950 ﬂebat
1513 3897 1816 3962 nobiscum,
1862 3897 2001 3953 adeo
2045 3899 2255 3969 dejecta

668 3981 944 4038 multolies
974 3985 1027 4038 in
1077 3985 1166 4039 die
1196 3985 1396 4042 furoris
1445 3985 1560 4052 Dei,
1612 3998 1670 4041 ut
1719 4003 1824 4042 non
1877 3991 2258 4045 recordaretur

668 4076 812 4130 Deus
864 4078 1086 4132 scabelli
1132 4081 1329 4148 pedum
1370 4095 1612 4136 suorum.
1643 4080 1796 4148 Quod
1841 4096 1984 4151 saepe
2033 4083 2257 4154 contigit

669 4179 894 4240 propter
914 4179 1136 4240 peccata
1167 4172 1370 4244 populi,
1400 4181 1457 4228 et
1485 4187 1628 4228 nunc
1663 4174 1927 4229 accidisse
1943 4173 2068 4243 jure
2096 4174 2253 4244 plan-

670 4261 849 4334 gitur:
881 4263 964 4317 cui
989 4280 1220 4334 praeesse
1250 4266 1510 4321 debuerat
1534 4265 1786 4321 Christus
1809 4276 1863 4322 et
1879 4267 2253 4333 deambulare,

668 4353 815 4423 quod
844 4355 894 4408 ei
933 4371 1079 4410 nunc
1107 4356 1367 4426 temporis
1404 4357 1657 4427 pessima:
1707 4359 2020 4413 dominatur
2067 4359 2254 4414 inimi-

673 4458 790 4499 eus.
836 4443 946 4500 Nec
987 4447 1303 4502 recordatus
1348 4447 1468 4503 solii
1513 4448 1596 4503 sui
1639 4448 1854 4520 1366
1887 4457 1982 4503 aut
2030 4451 2252 4506 scabelli

2355 1883 2523 1947 niam,
2550 1891 2606 1937 et
2631 1880 2699 1936 ad
2749 1889 2956 1936 tantam
2987 1893 3047 1934 se
3085 1879 3300 1933 ruinam
3336 1875 3588 1946 deiecerit.
3621 1872 3737 1928 Unde
3769 1887 3822 1926 se-

2355 1975 2544 2044 quitur
2569 1988 2584 2026 :

3057 2055 3122 2094 BE
3130 2055 3222 2095 τιι.

2429 2158 2782 2230 Praecipitavit
2821 2155 3078 2210 Dominus
3129 2170 3221 2208 nec
3255 2153 3466 2223 pepercit
3497 2149 3646 2204 omnia
3667 2144 3822 2216 speciosa

2352 2251 2540 2314 Iacob,
2581 2247 2838 2304 destruxit
2888 2247 2944 2300 in
2987 2245 3169 2314 furore
3211 2259 3306 2298 suo
3356 2241 3638 2295 munitiones
3679 2236 3823 2306 virginis

2352 2340 2387 2395 J
2394 2341 2520 2404 uda,
2546 2338 2732 2410 dejccit
2754 2338 2808 2391 in
2833 2345 2995 2402 terra,
3011 2335 3200 2406 polluit
3222 2349 3430 2405 regnum
3447 2341 3489 2385 et
3509 2331 3720 2400 principes
3735 2327 3820 2395 eju-

2354 2433 2481 2488 iIeec
2518 2431 2699 2488 omnia
2736 2428 2936 2485 Iudaeis
2981 2427 3249 2484 accidisse
3287 2425 3603 2481 manifestum
3641 2429 3721 2475 est.
3756 2417 3822 2472 Sed

2352 2524 2479 2594 quia
2529 2522 2585 2577 id
2631 2520 2917 2576 Dominum
2967 2517 3162 2574 fecisse
3199 2518 3478 2588 plangitur,
3515 2530 3606 2570 non
3638 2513 3699 2566 sic
3733 2509 3825 2564 acci-

2351 2613 2610 2686 piendum
2639 2613 2797 2683 quasi
2828 2626 2900 2667 eo
2936 2610 3250 2680 impellente
3279 2606 3559 2664 Jerusalem
3593 2600 3824 2675 peccaverit.

2355 2709 2450 2766 sed
2493 2708 2620 2779 quia
2643 2706 2795 2777 justo
2833 2721 3070 2776 veroque
3093 2705 3300 2776 judicio
3326 2705 3544 2774 primum
3578 2713 3753 2770 peccare
3772 2693 3828 2748 hic

2355 2811 2449 2856 aut
2471 2800 2598 2855 alibi
2619 2815 2716 2870 per
2747 2799 3034 2855 innumera
3068 2811 3324 2870 peccata,
3347 2797 3531 2853 deinde
3556 2801 3728 2866 propter
3752 2802 3827 2858 por

2354 2880 2479 2948 nam
2516 2892 2723 2962 peccati
2749 2892 3108 2963 praecipitare,
3137 2893 3230 2948 vel
3255 2901 3446 2948 caetera
3483 2905 3589 2960 qua:
3621 2891 3832 2956 sequuntur

2355 2987 2620 3055 permisit.
2651 2985 2882 3056 Propter
2909 2994 3130 3056 peccata
3165 2986 3310 3041 enim
3344 2983 3624 3039 Judzeorum
3649 2977 3701 3030 ad
3730 2971 3828 3029 simi-

2358 3075 2639 3131 litudinem
2670 3077 2914 3147 gentium
2954 3084 3287 3131 cteterarum
3317 3091 3432 3144 qua:
3467 3073 3695 3128 circa‘eos
3716 3070 3830 3118 erat“.

2282 3141 2326 3203 Ο
2360 3166 2605 3221 irritatus
2630 3141 2912 3230 Dominus,
2943 3165 3176 3220 tradidit
3210 3141 3457 3237 populum
3488 3177 3620 3215 suum
3645 3157 3684 3210 in
3707 3164 3831 3207 manus

2357 3258 2621 3329 gentium,
2649 3266 2706 3312 et
2747 3257 3007 3312 dominati
3044 3269 3178 3313 sunt
3210 3273 3396 3313 eorum
3430 3254 3514 3326 qui
3553 3251 3735 3306 oderunt
3760 3255 3830 3296 eos.

2359 3347 2472 3403 Nec
2507 3348 2731 3418 pepercit
2763 3346 2976 3418 1367
3003 3349 3188 3402 omnia
3237 3348 3466 3418 speciosa
3485 3341 3644 3402 Iacob,
3671 3348 3758 3406 qua
3778 3330 3832 3382 lu-

2356 3439 2520 3495 bebat
2560 3440 2612 3493 in
2661 3439 2997 3494 ornamentis
3052 3437 3413 3494 famosissimi
3457 3432 3632 3502 templi,
3667 3437 3710 3482 et
3740 3419 3832 3478 cultu

2357 3529 2802 3584 ceremoniarum
2837 3545 2945 3598 quo
2995 3544 3054 3584 se
3083 3529 3438 3599 gloriosiores
3461 3523 3644 3580 caeteris
3662 3512 3831 3587 gentibus

2357 3619 2670 3674 credebant.
2722 3617 2854 3686 Qua:
2893 3620 3157 3674 nimirum
3214 3620 3471 3674 Dominus
3517 3603 3832 3685 prter-inituri”!

2357 3712 2615 3766 destruxit
2666 3711 2720 3766 in
2766 3711 2947 3781 furore
2997 3729 3119 3775 suo,
3183 3721 3244 3766 ut
3303 3709 3605 3776 intelligeres
3639 3696 3832 3792 Dotnittﬂm

2356 3819 2462 3858 non
2491 3819 2577 3869 ea,
2605 3803 2700 3859 sed
2728 3803 2872 3873 ipsos
2899 3805 3202 3874 requisisse
3225 3803 3328 3858 sibi
3360 3799 3598 3857 incultum
3623 3802 3665 3848 et
3682 3786 3830 3882 simil"

2357 3904 2410 3952 et
2441 3895 2650 3951 laudem
2689 3895 2924 3950 nominis
2973 3895 3096 3960 sui;
3127 3896 3210 3950 illi
3267 3909 3398 3949 vero
3445 3907 3473 3947 e
3520 3868 3834 3972 contrario.

2356 3985 2711 4055 prml‘erentes
2750 3985 2803 4038 in
2832 3983 3028 4054 quibus
3073 3984 3475 4056 gloriabantur,
3506 3994 3559 4035 se
3590 3967 3836 4065 impudicitia

2357 4087 2409 4131 et
2441 4077 2736 4131 sceleribus
2785 4076 3151 4131 tradiderunt.
3176 4076 3286 4132 Sed
3307 4075 3512 4148 plenius
3534 4072 3578 4124 in
3600 4068 3676 4120 hac
3695 4057 3835 4111 ultima.

2356 4182 2476 4237 quae
2504 4167 2604 4222 sub
2647 4165 2909 4222 Romanis
2950 4166 3179 4232 accidit,
3208 4167 3328 4222 hac
3371 4163 3542 4220 omnia
3580 4148 3836 4237 complentur.

2359 4229 2514 4326 quasi
2543 4256 2591 4311 si
2628 4256 2680 4309 in
2707 4257 2896 4312 testeis
2924 4257 3073 4311 vasis
3111 4257 3376 4312 universa
3401 4253 3486 4308 illa
3511 4261 3613 4320 qua:
3633 4245 3673 4296 iu
3692 4240 3773 4305 ιθεε
3791 4229 3838 4326 ξδ’

2359 4357 2578 4416 guntur,
2615 4346 2934 4400 adumbrata
2979 4344 3278 4400 ferrentur
3319 4345 3374 4399 iu
3425 4353 3598 4410 regno,
3625 4334 3668 4387 in
3693 4318 3838 4425 politi“!

2361 4439 2414 4493 in
2445 4440 2675 4495 ducibus
2695 4448 2752 4493 et
2781 4439 3071 4504 ministris,
3111 4441 3164 4492 in
3192 4438 3396 4508 templo
3417 4445 3471 4491 et
3505 4429 3631 4484 vasis
3651 4415 3838 4508 omnibus.

672 4535 868 4605 pedum
895 4551 1116 4592 suorum
1148 4537 1201 4590 in
1231 4536 1319 4591 die
1345 4536 1546 4594 furoris
1576 4497 1925 4609 sui-:1me
1957 4537 2049 4594 Dei
2083 4540 2257 4608 impu-
2283 4514 2334 4574 Ῑ)
2361 4530 2686 4586 inSabbatis
2714 4539 2770 4585 et
2792 4530 3256 4595 solemnatatihus,
3299 4532 3353 4585 in
3387 4524 3606 4582 vestibus
3635 4524 3680 4572 et

669 4635 902 4695 gnantur
939 4627 1063 4698 jura
1095 4628 1149 4682 in
1187 4628 1363 4694 nobis,
1401 4637 1459 4684 et
1503 4630 1854 4685 dominantur
1895 4629 2054 4684 mala.
2085 4630 2253 4685 Caete-

673 4735 792 4772 rum
837 4718 1016 4773 anima
1054 4721 1330 4789 peccatrix
1363 4720 1666 4787 moraliter,
1708 4738 1829 4792 qua:
1866 4723 2138 4793 quondam
2176 4723 2257 4777 lu~

673 4824 796 4864 men
838 4810 1078 4866 scientiae
1121 4820 1176 4865 et
1225 4811 1500 4880 speculum
1543 4813 1742 4868 divinae
1779 4813 2256 4883 contemplationis

673 4901 882 4966 habuit,
917 4901 1070 4969 cujus
1097 4913 1154 4958 et
1187 4918 1383 4958 nomen
1426 4905 1480 4958 in
1515 4903 1654 4960 ctelo
1691 4905 1954 4975 scriptum
1995 4904 2117 4971 fuit,
2147 4922 2255 4960 non

671 4991 850 5048 minus
880 4990 1106 5062 lugenda
1160 4993 1420 5059 creditur,
1454 4995 1670 5064 quando
1698 4996 1752 5050 in
1797 5005 1940 5050 terra
1978 4996 2258 5066 prostitui-

671 5092 759 5135 tur
785 5093 840 5136 et
857 5082 1194 5153 profanatur,
1223 5085 1438 5154 quando
1463 5085 1608 5139 vitiis
1634 5084 1890 5154 polluitur
1918 5097 1973 5141 et
2007 5087 2256 5156 inquina-

673 5183 779 5236 tur,
805 5177 1024 5247 quando
1051 5177 1218 5247 pedes
1243 5177 1476 5244 Domini,
1508 5177 1736 5248 vestigia
1766 5176 2018 5232 videlicet
2046 5193 2252 5248 praee-

668 5278 884 5338 ptorum
919 5270 1056 5340 ejus,
1087 5274 1153 5328 de
1186 5273 1351 5336 corde
1387 5271 1622 5342 explosis
1661 5270 1935 5340 gressibus
1971 5271 2257 5328 abolentur

672 5360 786 5414 Dei.
826 5359 962 5417 Cum
1005 5371 1149 5418 esset
1197 5361 1453 5431 templum
1502 5361 1648 5415 Deus
1696 5361 1943 5416 habitans
1993 5361 2046 5416 in
2095 5376 2156 5416 ea
2197 5371 2252 5417 et

669 5448 1041 5518 deambulans,
1085 5467 1116 5508 e
1161 5452 1440 5507 contrario
1482 5467 1626 5506 nunc
1679 5462 1901 5523 propter
1951 5453 2252 5508 ctecitatem

670 5541 848 5598 cordis
873 5552 928 5597 et
962 5543 1256 5614 nequitiam
1286 5559 1466 5614 prava:
1505 5544 1755 5610 actionis,
1780 5545 1845 5601 de
1874 5545 2107 5600 culmine
2137 5546 2249 5599 vir-

671 5643 868 5700 tutum,
911 5635 1067 5705 quasi
1093 5636 1160 5692 de
1199 5651 1412 5692 summo
1441 5637 1566 5692 eteli
1615 5636 1834 5701 vertice,
1863 5635 1918 5689 in
1952 5634 2247 5692 foeditatem

669 5725 922 5784 vitiorum
950 5728 1222 5800 prolapsa,
1247 5730 1298 5784 in
1323 5730 1410 5785 die
1437 5728 1638 5790 furoris
1663 5729 1874 5785 Domini
1904 5730 1972 5783 ab
2004 5729 2247 5786 hostibus

2359 4626 2482 4689 ciis,
2527 4626 2582 4679 in
2619 4624 2766 4679 cultu
2801 4624 3101 4695 religionis,
3131 4633 3188 4677 et
3217 4625 3271 4678 in
3321 4619 3564 4677 omnibus
3593 4594 3840 4695 quzede-lﬂf

2361 4680 2680 4773 adumbrata
2730 4680 3120 4786 praedicantitr.
3169 4713 3412 4785 Nempe,
3451 4708 3569 4780 quia
3616 4693 3720 4756 nihil
3750 4680 3840 4742 aliud

2361 4811 2579 4865 fuerunt
2609 4809 2715 4864 ista
2752 4809 2957 4872 omnia,
2998 4809 3100 4863 nisi
3131 4809 3294 4878 quasi
3316 4806 3529 4876 quidam
3569 4802 3749 4863 ηιαειιιιδ
3763 4790 3842 4850 θ’θ’

2360 4904 2521 4975 pheta
2567 4904 2652 4959 vel
2694 4904 3000 4973 prophetia.
3045 4904 3318 4960 Veniente
3362 4915 3488 4956 vero
3537 4891 3732 4951 ChristO.
3762 4883 3842 4973 cui“

2363 4997 2629 5067 completa
2661 5007 2845 5052 essent
2870 4997 3083 5067 singula
3111 4997 3177 5052 de
3209 5013 3298 5061 eo,
3329 5009 3450 5066 qua:
3478 4993 3529 5046 in
3561 4984 3730 5067 eisdem,
3750 4976 3842 5022 ‘3’"

2363 5066 2703 5159 tegebantur,
2730 5066 3063 5159 praecipitata
3094 5099 3226 5144 sunt
3255 5087 3438 5143 omnia
3467 5083 3551 5138 illa
3571 5087 3619 5133 et
3634 5066 3840 5159 ωηῖηαὲε

2361 5158 2636 5236 destructa
2665 5186 2720 5233 et
2733 5158 2980 5247 deiecta,
3004 5178 3209 5248 polluta
3239 5189 3296 5234 et
3331 5175 3625 5248 profanata,
3643 5175 3691 5218 ut
3715 5158 3842 5212 concia

2363 5274 2419 5330 in
2448 5274 2581 5329 orbe
2617 5282 2889 5327 terrarum
2919 5273 3170 5327 viderent
3198 5271 3431 5343 mystica
3470 5275 3522 5320 et
3548 5249 3843 5343 ineﬂ‘abilias:

2359 5373 2662 5430 crameuta,
2692 5379 2813 5433 quae
2843 5364 3190 5434 tegebantur,
3228 5363 3350 5417 luce
3381 5358 3569 5416 clarius
3588 5330 3845 5437 reseralf-u

2359 5458 2516 5522 ideo,
2572 5456 2774 5526 inquit,
2828 5455 3021 5525 polluit
3077 5470 3309 5526 regnum
3364 5462 3421 5509 et
3467 5443 3706 5522 principes
3740 5437 3842 5496 ἤιεν

2355 5549 2572 5620 quando
2611 5555 2803 5604 cuneta
2834 5548 3075 5619 speciosa
3103 5564 3302 5603 eorum
3329 5543 3580 5616 despexit.
3608 5547 3692 5590 nec
3713 5530 3842 5596 Μετ’

2354 5641 2430 5698 cit
2457 5649 2741 5712 perempto
2777 5639 3014 5703 Christo,
3041 5648 3095 5695 et
3122 5639 3248 5694 sine
3275 5638 3414 5710 ipso,
3439 5636 3503 5691 de
3520 5645 3617 5702 φιο
3656 5620 3842 5718 erat,

2355 5710 2582 5788 llisvisln
2625 5710 2932 5804 prophetia,
2957 5733 3134 5788 onmia
3177 5731 3467 5802 prostituta
3499 5727 3557 5780 et
3584 5710 3844 5782 coinquinat:
