4048 6352
164 296 308 356 1109

894 289 1257 348 EXPOSITIO
1293 289 1358 345 IN
1396 286 1975 348 LAMENTATIONES
2011 289 2358 348 JEREMLE.
2392 322 2462 334 —-
2492 291 2620 347 LIB.
2660 293 2722 349 ll.

3297 295 3367 350 Π
3383 293 3447 352 ιο

147 409 438 482 judicavit,
467 409 520 483 in
567 414 774 462 tantum
807 413 866 459 ut
895 406 961 460 de
996 406 1250 460 omnibus
1297 419 1398 459 nec
1436 409 1743 458 remaneret
1770 403 1820 464 Α
1848 400 2132 470 cujuslibet
2170 403 2368 461 animm
2399 421 2498 460 nec
2547 405 2746 475 parcit,
2790 407 3007 476 quando
3048 423 3108 466 se
3151 423 3314 466 mens
3338 424 3445 470 oc,-

159 512 320 566 testa,
345 502 400 556 in
431 517 538 572 qua
565 507 812 570 portetur
845 496 983 568 ignis
1014 497 1078 552 de
1115 495 1383 552 Incendio.
1417 495 1485 549 Et
1519 495 1634 549 haec
1661 501 1746 547 cst
1786 548 1797 581 ..

155 594 478 650 lamentatio
508 591 786 663 propheta:
827 597 938 642 tam
982 588 1238 642 immanis
1282 597 1337 642 et
1368 584 1743 641 intolerabilis.

228 687 458 760 Mystice
471 693 652 740 autem
677 685 742 739 ad
764 683 1085 748 Ecclesiam,
1111 694 1371 755 peccante
1391 682 1609 754 populo,
1631 683 1750 737 1)th

149 781 281 850 jure
307 777 651 843 referuntur;
702 778 847 846 quia,
880 777 1176 832 secundum
1207 776 1548 847 Apostolum,
1576 774 1623 829 si
1652 789 1751 830 na-

104 871 428 949 ‘turalibus
445 870 586 925 Deus
615 887 719 925 non
752 871 994 941 pepercit
1016 871 1205 936 ramis,
1228 877 1432 940 quanto
1453 867 1624 938 magis
1648 881 1748 922 no-

152 965 261 1029 bis,
293 964 386 1032 qui
411 978 534 1016 cum
578 977 820 1016 essemus
846 961 1090 1026 oleastri,
1128 961 1316 1016 inserti
1345 975 1532 1016 sumus
1561 959 1615 1012 in
1647 958 1747 1012 bo-

154 1069 286 1107 nam
313 1053 509 1109 olivam
543 1051 714 1122 (Rom.
743 1053 861 1123 x1)?
891 1051 958 1106 Et
987 1053 1030 1108 si
1059 1068 1246 1108 eorum
1274 1052 1521 1122 despexit
1549 1048 1746 1113 oﬂicia,

152 1151 366 1212 quanto
397 1143 568 1214 magis
595 1151 649 1196 et
677 1151 862 1197 nostra
893 1141 1233 1213 polluuntur,
1265 1157 1388 1197 cum
1410 1141 1610 1212 polluta
1635 1137 1751 1195 fue-

155 1233 229 1288 rit
268 1241 325 1287 et
353 1249 507 1288 mens
536 1241 589 1288 et
631 1232 1000 1288 conscientia?
1027 1233 1174 1304 Ergo
1203 1249 1365 1302 quam
1395 1231 1635 1303 speciosa
1679 1230 1751 1286 sit

156 1323 404 1379 Ecclesia
451 1332 506 1378 ct
533 1323 782 1394 pulchra,
836 1339 977 1393 saepe
1021 1323 1074 1379 in
1106 1323 1346 1379 Canticis
1388 1323 1746 1387 collaudatur,

155 1415 252 1470 sed
291 1423 348 1469 et
388 1415 441 1469 in
485 1411 712 1469 Psalmis
739 1434 752 1468 :
777 1414 976 1480 Astitit,
1029 1414 1229 1486 inquit.
1265 1415 1446 1487 regina
1477 1415 1532 1468 in
1562 1413 1748 1468 vestitu

156 1507 444 1573 deaurato,
493 1506 822 1560 circumdata
867 1508 1117 1562 varietate
1163 1505 1338 1579 (Psal.
1378 1505 1542 1577 xuv).
1596 1504 1754 1560 Unde

155 1607 377 1654 constat
420 1599 562 1668 quod
595 1597 839 1669 speciosa
882 1597 1035 1653 valde
1077 1609 1162 1654 est
1200 1607 1256 1654 et
1295 1598 1497 1661 suavis,
1527 1596 1750 1667 pulchra

155 1689 384 1758 quidem
413 1697 469 1741 ut
499 1686 647 1752 luna,
691 1687 854 1742 electa
889 1696 944 1740 ut
982 1687 1060 1742 sol
1091 1686 1269 1759 (Cant.
1297 1687 1398 1757 v1).
1443 1685 1550 1742 Sed
1580 1700 1743 1756 quam

1849 493 2130 562 cupaverit
2174 495 2360 562 pravis
2391 495 2696 560 desideriis,
2749 497 3322 556 relictoriatrinsecus
3343 515 3442 556 oa-

1847 589 1934 660 sto
1962 583 2056 638 Dei
2103 572 2311 651 amore,
2359 587 2446 640 cui
2495 586 2700 641 dictum
2737 588 2960 643 fuerat:
3008 589 3171 656 Audi,
3222 589 3364 660 ﬁlia,
3390 599 3440 646 et

1850 672 1984 739 vide,
2012 685 2060 728 et
2079 675 2276 730 inclina
2307 693 2488 730 aurem
2518 686 2665 731 tuam
2691 676 2866 749 (Psal.
2893 679 3080 751 tem),-
3100 691 3234 747 etc.,
3267 681 3442 738 donec

1849 765 2196 836 concupiscat
2222 782 2319 822 rex
2374 767 2625 824 decorem
2675 779 2847 836 tuum,
2879 779 2934 825 et
2978 771 3208 828 destruit
3236 788 3427 829 omnes

1850 857 2178 914 munitiones
2202 857 2389 930 ejusin
2418 873 2551 930 gyro
2576 861 2627 914 in
2658 860 2738 915 ira
2767 859 2965 918 furoris
2991 863 3428 935 sui.(Ecete.tx).

1851 946 2077 1016 Quando
2105 949 2209 1004 fide
2263 948 2589 1016 infirmatur,
2625 964 2726 1006 nec
2773 951 2918 1007 valet
2957 952 3422 1010 mutationes-ho-

1851 1040 2015 1106 stium
2043 1043 2318 1097 sustinere
2352 1059 2471 1112 qua:
2495 1043 2832 1098 inferuntur:
2862 1045 2986 1114 quia
3009 1044 3156 1100 intus
3199 1047 3438 1117 primum

1849 1131 2081 1200 perdidit
2132 1133 2366 1200 speciem
2415 1141 2471 1188 et
2515 1133 2979 1204 pulchritudinem
3029 1135 3168 1190 casti
3209 1137 3436 1192 amoris.

1848 1220 2098 1292 Alioquin
2124 1224 2226 1277 nisi
2253 1224 2402 1294 prius
2429 1224 2575 1280 intus
2601 1225 2782 1280 anima
2805 1236 3060 1296 corrupta
3084 1236 3247 1290 esset,
3265 1234 3322 1283 et
3338 1225 3441 1283 fua-

1851 1313 1974 1367 data
2034 1313 2248 1386 1369
2283 1315 2449 1381 vitiis,
2492 1331 2833 1386 nequaquam
2881 1317 2991 1373 Dei'
3018 1318 3444 1374 destituerentur

1849 1402 2066 1467 auxilio,
2095 1404 2166 1458 ita
2193 1415 2253 1458 ut
2284 1407 2424 1460 muri
2446 1405 2857 1462 destruerentur
2882 1409 3128 1465 exterius
3151 1409 3440 1472 virtutum.

1849 1493 2046 1562 quibus
2060 1494 2207 1563 prius
2223 1496 2292 1550 ab
2306 1495 2571 1560 hostibus,
2588 1512 2656 1552 ne
2669 1496 3052 1568 irrumperent,
3071 1499 3440 1554 muniebatur.

1852 1581 1918 1636 Et
1945 1583 2162 1652 projecit
2182 1601 2314 1648 eam,
2342 1586 2449 1651 ait,
2468 1587 2524 1640 in
2553 1596 2750 1641 terram
2766 1603 2795 1654 ;.
2814 1587 2941 1657 quia
2968 1589 3196 1644 omnino
3209 1598 3342 1652 tunc,
3372 1590 3442 1644 de

1854 1673 2050 1730 throno
2080 1677 2231 1746 regni
2262 1677 2466 1732 corruit
2489 1677 2542 1731 in
2574 1686 2804 1743 terram,
2829 1679 3044 1748 quando
3072 1680 3445 1738 intusvcoauue

155 1793 306 1850 saepe
351 1777 793 1834 excrescentibus
827 1777 1019 1847 culpis,
1051 1785 1146 1833 aut
1185 1793 1284 1849 per
1325 1785 1531 1848 partes,
1573 1786 1665 1830 aut
1691 1776 1746 1830 in
1775 1764 1824 1823 B
1851 1763 1998 1820 bium
2027 1768 2162 1822 casti
2193 1768 2396 1824 amoris
2420 1767 2666 1836 violavit,
2702 1779 2756 1824 et
2793 1771 3044 1828 sordibus
3077 1774 3340 1828 vitiorum
3381 1787 3446 1828 se

155 1878 296 1933 toto,
323 1867 512 1938 dejicit
545 1866 806 1922 Dominus
829 1867 1074 1936 speciosa
1113 1865 1231 1936 ejus
1260 1867 1329 1922 ad
1367 1864 1748 1922 contumeliam

153 1971 211 2017 et
255 1960 609 2031 ignominiam
652 1959 704 2012 in
755 1959 1004 2014 manibus
1047 1959 1308 2014 hostium.
1354 1956 1608 2028 Speciosa
1634 1956 1753 2025 (Ιυίθ

156 2055 310 2118 dem,
336 2052 465 2123 quia
495 2051 690 2106 candet
718 2051 853 2105 sicut
893 2050 1063 2105 lilium
1087 2051 1222 2105 inter
1248 2051 1427 2119 spinas
1455 2047 1631 2120 (Cant.
1649 2046 1710 2117 ιι)
1735 2085 1751 2112 ,

156 2144 386 2214 quando
432 2140 891 2213 pulchritudinem
947 2138 1065 2207 ejus
1123 2138 1285 2194 simul
1333 2147 1536 2192 exorta-2
1584 2137 1754 2207 spina:

156 2234 436 2290 suﬂ’ocant
449 2232 600 2304 (Luc.
617 2231 761 2301 vui).
781 2229 1023 2300 Dejicere
1048 2238 1228 2285 autem
1256 2230 1348 2284 Dei
1374 2238 1478 2292 est,
1488 2229 1636 2299 justo
1656 2242 1755 2282 suo

164 2324 398 2396 1368
427 2321 630 2390 judicio
679 2320 998 2391 permittere
1043 2334 1484 2389 unumquemque
1516 2319 1595 2371 ire
1633 2325 1757 2387 post

158 2413 658 2483 concupiscentias,
699 2420 755 2466 et
784 2411 1087 2477 destruere,
1124 2411 1383 2465 auxilium
1417 2409 1604 2480 gratiae
1643 2423 1756 2462 sua:

156 2520 225 2560 ac
255 2502 645 2560 misericordiae
693 2517 798 2557 non
835 2511 1115 2572 praestare.
1145 2502 1254 2557 Pro
1293 2501 1490 2571 quibus
1527 2500 1571 2554 si
1598 2497 1755 2554 nobis

156 2607 352 2652 essent
393 2595 665 2667 lacrymaa,
691 2593 897 2663 jugiter
940 2595 1399 2667 conspiceremus,
1441 2593 1583 2648 unde
1626 2591 1758 2648 ﬂere

156 2687 523 2750 deberemus;
577 2685 672 2740 sed
712 2685 855 2754 quod
884 2685 1103 2754 gravius
1141 2693 1244 2750 est,
1269 2685 1382 2756 jam
1431 2683 1556 2738 talia
1599 2697 1758 2738 rarus

156 2778 253 2849 qui
302 2777 585 2848 recogitet.
613 2777 972 2831 Destruuntur
1015 2777 1199 2848 itaque
1242 2777 1576 2832 munitiones
1612 2774 1752 2844 ejus,

157 2868 386 2938 quando
436 2867 758 2939 pervigiles,
804 2876 860 2922 et
906 2869 1159 2924 custodes
1207 2868 1572 2924 Ecclesiarum
1603 2910 1618 2934 ,
1663 2868 1756 2939 qui

157 2974 286 3014 eam
351 2960 568 3014 munire
602 2967 660 3014 et
717 2959 1058 3015 circumdare
1116 2975 1217 3014 suo
1277 2959 1480 3014 auxilio
1524 2968 1580 3013 et
1623 2958 1755 3014 doc-

158 3054 346 3116 trina,
403 3069 524 3108 cum
571 3052 718 3107 omni
767 3067 899 3107 cura
949 3059 1004 3107 et
1048 3051 1408 3108 sollicitudine
1457 3053 1751 3117 deberent,

1855 1855 2162 1911 admiscuit.
2199 1858 2356 1913 Unde
2397 1859 2553 1913 valde
2597 1860 2784 1916 omnis
2801 1876 2924 1916 cum
2956 1865 3444 1935 prophetalugen-

1854 1949 2002 2014 dum,
2025 1950 2115 2018 qui
2140 1949 2206 2004 de
2227 1949 2349 2006 cmli
2376 1950 2609 2005 culmine
2633 1952 2952 2022 projicimur
2977 1955 3032 2009 in
3059 1963 3282 2022 terram,
3308 1971 3445 2026 quo-

1856 2038 1959 2095 ties
1982 2047 2196 2095 terrena
2225 2049 2502 2098 sectamur
2520 2053 2575 2098 et
2603 2044 2948 2116 implicamur
2965 2048 3134 2115 vitiis,
3159 2050 3446 2120 nequando

1856 2131 2068 2186 dicatur
2096 2135 2252 2189 nobis
2287 2153 2300 2188 :
2331 2135 2492 2190 Terra
2525 2153 2601 2201 es,
2624 2146 2674 2192 et
2706 2139 2764 2192 in
2791 2147 2987 2194 terram
3021 2140 3120 2194 ibis
3149 2137 3303 2211 (Gen.
3333 2141 3446 2211 ιιι).

1856 2221 1992 2290 Quia
2021 2225 2124 2280 nisi
2153 2225 2304 2296 prius
2325 2227 2504 2281 anima
2528 2227 2776 2298 speciosa
2805 2229 3066 2284 virtutum
3095 2229 3445 2300 perdidisset,

1859 2328 2197 2383 nequaquam
2234 2316 2566 2373 munitiones
2611 2316 2729 2385 ejus
2771 2321 3012 2374 exterius
3052 2319 3312 2374 Dominus
3352 2320 3448 2375 de-

1856 2403 1991 2460 strui
2023 2407 2397 2474 permitteret;
2459 2416 2515 2462 et
2549 2409 2654 2464 nisi
2687 2408 2741 2464 in
2779 2425 2911 2482 gyro
2955 2409 3229 2466 destructa
3278 2419 3447 2476 esset,

1800 2505 1836 2518 ··
1857 2511 2132 2566 nunquam
2155 2497 2221 2552 de
2244 2497 2382 2553 ccelo
2410 2499 2463 2554 iu
2490 2508 2689 2555 terram
2714 2501 3027 2565 cecidisset,
3047 2512 3105 2556 ut
3133 2511 3305 2557 totum
3334 2511 3449 2559 ter-

1857 2602 1988 2642 rena
2019 2597 2253 2658 saperet.
2290 2589 2396 2645 Sed
2425 2591 2552 2661 quia
2580 2591 2726 2648 intus
2751 2592 3222 2663 pulchritudinem
3241 2596 3446 2658 amisit.

1860 2678 2095 2732 thronus
2124 2679 2217 2735 Dei
2259 2695 2379 2740 esse
2413 2680 2594 2738 desiit.
2627 2680 2764 2736 Hinc
2804 2690 2891 2736 est
2926 2683 3067 2752 quod
3109 2693 3167 2739 et
3204 2684 3259 2738 in
3302 2691 3450 2738 terra

1858 2767 2130 2838 dejicilur,
2177 2778 2230 2826 et
2272 2770 2534 2826 Dominus
2577 2786 2699 2827 eam
2732 2772 2942 2844 polluit.
2989 2773 3213 2842 Polluit,
3253 2775 3447 2852 inquit,

1860 2877 2076 2931 regnum
2105 2872 2153 2915 et
2185 2863 2443 2933 principes
2473 2865 2607 2934 ejus.
2639 2864 2891 2937 Regnum
2920 2881 3048 2937 ergo
3073 2867 3314 2937 polluere
3341 2878 3445 2934 est,

1859 2968 1979 3007 eam
2019 2954 2275 3024 pollutam
2303 2956 2570 3026 judicare,
2612 2957 2666 3012 in
2710 2974 2816 3027 qua
2860 2959 3003 3014 Deus
3043 2959 3299 3029 templum
3344 2960 3448 3014 sibi

1860 3053 2147 3110 statuerat,
2179 3045 2272 3102 sed
2305 3046 2418 3116 ipsa
2449 3064 2480 3101 a
2505 3047 2740 3116 diabolo,
2771 3049 2918 3104 vitiis
2939 3052 3249 3120 prostituta,
3275 3050 3453 3120 profa-

157 3143 580 3199 oblectamentis
633 3141 794 3211 hujus
847 3142 971 3198 vita:
1028 3151 1084 3197 et
1140 3143 1509 3211 voluptatibus
1561 3141 1754 3212 depra-
1781 3115 1825 3176 Ο
1858 3145 2039 3214 natur,
2083 3145 2139 3191 et
2177 3137 2432 3208 polluitur
2471 3155 2575 3194 una
2621 3155 2745 3195 cum
2783 3142 2989 3196 eisdem
3026 3143 3141 3198 suis
3175 3143 3445 3205 sensibus.

157 3246 384 3290 rantur.
412 3234 577 3302 Quos,
617 3234 742 3303 quia
773 3248 879 3287 non
906 3248 964 3287 se
997 3232 1302 3303 intelligunt
1339 3233 1683 3296 destructos,
1705 3241 1762 3287 et

157 3327 463 3396 dissipatos
495 3325 607 3379 suis
645 3324 830 3394 pravis
855 3324 1087 3390 actibus,
1109 3324 1278 3396 gemit
1303 3333 1356 3378 et
1379 3323 1772 3394 pluratchorus,

159 3428 524 3473 sanctorum:
555 3417 681 3487 quia
730 3416 782 3469 in
817 3414 926 3469 illis
968 3425 1022 3468 et
1058 3415 1406 3485 pulchritudo
1446 3415 1764 3485 depcrit,..et

157 3498 433 3565 fortitudo
479 3509 658 3582 gregis
718 3509 1046 3563 inlinuntur.
1097 3507 1193 3561 Est
1237 3521 1472 3576 namque
1508 3505 1759 3560 Ecclesia

159 3601 377 3657 Christi
421 3600 577 3670 quasi
621 3598 942 3664 Jerusalem,
990 3614 1109 3667 qua:
1159 3597 1458 3666 trdi/icalur
1486 3607 1540 3650 ut
1576 3587 1759 3676 civitas

160 3687 349 3760 (Psal.
379 3693 562 3760 cm),
592 3699 648 3746 et
691 3691 824 3744 sicut
865 3690 1029 3743 turris
1077 3688 1247 3742 David
1291 3703 1408 3740 cum
1457 3703 1760 3756 propugna-

159 3781 305 3836 culis
333 3781 465 3836 suis.
506 3779 654 3835 Mille
700 3779 866 3849 clypei
898 3778 1115 3831 vendent
1165 3794 1230 3832 ea:
1268 3793 1353 3842 ea,
1387 3777 1554 3829 omnis
1585 3791 1763 3834 arma-

162 3887 293 3931 tura
317 3874 536 3945 fortium
564 3872 741 3945 (Cant.
774 3870 871 3944 tv).
901 3869 1013 3926 Sed
1039 3885 1161 3924 cum
1185 3871 1324 3925 muri
1343 3867 1460 3936 ejus
1487 3876 1759 3938 pastores,

163 3975 422 4038 pastores
451 3965 707 4020 videlicet
755 3978 821 4018 ac
871 3962 1125 4018 custodes
1175 3963 1500 4026 auiinarum,
1529 3961 1642 4015 suis
1668 3961 1762 4014 de-

162 4066 463 4114 struuntur
515 4056 766 4119 actibus,
823 4051 1004 4108 facilis.
1047 4052 1221 4107 hostis
1270 4051 1452 4108 omnia
1495 4050 1762 4106 introrsus

159 4151 422 4222 speciosa
468 4148 704 4204 civitatis
733 4146 916 4216 dcjicil
958 4155 1011 4200 et
1037 4144 1245 4216 diripit,
1281 4143 1446 4212 litque
1483 4143 1637 4215 quasi
1679 4144 1762 4198 ci-

159 4244 317 4299 vitas
347 4257 468 4312 quae
498 4248 759 4296 vastatur.
809 4237 962 4294 Unde
1006 4237 1269 4306 sequitur,
1317 4235 1517 4305 Dejeci't
1559 4252 1674 4289 eam
1706 4236 1763 4290 in

162 4345 391 4388 terram.
435 4331 578 4400 Ergo
609 4329 850 4385 [ἔδεις-εἰει
899 4327 1149 4399 dejicitur
1187 4327 1240 4381 in
1277 4335 1501 4390 terram,
1547 4324 1764 4395 quando

166 4425 413 4482 terrenis
451 4425 672 4478 actibus.
707 4433 764 4478 et
805 4422 954 4476 vitiis
1006 4429 1341 4490 occupatur,
1397 4433 1499 4474 nec
1541 4427 1624 4473 est
1669 4418 1761 4487 qui

1861 3221 1954 3296 qui
1982 3227 2030 3281 ei
2065 3228 2203 3282 male
2233 3229 2525 3285 carnaliter
2558 3231 2953 3302 principantur,
2983 3250 3145 3303 quam
3189 3235 3448 3291 Dominus

1861 3331 1994 3400 mox.
2015 3319 2279 3388 cxspolgiat
2313 3322 2516 3376 honore
2553 3323 2700 3393 regni
2730 3332 2786 3377 et
2815 3324 3114 3393 principatu
3145 3323 3264 3392 cjus
3289 3338 3450 3392 quem

1861 3405 2050 3464 habuit
2073 3422 2141 3460 ex
2175 3411 2522 3480 percrptioue
2563 3411 2902 3480 baptismatis
2935 3422 2991 3468 et
3019 3413 3274 3469 unctione
3307 3412 3453 3468 sacri

1863 3497 2192 3552 chrismatis.
2223 3497 2359 3553 l‘linc
2397 3515 2610 3569 quoque
2633 3500 2878 3571 sequitur
2909 3516 2923 3555 :

2567 3653 2748 3692 CIII-IL.

1934 3764 2202 3837 Confregit
2233 3769 2284 3821 in
2326 3768 2406 3822 ira
2437 3767 2634 3838 furoris
2675 3784 2826 3822 omne
2849 3785 3012 3823 cornu
3044 3768 3237 3834 Israel,
3265 3770 3452 3823 avertit

1864 3868 2147 3912 retrorsum
2177 3859 2447 3912 dexteram
2472 3875 2624 3914 suam
2653 3878 2685 3913 a
2729 3859 2865 3928 facie
2894 3859 3117 3925 inimici,
3142 3871 3191 3914 et
3230 3854 3450 3916 succen-

1863 3950 1938 4004 dit
1961 3951 2017 4006 in
2061 3951 2226 4006 Jacob
2248 3951 2400 4022 quasi
2426 3952 2594 4021 ignem
2621 3953 2852 4022 ﬂamma:
2883 3955 3179 4008 devorantis
3202 3954 3256 4007 in
3301 3969 3476 4023 gyro...

1865 4041 1980 4096 Non
2028 4042 2198 4096 solum
2247 4043 2391 4096 enim
2442 4058 2666 4113 regnum
2708 4042 3016 4098 Judatorum
3059 4045 3320 4099 Dominus
3355 4044 3453 4098 de-

1867 4133 2090 4196 struxit,
2122 4132 2266 4201 quod
2301 4141 2387 4187 est
2413 4148 2574 4188 omne
2609 4149 2779 4189 cornu
2802 4133 3164 4206 confringere,
3191 4144 3244 4190 et
3272 4133 3458 4190 defen-

1866 4225 2073 4280 sionem
2103 4225 2340 4279 dexteiae
2364 4239 2474 4279 sum
2497 4225 2564 4280 ab
2586 4225 2666 4280 eis
2690 4229 2906 4290 avertit,
2933 4235 3242 4296 terramque
3266 4240 3457 4281 eorum

1868 4313 1920 4368 in
1960 4329 2151 4368 manus
2195 4313 2432 4368 hostium
2461 4315 2527 4370 ad
2557 4314 2942 4371 devastandum
2984 4318 3237 4382 tradidit;
3283 4318 3378 4373 sed
3405 4327 3463 4373 et

1866 4399 2166 4457 Jerusalem
2190 4413 2459 4468 nostram,
2479 4418 2601 4473 quae
2623 4419 2822 4475 sponsa
2836 4403 2960 4473 jure
2979 4422 3010 4460 a
3033 4406 3260 4462 Domino
3283 4408 3460 4478 appet:

167 4469 413 4482 -.,...,.....
451 4469 663 4478 ηπ-..
710 4469 763 4478 ν-
1010 4469 1292 4490 ---Ὗ-η-
1326 4469 1341 4485 ,
1398 4469 1495 4474 -_--
1548 4469 1620 4473 η-
1674 4469 1759 4487 1--

160 4523 447 4572 sustentet
474 4527 614 4577 eam,
645 4513 1012 4569 doctrinarum
1036 4512 1347 4574 virtutibus,
1382 4511 1468 4565 vel
1497 4511 1759 4566 bonorum

1869 4490 2035 4560 latur,
2063 4491 2278 4562 quando
2314 4469 2601 4548 recesserit
2637 4469 2706 4549 ab
2740 4469 2853 4559 eo;
2876 4504 2931 4550 et
2960 4496 3024 4552 iis
3047 4498 3138 4568 qui
3187 4513 3292 4552 non
3319 4469 3464 4560 sunt

161 4620 408 4677 operum
440 4605 721 4675 exemplis.
751 4603 1047 4674 PrOpterea
1084 4619 1207 4658 cum
1242 4602 1369 4656 talia
1419 4602 1473 4656 in
1525 4601 1768 4672 qualibet

161 4697 428 4754 Ecclesia
458 4696 826 4767 contigerint,
855 4711 981 4750 mox
1028 4694 1206 4750 divina
1238 4694 1372 4748 ultio
1407 4692 1553 4764 juste
1582 4692 1766 4763 sequi-

163 4800 308 4846 tur:
342 4787 563 4853 Polluit,
594 4787 789 4857 inquit,
828 4803 1042 4858 regnum
1071 4795 1118 4840 et
1151 4783 1409 4856 principes
1439 4784 1574 4854 ejus.
1617 4782 1769 4840 Tunc

163 4880 371 4952 itaque
415 4895 510 4936 eos
544 4880 761 4952 polluit,
809 4879 1027 4949 quando
1078 4876 1196 4946 ejus
1249 4877 1479 4947 mquitas
1533 4874 1770 4946 pollutos

163 4972 446 5038 ostendit,
524 4972 618 5042 qui
663 4969 962 5025 debuerant
1009 4968 1217 5038 seipsos
1283 4975 1339 5022 et
1388 4967 1525 5021 alios
1577 4981 1766 5021 coram

165 5066 298 5122 Deo
334 5070 499 5132 atque
545 5060 932 5115 immaculatos
975 5059 1267 5114 custodire.
1319 5058 1386 5112 Et
1429 5056 1560 5112 facti
1597 5072 1768 5127 genus

161 5152 368 5226 regale
396 5152 759 5209 sacerdotium
797 5157 1044 5206 sanctum
1077 5148 1127 5220 (1
1159 5148 1306 5203 Petr.
1338 5149 1422 5218 ιι).
1472 5145 1602 5203 Jure
1642 5157 1770 5228 tunc

161 5247 378 5322 polluti
429 5245 882 5318 pronuntiantur,
940 5241 1156 5314 quando
1208 5241 1276 5304 de
1321 5240 1454 5296 tanti
1519 5239 1772 5297 culminis

166 5341 389 5396 throno
444 5337 680 5411 dejecti,
735 5335 876 5392 servi
913 5333 1166 5388 vitiorum
1215 5332 1584 5411 inveniuntur.
1618 5329 1773 5386 Unde

165 5432 365 5502 magis
386 5409 522 5489 cum
536 5429 798 5500 propheta
833 5425 1143 5498 lugendum.
1179 5409 1341 5494 quam
1371 5421 1574 5492 aliquid
1603 5420 1658 5475 in
1689 5421 1775 5476 his

167 5525 374 5580 verbis
398 5521 773 5594 exponendum
805 5531 1029 5581 censeo,
1052 5517 1175 5586 quia
1207 5515 1350 5569 sicut
1383 5512 1510 5568 alibi
1535 5512 1732 5582 legitur
1758 5527 1771 5564 :

164 5615 357 5685 Culpa
403 5614 771 5674 sacerdotum,
811 5606 1174 5678 ruina‘populi
1223 5614 1330 5670 est,
1359 5604 1439 5658 uti
1471 5611 1525 5659 et
1565 5601 1776 5657 Judaeu-

166 5723 308 5763 rum
345 5705 463 5761 fuit.
492 5704 846 5777 'fropologice
875 5716 1004 5756 vero
1033 5698 1213 5769 dejicit
1243 5697 1502 5755 Dominus
1531 5695 1774 5766 speciosa

1869 4579 1970 4646 dii,
2010 4580 2244 4636 diversis
2295 4579 2593 4636 sceleribus
2637 4584 2909 4648 servierit,
2953 4585 3144 4654 polluit
3180 4586 3459 4644 Dominus.

1869 4679 1926 4726 et
1969 4685 2129 4726 omne
2169 4686 2339 4726 cornu
2367 4669 2493 4740 ejus
2519 4671 2803 4745 confregit,
2846 4674 2988 4744 quod
3025 4677 3074 4732 ci
3120 4687 3370 4732 erexerat
3407 4679 3459 4732 in

1871 4763 2030 4818 domo
2062 4762 2230 4818 David
2262 4763 2414 4833 pueri
2452 4763 2534 4819 sui
2566 4762 2717 4835 (Luc.
2751 4765 2839 4838 ιι),
2864 4777 3131 4838 quatenus
3149 4768 3292 4823 nulla
3317 4768 3388 4822 sit
3413 4767 3464 4822 ei

1870 4854 1953 4909 vis
1982 4853 2049 4909 ad
2077 4854 2438 4911 resistendum
2462 4855 2722 4912 inimicis.
2751 4856 2952 4915 Verum
2984 4869 3039 4916 et
3062 4875 3282 4916 manum
3310 4875 3464 4916 suam

1870 4955 2172 5004 retrorsum
2199 4945 2467 5001 convertit
2495 4961 2525 5001 a
2560 4945 2702 5003 facie
2733 4949 2955 5016 inimici,
2989 4967 3152 5020 quam
3183 4958 3460 5006 extentam

1871 5039 2092 5098 tenebat
2118 5038 2183 5094 ad
2207 5039 2466 5096 ultionem
2491 5055 2678 5096 eorum
2708 5044 2799 5112 qui
2825 5059 2943 5098 eam
2975 5044 3326 5106 insectantur,
3361 5042 3464 5096 nisi

1873 5135 1987 5206 ipsa
2022 5135 2227 5205 priusa
2258 5135 2372 5190 Deo
2395 5143 2696 5190 retrorsum
2722 5137 2995 5192 rediisset.
3028 5136 3133 5191 Sed
3161 5135 3288 5206 quia
3318 5135 3469 5204 prior

1876 5239 2172 5285 retrorsum
2213 5227 2372 5294 abiit,
2409 5224 2556 5296 juste
2583 5227 2726 5284 Deus
2755 5228 2824 5283 ei-
2845 5229 3167 5298 quandoque
3201 5225 3466 5281 auxilium

1877 5320 2116 5376 dextera:
2140 5333 2252 5374 suae
2281 5318 2573 5374 subtraxit.
2604 5318 2710 5374 Per
2732 5319 3010 5372 dexteram
3038 5333 3272 5388 namque
3294 5318 3468 5372 virtus

1877 5411 2091 5478 Patris,
2128 5412 2182 5467 id
2233 5420 2337 5477 est,
2379 5411 2549 5466 Filius
2604 5411 2938 5482 intelligitur,
2991 5412 3081 5480 qui
3124 5412 3192 5466 ab
3225 5409 3467 5466 Ecclesia

1879 5521 2002 5561 mox
2028 5505 2285 5560 auxilium
2309 5504 2494 5575 gratia:
2521 5519 2632 5558 sua:
2651 5503 2943 5567 subtrahit,
2967 5503 3180 5576 1370
3200 5518 3323 5559 cum
3351 5503 3467 5575 ipsa

1879 5616 1938 5655 se
1975 5598 2304 5656 amatoribus
2343 5595 2604 5651 adulteris
2651 5597 2981 5667 exposuerit.
3025 5597 3132 5653 Nec
3173 5596 3467 5659 immerito,

1880 5706 2001 5746 cum
2042 5703 2319 5762 sponsum,
2346 5687 2546 5743 vadens
2573 5695 2695 5760 post
2731 5694 3002 5744 amatores
3039 5703 3165 5744 suos
3189 5687 3326 5763 (ἄεν.
3361 5691 3481 5757 ut},
