4048 6352
681 277 816 335 HM

1500 277 1558 332 S.
1597 273 1952 331 PASCllASll
1988 269 2332 328 BADBERTI
2371 271 2662 328 ABBATIS
2696 271 3142 330 CORBEIENSIS

3700 262 3818 382 tu;

681 392 972 466 spreverit,
987 393 1034 450 si
1058 391 1129 449 ab
1142 407 1208 448 ea
1229 405 1460 462 sponsus
1479 389 1755 448 dexteram
1784 389 2110 446 defensionis
2139 388 2266 443 sub-
2293 390 2342 449 Α
2370 385 2474 441 lem
2501 401 2688 443 eorum
2717 389 3106 458 captivitatem,
3130 391 3274 460 quasi
3297 391 3480 451 offenso
3499 398 3591 457 Deo
3611 403 3816 476 loquitur;

681 485 872 542 trahit.
889 484 1044 542 Unde
1066 499 1190 541 mox
1213 498 1335 539 cum
1364 481 1546 540 taliter
1568 481 1768 538 auxilio
1793 480 2088 546 desolatur,
2103 494 2263 536 omne

684 590 852 631 cornu
868 577 986 647 ejus
998 575 1282 631 Dominum
1298 574 1630 644 confregisse
1645 589 1674 628 a
1692 574 1952 645 propheta
1969 573 2262 645 plangitur.

681 665 858 723 Habet
883 681 1118 737 namque
1152 663 1391 722 Ecclesia
1407 680 1504 721 sua
1535 679 1761 729 cornua,
1788 665 1987 719 habent
2012 674 2066 718 et
2097 664 2267 718 haere-

679 759 773 813 tici
797 767 852 814 et
877 757 998 814 falsi
1025 758 1304 828 prophetae
1331 771 1426 812 sua
1477 754 1584 812 Sed
1613 765 1741 811 tunc
1756 756 1879 826 jure
1903 771 2064 810 omne
2096 770 2264 810 cornu

679 852 798 922 ejus
821 851 1087 922 confringi
1098 860 1200 914 tur,
1219 865 1338 921 qua:
1362 849 1604 920 neglecto
1627 849 1808 919 sponsi
1825 863 2032 912 amore,
2050 847 2140 917 qui
2164 845 2266 900 sibi

679 957 852 998 cornu
882 943 1072 1000 salutis
1095 944 1289 1006 erexit,
1318 950 1439 1012 post
1462 956 1682 996 suarum
1704 938 2264 1010 concupiscentiarum

681 1033 997 1090 iilecebram
1023 1035 1100 1091 ire
1141 1050 1248 1089 non
1285 1034 1494 1089 metuit.
1527 1032 1664 1088 Hinc
1695 1032 1788 1088 Dei
1817 1033 2071 1088 destituta
2102 1047 2265 1086 manu

679 1126 932 1194 privatur
967 1126 1162 1190 bonis,
1205 1133 1457 1194 corrupta
1507 1125 1632 1178 luxu
1675 1123 1933 1178 libidinis.
1974 1123 2265 1192 Propterea

680 1215 872 1287 lugens
923 1217 1182 1288 propheta
1235 1216 1414 1271 subdit
1449 1232 1462 1269 :
1498 1213 1778 1269 Succendit
1819 1215 1872 1268 in
1911 1213 2075 1268 Jacob
2115 1213 2267 1278 quasi

679 1311 850 1380 ignem
879 1312 1110 1382 ﬂammw
1135 1310 1432 1365 devorantis
1468 1309 1522 1364 in
1552 1325 1713 1380 gyro;
1743 1309 1866 1378 quia
1899 1324 2019 1363 eum
2052 1307 2146 1362 Dei
2177 1309 2270 1362 de-

677 1399 890 1454 solatur
915 1401 1113 1472 gratia,
1141 1409 1196 1455 et
1227 1401 1339 1455 suis
1368 1409 1658 1455 enervatur
1687 1399 1914 1463 viribus,
1948 1399 2272 1468 immergunt

681 1504 740 1544 se
776 1490 942 1545 varize
981 1490 1542 1562 concupiscentiarum
1584 1489 1856 1554 libidines,
1906 1489 2102 1560 quibus
2149 1503 2270 1543 sue-

683 1596 843 1637 censa
885 1581 1116 1638 flammis
1154 1583 1208 1638 in
1239 1598 1393 1654 gyro,
1423 1597 1491 1637 ne
1518 1584 1687 1653 possit
1716 1583 1972 1649 evadere,
2009 1582 2163 1653 quasi
2201 1582 2270 1638 ab

681 1674 808 1743 igne
847 1674 991 1729 intus
1018 1674 1216 1730 ferisve
1243 1675 1553 1730 devoratur.
1579 1673 1780 1745 Typice
1800 1682 1978 1729 autem
2003 1674 2070 1728 ad
2092 1687 2271 1727 mores

2371 475 2439 534 Ut
2477 480 2604 550 quid
2633 480 2825 535 avertis
2859 497 3074 535 manum
3101 491 3255 547 tuam,
3294 494 3338 537 et
3370 486 3602 545 dexteram
3627 475 3738 551 tuam
3775 504 3820 557 de

2366 570 2537 625 medio
2563 571 2680 625 sinu
2707 581 2799 625 tuo
2823 573 2879 626 in
2902 572 3102 640 ﬁnem?
3124 589 3185 629 ac
3205 573 3248 629 si
3273 584 3495 644 patenter
3519 578 3643 638 dicat
3665 604 3675 639 :
3694 587 3820 655 Quali.

2369 661 2460 716 diu
2510 670 2567 716 tu
2609 663 2811 718 avertis
2837 673 3060 718 manum
3089 674 3258 731 tuam,
3299 682 3392 723 nec
3428 671 3627 730 remittis
3659 692 3752 733 eam
3786 683 3821 736 in

2368 753 2510 819 sinu,
2547 755 2646 824 ipsi
2694 756 2906 811 extensi
2944 756 3090 812 inter
3123 767 3301 826 gentes
3343 760 3575 820 immundi
3611 777 3655 823 et
3682 769 3822 841 leprosi

2367 854 2547 899 erunt.
2579 845 2705 900 Haec
2733 847 2938 902 idcirco
2968 847 3214 915 dixerim,
3251 851 3415 906 anima
3443 869 3547 923 quae
3571 858 3626 912 de
3649 859 3740 914 sinu
3761 863 3822 917 Dei

2370 952 2428 992 se
2473 936 2763 1008 projecerit
2808 941 2877 994 ad
2922 940 3196 996 saecularia
3243 942 3509 1013 desideria,
3545 953 3825 1008 contaminata

2367 1032 2489 1084 erit.
2520 1029 2704 1100 Neque
2743 1031 2886 1086 enim
2925 1033 3184 1088 Dominus
3227 1034 3354 1090 alios
3400 1034 3529 1092 fovet
3563 1047 3609 1092 et
3638 1041 3826 1107 defendit.

2371 1123 2474 1178 nisi
2505 1139 2641 1194 quos
2670 1125 2771 1180 sub
2807 1125 2906 1180 alis
2933 1133 3026 1179 aut
3057 1127 3108 1180 in
3139 1127 3254 1181 sinu
3293 1136 3452 1198 gestat
3477 1139 3524 1184 et
3556 1133 3707 1188 nutrit.
3730 1133 3830 1190 Reli-

2371 1227 2506 1280 quos
2539 1228 2670 1268 vero
2709 1215 2799 1282 qui
2838 1229 2896 1268 se
2927 1215 3049 1269 inde
3078 1214 3412 1284 projecerint,
3442 1219 3550 1272 audi
3578 1222 3682 1290 quid
3709 1227 3828 1294 sequi-

2371 1311 2450 1356 tur
2490 1321 2503 1357 :
2536 1302 2604 1356 Et
2625 1306 2892 1358 succendit
2914 1307 2970 1359 in
2988 1305 3155 1359 Iacob
3176 1309 3320 1378 quasi
3345 1309 3500 1378 ignem
3521 1313 3709 1380 [lamnae
3729 1316 3828 1369 detu-

2371 1395 2538 1447 rantis
2566 1394 2618 1447 in
2639 1410 2787 1464 gyro.
2817 1394 2954 1461 Quia
2976 1396 3218 1466 profecto
3239 1397 3478 1453 miseram
3502 1401 3698 1456 animam
3719 1407 3831 1458 semel

2373 1481 2439 1535 de
2453 1481 2571 1535 sinu
2591 1482 2708 1547 Dei,
2729 1485 3173 1541 excrescentibus
3197 1486 3380 1556 culpis.
3401 1504 3638 1558 egressam
3655 1491 3696 1544 in
3712 1491 3831 1548 furore

2373 1584 2474 1625 suo
2503 1570 2762 1628 Dominus
2792 1588 2913 1630 eam
2950 1575 3120 1630 libere
3162 1577 3431 1646 possidere
3470 1579 3712 1636 immundis
3732 1585 3834 1652 spiri-

2376 1659 2518 1716 tibus
2547 1663 2814 1732 permittit
2863 1665 2986 1736 (nisi
3025 1665 3167 1723 forte
3191 1668 3494 1722 misereatur
3519 1671 3618 1740 ejus
3638 1687 3774 1727 rursus
3796 1682 3834 1725 ut

682 1767 820 1820 bene
850 1765 1102 1829 refertur,
1143 1765 1579 1836 quandoquidem
1608 1774 1664 1820 et
1693 1764 1873 1819 anima
1925 1778 2126 1818 cornua
2171 1777 2270 1817 sua
2300 1750 2344 1809 Β
2372 1761 2718 1808 convertam!“
2761 1756 2828 1810 ad
2877 1757 3112 1827 Sinam),
3159 1758 3250 1828 qui
3287 1773 3402 1812 eam
3449 1761 3720 1815 succendant
3753 1762 3833 1832 igne

681 1857 885 1913 habere
911 1857 1246 1928 perhibetur.
1278 1858 1353 1912 De
1379 1857 1575 1928 quibus
1599 1872 1729 1912 sane
1754 1857 2008 1911 cornibus
2033 1873 2045 1909 :
2075 1853 2268 1910 Omnia

683 1967 884 2006 cornua
908 1961 1240 2022 peccatorum
1275 1949 1626 2019 confringant,
1663 1959 1715 2004 et
1749 1948 2122 2004 exaltabuntur
2154 1964 2272 2002 cor-

683 2041 944 2108 nua-justi
985 2038 1158 2110 (Psal.
1189 2038 1415 2109 xcxvu).
1453 2037 1668 2093 Cornua
1705 2054 1939 2110 namque
1968 2038 2269 2093 animarum

684 2139 811 2185 sunt
851 2129 1010 2184 fortia
1056 2128 1309 2199 quaelibet
1353 2128 1632 2192 virtutum,
1677 2129 1872 2199 quibus
1921 2129 2070 2184 novit
2100 2129 2272 2184 fidelis

686 2219 869 2273 anima
897 2223 1076 2274 omnia
1108 2218 1206 2273 sibi
1246 2217 1592 2273 adversantia
1629 2227 1992 2288 repercutere,
2029 2226 2083 2273 et
2116 2219 2270 2289 quasi

685 2310 869 2366 fenum
902 2319 994 2365 aut
1022 2310 1296 2380 pulverem
1343 2310 1397 2364 iu
1429 2324 1609 2364 aerem
1643 2309 1909 2365 ventilare
1939 2311 2022 2366 vel
2064 2311 2273 2381 disper-

685 2419 832 2473 gere.
863 2402 1030 2457 Nemo
1065 2403 1230 2472 igitur
1279 2402 1370 2471 qui
1407 2402 1622 2473 ignoret
1653 2403 1798 2472 quod
1835 2417 2036 2458 cornua
2073 2419 2178 2458 non
2201 2403 2275 2458 si-

684 2496 798 2550 mul
827 2511 952 2550 cum
990 2495 1228 2550 altilibus
1265 2503 1582 2560 nascuntur,
1610 2495 1750 2550 inest
1782 2506 1960 2551 tamen
1991 2497 2071 2550 eis
2107 2511 2272 2550 causa

685 2587 966 2642 nascendi.
1000 2587 1194 2640 Anima
1223 2601 1354 2642 vero
1381 2603 1486 2642 non
1523 2603 1588 2642 ex
1627 2597 1837 2643 naturze
1869 2589 2129 2643 instinctu
2157 2589 2271 2642 vir-

684 2681 894 2736 tutibus
917 2690 1180 2746 armatur,
1217 2681 1309 2736 sed
1339 2681 1432 2736 Dei
1459 2697 1682 2737 munere
1709 2700 1722 2736 :
1749 2682 1875 2738 licet
1903 2692 1956 2738 et
1985 2684 2096 2753 ipsa
2125 2683 2274 2753 prius

686 2771 940 2830 habuerit
970 2789 999 2828 a
1027 2782 1232 2828 natura:
1259 2771 1402 2828 bono
1432 2774 1768 2844 concipiendi
1805 2776 2057 2847 gratiam,
2087 2787 2140 2832 et
2177 2793 2274 2831 nu-

686 2866 883 2922 triendi
935 2881 1055 2935 quae
1092 2874 1414 2935 conceperat
1457 2866 1767 2921 eﬂicaciam.
1814 2868 1918 2922 Sed
1960 2869 2086 2938 quia
2124 2877 2177 2922 et
2215 2885 2274 2924 se

686 2959 944 3028 perdidit,
969 2968 1024 3014 et
1046 2959 1348 3014 libertatem
1374 2968 1599 3022 naturae,
1626 2960 1726 3013 alia
1752 2969 1872 3015 sunt
1895 2976 2013 3029 qua:
2038 2960 2276 3016 confrin—

688 3057 890 3120 gnntur
929 3048 994 3104 de
1039 3050 1246 3119 peccati
1284 3050 1492 3118 origine
1525 3051 1820 3106 nascentia.
1853 3051 1969 3106 Alia
2000 3067 2126 3107 vero
2154 3067 2274 3122 quae

689 3141 1000 3196 exaltantur
1025 3148 1080 3195 et
1101 3149 1355 3196 crescunt
1384 3141 1449 3196 de
1479 3141 1664 3212 vigore
1691 3142 1887 3197 divina:
1915 3144 2121 3213 gratiae.
2148 3142 2276 3198 Hzec

689 3233 818 3304 quia
851 3233 955 3289 sibi
1001 3232 1232 3289 invicem
1271 3231 1650 3298 adversantur,
1684 3233 1945 3288 Dominus
1973 3233 2278 3305 confringet

692 3338 855 3379 omne
871 3339 1040 3379 cornu
1063 3339 1127 3378 ex
1153 3321 1315 3379 Israel
1335 3321 1562 3388 carnali,
1579 3338 1646 3378 ne
1663 3323 1863 3379 diutius
1883 3340 1942 3380 se
1958 3324 2088 3378 vitia
2109 3323 2280 3379 extol-

696 3413 834 3470 lant.
861 3413 1014 3471 Unde
1040 3413 1299 3484 propheta
1323 3414 1506 3484 gemit,
1538 3430 1642 3470 non
1665 3416 1787 3485 quia
1815 3415 2159 3487 franguntur,
2183 3416 2279 3471 sed

691 3505 819 3574 quia
851 3505 907 3558 in
945 3502 1127 3560 furore
1169 3503 1262 3559 Dei
1291 3520 1396 3559 una
1423 3519 1548 3559 cum
1578 3505 1756 3560 anima
1797 3516 2171 3562 conteruntur.
2204 3506 2279 3560 De

691 3608 800 3663 quo
825 3593 1005 3649 furore
1037 3603 1272 3649 tremens
1305 3592 1476 3648 David
1506 3593 1683 3648 aiebat
1712 3613 1724 3648 :
1757 3595 2000 3658 Domine,
2033 3611 2096 3649 ne
2120 3596 2172 3649 in
2193 3594 2281 3664 fu-

693 3699 811 3739 rore
865 3695 956 3739 tuo
1007 3702 1202 3756 arguas
1255 3701 1358 3750 me,
1403 3701 1564 3754 neque
1593 3686 1646 3738 in
1672 3687 1754 3740 ira
1792 3696 1884 3740 tua
1914 3688 2168 3756 corripias
2200 3703 2278 3740 me

693 3771 868 3844 (Psal.
905 3773 1003 3844 vi).
1036 3773 1321 3829 Contrabit
1354 3783 1531 3829 autem
1570 3783 1626 3829 et
1655 3775 1850 3830 avertit
1881 3792 2097 3830 manum
2125 3792 2278 3831 suam

693 3862 957 3919 Dominus
981 3881 1009 3918 a
1044 3863 1179 3920 facie
1218 3865 1443 3930 inimici,
1483 3865 1719 3919 animam
1752 3865 2083 3935 insequentis
2115 3866 2278 3935 :quia

694 3959 812 4026 ipsa
858 3972 917 4013 se
970 3957 1118 4027 prius
1167 3957 1412 4011 hostibus
1461 3959 1730 4028 exposuit,
1780 3966 1832 4012 et
1883 3959 2088 4028 recepit
2136 3958 2281 4014 intus

696 4049 1021 4103 adulterum.
1065 4049 1266 4103 Idcirco
1297 4048 1422 4119 quia
1463 4049 1528 4103 de
1575 4050 1695 4103 sinu
1743 4048 1833 4102 Dei
1881 4064 2097 4120 egressa
2151 4047 2282 4104 foris

699 4139 900 4202 anima,
929 4155 1029 4192 una
1071 4153 1193 4195 cum
1222 4137 1379 4200 Dina,
1420 4146 1478 4192 ut
1508 4137 1711 4191 videret
1738 4137 1876 4192 filias
1913 4139 2147 4208 regionis
2175 4139 2281 4192 liu—

690 4231 784 4302 jus
814 4232 994 4286 saeculi
1028 4229 1178 4301 (Gen.
1217 4229 1423 4301 nam).
1458 4229 1736 4284 vulnerata
1767 4239 1851 4283 est
1880 4246 1909 4284 a
1947 4230 2180 4295 diabolo,
2228 4240 2283 4285 et

699 4326 754 4381 in
789 4326 1046 4380 membris
1072 4324 1188 4393 ejus
1214 4331 1491 4393 compacta
1523 4340 1534 4375 :
1564 4323 1674 4392 jam
1709 4323 1760 4376 in
1797 4321 1975 4377 furore
2003 4339 2100 4377 suo
2130 4338 2282 4377 aver-

695 4419 763 4472 tit
791 4417 1048 4473 Dominus
1093 4431 1310 4471 manum
1351 4431 1380 4468 a
1409 4415 1544 4470 facie
1573 4415 1778 4487 [371
1807 4414 2030 4480 inimici,
2062 4430 2127 4469 ne
2154 4431 2285 4486 pra:-

697 4508 793 4562 bat
820 4507 1077 4560 auxilium
1116 4514 1303 4560 contra
1337 4519 1484 4569 cttui,
1520 4505 1605 4558 cui
1654 4504 1789 4557 male
1827 4505 1975 4575 prius
2002 4519 2061 4558 se
2096 4504 2282 4558 subdi-

697 4603 871 4657 derat.
902 4601 978 4654 De
1016 4615 1120 4668 qua
1161 4614 1324 4654 causa
1357 4599 1518 4652 etiam
1549 4597 1712 4651 Israel
1744 4595 2036 4659 carnalem,
2068 4594 2283 4652 Iudaeos

697 4690 949 4746 videlicet
973 4688 1124 4744 abire
1146 4688 1389 4757 permisit
1412 4689 1462 4742 in
1491 4686 1871 4742 exterminium
1907 4699 1922 4738 :
1955 4686 2208 4756 quoniam
2231 4694 2286 4740 et

696 4783 800 4853 ipsi
831 4781 980 4851 prius
1018 4780 1216 4852 leprosi
1247 4789 1422 4842 erant,
1453 4795 1558 4833 non
1596 4780 1958 4850 qualicunque
1986 4780 2155 4850 lepra,
2188 4779 2284 4834 sed

696 4881 993 4944 perpetua;
1028 4869 1170 4942 quod
1201 4884 1358 4923 manu
1392 4869 1556 4940 Moysi
1589 4871 1920 4942 signabatur,
1952 4885 2072 4924 cum
2098 4879 2286 4925 exten-

705 4963 880 5024 deret,
907 4961 1118 5031 leprosa
1168 4959 1373 5024 ﬁebat;
1407 4974 1529 5015 cum
1566 4975 1695 5015 vero
1743 4961 2032 5014 revocabat
2073 4976 2196 5015 eum
2228 4961 2280 5016 in

699 5054 877 5108 sinum
943 5053 1142 5110 munda
1184 5060 1303 5106 erat
1332 5049 1527 5121 (Exod.
1554 5051 1650 5121 tv).
1687 5051 1822 5106 Hinc
1858 5068 2073 5122 quoque
2115 5052 2284 5108 David

703 5145 769 5198 ad
785 5143 988 5198 Deum:
1011 5140 1077 5197 Ut
1093 5141 1219 5214 quid
1243 5141 1454 5205 avertis,
1472 5141 1666 5211 inquit,
1682 5159 1894 5195 manum
1911 5152 2080 5206 tuam,
2096 5152 2143 5195 et
2158 5143 2284 5196 dea:-

699 5247 864 5290 teram
881 5244 1046 5299 tuam,
1063 5235 1128 5288 de
1141 5229 1312 5286 medio
1337 5232 1456 5286 sinu
1479 5241 1567 5284 tuo
1589 5233 1642 5284 in
1662 5232 1816 5299 ﬁnem
1836 5232 1860 5284 ?
1880 5229 2052 5301 (Psal.
2067 5233 2284 5302 cum.)

702 5325 838 5394 Quia
896 5340 1087 5381 manus
1143 5323 1336 5395 Moysi
1391 5333 1612 5378 extensa
1687 5321 2009 5393 designabat
2072 5321 2287 5380 Judteos

701 5418 900 5474 exiisse
941 5433 970 5472 a
1002 5417 1132 5480 Deo,
1163 5423 1217 5472 et
1241 5423 1494 5470 extensos
1531 5427 1652 5468 esse
1682 5411 1747 5467 ad
1795 5426 1958 5482 prava
1989 5426 2176 5483 opera,
2202 5414 2287 5469 id-

701 5509 850 5564 circo
888 5519 939 5566 et
973 5523 1165 5564 manus
1205 5506 1370 5578 Moysi
1412 5506 1622 5576 leprosa
1655 5504 1832 5559 fiebat.
1868 5502 2124 5561 Revocati
2161 5521 2300 5562 vero

704 5599 1001 5655 clementer
1033 5597 1190 5669 quasi
1222 5598 1276 5654 in
1315 5597 1512 5661 sinum,
1544 5595 1622 5650 uti
1660 5611 1853 5651 manus
1883 5594 2070 5667 Moysi,
2107 5598 2291 5652 mundi

705 5693 927 5751 ﬂebant.
967 5697 1031 5752 Et
1065 5697 1188 5753 hinc
1223 5705 1302 5753 est
1332 5697 1473 5768 quod
1507 5696 1674 5752 David
1715 5709 1944 5752 cernens
1973 5694 2296 5750 irrevocabi-

2375 1843 2960 1912 coneupiscentiarum,
3009 1847 3062 1901 in
3111 1847 3326 1902 modum
3361 1847 3570 1904 flamma:
3601 1852 3830 1906 devorantis.

2375 1934 2442 1989 Et
2485 1936 2774 1993 videndum
2815 1941 2861 1995 si
2907 1955 3012 1994 non
3060 1942 3360 2012 septuplum
3421 1958 3479 1996 ac
3520 1943 3560 1997 si
3599 1942 3736 1998 fornix
3766 1943 3827 1996 illa

2375 2024 2664 2097 Babylonis
2687 2027 2846 2098 (Dan.
2877 2029 2960 2099 ιιι)
2989 2031 3347 2086 succendatur
3365 2043 3417 2086 et
3435 2041 3708 2098 concremat,
3726 2046 3830 2102 quos-

2375 2133 2587 2189 cunque
2617 2121 2877 2191 repererit
2902 2120 2969 2178 de
2997 2121 3290 2180 Clialdaais.

3047 2288 3282 2330 DALETB.

2449 2406 2684 2462 Tetendit
2707 2425 2890 2463 arcum
2913 2426 3067 2464 suum
3107 2413 3262 2482 quasi
3285 2411 3530 2475 inimicus,
3553 2410 3733 2479 ﬁrmarit
3751 2409 3832 2462 des-

2375 2505 2539 2551 teram
2567 2516 2719 2552 suam
2763 2502 2916 2570 quasi
2955 2502 3147 2566 hostis,
3178 2511 3228 2556 et
3260 2502 3440 2556 occidit
3485 2519 3614 2556 omne
3641 2501 3744 2571 quod
3764 2500 3837 2569 pul—

2375 2587 2557 2641 chrum
2581 2599 2693 2642 erat
2748 2577 2888 2644 visu;
2927 2589 2996 2645 In
3033 2592 3376 2647 tabernaculo
3423 2592 3539 2661 ﬁlia:
3587 2590 3689 2669 Sion
3717 2591 3836 2659 effudit

2375 2676 2526 2745 quasi
2568 2677 2979 2746 indignationem
3006 2697 3184 2734 suam.
3215 2680 3365 2736 Tunc
3389 2681 3496 2735 haec
3527 2680 3677 2736 omnia
3700 2686 3839 2734 constat

2377 2768 2569 2822 fecisse
2597 2770 2902 2834 Dominum,
2939 2772 3160 2840 quando
3199 2773 3503 2828 dimicantes
3538 2772 3687 2826 hostes
3716 2777 3838 2823 contra

2375 2856 2696 2925 Ierusalem,
2732 2859 3015 2916 Chaldmos
3044 2861 3263 2918 scilicet
3299 2863 3409 2918 sive
3443 2862 3676 2917 Romanos
3702 2857 3842 2926 explere

2377 2970 2471 3008 sua
2501 2955 2744 3024 permisit
2768 2955 2991 3025 judicia,
3027 2971 3123 3011 nec
3165 2956 3377 3012 refellit.
3413 2955 3508 3027 Ipsi
3542 2968 3724 3022 namque
3743 2949 3840 3004 euasi

2380 3061 2535 3102 arcus
2563 3048 2615 3100 in
2651 3063 2813 3102 manu
2856 3049 2948 3104 Dei
2982 3049 3166 3120 parati
3213 3050 3370 3121 longe
3411 3049 3604 3104 fuerant
3639 3057 3683 3102 et
3706 3042 3840 3100 extensi

2379 3136 2448 3191 ad
2491 3137 2781 3204 ultionem;
2832 3139 2926 3194 sed
2978 3139 3102 3209 quia
3131 3139 3274 3196 Sion
3316 3141 3481 3196 noluit
3517 3139 3663 3194 redire
3681 3135 3730 3190 ad
3748 3148 3839 3190 eum.

2378 3243 2554 3300 neque
2581 3244 2706 3285 eum
2742 3231 3037 3302 suscipere,
3063 3233 3118 3288 in
3161 3232 3317 3302 cujus
3345 3249 3498 3289 manu
3524 3229 3707 3288 distensi
3727 3241 3842 3282 sem-

2377 3318 2592 3382 bantur,
2626 3335 2798 3392 usque
2828 3321 2893 3376 ad
2920 3322 3318 3394 plenitudinem
3354 3325 3550 3396 1372
3575 3319 3843 3390 temporiszut

2379 3410 2444 3466 de
2465 3410 2798 3481 plenitudine
2825 3423 2881 3470 et
2908 3415 3180 3486 completa
3211 3433 3459 3474 mensura
3489 3416 3759 3476 delictorum,
3777 3406 3843 3476 ple-

2379 3502 2567 3556 nitudo
2591 3504 2841 3560 vindicta:
2870 3507 3220 3576 procederet.
3259 3509 3327 3564 Et
3365 3508 3485 3579 quia
3522 3506 3840 3562 nolueruntesse

2381 3591 2542 3648 amici
2578 3593 2701 3662 jure
2733 3593 2908 3651 factus
2933 3605 3015 3652 est
3037 3598 3116 3653 eis
3141 3598 3422 3664 inimicus,
3452 3598 3566 3668 quia
3586 3596 3706 3668 juxta
3727 3601 3841 3644 vocem

2379 3683 2579 3740 Psalmi
2601 3704 2612 3739 :
2634 3684 2763 3740 Cum
2779 3699 2959 3743 sancto
2972 3699 3194 3745 sanctus
3207 3691 3332 3756 eris,
3349 3700 3397 3746 et
3419 3707 3528 3745 cum
3546 3689 3841 3743 υίτοὶιικοτειιιει

2381 3775 2630 3830 innocens
2657 3774 2830 3846 (Psal.
2872 3779 3003 3850 xvn)
3035 3798 3046 3834 :
3074 3795 3293 3836 necnon
3319 3789 3509 3838 etcum
3540 3781 3839 3850 perversum

2382 3866 2628 3920 vertitur.
2663 3866 2752 3923 Sic
2774 3878 2830 3923 et
2848 3885 2970 3924 cum
2989 3870 3231 3926 inimicis
3245 3873 3367 3942 jure
3392 3870 3632 3942 plangitur
3648 3860 3843 3942 inimicus;

2381 3957 2608 4026 ﬁrmavit
2632 3969 2805 4012 autem
2836 3977 3048 4014 manuni
3071 3978 3232 4016 suam
3250 3941 3410 4034 quasi
3431 3959 3596 4024 hostis,
3618 3953 3709 4027 quia
3725 3959 3767 4005 et
3782 3941 3845 4015 ipsi

2383 4049 2678 4105 adversarii
2704 4055 3029 4108 exstiterant
3064 4054 3270 4112 divinae
3308 4055 3461 4127 legis,
3500 4063 3553 4109 ut
3583 4051 3648 4106 vel
3681 4048 3738 4102 sic
3752 4040 3847 4095 addi.

2386 4151 2601 4196 sccrent
2631 4143 2772 4212 quod
2813 4157 2916 4198 non
2947 4144 3006 4198 in
3029 4159 3126 4200 suo
3163 4145 3344 4217 gladio
3370 4145 3681 4218 possederant
3700 4145 3847 4190 terram.

2385 4243 2440 4288 et
2470 4234 2749 4288 brachium
2784 4249 2971 4290 eorum
2999 4251 3107 4291 non
3135 4238 3446 4293 salvaverat
3472 4251 3557 4292 eos
3580 4221 3850 4304 (Psahwllo

2387 4327 2480 4381 sed
2527 4326 2749 4381 dextera
2801 4327 2893 4384 Dei
2945 4337 3000 4383 et
3046 4329 3338 4385 brachium
3391 4330 3502 4402 ejus
3543 4336 3594 4383 et
3630 4313 3853 4409 illuminalio

2390 4416 2566 4470 vultus
2608 4415 2750 4471 illius
2776 4415 2973 4487 (Exod.
3006 4416 3118 4488 xv).
3159 4419 3315 4486 Quod
3360 4420 3483 4490 quia
3527 4415 3755 4471 noluerunt
3781 4417 3852 4456 anl-

2389 4508 2748 4571 madvertere,
2800 4509 2990 4563 occidit
3019 4526 3174 4565 omne
3205 4511 3477 4580 pulchrum
3510 4509 3605 4564 uisu
3627 4505 3671 4559 in
3693 4499 3852 4556 tabem

2387 4597 2504 4650 culo
2532 4598 2658 4666 ﬁlia:
2690 4597 2839 4663 Sion,
2871 4598 3084 4668 quando
3111 4600 3370 4655 universa
3406 4593 3709 4654 exterminari
3727 4582 3854 4678 pertiti:

2385 4691 2456 4744 sit
2484 4698 2538 4744 et
2567 4689 2812 4744 demoliri
2839 4707 2852 4755 ;
2888 4706 2990 4746 nec
3012 4691 3279 4746 distillare
3307 4678 3452 4751 fecit.
3476 4689 3562 4745 sed
3589 4681 3737 4742 effudit
3758 4685 3853 4768 qua!

2386 4777 2568 4848 ignem
2601 4778 3021 4850 indignationem
3049 4796 3227 4836 suam.
3263 4780 3415 4846 Quod
3442 4777 3614 4831 melius
3642 4773 3694 4826 dc
3711 4763 3855 4850 captiti-

2389 4874 2500 4922 tate
2539 4883 2657 4937 quae
2703 4849 2803 4923 sub
2846 4869 3104 4924 Romanis
3154 4870 3356 4924 accidit
3396 4849 3854 4936 intelligitur,q01ﬂd°

2392 4966 2502 5012 tota
2531 4958 2696 5012 effusa
2732 4960 3028 5030 indignatio
3063 4961 3157 5016 Dei
3202 4961 3462 5016 cernitur.
3488 4948 3742 5026 A‘llegorice
3763 4952 3854 4995 νεῖον

2390 5061 2576 5104 contra
2609 5051 2903 5106 Ecclesiam
2942 5069 3102 5122 quam
3149 5067 3294 5124 smpe
3329 5049 3575 5106 Dominus
3621 5037 3856 5098 telendilat‘

2390 5157 2508 5194 cum
2531 5157 2682 5194 suum
2723 5144 2878 5214 quasi
2911 5144 3180 5208 inimicus,
3206 5160 3331 5198 cum
3370 5144 3479 5213 ipsa
3506 5139 3595 5194 sibi
3628 5129 3856 5214 inimicalﬂfi

2391 5245 2491 5286 nec
2522 5231 2634 5285 vult
2667 5211 2848 5300 sponsi
2882 5233 3086 5286 monita
3115 5211 3403 5293 obaudire,
3448 5238 3504 5283 ut
3526 5227 3587 5282 ad
3613 5234 3714 5279 eum
3743 5211 3859 5304 ηάεξί

2389 5335 2487 5392 per
2518 5298 2773 5376 humilem
2809 5321 3254 5379 satisfactionem.
3288 5323 3489 5378 idcirco
3513 5330 3674 5373 arcum
3704 5298 3860 5365 extendil

2392 5412 2547 5482 quasi
2575 5413 2844 5478 inimicus,
2881 5415 3038 5486 digne
3077 5413 3372 5486 plangitur.
3399 5412 3499 5467 Per
3528 5419 3686 5464 arcum
3707 5401 3859 5488 camille

2387 5495 2652 5574 judicium
2682 5504 3016 5575 intelligitur,
3048 5519 3154 5574 quo
3191 5503 3553 5573 unusquisque
3585 5490 3862 5582 illum???

2399 5612 2517 5677 rum
2538 5605 2629 5651 aut
2644 5597 2942 5667 percutitur
2959 5607 3016 5650 ut
3031 5597 3360 5666 corrigatur,
3380 5603 3468 5649 aut
3485 5592 3598 5662 quia
3611 5588 3683 5643 diu
3704 5575 3861 5677 ιειιάίξυξ

2401 5673 2452 5747 in
2471 5691 2754 5756 extremis,
2770 5701 2988 5761 peccata
3009 5705 3127 5746 cum
3152 5698 3522 5745 consummata
3546 5673 3863 5744 fuerintgt'at’lus
