4048 6352
684 272 826 326 HIS

1513 265 1572 321 S.
1610 262 1967 321 PASCHASII
2005 262 2349 318 RADBERTI
2384 261 2674 319 ABBATIS
2710 263 3158 324 CORBEIENSIS

3704 289 3802 345 lll6

671 385 980 458 aliquoties,
1011 385 1063 440 in
1096 391 1327 447 tantum,
1359 391 1420 437 ut
1443 381 1660 453 penitus
1681 379 1941 436 destituta
1966 379 2251 434 credatur:
2282 387 2333 443 Α
2361 370 2576 433 nefandi
2603 393 2816 445 sensus,
2838 388 2897 434 ut
2923 396 2986 435 ex
3021 391 3248 451 utroque
3269 383 3398 442 intus
3418 387 3584 450 lorisve
3603 409 3806 458 contume.

669 479 869 534 nonde
899 474 1218 531 crudelitate
1251 472 1657 528 inimicitiarum
1699 468 1844 525 forte
1885 470 2065 536 venit,
2109 470 2155 524 si
2198 483 2260 523 se

669 572 887 624 demum
930 565 1298 628 converterit,
1345 563 1439 618 sed
1487 562 1553 617 de
1602 562 1944 632 providentia
1990 560 2206 632 pietatis
2237 599 2254 626 ,

668 659 860 714 saltem
891 657 1046 713 malis
1074 669 1328 726 perpessa
1349 694 1366 719 ,
1398 663 1456 708 ut
1487 653 1705 717 adeum
1747 651 2014 724 ﬂagellata
2048 652 2252 707 redeat.

669 750 775 807 Sed
792 747 1112 814 notandum,
1128 745 1271 817 quod
1285 745 1520 816 primum
1542 743 1845 813 praecipitat
1863 742 2027 797 Israel
2041 741 2256 812 quando

670 839 994 897 munditiam
1025 838 1208 895 cordis
1243 839 1464 901 aufert,
1493 851 1563 890 ne
1593 836 1776 890 divina
1820 835 1994 905 possit
2027 835 2210 889 videre
2236 851 2250 888 :

666 942 782 985 tum
829 930 1024 985 deinde
1063 927 1440 999 praecipitavit,
1479 925 1655 994 inquit
1683 965 1697 989 ,
1738 933 1792 978 et
1831 925 2010 978 omnia
2056 923 2256 979 muenia

666 1019 804 1089 ejus.
850 1017 1021 1072 liabet
1080 1017 1244 1087 igitur
1285 1013 1584 1070 Jerusalem
1631 1023 1815 1068 nostra
1861 1029 1957 1067 sua
2011 1014 2210 1068 muenia
2237 1051 2254 1080 ,

667 1127 788 1180 qua:
833 1111 898 1166 ad
941 1108 1396 1180 pulchritudinem
1433 1117 1488 1162 et
1531 1106 1782 1162 decorem
1840 1106 2111 1175 pertinent
2159 1121 2256 1160 no-

667 1179 795 1255 strae
839 1199 1136 1270 religionis.
1190 1179 1367 1254 liabet
1415 1205 1470 1252 et
1512 1197 1844 1252 munitiones
1901 1197 2096 1264 quibus
2139 1212 2256 1250 mu-

671 1293 852 1347 uiatur
890 1291 1082 1346 civitas
1135 1305 1202 1344 ne
1251 1290 1582 1359 irrumpatur
1635 1289 1703 1343 ab
1752 1287 2018 1343 hostibus.
2086 1286 2261 1344 Habet

665 1383 884 1452 quidem
948 1383 1218 1447 honesta,
1279 1381 1444 1437 habet
1503 1389 1560 1438 et
1615 1380 1942 1443 inhonesta,
1999 1377 2102 1433 Sed
2138 1395 2258 1449 quia

666 1474 942 1526 inhonesta
992 1481 1166 1536 sunt,
1243 1469 1415 1540 inquit
1463 1469 1782 1539 Apostolus,
1851 1478 2028 1522 nostra
2091 1468 2258 1523 abun-

664 1563 896 1617 dantiori
935 1562 1326 1616 circumdamus
1375 1561 1644 1615 honestate
1677 1559 1729 1631 (I
1757 1558 1882 1614 Cor.
1937 1559 2068 1632 xu).
2121 1559 2257 1626 Quia

665 1663 792 1711 sunt
821 1653 875 1709 in
901 1653 1144 1709 Ecclesia
1167 1651 1526 1722 simpliciores
1551 1659 1605 1706 et
1629 1659 1817 1706 sancta
1840 1651 2256 1706 conversatione

2363 467 2449 522 liis
2463 477 2743 538 augeatur,
2770 469 2941 526 donec
2963 471 3276 528 confusione
3299 474 3463 532 induta
3489 479 3604 538 forte
3623 501 3806 545 reverea-

2363 568 2453 614 tur
2477 569 2532 614 et
2559 571 2907 617 convertatur
2933 563 3001 618 ad
3029 564 3404 635 paenitentiam.
3433 567 3680 641 Sequitur:

3081 713 3207 754 νΔυ.

2431 821 2500 877 Et
2531 824 2802 896 dissipauit
2825 827 2979 897 quasi
3012 829 3222 883 hortum
3249 833 3506 886 tentorium
3527 851 3670 902 suum,
3693 840 3818 896 demo-

2357 913 2482 968 litus
2508 923 2582 968 est
2620 916 3019 971 tabernaculum
3063 935 3237 973 suum.
3284 919 3520 977 Oblivioni
3549 929 3723 982 tradidit
3746 931 3818 984 Do.

2358 1005 2531 1058 minus
2558 1007 2613 1059 in
2638 1007 2768 1060 Sion
2796 1007 3129 1075 festivitatem
3159 1019 3209 1064 et
3237 1009 3534 1078 Sabbatum,
3562 1027 3603 1069 et
3621 1021 3821 1087 opprobrio

2358 1095 2412 1148 in
2463 1095 2824 1165 indignatione
2881 1096 3078 1164 furoris
3127 1099 3232 1163 sui,
3285 1116 3440 1170 regem
3485 1113 3527 1157 et
3563 1110 3820 1165 sacerdotem.

2361 1186 2456 1241 Ubi
2481 1187 2712 1257 primum
2737 1189 2969 1243 notanda
2990 1199 3073 1245 est
3100 1200 3364 1246 structura
3387 1195 3658 1261 verborum,
3681 1214 3825 1268 quanto

2358 1278 2643 1348 splendore
2678 1279 2730 1334 in
2763 1279 2986 1337 Hebraeo
3014 1283 3279 1349 reniteat,
3325 1300 3437 1355 quae
3459 1289 3682 1344 translata
3701 1293 3740 1346 in
3760 1309 3823 1347 no-

2358 1378 2468 1460 stra
2501 1387 2599 1440 per
2616 1373 2881 1443 principia
2913 1389 3188 1440 versuum,
3220 1385 3328 1432 tam
3353 1378 3576 1435 diffusam
3597 1397 3826 1440 sermonum

2358 1461 2680 1533 elegantiam
2725 1466 2906 1520 habet.
2950 1465 3083 1521 Nam
3125 1477 3403 1539 postquam
3444 1471 3597 1526 luxit:
3630 1474 3824 1538 Quomodo

2359 1555 2550 1609 obtexit
2577 1554 2835 1611 Dominus
2865 1558 3088 1630 caligine
3127 1561 3295 1629 ﬁliam
3341 1562 3465 1617 Sion
3498 1580 3514 1616 :
3558 1565 3624 1620 sic
3648 1566 3828 1636 deinceps

2360 1659 2457 1715 per
2484 1646 2693 1718 singula
2735 1648 3072 1704 concinentia
3118 1653 3379 1722 gradatim
3421 1656 3567 1708 verba
3598 1656 3772 1721 deﬂevit,
3790 1669 3828 1713 ut

664 1744 790 1808 viri,
821 1753 950 1800 sunt
979 1753 1034 1799 et
1065 1743 1264 1798 rustica
1294 1742 1500 1797 vilitate
1531 1741 1787 1802 contecti.
1820 1751 1999 1796 tamen
2032 1743 2250 1811 utrique
2280 1738 2326 1798 Β
2353 1737 2524 1818 ροεδίι
2570 1737 2637 1791 ad
2683 1739 2866 1794 omnia
2897 1742 3190 1810 quomoda.
3223 1759 3342 1814 qute
3378 1761 3478 1800 non
3501 1747 3653 1800 minus
3671 1748 3828 1802 interro.

661 1834 822 1890 valde
852 1833 1168 1899 necessarii,
1207 1832 1300 1903 qui
1322 1847 1512 1887 omnes
1542 1834 1644 1887 etsi
1671 1832 1958 1886 videantur
1993 1832 2045 1886 in
2084 1833 2255 1888 muris

665 1925 923 1981 Ecclesiae
949 1924 1246 1980 honestiori
1272 1923 1380 1978 vita
1421 1922 1775 1986 coauliticari,
1807 1938 1906 1977 nec
1938 1923 2119 1978 valent
2151 1924 2254 1978 (ide

664 2015 750 2071 vel
771 2015 1016 2069 doctrina
1041 2029 1164 2068 eam
1193 2013 1423 2068 munire.
1449 2011 1603 2068 Unde
1633 1999 1944 2082 frequenter
1971 2011 2250 2079 Dominus,

665 2104 1114 2161 excrescentibus
1141 2103 1318 2169 malis,
1344 2104 1686 2176 praecipitare
1711 2104 1921 2174 aliquos
1948 2105 2249 2174 permittit,

663 2197 755 2270 qui
788 2197 1116 2252 videbantur
1155 2207 1536 2253 ornamentum
1579 2211 1699 2252 esse
1739 2197 2026 2263 Ecclesiae,
2059 2207 2152 2251 aut
2195 2198 2251 2253 in

661 2289 913 2345 heresim
940 2289 1102 2344 autin
1117 2289 1295 2361 aliqua
1323 2290 1448 2344 vitae
1473 2287 1694 2358 ﬂagitia.
1712 2287 1819 2343 Sed
1841 2297 1897 2342 et
1923 2287 2250 2344 munitiones

657 2378 777 2448 ejus
825 2395 985 2450 quam
1025 2393 1166 2451 saepe
1195 2379 1444 2450 dissipat,
1474 2394 1597 2435 cum
1646 2394 1740 2434 eos
1792 2379 1883 2451 qui
1936 2379 2250 2436 defensores

659 2488 781 2526 esse
804 2472 1082 2538 deberent,
1119 2487 1305 2526 errare
1364 2473 1514 2538 sinit,
1562 2480 1618 2526 et
1659 2472 1841 2539 pravis
1890 2473 2002 2527 suis
2041 2473 2251 2527 actibus

661 2563 933 2633 dissipari.
959 2563 1161 2618 Deinde
1188 2563 1358 2633 replet
1381 2579 1448 2617 ex
1473 2573 1703 2632 utroque
1732 2577 1884 2628 sexu,
1920 2564 1972 2617 id
2004 2573 2088 2618 est
2111 2563 2250 2617 mul-

660 2652 866 2721 tiplicat
898 2652 1239 2707 humiliatum
1289 2663 1345 2707 et
1384 2652 1718 2708 humiliatam
1749 2667 1763 2705 :
1800 2654 2016 2723 quando
2061 2654 2250 2710 fraude

656 2743 960 2798 dmmouum
995 2745 1047 2798 iu
1099 2743 1339 2799 Ecclesia
1378 2744 1641 2813 plurimos
1667 2746 2003 2815 constuprari
2025 2745 2250 2801 delicto-

660 2848 778 2886 rutn
811 2833 1068 2901 operibus
1097 2833 1380 2902 permittit.
1419 2831 1589 2887 Porro
1627 2832 1903 2887 moraliter
1939 2834 2119 2888 anima
2151 2834 2248 2888 ha-

659 2923 749 2978 bet
777 2940 872 2977 sua
896 2925 1154 2977 virtutum
1183 2925 1381 2978 mmnia
1410 2941 1424 2988 ;
1449 2925 1574 2994 quia
1598 2924 1738 2978 sicut
1765 2935 1891 2979 sunt
1920 2927 1970 2980 in
1999 2925 2247 2992 urbibus,

661 3027 760 3080 pro
789 3022 1112 3066 ornamento
1164 3013 1394 3077 decoris,
1450 3012 1703 3066 nonnulla
1741 3029 1860 3082 qua:
1909 3015 2106 3069 moenia
2148 3031 2245 3071 vo-

2355 1829 2534 1898 gantis
2563 1837 2647 1883 est
2678 1831 2961 1900 particula,
2992 1847 3154 1902 quam
3189 1844 3247 1889 et
3275 1835 3495 1890 dolentis
3520 1847 3569 1891 et
3599 1838 3827 1892 admirantis

2354 1920 2620 1990 coaptari,
2645 1921 2958 1977 utdicatur:
2980 1922 3256 1990 Quomodo
3277 1927 3504 1997 projecit,
3519 1929 3724 1997 quomodo
3734 1944 3825 1997 pro

2353 2011 2618 2080 cipitavit,
2655 2013 2946 2079 destruxit,
2995 2014 3204 2085 dejecit,
3253 2017 3451 2087 polluit,
3481 2027 3531 2072 et
3564 2030 3716 2072 caetera
3745 2032 3823 2086 qua

2351 2101 2625 2157 dicuntur.
2644 2103 2734 2158 Sic
2758 2104 2940 2176 itaque
2955 2105 3161 2178 plangit
3189 2109 3351 2162 simul
3376 2117 3429 2163 et
3450 2110 3582 2164 dolet
3614 2110 3771 2171 omnia,
3790 2117 3828 2162 ut

2352 2208 2629 2264 nunquam
2654 2196 2900 2252 videatur
2938 2205 3127 2268 stupor
3160 2209 3221 2255 et
3258 2201 3533 2256 admiratio
3569 2201 3640 2256 vel
3673 2201 3829 2270 gemitus

2353 2284 2647 2349 immutari,
2679 2287 2806 2342 dum
2840 2287 2907 2344 ad
2935 2288 3148 2360 singula
3181 2307 3245 2346 se
3273 2291 3540 2346 distendit.
3565 2289 3679 2345 Hinc
3699 2291 3830 2359 quippe

2351 2378 2505 2447 quasi
2537 2377 2751 2435 dicatur
2781 2398 2792 2434 :
2821 2379 3094 2447 Quomodo
3125 2383 3397 2454 dissipavit
3423 2385 3562 2454 quasi
3581 2385 3743 2436 hortum
3762 2393 3831 2434 tnt-

2350 2468 2544 2520 torium
2566 2485 2718 2522 suum
2750 2509 2766 2532 ,
2798 2471 2880 2524 vel
2912 2472 3186 2538 Quomodo
3217 2472 3486 2528 demolitus
3515 2485 3579 2527 est
3604 2473 3831 2526 tabernacu-

2350 2555 2458 2610 lum
2482 2575 2659 2624 suum,
2718 2561 2800 2614 vel
2831 2572 3028 2617 caetera
3080 2564 3390 2635 hujusmodi
3428 2582 3539 2636 quae
3579 2565 3833 2634 planguntur.

2349 2645 2481 2713 Qum
2533 2649 2788 2705 nimirum
2840 2653 3022 2708 omnia
3061 2667 3289 2725 propter
3335 2665 3546 2726 peccata
3587 2653 3836 2722 contigerunt

2349 2737 2740 2807 lsraelitarum,
2795 2745 2938 2812 quod
2989 2745 3256 2803 Dominus
3313 2747 3578 2817 dissipavit
3626 2743 3835 2799 tentorium

2350 2846 2507 2886 suum
2534 2833 2687 2902 quasi
2742 2832 2960 2889 hortum
2987 2845 3042 2892 et
3063 2838 3476 2893 tabernaculum
3504 2834 3742 2892 demolitus
3759 2838 3835 2891 est.

2348 2922 2473 2989 quia
2521 2921 2765 2977 hostibus
2813 2923 3058 2979 demoliri
3094 2910 3380 2996 permisit.
3426 2924 3526 2980 Sed
3571 2920 3741 2977 tentorii
3776 2932 3838 2971 no-

2347 3013 2494 3068 mine
2523 3023 2577 3069 et
2607 3017 2959 3083 tabernaculi,
2983 3021 3238 3088 quamvis
3268 3036 3434 3075 unum
3459 3020 3676 3074 videatur
3702 3012 3839 3070 sentite

657 3114 872 3169 cantur,
925 3114 979 3159 et
1032 3105 1360 3158 munitiones
1409 3103 1461 3157 iu
1495 3104 1828 3169 defensione,
1878 3106 2073 3175 quibus
2107 3107 2243 3162 civi-
2272 3100 2316 3163 C
2348 3107 2472 3178 quia
2511 3109 2859 3166 tabernacula
2895 3111 3018 3167 inde
3054 3112 3319 3168 videntur
3352 3113 3490 3168 dicta
3522 3110 3645 3182 quod
3685 3107 3838 3162 cortina

658 3208 745 3252 tas
775 3205 1026 3252 tueatur:
1060 3197 1134 3250 ita
1170 3206 1296 3251 sunt
1324 3197 1463 3251 dona
1498 3195 1601 3250 alia
1633 3213 1756 3267 qua:
1807 3213 1905 3251 nos
1947 3199 2196 3253 muniunt
2226 3239 2242 3264 ,

658 3290 763 3344 alia
791 3304 911 3359 qua:
934 3299 1128 3343 ornant
1159 3288 1393 3342 animam
1412 3287 1569 3341 simul
1601 3297 1656 3341 et
1683 3286 2002 3350 Ecclesium,
2030 3298 2089 3342 ut
2116 3298 2246 3358 puta

656 3380 952 3450 prophetia:
977 3379 1350 3449 dona,genera
1377 3379 1706 3448 linguarum,
1732 3379 2106 3448 interpretatio
2131 3395 2248 3434 ser-

657 3489 897 3537 tuouum,
949 3473 1291 3524 curationum
1342 3486 1564 3542 genera.
1599 3470 1728 3536 Qua:
1777 3471 2032 3525 nimirum
2092 3470 2245 3540 quasi

653 3564 896 3632 qtuedam
927 3565 1125 3616 mantia
1177 3563 1373 3617 mentis
1400 3571 1546 3625 sunt,
1577 3563 1676 3616 etsi
1709 3562 1941 3632 quisque
1989 3578 2095 3617 non
2146 3565 2244 3617 ha-

653 3658 797 3722 beat,
827 3668 972 3712 stare
1003 3673 1100 3728 per
1129 3657 1288 3711 tidem
1324 3665 1379 3711 et
1425 3655 1692 3724 justitiam
1720 3665 1897 3724 potest
1940 3674 1951 3709 :
1993 3656 2243 3724 quamvis

655 3761 884 3806 ornatus
909 3751 1194 3805 altitudine
1223 3750 1487 3805 donorum
1527 3758 1581 3804 et
1620 3749 1943 3811 virtutibus,
1981 3750 2097 3804 sine
2125 3750 2244 3819 qui-

657 3844 756 3898 bus
783 3842 980 3898 salvari
1011 3841 1174 3905 valet,
1202 3843 1424 3897 minime
1449 3857 1569 3897 esse
1597 3843 1863 3897 videatur.
1901 3842 2032 3897 Nam
2069 3844 2233 3906 fides,

656 3952 781 4006 spes
812 3945 975 4004 atque
1018 3934 1261 3990 Charitas
1303 3951 1408 3989 non
1450 3943 1634 3989 nostra
1667 3935 1900 3997 moenia,
1934 3934 2024 3987 sed
2070 3935 2245 3988 muni-

655 4026 830 4079 tiones
861 4034 1017 4090 sunt,
1049 4041 1168 4096 qu:e
1203 4026 1248 4080 si
1283 4025 1482 4080 habere
1522 4007 1864 4095 negligimus,
1897 4024 2132 4078 hostium
2164 4025 2245 4077 in-

655 4114 811 4168 sidiis
838 4130 1112 4184 paremus.
1144 4113 1218 4168 De
1248 4112 1430 4168 Iudaea
1457 4129 1605 4176 vero,
1628 4113 1756 4183 quia
1783 4113 2125 4181 prophetiam
2155 4121 2239 4166 at-

653 4219 762 4274 que
816 4203 1116 4258 doctrinam
1161 4203 1245 4258 vel
1286 4203 1667 4258 miraculorum
1701 4203 1851 4273 signa
1883 4201 2103 4257 abstulit
2131 4201 2243 4258 Do-

654 4292 869 4359 minus,
919 4293 1120 4347 moenia
1163 4293 1282 4364 ejus
1327 4293 1732 4362 praecipitavit:
1777 4291 1904 4362 quia
1941 4291 2136 4357 ﬁdem,
2187 4298 2244 4347 et

652 4397 825 4453 spem,
859 4391 1022 4453 atque
1055 4383 1407 4446 cbaritatem,
1448 4381 1663 4454 1376
1691 4390 1910 4452 propter
1938 4381 2056 4451 ejus
2090 4381 2240 4438 duri-

2355 3196 2566 3269 1377
2590 3197 2810 3255 funibus
2835 3202 3102 3267 distentae,
3151 3205 3360 3260 tabulis
3392 3200 3746 3258 interstautibus
3774 3211 3836 3263 ιρι

2349 3289 2750 3356 penderentur,
2791 3306 2911 3360 qua:
2957 3293 3198 3347 tentoria
3247 3293 3609 3348 sustinerent:
3638 3298 3770 3343 tamen
3804 3284 3838 3336 in

2351 3379 2586 3432 tentorio
2613 3380 3042 3446 tabernaculum,
3067 3383 3220 3451 quod
3264 3383 3475 3454 Moyses
3520 3381 3669 3437 erexit
3707 3377 3748 3431 in
3780 3375 3838 3426 de-

2351 3477 2516 3532 serto,
2550 3482 2836 3536 possumus
2863 3471 3129 3541 accipere,
3181 3481 3242 3528 et
3295 3474 3348 3528 in
3398 3468 3707 3527 tabernaculo
3750 3474 3839 3518 tem-

2349 3557 2518 3627 plum,
2553 3558 2696 3626 quod
2722 3557 2974 3614 Salomon
3003 3559 3232 3617 demum
3269 3560 3568 3616 aediﬁcavit.
3612 3559 3714 3625 Qum
3745 3561 3837 3604 utra-

2349 3660 2454 3714 que
2482 3655 2702 3716 propter
2725 3647 2929 3702 scelera
2952 3646 3276 3707 Judzeorum
3307 3652 3563 3707 Dominus
3586 3649 3632 3702 in
3671 3642 3841 3699 manibus

2349 3738 2688 3794 inimicorum
2732 3739 3040 3809 dissipanda
3064 3749 3119 3796 et
3139 3741 3490 3798 demolienda
3538 3735 3726 3792 tradidit.
3761 3727 3842 3780 Pri-

2348 3842 2495 3880 mum
2528 3828 2743 3898 quidem
2772 3829 2967 3899 repulit
2987 3831 3409 3888 tabernaculum
3443 3830 3571 3894 Silo,
3612 3827 3838 3882 tabernacu-

2349 3918 2456 3973 lum
2479 3936 2633 3974 suum
2657 3921 2747 3974 ubi
2775 3921 3038 3976 habitavit
3066 3924 3218 3980 inter
3238 3925 3489 3980 homines
3517 3919 3661 3994 (Psol.
3681 3911 3845 3974 un").

2349 4011 2550 4065 Deinde
2575 4011 2715 4066 sicut
2735 4011 2849 4081 ipse
2880 4029 2976 4082 per
2997 4015 3328 4083 prophetam
3359 4015 3436 4068 ait
3465 4029 3479 4067 :
3505 4009 3692 4064 Faciam
3723 3996 3849 4054 domui

2346 4102 2490 4166 huic,
2517 4102 2707 4172 templo
2728 4103 2923 4157 scilicet
2953 4104 3288 4170 Salomonis,
3317 4107 3374 4160 in
3395 4121 3497 4177 quo
3536 4104 3772 4155 invocatum
3798 4096 3848 4140 αι

2347 4211 2533 4250 nomen
2555 4212 2748 4260 meum,
2773 4205 2821 4251 et
2862 4199 2918 4251 in
2960 4214 3066 4266 qua
3111 4215 3210 4253 vos
3256 4199 3462 4253 habetis
3499 4193 3730 4266 ﬁduciam,
3762 4183 3852 4238 sic"

2347 4283 2445 4354 feci
2467 4281 2579 4340 Silo
2608 4299 2627 4337 :
2649 4296 2696 4340 et
2717 4287 2992 4357 projiciam
3013 4305 3104 4343 vos
3123 4291 3272 4344 sicut
3301 4290 3502 4360 projeci
3536 4285 3756 4340 universos
3774 4274 3854 4343 {ra-

2345 4383 2450 4428 tres
2473 4384 2668 4430 vestros
2692 4393 2864 4431 semen
2891 4377 3145 4449 Ephraim
3169 4379 3319 4450 '(Jer.
3349 4379 3473 4449 m).
3502 4365 3853 4434 Czetet‘tlml“xu
3938 4419 3944 4434 .

656 4452 787 4527 tiam
814 4452 1016 4528 auferri
1046 4474 1312 4544 permisit.
1345 4452 1666 4528 Munitiones
1691 4471 1807 4541 ejus
1837 4474 2104 4544 dissipare
2130 4483 2243 4530 stu-
2268 4452 2322 4514 D
2347 4479 2623 4537 θηδςοεθη
2654 4467 2812 4522 Valde
2842 4468 3237 4539 plangendum.
3264 4471 3416 4541 quod
3446 4468 3629 4523 multos
3650 4464 3694 4517 in
3725 4454 3854 4517 Eccit-

653 4563 794 4618 duit.
834 4562 918 4619 Ub
947 4563 1204 4618 nimirum
1244 4572 1423 4619 rectus
1459 4563 1593 4619 ordo
1628 4572 1873 4618 servatur
1905 4583 1918 4619 :
1959 4565 2085 4634 quia
2116 4580 2240 4620 cum

652 4653 929 4725 peccatrix
969 4653 1147 4708 anima
1183 4653 1536 4724 relinquitur,
1579 4655 1729 4724 prius
1765 4656 1832 4709 ah
1872 4671 1934 4709 ea
1977 4655 2240 4711 virtutum

653 4748 824 4813 dona,
856 4762 976 4818 qua:
1003 4749 1070 4802 ad
1101 4746 1592 4803 manilestationem
1644 4747 1868 4818 spiritus
1916 4747 2040 4802 data
2082 4757 2238 4816 sunt,

651 4837 994 4906 postmodum
1037 4837 1198 4900 ﬁdei,
1249 4845 1304 4891 et
1332 4837 1479 4906 spei,
1527 4847 1690 4907 atque
1726 4837 2008 4892 charitatis
2050 4837 2240 4893 lurida-

656 4937 838 4983 menta
866 4929 1237 4983 destruuntur.
1285 4927 1415 4995 Qua:
1444 4937 1639 4982 cuncta
1669 4927 1930 4983 Dominus
1952 4944 1982 4982 a
2020 4929 2240 4999 perﬁdis

653 5020 1064 5086 ablataJudzeis,
1094 5021 1377 5092 gentilitati
1411 5021 1597 5075 tribuit
1623 5039 1636 5074 :
1661 5029 1714 5076 et
1739 5020 1889 5076 exiis
1910 5035 2029 5091 quae
2052 5021 2242 5077 inlide-

653 5114 795 5170 libus
819 5115 1071 5179 abstulit,
1109 5121 1320 5168 montes
1348 5112 1586 5168 lidelium
1623 5112 1857 5168 ornavit.
1883 5111 2091 5180 Quibus
2117 5127 2238 5167 cum

653 5226 843 5264 rursus
867 5210 1046 5264 anima
1069 5209 1420 5278 exspoliatur,
1449 5208 1509 5262 lit
1529 5209 1576 5263 ei
1597 5208 1855 5264 Dominus
1869 5224 1971 5262 una
1991 5223 2112 5262 cum
2135 5209 2242 5263 eis-

651 5303 774 5356 dem
799 5301 998 5358 Jtttlzeis
1023 5302 1292 5365 inimicus,
1323 5310 1378 5356 et
1403 5301 1493 5371 qui
1525 5301 1674 5370 prius
1701 5300 1916 5356 dicebat
1943 5317 1955 5352 :
1983 5297 2240 5353 Inimicus

651 5409 740 5446 ero
783 5392 1006 5453 inimicis
1046 5405 1171 5458 tuta,
1225 5405 1274 5448 et
1333 5394 1612 5466 afﬂigentes
1668 5401 1718 5446 te
1765 5391 1990 5463 afﬂigant
2039 5389 2237 5460 (Exod.

653 5482 811 5552 χχιιι)
830 5524 845 5547 ,
877 5483 990 5552 ipse
1014 5485 1227 5538 demum
1255 5484 1430 5539 eidem
1461 5481 1772 5536 inimicatur
1797 5479 1992 5535 animae
2019 5487 2074 5533 et
2108 5478 2240 5534 allii-

652 5592 781 5646 ηοω
805 5578 1086 5646 permittit.
1119 5575 1272 5632 Unde
1297 5586 1352 5632 et
1381 5577 1618 5646 repletur
1646 5574 1702 5631 in
1731 5589 1819 5639 ea,
1850 5573 2164 5628 humiliatus
2187 5581 2242 5628 et

655 5667 974 5732 humiliata,
1021 5669 1373 5738 cogitationes
1428 5665 1678 5722 videlicet
1727 5663 2022 5721 immunda:
2078 5671 2239 5733 atque

2347 4558 2426 4613 sia
2459 4559 2537 4613 sic
2566 4560 2818 4629 dissipari
2841 4563 3236 4631 conspicimus,
3267 4573 3326 4618 et
3351 4560 3592 4618 demoliri
3629 4551 3754 4627 quasi
3773 4550 3858 4604 lior-

2348 4653 2481 4701 tum.
2514 4647 2622 4703 Sed
2646 4651 2712 4705 de
2738 4665 2845 4720 quo
2875 4650 3088 4705 dicatur
3113 4651 3287 4708 horto
3325 4652 3620 4711 videamus,
3662 4643 3717 4698 ad
3752 4637 3857 4704 cui”

2345 4738 2748 4794 similitudinem
2777 4740 3036 4797 Dominus
3058 4750 3144 4797 ten
3155 4744 3366 4799 torium
3393 4756 3571 4804 suum,
3594 4735 3766 4800 scilin
3791 4725 3859 4794 δῖ’

2346 4849 2609 4904 nagogam
2632 4832 2940 4888 Judzeorum
2968 4836 3292 4906 reprobam,
3328 4835 3416 4890 vel
3444 4831 3712 4888 Ecclesiam
3751 4820 3859 4906 (Μ

2346 4936 2555 4982 rautem
2592 4940 2622 4978 a
2649 4923 2885 4986 Christo,
2917 4905 3039 4995 quae
3056 4942 3155 4995 per
3188 4925 3607 4982 tabernaculum
3635 4918 3739 4989 jure
3764 4905 3858 4965 πεί·

2343 5018 2509 5088 pitur,
2540 5015 2806 5084 dissipare
2831 5015 2910 5068 vel
2941 5016 3191 5071 demoliri
3220 5017 3466 5073 dicatur.
3520 5014 3609 5070 Est
3629 5003 3859 5073 namqueel

2345 5109 2459 5178 ipsa
2490 5109 2678 5162 hortus
2707 5109 2774 5162 de
2795 5122 2900 5177 qua
2928 5107 3126 5162 dicitur
3156 5107 3216 5163 in
3240 5107 3492 5165 Canticis
3513 5123 3534 5160 :
3559 5101 3733 5159 Hortus
3773 5104 3858 5146 ποθ’

2343 5201 2519 5257 clusus
2571 5217 2721 5255 soror
2764 5217 2877 5255 mea
2903 5242 2918 5266 ,
2967 5201 3148 5256 hortus
3200 5200 3512 5266 conclusus,
3535 5198 3646 5269 fons
3689 5190 3859 5257 εἱ9³⁰¹⁸³

2347 5291 2525 5365 (Cant.
2550 5293 2646 5362 tv).
2681 5291 2737 5346 In
2764 5306 2871 5361 quo
2898 5291 3154 5347 nimirum
3209 5292 3383 5349 horto
3436 5299 3625 5362 puteus
3666 5281 3859 5351 aquarum

2349 5364 2645 5444 viventium
2671 5394 2909 5451 emanat,
2940 5393 2994 5440 et
3021 5385 3139 5440 fons
3170 5385 3472 5440 hortorum
3495 5381 3582 5438 ubi
3606 5364 3859 5464 δερίτξξρίν

2344 5486 2475 5542 stcr,
2501 5485 2810 5532 removetur
2857 5476 3039 5545 aquilo
3065 5517 3080 5541 ,
3131 5474 3433 5547 ﬂuuntque
3475 5476 3698 5529 aromata
3742 5455 3858 5514 illius.

2343 5570 2483 5625 inter
2509 5581 2628 5638 quae
2656 5579 2890 5635 sponsus
2921 5565 3154 5621 fructum
3189 5579 3488 5636 pomorum
3514 5571 3568 5616 et
3598 5559 3753 5613 favum
3776 5553 3857 5638 etim

2342 5658 2500 5715 melle
2521 5631 2768 5716 comedit.
2800 5652 3051 5726 Nunquid
3080 5656 3143 5712 ad
3188 5631 3357 5726 hujus
3392 5648 3758 5712 similitudinem
3791 5631 3858 5698 δι’
