4048 6352
146 322 202 378 η
221 313 284 378 Π

873 317 1236 378 EXPOSITIO
1271 320 1341 377 1N
1377 320 1961 381 LAMENTATIONES
1995 323 2333 382 IEREMUE.
2369 357 2440 369 —
2475 325 2602 382 LIB.
2642 328 2712 383 ll.

3290 327 3428 382 “l8

144 447 354 505 nagoga
391 432 475 488 vel
525 430 766 488 Ecclesia
815 430 1046 502 reproba
1090 431 1421 503 dissipantur
1463 434 1729 499 membra,
1762 437 1810 496 Α
1837 443 1893 490 et
1913 435 2110 492 misera
2139 437 2316 491 anima
2347 438 2638 493 tentorium
2676 453 2856 502 suum,
2905 454 3126 496 carnem
3173 443 3424 499 νιῦειίἀρι
3470 476 3472 479 -

144 523 304 594 cujus
339 523 665 580 emissiones
691 519 826 576 nihil
857 521 1004 576 aliud
1025 531 1174 587 sunt,
1197 537 1360 592 quam
1399 521 1687 593 paradisus
1713 523 1738 577 ?

145 613 503 686 Nequaquam
535 616 640 670 hoc
659 614 910 678 dixerim,
939 613 1036 668 sed
1057 623 1142 669 est
1163 613 1302 670 alius
1354 615 1547 671 hortus
1606 614 1742 670 deli-

145 708 358 764 ciarum
379 707 533 777 quasi
553 705 841 776 paradisus
860 703 979 769 Dei,
1003 704 1070 760 de
1089 719 1199 776 quo
1219 705 1432 776 Moyses
1448 707 1501 761 in
1517 705 1735 771 Genesi,

143 798 293 869 quod
319 797 582 852 levaverit
601 795 704 850 Lot
730 795 919 850 oculos
948 809 1076 850 suos
1105 803 1162 850 et
1187 795 1324 851 vidit
1350 811 1567 852 omnem
1590 797 1738 852 circa

145 892 425 964 regionem
452 888 730 952 Iordanis,
761 901 885 958 quae
929 887 1184 942 universa
1215 887 1548 959 irrigahatur
1588 898 1740 944 ante-

143 999 312 1055 quam
340 983 683 1038 subverteret
704 979 965 1034 Dominus
991 977 1312 1045 Sodomam,
1336 980 1477 1036 sicut
1522 980 1742 1051 paradi-

143 1090 236 1132 sus
263 1073 499 1137 Domini,
532 1080 589 1127 et
621 1071 764 1126 sicut
808 1069 1085 1140 Egyptus
1121 1068 1276 1141 (Gen.
1302 1069 1453 1142 xm),
1493 1078 1554 1125 ut
1591 1078 1739 1126 esset

145 1174 342 1229 hortus
370 1169 712 1233 deliciarum,
739 1176 798 1222 et
815 1166 1126 1237 voluptatis.
1153 1167 1236 1222 Ad
1257 1182 1394 1238 quas
1416 1168 1601 1238 itaque
1637 1167 1738 1222 de-

144 1264 306 1319 licias
332 1261 866 1331 Judaeisuspirantes
895 1257 1188 1328 gemebant
1232 1274 1397 1329 super
1432 1259 1569 1314 ollas
1611 1274 1736 1314 car-

144 1357 320 1421 nium,
349 1354 476 1409 allia
505 1362 560 1408 et
583 1367 766 1424 cepas,
788 1366 1135 1423 peponesque
1155 1367 1219 1406 ac
1238 1367 1554 1407 cucumeres
1574 1350 1740 1424 ZEgy-

143 1449 382 1521 ptiorum
408 1445 779 1500 desiderantes
821 1439 1017 1514 (Exod.
1071 1459 1161 1498 xvr
1192 1460 1208 1509 ;
1237 1443 1402 1498 Nam.
1457 1444 1557 1514 xl),
1613 1460 1735 1514 qua:

144 1538 328 1594 omnia
357 1545 486 1590 sunt
512 1535 566 1590 in
597 1534 779 1588 animo
815 1547 1004 1587 eorum
1033 1573 1049 1598 ,
1081 1533 1174 1602 qui
1229 1540 1445 1587 terrena
1495 1532 1732 1602 sapiunt.

143 1631 224 1688 Ad
254 1630 414 1700 cujus
455 1628 594 1684 horti
619 1627 1048 1691 similitudinem,
1078 1625 1306 1695 dissipat
1327 1625 1587 1680 Dominus
1629 1639 1738 1679 non

143 1724 326 1777 minus
351 1721 422 1775 de
464 1718 707 1774 Ecclesia
744 1717 1090 1773 lascivientes
1115 1757 1131 1782 ,
1177 1724 1233 1772 et
1289 1716 1358 1772 ad
1405 1715 1736 1771 Sodomitica

1841 541 1961 596 quae
1981 527 2196 583 ossibus
2232 539 2288 582 et
2313 529 2494 583 nervis
2525 530 2938 599 compaginatur
2960 529 3169 586 deliciis
3209 540 3265 586 et
3294 532 3426 586 luxu

1841 620 2091 688 dissipari
2121 620 2367 675 exterius
2408 621 2700 685 consentit,
2759 629 2816 674 et
2865 620 3293 686 tabernaculum,
3339 639 3426 678 se—

1840 711 2013 782 ipsam
2041 711 2269 775 scilicet,
2295 711 2524 767 interius
2551 711 2918 780 voluptatibus
2961 712 3213 768 demoliri
3247 731 3262 766 :
3297 715 3427 783 quid

1839 802 2006 866 aliud,
2031 819 2193 872 quam
2213 803 2428 858 vineam
2451 811 2508 858 et
2554 802 2926 857 haereditatem
2977 803 3176 858 summi
3222 803 3423 868 Patris,

1841 897 1900 951 in
1961 896 2178 950 hortum
2231 897 2818 967 concupiscentiarum,
2868 897 3204 966 nequissimo
3252 900 3424 970 regni,

1841 998 2202 1043 transmittare
2228 989 2602 1058 permittitur?
2632 988 2701 1044 Et
2720 990 2841 1043 ideo
2868 991 3312 1052 demum,omnes
3353 991 3408 1046 fe

1839 1079 2105 1134 stivitates
2133 1078 2250 1147 ejus
2279 1089 2334 1134 et
2380 1079 2606 1136 sabbata
2630 1079 2889 1137 Dominus
2927 1081 3187 1137 oblivioni
3233 1084 3420 1148 tradit,

1839 1170 1965 1240 quia
1997 1171 2275 1242 templum,
2307 1172 2359 1226 in
2387 1187 2496 1241 quo
2537 1170 2717 1226 offerri
2762 1171 3024 1228 deberent
3064 1183 3192 1229 vota
3245 1184 3303 1231 et.
3341 1191 3428 1232 so-

1839 1261 2039 1316 lemnia
2061 1261 2346 1326 celebrari,
2373 1263 2457 1317 his
2493 1263 2709 1334 1379
2750 1264 3038 1320 demolitus
3079 1275 3162 1322 est
3212 1266 3434 1322 deliciav

1841 1367 1960 1404 rum
1994 1352 2283 1416 illecebris,
2314 1362 2370 1407 et
2397 1354 2730 1409 destructum
2758 1355 2940 1410 carnis
2995 1357 3290 1412 tentorium
3337 1373 3427 1413 vo-

1839 1440 2102 1510 luptatum
2139 1441 2568 1497 oblectamentis.
2612 1441 2778 1512 Cujus
2805 1459 2900 1499 rex
2930 1453 2986 1499 et
3015 1447 3270 1502 sacerdos
3293 1448 3432 1503 dan-

1841 1542 1930 1588 tur
1957 1535 2009 1588 in
2031 1536 2404 1605 opprobrium,
2442 1551 2508 1590 eo
2529 1537 2672 1605 quod
2722 1537 2809 1590 his
2845 1537 3064 1594 omissis
3093 1539 3326 1605 olliciis,.
3350 1541 3431 1596 in-

1841 1623 1969 1678 felix
1998 1625 2177 1679 anima
2222 1626 2439 1696 regibus
2475 1640 2534 1680 se
2571 1625 2873 1682 subdiderit
2927 1626 3261 1698 impiissimis
3293 1647 3306 1682 :
3335 1629 3431 1684 uni

1840 1731 2026 1771 eorum
2057 1717 2148 1787 qui
2178 1712 2379 1774 A'zotos
2405 1717 2540 1788 (lsa.
2567 1720 2660 1787 xx)
2703 1719 2950 1773 devastat
2976 1719 3310 1790 generationi
3362 1734 3430 1774 ac

143 1815 636 1887 Egyptiorumque
687 1811 953 1867 desideria
980 1827 1147 1882 prava
1184 1810 1542 1875 reﬂectentes,
1573 1826 1734 1881 quam
1765 1803 1813 1862 B
1841 1809 2048 1865 libidini
2081 1811 2400 1877 servientes,
2452 1812 2580 1881 quia
2633 1811 2838 1867 Azotus
2883 1816 3150 1883 generatio
3197 1813 3432 1869 libidinis

143 1920 197 1963 et
227 1909 297 1962 de
326 1906 610 1978 Synagoga
641 1905 976 1959 oberrantes.
1011 1903 1307 1958 Demolitur
1325 1917 1456 1974 ergo
1478 1903 1739 1958 Dominus

143 1996 558 2052 tabernaculum
603 2009 782 2059 suum,
833 1993 1050 2064 quando
1097 1993 1150 2048 in
1191 1993 1431 2048 Ecclesia
1483 1993 1739 2064 degentes

143 2089 446 2145 sceleribus
473 2096 523 2142 et
557 2085 776 2158 flagitiis
801 2085 1065 2155 permittit
1092 2085 1470 2148 exterminari,
1502 2092 1558 2138 et
1593 2083 1739 2137 vitiis

144 2181 298 2234 intus
323 2178 506 2233 omnia
532 2174 896 2230 concremari.
942 2174 1217 2243 Alioquin,
1273 2173 1476 2244 Spiritu
1523 2173 1742 2243 1378

143 2279 346 2325 sancto
367 2277 520 2332 teste,
545 2267 646 2321 nisi
674 2266 767 2336 qui
798 2265 1101 2336 ingreditur
1127 2266 1244 2319 sine
1275 2264 1504 2328 macula,
1526 2273 1582 2318 et
1605 2279 1737 2333 ope-

143 2371 312 2417 ratur
326 2361 617 2432 justitiam,
648 2373 756 2413 non
785 2365 966 2429 potest
1009 2357 1319 2411 conversari
1380 2357 1431 2410 in
1485 2356 1740 2410 taberna-

143 2453 272 2509 culo
307 2451 400 2506 Dei
433 2449 606 2522 (Psal.
641 2450 779 2520 xiv),
804 2463 978 2517 neque
1005 2448 1210 2517 absque
1241 2447 1308 2502 iis
1337 2460 1456 2516 qua:
1501 2461 1740 2515 sequun-

145 2555 237 2601 tur
262 2545 318 2600 iu
349 2558 416 2598 eo
453 2539 799 2598 coaediﬁcari.
855 2538 1060 2606 Quibus
1117 2537 1498 2606 przetermissis
1539 2551 1742 2608 praece-

143 2640 275 2709 ptis,
303 2638 472 2692 etiam
522 2633 778 2690 oblivioni
829 2633 992 2688 tradit
1032 2631 1312 2697 Dominus,
1357 2631 1448 2700 qui
1497 2647 1745 2686 nonnun-

1841 1902 2262 1972 interpretatur:
2280 1903 2435 1958 alteri
2472 1918 2602 1958 vero
2625 1905 2716 1973 qui
2743 1903 3000 1958 florentes
3019 1903 3221 1961 Christi
3243 1905 3432 1960 vineas

1842 1994 1894 2048 in
1918 1993 2134 2048 hortum
2161 1993 2729 2063 concupiscentiarum
2771 1991 2888 2047 vult
2920 1993 3026 2048 sibi
3077 1994 3428 2049 commutari.

1840 2081 1908 2137 Et
1940 2082 2068 2138 hinc
2097 2091 2181 2137 est
2215 2081 2358 2152 quod
2386 2082 2634 2152 sequitur
2663 2100 2676 2135 :

2565 2257 2706 2296 ΖΜΝ.

1910 2371 2115 2442 Repulit
2143 2371 2401 2427 Dominus
2423 2371 2592 2426 altare
2622 2389 2797 2436 suum,
2831 2381 2879 2425 et
2903 2370 3172 2425 maledixit
3202 2370 3437 2438 sanctiﬁ-

1841 2468 2036 2521 στιιίυηὶ
2067 2483 2178 2521 sua:
2201 2485 2220 2523 :
2247 2465 2466 2519 tradidit
2494 2465 2548 2518 in
2575 2481 2759 2518 manus
2782 2463 2983 2517 inimici
3005 2479 3184 2516 muros
3206 2462 3434 2515 turrium

1839 2556 1974 2625 ejus.
2007 2556 2193 2610 Altare
2233 2569 2391 2609 suum
2432 2553 2716 2624 repulisse,
2767 2562 2827 2607 ut
2865 2550 3280 2606 sanctiﬁcationi
3321 2565 3436 2604 sua:

1842 2646 2188 2702 maledixisse
2209 2645 2407 2700 dicitur
2435 2662 2452 2698 :
2482 2644 2608 2715 quia
2648 2644 2831 2698 omnia
2885 2640 3155 2697 sacrificia
3205 2638 3341 2711 legis
3379 2647 3436 2693 et

146 2748 312 2804 quam
344 2731 674 2787 oblivionem
701 2727 928 2797 patitur,
963 2725 1288 2780 festivitates
1314 2734 1370 2780 et
1390 2723 1613 2779 sabbata
1647 2738 1744 2778 no-
1844 2739 2014 2794 auare
2063 2754 2184 2793 cum
2241 2739 2517 2794 universis
2560 2736 2902 2802 utensilibus,
2957 2735 3011 2788 in
3041 2749 3149 2804 quo
3203 2733 3437 2788 victima,

148 2839 280 2885 atra:
309 2827 511 2898 quietis
541 2844 554 2879 :
589 2841 694 2879 non
719 2824 863 2894 quod
894 2821 1266 2877 solemnitates
1295 2820 1343 2874 ei
1369 2835 1475 2874 non
1497 2819 1745 2890 placeant

1849 2827 2236 2893 oll'erebantur,
2271 2829 2495 2900 sprevit,
2535 2837 2698 2896 atque
2711 2825 2870 2880 simul
2883 2841 3004 2881 cum
3019 2825 3153 2878 urbe
3168 2831 3222 2878 et
3235 2823 3436 2893 populo

149 2928 354 2976 nostra:
383 2915 685 2986 religionis,
714 2914 810 2970 sed
841 2913 966 2983 quia
995 2911 1090 2966 Dei
1128 2912 1280 2981 prius
1335 2908 1743 2965 tabernaculum

1849 2919 2184 2975 inmanibus
2237 2919 2473 2975 hostium
2524 2934 2631 2973 una
2677 2934 2800 2974 cum
2853 2914 3270 2988 propugnaculis
3311 2914 3440 2968 diri-

150 3014 233 3068 vel
269 3010 534 3080 templum
565 3007 801 3078 Spiritus
822 3005 994 3061 sancti
1025 3005 1080 3059 in
1123 3004 1280 3060 nobis
1324 3003 1578 3068 violatur,
1636 3017 1745 3058 non
1845 3011 2040 3083 pienda
2082 3011 2324 3068 tradidit,
2385 3013 2485 3068 mc
2538 3027 2756 3083 quoque
2791 3011 3023 3082 ingressi
3073 3011 3129 3064 ίη
3177 3007 3436 3079 templum

150 3113 236 3160 est
261 3104 317 3158 in
347 3116 459 3173 quo
491 3099 696 3169 reliqua
726 3099 836 3152 Deo
867 3095 1192 3166 utplaceant
1213 3095 1530 3149 oll'erantur.
1591 3091 1745 3149 Unde

1851 3105 2114 3160 universa:
2150 3113 2310 3161 terra:
2337 3105 2578 3162 sanctius
2632 3119 2821 3160 vocem
2875 3104 3142 3158 dederunt
3183 3101 3238 3156 in
3275 3101 3439 3156 domo

151 3195 419 3251 oblivioni
445 3207 506 3247 ea
535 3192 749 3246 tradere
775 3197 1048 3252 censetur,
1079 3188 1205 3257 quia
1233 3186 1388 3241 nobis
1410 3183 1654 3256 proiecto
1679 3183 1748 3238 ad
1774 3183 1821 3202 “
1851 3194 2084 3262 Domini,
2145 3197 2235 3251 ubi
2276 3197 2551 3267 quondam
2605 3195 2793 3251 gaudes
2840 3194 3171 3250 so|emnibus
3222 3192 3436 3255 diebus.

143 3286 425 3359 justitiam
457 3284 573 3338 sine
595 3282 752 3338 bonis
768 3281 1040 3349 justisque
1061 3278 1318 3349 operibus
1366 3276 1704 3345 imputantur
1730 3289 1745 3328 :

1849 3297 1947 3353 per
1975 3283 2186 3339 diversa
2211 3287 2482 3342 canebant
2503 3301 2728 3356 organa,
2755 3285 2859 3339 ritu
2889 3281 3205 3347 inviolabili,
3244 3291 3300 3337 et
3333 3281 3440 3336 Do-

151 3386 265 3440 imo
292 3397 390 3437 rex
415 3389 466 3435 et
487 3379 741 3434 sacerdos
758 3375 1048 3446 opprobrio
1070 3371 1380 3436 traduntur,
1399 3370 1488 3440 qui
1507 3376 1750 3425 sanctam
1849 3376 1980 3430 mini
2020 3378 2297 3447 augustius
2327 3379 2594 3433 ι-θηίιθιηι
2619 3377 2808 3448 goria,
2861 3374 3017 3442 Quod
3064 3383 3121 3430 ει
3147 3373 3314 3427 Isaias
3337 3373 3437 3426 de-

153 3474 250 3529 Dei
284 3471 586 3528 Ecclesium
615 3467 845 3530 nutrire,
865 3463 1020 3533 juxta
1055 3462 1272 3528 Isaiam,
1313 3461 1632 3523 debuerant,
1680 3475 1748 3515 ex
1849 3466 2046 3537 plorat,
2085 3469 2274 3523 dicens
2301 3483 2314 3522 ε
2344 3466 2580 3535 napi“,
2605 3468 2700 3531 an,
2727 3483 2844 3520 εσσε
2865 3464 3088 3536 populus
3113 3474 3234 3517 mu;
3256 3478 3438 3516 omne;

151 3581 264 3636 quo
291 3573 340 3618 ει
363 3571 534 3623 erum.
565 3558 760 3629 inquit.
787 3573 928 3627 r6988
957 3555 1156 3608 ηαλνίιίθ
1181 3553 1258 3606 ταί
1280 3551 1415 3623 (Ῐδαι
1446 3551 1616 3620 MK)-
1642 3547 1749 3603 5θά
1851 3575 1964 3622 nos,
1988 3567 2036 3611 et
2066 3559 2250 3613 civitas
2273 3560 2441 3612 sancti
2467 3559 2544 3611 tui
2566 3557 2709 3627 facta
2729 3567 2803 3610 est
2833 3557 3037 3608 deserta
3053 3551 3202 3618 Sion,
3231 3553 3439 3607 deserta

149 3657 286 3727 quia
318 3651 575 3723 templum
599 3650 770 3704 sancti
793 3646 1026 3718 Spiritus
1069 3644 1251 3714 pravis
1303 3642 1508 3696 violant
1564 3641 1748 3709 operi-
1852 3649 1992 3716 facta
2033 3647 2450 3712 estlerusalem,
2497 3648 2732 3703 desolata
2773 3647 2959 3700 domus
3004 3643 3440 3709 sanctiﬁcationis

151 3748 280 3806 bus,
305 3742 658 3814 opprobrium
702 3748 828 3793 sunt
861 3737 1032 3808 magis
1085 3735 1140 3790 hi
1199 3735 1252 3788 in
1302 3733 1541 3788 Ecclesia
1585 3747 1745 3801 quam

1852 3751 2045 3796 nostra:
2064 3751 2111 3795 et
2135 3741 2318 3812 gloria:
2339 3751 2551 3796 nostris.
2577 3739 2680 3796 Ubi
2703 3739 3054 3793 laudarerunt
3077 3747 3126 3790 te
3144 3746 3318 3806 patres
3345 3752 3440 3789 no-

151 3838 345 3891 decus.
383 3835 458 3888 De
491 3832 688 3902 quibus
720 3829 885 3884 David
913 3845 927 3882 :
952 3827 1017 3881 Et
1044 3843 1202 3891 nunc,
1247 3842 1416 3895 reges,
1457 3824 1745 3894 intelligite,

1849 3833 1966 3896 stri,
1993 3832 2133 3902 facta
2155 3842 2230 3885 est
2254 3833 2310 3884 in
2329 3834 2655 3886 cxustionem
2695 3831 2856 3901 ignis,
2882 3839 2928 3883 et
2951 3829 3127 3882 omnia
3167 3825 3438 3881 desidera-

151 3923 473 3987 crudimini,
513 3921 604 3992 qui
622 3919 882 3990 judicatis
930 3913 1388 3970 lerram:Servite
1431 3914 1654 3969 Domino
1693 3916 1745 3968 in

1851 3921 1978 3979 bilia
2002 3933 2178 3978 nostra
2205 3939 2349 3978 versa
2371 3933 2492 3977 sunt
2519 3923 2572 3976 in
2596 3922 2780 3975 ruinas
2806 3919 2943 3993 (Isa.
2977 3919 3144 3988 LXIV).
3163 3917 3434 3988 Allegori~

151 4010 544 4082 timore(Psal.
574 4010 656 4080 ιι),
700 4017 754 4062 et
803 4015 998 4062 caetera
1048 4021 1169 4075 qua:
1215 4014 1535 4074 sequuntur.
1598 4003 1745 4060 Unde

1851 4033 1949 4073 cus
1977 4024 2158 4070 autem
2187 4029 2379 4070 sensus
2407 4026 2705 4084 congruere
2734 4012 2868 4067 satis
2894 4025 3002 4064 non
3025 4010 3262 4070 videtur,
3288 4008 3438 4078 quod

149 4106 404 4162 insinuat
429 4103 556 4174 quia
581 4117 751 4173 genus
778 4098 956 4170 regale
998 4107 1056 4154 et
1096 4097 1457 4153 sacerdotium
1500 4106 1745 4151 sanctum

1851 4107 2110 4178 repulerit
2142 4105 2400 4160 Dominus
2420 4103 2590 4158 altare
2611 4118 2770 4157 suum
2800 4102 2866 4156 de
2904 4100 3166 4162 Ecclesia,
3222 4099 3276 4152 in
3329 4113 3437 4167 qua

150 4211 353 4252 sumus
377 4194 428 4266 tl
462 4193 606 4248 Petr.
632 4195 719 4262 ιι),
745 4192 797 4245 si
820 4191 938 4260 pias
969 4198 1026 4243 et
1069 4188 1337 4242 salutares
1382 4187 1494 4240 Deo
1540 4187 1745 4241 hostias

1852 4200 2105 4255 Christus
2140 4198 2311 4250 altare
2334 4195 2575 4250 creditur
2594 4208 2716 4248 esse
2748 4193 2922 4246 hostia
2977 4201 3034 4244 et
3081 4188 3437 4246 sacrificium.

148 4287 362 4343 oll'erre
388 4284 654 4338 volumus.
682 4282 723 4336 Τ
726 4279 1112 4335 abernaeulum
1165 4277 1339 4332 sancti
1381 4275 1640 4346 Spiritus,
1695 4275 1745 4329 in

1853 4290 2096 4362 pontlfex
2127 4296 2182 4344 et
2207 4287 2482 4342 sacerdos.
2540 4284 2656 4340 Non
2693 4286 2839 4339 enim
2887 4283 3031 4337 aliud
3077 4281 3248 4336 altare
3295 4290 3444 4336 recte

148 4397 268 4453 (1⁸³0
295 4379 459 4450 άῖεηθ
483 4375 802 4436 animum“
834 4373 1036 4428 οιθηίω
1082 4385 1153 4426 ne
1195 4368 1520 4425 ἀθωοιίθιυι·
1578 4366 1757 4432 Villis,
1855 4381 2054 4437 dicitur
2082 4380 2340 4436 Ecclesia:
2365 4380 2500 4443 fore,
2555 4393 2718 4448 quam
2749 4378 2852 4432 hoc
2873 4392 3060 4441 unum,
3084 4375 3137 4430 in
3159 4389 3270 4446 quo
3311 4381 3440 4429 vota

147 4471 476 4543 diligentius
502 4481 723 4522 necesse
751 4474 840 4520 est
870 4466 1238 4520 observemus.
1271 4459 1548 4516 Moraliter
1570 4467 1745 4514 autem

1857 4483 1912 4528 et
1935 4473 2200 4529 sacrificia
2247 4471 2488 4528 omnium
2551 4469 2854 4524 offeruntur
2893 4467 3156 4532 fidelium,
3208 4466 3338 4520 licet
3386 4473 3444 4517 et

149 4525 345 4619 anima
379 4562 539 4616 habet
591 4559 882 4614 tentorium
927 4565 984 4612 et
1029 4554 1436 4610 tabernaculum
1464 4591 1480 4618 ,
1547 4553 1602 4607 in
1643 4565 1745 4621 quo

1859 4525 2332 4634 altaria—leguntur
2353 4561 2604 4632 plurima,
2629 4559 2696 4615 de
2717 4558 2914 4630 quibus
2951 4558 3006 4612 in
3038 4525 3270 4612 Psalmis
3299 4573 3312 4608 :
3349 4554 3444 4608 Αι-

147 4667 308 4722 saepe
337 4659 556 4706 sanctus
591 4647 828 4718 Spiritus
875 4660 999 4701 cum
1048 4659 1113 4699 ea
1159 4641 1556 4708 confabulatur,
1606 4639 1745 4710 quod

1853 4655 1992 4710 tario
2015 4664 2126 4720 tua,
2155 4653 2370 4708 Domine
2393 4653 2662 4716 virtutum,
2707 4666 2800 4705 rea:
2825 4666 2971 4704 meus
3018 4659 3065 4703 et
3111 4648 3250 4704 Deus
3293 4663 3440 4701 metu

149 4758 292 4800 mox
321 4742 614 4812 dissipatur
659 4738 822 4810 quasi
879 4736 1110 4800 hortus,
1158 4735 1206 4790 si
1256 4749 1317 4789 se
1364 4731 1650 4788 resolverit
1697 4730 1745 4786 in

1856 4744 2028 4818 (Psal.
2061 4745 2311 4815 Lxxxm).
2354 4743 2460 4799 Sed
2488 4743 2570 4797 sic
2605 4753 2731 4797 sunt
2779 4742 2953 4797 sancti
3005 4740 3194 4795 altaria
3249 4754 3442 4809 quem-

147 4839 376 4901 luxum,
405 4844 460 4890 et
498 4835 649 4888 varia
698 4832 1092 4888 oblectamenta
1135 4843 1317 4899 prava:
1361 4826 1751 4882 delectationis.

147 4929 512 4997 Dissipantur
543 4925 760 4996 quidem
813 4921 1105 4978 tentorium
1145 4928 1203 4975 et
1239 4917 1645 4974 tabernaculum
1695 4927 1756 4973 ut

148 5024 388 5083 hortus,
421 5034 524 5072 non
549 5017 634 5071 ille
655 5015 972 5070 deliciarum
1001 5013 1097 5068 Dei
1123 5010 1220 5068 sed
1251 5012 1408 5082 quasi
1443 5010 1634 5065 hortus
1663 5025 1756 5064 su-

148 5131 262 5186 per
289 5129 454 5184 quam
486 5112 692 5182 Sargon
718 5111 830 5166 dux
869 5109 1220 5181 Assyriorum
1273 5122 1509 5179 praeesse
1560 5106 1757 5176 legitur

150 5207 306 5278 (lsa.
339 5208 457 5276 xx).
491 5204 698 5276 Sargon
735 5204 936 5275 quippe
981 5203 1221 5274 princeps
1262 5202 1534 5254 hortorum
1587 5197 1760 5254 inter-

150 5307 434 5371 pretatur,
480 5297 845 5368 voluptatibus
873 5305 929 5352 et
959 5294 1188 5350 luxnria
1233 5280 1534 5348 dedicatus.
1597 5290 1770 5346 Deni-r

150 5404 270 5458 que
302 5387 566 5441 etAchab
595 5403 688 5440 rex
723 5385 889 5440 Israel
915 5385 1132 5439 vineam
1162 5381 1373 5438 Naboth
1407 5390 1622 5436 vertere
1644 5379 1759 5434 vult

151 5484 218 5536 in
262 5481 479 5535 hortum
508 5477 592 5549 (11
627 5478 756 5549 Reg.
781 5477 916 5547 xxi).
951 5476 1106 5544 Quod
1131 5474 1240 5538 ille,
1263 5473 1416 5543 juxta
1455 5471 1601 5542 leges
1647 5479 1760 5526 tro-

147 5571 420 5646 pelagiae,
446 5570 768 5642 intelligens,
802 5569 940 5624 mori
972 5568 1184 5633 maluit,
1208 5582 1372 5636 quam
1426 5564 1762 5630 consentire,

149 5678 223 5720 nt
251 5665 546 5721 hazreditas
584 5672 807 5733 paterna
849 5670 1109 5731 tantaque
1162 5660 1425 5714 virtutum
1461 5672 1762 5726 posscssw,

148 5757 322 5828 impii
360 5757 501 5827 regis
529 5759 582 5811 in
607 5756 824 5811 delicias
868 5763 1190 5812 verteretur.
1250 5751 1359 5806 Sed
1407 5751 1533 5820 quia
1573 5749 1758 5809 infelix

1856 4838 2143 4895 admodum
2173 4837 2284 4902 lux,
2327 4851 2422 4892 seu
2461 4845 2655 4891 ezctera
2677 4851 2800 4906 qua:
2819 4835 2886 4890 de
2909 4834 3042 4904 ipsis
3095 4832 3438 4902 praedicanti-

1856 4931 1982 4992 bus,
2010 4929 2215 4984 idcirco
2248 4929 2350 4982 hoc
2380 4943 2545 4981 unum
2597 4927 2768 4980 altare
2819 4926 2920 4980 sub
2972 4939 3081 4994 quo
3127 4932 3442 4977 sanctorum

1856 5020 2050 5074 animus
2074 5019 2445 5088 requiescunt,
2480 5025 2540 5071 ut
2563 5017 2755 5072 altaria
2780 5033 2848 5072 ex
2869 5032 2934 5072 eo
2977 5013 3102 5083 jure
3151 5013 3437 5069 nominen-

1857 5119 1946 5166 tur
1978 5127 1992 5164 :
2021 5111 2147 5180 quia
2169 5124 2507 5180 nequaquam
2537 5108 2620 5163 fas
2645 5117 2730 5164 est
2754 5108 2935 5162 dicere
2957 5106 3098 5176 quod
3129 5119 3251 5160 eum
3283 5119 3440 5173 repu-

1859 5200 1984 5256 lerit
2018 5201 2296 5264 Dominus,
2331 5199 2434 5255 nisi
2483 5199 2620 5254 forte
2666 5198 2720 5254 in
2771 5197 3025 5268 passione
3071 5197 3290 5267 quando
3341 5210 3443 5265 pro

1857 5293 2227 5357 .ludzeisorat,
2257 5292 2444 5347 dicens
2461 5288 2614 5363 (Luc.
2635 5289 2774 5362 xxu)
2802 5307 2814 5343 :
2839 5287 3023 5351 Pater,
3046 5287 3276 5356 transfer
3303 5304 3335 5339 a
3360 5299 3443 5339 me

1861 5385 2073 5440 calicem
2085 5385 2244 5437 istum
2259 5399 2277 5447 ;
2291 5391 2346 5435 et
2368 5381 2621 5451 deinceps
2637 5396 2652 5433 :
2671 5379 2826 5446 Quod
2851 5379 2896 5432 si
2918 5395 3024 5432 non
3038 5387 3203 5442 potest
3218 5377 3444 5430 transire

1863 5475 1961 5530 nisi
1985 5474 2156 5528 bibam
2178 5471 2348 5532 illum,
2376 5471 2474 5539 fiat
2496 5469 2734 5524 voluntas
2756 5479 2889 5532 tua;
2928 5468 3113 5522 ethoc
3147 5467 3220 5523 sit
3268 5465 3444 5536 repel-

1863 5564 1975 5620 lere
2003 5579 2110 5618 non
2131 5577 2254 5618 eum
2285 5576 2384 5630 pro
2404 5560 2490 5615 eis
2511 5560 2721 5624 audire,
2752 5558 2862 5614 imo
2884 5575 2980 5629 per
3003 5575 3100 5614 eos
3116 5575 3217 5630 pro
3245 5559 3444 5629 quibus

1865 5666 2018 5728 rogat
2049 5665 2278 5719 mortem
2309 5650 2576 5721 passionis
2602 5651 2899 5721 suscipere.
2949 5650 3104 5706 Unde
3158 5650 3313 5719 quasi
3355 5663 3442 5701 rc-

1865 5749 2048 5819 pulsus
2079 5763 2108 5801 a
2140 5743 2355 5814 1380
2379 5741 2600 5807 ludatis,
2645 5749 2868 5812 paterno
2898 5742 3100 5812 judicio
3151 5739 3448 5795 translatus
