4048 6352
713 274 848 329 illi)

708 479 947 551 repulisti
968 491 1014 534 et
1041 481 1344 549 ἀείρει-ἕδη,
1367 480 1621 534 distulisti
1643 479 1910 535 Christum
1942 473 2090 535 tuum
2116 479 2296 552 (Paul.

707 572 997 642 unvm).
1038 571 1303 626 Distulisti
1335 581 1542 634 autem,
1573 586 1641 626 ne
1669 571 1806 626 ultra
1830 571 2051 638 Judaiis,
2097 574 2298 628 amisso

707 662 1008 725 sacriﬁcio,
1061 663 1234 718 altare
1285 672 1450 728 esset,
1493 679 1661 733 super
1707 680 1815 733 quo
1871 679 1999 719 suas
2041 664 2301 720 oﬁ’errent

707 756 937 811 hostias.
969 755 1106 822 Quia
1140 756 1384 826 profecto
1412 757 1554 812 sicut
1581 758 1760 813 omnia
1792 759 1881 813 illa
1915 759 1980 814 de
2006 759 2298 815 sacriﬁciis

707 847 933 916 ﬁguram
957 847 1439 917 gerebantChristi
1485 847 1534 918 (l
1572 849 1696 904 Cor.
1723 849 1776 920 χ)
1807 867 1820 904 :
1851 851 1923 904 ita
1956 860 2011 906 et
2035 851 2207 906 altare
2232 853 2299 908 de

708 935 970 1004 impolitis
999 935 1266 1004 lapidibus
1294 953 1430 1006 quos
1460 936 1665 992 ferrum
1699 955 1804 993 non
1827 941 2103 1011 attigerat,
2161 942 2300 996 tedi-

707 1025 924 1080 ﬁcatum
957 1025 1134 1096 (Deut.
1167 1027 1359 1098 xxvii),
1391 1043 1587 1097 corpus
1631 1031 2010 1102 pracligurabat
2056 1033 2300 1087 Domini-

704 1133 854 1181 cum,
881 1117 1030 1171 nullo
1055 1119 1293 1172 humano
1321 1136 1486 1188 opere
1507 1123 1958 1178 contaminatum.
2017 1123 2124 1180 Sed
2167 1127 2294 1195 quia

707 1207 1001 1261 translatus
1043 1217 1128 1261 est
1167 1208 1418 1265 Christus
1439 1212 1505 1266 ad
1532 1211 1850 1277 Ecclesium,
1898 1215 1951 1268 in
1992 1229 2056 1269 ea
2107 1215 2296 1272 ﬁdeles

703 1295 883 1350 devoti
913 1313 1008 1352 sua
1054 1297 1288 1353 oﬁ‘erunt
1341 1310 1484 1365 vota,
1535 1317 1635 1371 pro
1670 1303 1865 1372 quibus
1911 1314 1966 1359 et
2012 1321 2299 1376 compassa

704 1404 807 1441 una
839 1403 963 1444 cum
993 1391 1251 1460 apostolis
1296 1392 1503 1462 plangit
1549 1394 1813 1461 Ecclesia,
1867 1413 1974 1452 non
2015 1400 2158 1469 quod
2182 1415 2210 1453 a
2235 1415 2294 1455 se

701 1477 984 1547 depulsum
1032 1488 1087 1534 et
1139 1481 1460 1536 translatum
1502 1484 1702 1550 doleat,
1731 1486 1826 1541 sed
1862 1487 1991 1556 quia
2031 1486 2150 1556 ejus
2194 1504 2294 1558 pro

701 1578 878 1621 morte
907 1570 1266 1625 contristatur
1293 1588 1417 1628 eum
1439 1573 1719 1643 apostolis,
1741 1584 1803 1630 ut
1856 1593 1961 1631 una
2008 1593 2131 1632 cum
2181 1579 2291 1632 eis-

701 1659 818 1713 dem
854 1661 922 1716 de
954 1665 1350 1719 resurrectione
1373 1667 1620 1736 gaudeat.
1652 1668 1804 1724 Unde
1840 1685 1956 1725 mos
2005 1671 2291 1727 inolevisse

1531 269 1588 327 S.
1632 272 1984 329 PASCHASII
2026 272 2369 328 ll.\DllERTl
2406 272 2700 330 ABBATIS
2738 273 3183 336 COBBEIENSIS

707 399 792 444 est
821 390 887 443 ad
914 398 1121 460 gentes.
1157 388 1231 442 De
1260 403 1368 458 quo
1398 403 1530 444 sane
1561 388 1728 444 David
1753 407 1766 442 :
1813 388 1891 442 Tu
1919 406 2057 479 vero,
2107 389 2301 457 inquit,
2330 393 2382 454 Α
2407 389 2526 460 ejus
2572 389 2950 456 maledicatur,
2979 393 3130 484 idum
3181 396 3586 462 maledictionibus
3623 413 3820 484 summa

2368 849 2646 920 .profecto
2668 850 2912 906 turribus
2951 851 3130 905 anima
3159 861 3326 908 erecta
3355 855 3415 910 ad
3441 858 3604 915 coelum
3633 880 3758 935 usque
3777 879 3829 923 at-

3727 306 3820 364 “'30

2401 481 2679 549 probatur.
2712 480 2867 548 Quod
2899 483 3027 553 quia
3085 499 3269 541 nomen
3305 489 3407 544 Dei-
3430 492 3476 548 in
3499 511 3547 552 se
3585 480 3822 568 sanctitieui

2401 572 2594 638 noluit,
2619 575 3094 632 maledictionibus
3129 577 3388 647 multatur,
3414 595 3464 640 et
3501 593 3728 650 traduntur
3741 615 3822 654 inu-

2400 668 2448 722 ri
2505 669 2738 722 turrium
2785 669 2905 740 ejus
2957 670 3014 725 in
3063 686 3248 727 manus
3290 673 3488 732 inimici.
3543 681 3701 742 Turres
3740 706 3824 747 vero

2401 757 2598 813 animae
2619 767 2748 813 sunt
2777 758 2935 826 ﬁdes,
2968 775 3113 830 spes,
3145 761 3224 816 vel
3245 774 3435 821 caztera:
3465 770 3671 840 virtutes,
3694 779 3828 846 quibus

2401 938 2580 1010 tingit.
2607 939 2715 995 Sed
2737 941 2863 1010 quia
2896 941 3014 996 istae
3053 949 3227 997 turres
3246 959 3361 998 suos
3385 945 3558 1003 habent
3580 967 3738 1020 muros,
3753 960 3830 1026 qui-

2397 1031 2501 1086 bus
2535 1033 2853 1086 muniantur
2877 1042 3196 1088 ezeterarum
3224 1036 3416 1092 scilicet
3452 1041 3666 1098 virtutum
3691 1062 3832 1116 opera:

2399 1123 2539 1177 muri
2574 1123 2808 1178 turrium
2837 1124 2954 1194 ejus
2981 1125 3267 1180 tuiidantur
3291 1127 3340 1180 in
3361 1144 3502 1184 manu
3521 1131 3702 1201 inimici,
3725 1153 3836 1207 quan-

2397 1217 2467 1272 do
2505 1217 2650 1272 intus
2692 1215 2896 1272 forisve
2935 1219 3117 1272 anima
3153 1219 3262 1273 suis
3291 1221 3485 1277 actibus
3517 1224 3760 1294 dissipatur.
3794 1231 3834 1285 Et

2397 1309 2528 1363 dant
2559 1324 2751 1364 vocem
2776 1308 2962 1364 hostes
2984 1309 3038 1364 in
3059 1308 3219 1365 domo
3238 1309 3438 1366 Domini
3465 1313 3586 1368 sicut
3623 1316 3667 1370 in
3700 1317 3763 1372 die
3781 1335 3836 1374 so-

2396 1399 2562 1456 lemni
2592 1442 2607 1466 ,
2656 1401 2879 1471 quando
2918 1400 3173 1456 universa
3228 1401 3467 1457 vitiorum
3515 1414 3711 1473 portenta
3743 1409 3837 1462 intus

2394 1500 2770 1562 perstrepunt,
2793 1508 2860 1548 eo
2885 1494 3032 1562 quod
3066 1493 3265 1548 violan
3293 1495 3476 1565 templo
3495 1494 3690 1566 Spiritus
3707 1501 3835 1565 sancti,

2395 1596 2503 1635 non
2547 1582 2636 1636 alii
2687 1597 2852 1652 quam
2909 1583 3173 1637 immundi
3220 1584 3432 1654 spiritus
3469 1585 3517 1640 in
3567 1602 3622 1642 eo
3655 1588 3834 1650 habitant,

2394 1689 2502 1742 quo
2527 1669 2693 1728 'nulla
2753 1674 2858 1728 nisi
2921 1675 3096 1728 sancti
3161 1673 3386 1744 Spiritus
3436 1691 3616 1748 organa
3660 1679 3837 1732 virtutum

699 1751 943 1806 creditur
968 1754 1037 1808 ab
1063 1755 1269 1810 eisdem
1298 1759 1581 1826 apostolis,
1632 1778 1757 1816 cum
1808 1765 2040 1818 traditur
2084 1780 2151 1819 eo
2201 1766 2290 1822 die
2321 1761 2365 1819 B
2395 1763 2736 1818 harmoniam
2788 1780 3048 1819 resonare
3077 1764 3364 1820 desiderat.
3408 1765 3532 1821 iiinc
3563 1777 3633 1822 est
3663 1769 3764 1836 quod
3783 1783 3838 1821 se-

697 1856 806 1910 quo
843 1860 1037 1912 passus
1065 1855 1170 1912 est,
1211 1851 1355 1916 quod
1385 1850 1527 1904 nulla
1557 1853 1782 1923 mystica
1841 1856 1890 1908 in
1945 1858 2077 1911 orbe
2120 1867 2294 1912 terra-

700 1950 819 1987 rum
847 1936 1093 2005 corporis
1140 1946 1196 1991 et
1244 1941 1522 2010 sanguinis
1569 1943 1771 1998 Christi
1818 1943 2046 2000 oﬁertur
2088 1948 2286 2013 hostia,

699 2025 873 2078 tribus
911 2041 1036 2080 reor
1060 2027 1127 2081 de
1155 2030 1337 2083 causis
1367 2047 1380 2083 :
1409 2031 1516 2096 vel,
1540 2032 1666 2102 quia
1691 2034 1805 2103 ipse
1846 2036 1902 2089 in
1933 2037 2161 2093 veritate
2190 2039 2294 2093 im-

699 2116 954 2182 molatur,
981 2119 1135 2189 cujus
1166 2121 1281 2175 haec
1301 2122 1513 2178 caeteris
1543 2124 1734 2180 diebus
1761 2127 1989 2196 mystica
2024 2139 2152 2184 sunt
2197 2145 2287 2184 sa-

695 2216 976 2261 cramenta
1009 2223 1022 2261 :
1050 2209 1152 2273 vel,
1187 2211 1311 2279 quia
1344 2212 1459 2282 ipse
1509 2213 1750 2283 pontifex
1787 2216 2038 2273 Christus
2084 2221 2177 2290 qui
2224 2236 2290 2277 ea

695 2305 844 2352 recte
862 2297 1038 2364 oﬁ'ert,
1069 2313 1134 2354 eo
1159 2300 1246 2355 die
1273 2314 1587 2373 peremptus
1617 2321 1715 2376 per
1742 2308 1982 2378 seipsum
2010 2310 2289 2367 descendit

693 2389 762 2442 ad
793 2389 996 2445 inferos
1028 2407 1041 2444 :
1069 2391 1175 2459 vel,
1199 2395 1326 2464 quia
1358 2397 1557 2466 templo
1579 2399 1758 2455 soluto
1779 2411 1834 2455 et
1855 2403 2011 2456 altari
2059 2404 2113 2459 iu
2144 2421 2289 2460 mor-

694 2490 804 2538 tem
841 2484 1085 2556 depulso,
1120 2498 1333 2542 nonest
1361 2503 1427 2543 ex
1460 2493 1740 2562 mysterio,
1765 2495 1818 2548 in
1858 2511 1968 2564 quo
1997 2496 2104 2553 alio
2127 2497 2285 2553 altari

691 2579 938 2647 corporis
969 2589 1025 2634 et
1055 2581 1337 2650 sanguinis
1356 2581 1656 2639 offerantur
1693 2587 1945 2644 victimae.
1987 2589 2283 2661 Sequitur:

691 2671 759 2726 Et
781 2672 1074 2738 maledixit,
1101 2675 1294 2745 inquit,
1337 2680 1745 2747 sanctiﬁcationi
1796 2700 1931 2748 sua,
1981 2687 2283 2754 prmsertim

689 2763 816 2831 quia
847 2778 969 2818 cum
996 2776 1283 2834 peccatum
1316 2783 1423 2821 non
1449 2770 1696 2836 haberet,
1723 2788 1821 2842 pro
1873 2774 2046 2840 nobis,
2097 2791 2286 2832 secun-

687 2853 815 2906 dum
863 2855 1204 2924 Apostolum,
1255 2867 1539 2926 peccatum
1585 2861 1759 2918 factus
1805 2873 1892 2920 est
1939 2866 2021 2934 (ll
2055 2867 2179 2921 Cor.
2207 2869 2278 2939 v).

687 2943 765 2998 De
813 2959 922 3014 quo
954 2945 1164 3017 Moyses
1198 2950 1252 3002 in
1284 2949 1444 3020 lege:
1477 2951 1816 3020 Maledictus,
1859 2957 2053 3026 inquit,
2113 2960 2282 3014 omnis

687 3037 776 3106 qui
801 3039 1040 3107 pependit
1068 3040 1122 3094 in
1145 3040 1286 3112 ligno
1321 3042 1501 3113 (Deut.
1534 3046 1672 3115 xm).
1708 3046 1822 3101 lioc
1847 3057 1933 3102 est
1979 3063 2111 3120 ergo
2161 3065 2279 3103 ma-

687 3127 945 3184 ledixisse
975 3132 1391 3188 sanctiﬁcationi
1419 3151 1547 3199 suae,
1606 3137 1660 3192 in
1699 3153 1808 3208 quo
1865 3142 2042 3194 omnis
2089 3150 2276 3196 nostra
2305 3115 2351 3176 δ

684 3221 1046 3276 sanctiﬁcatio
1075 3234 1274 3289 manet,
1301 3241 1399 3294 pro
1450 3227 1693 3283 nobisin
1751 3230 1897 3300 ligno
1953 3232 2279 3287 crucifixum

685 3313 872 3369 fuisse.
905 3316 1103 3385 Sicque
1151 3318 1417 3374 accidisse
1462 3321 1608 3390 quod
1648 3321 1808 3377 deﬁet
1839 3342 1850 3376 :
1878 3324 2004 3394 quia
2059 3325 2280 3379 tradidit

683 3417 870 3460 muros
899 3407 1132 3461 turrium
1158 3406 1277 3476 ejus
1305 3409 1356 3463 in
1389 3426 1552 3465 manu
1600 3412 1829 3480 inimici,
1891 3416 2107 3484 quando
2149 3432 2280 3486 apo-

681 3495 872 3559 stolos,
905 3497 996 3566 qui
1035 3499 1172 3552 muri
1197 3509 1343 3555 recte
1375 3500 1688 3566 creduntur,
1717 3505 1949 3558 turrium
1979 3505 2116 3576 ejus,
2175 3522 2280 3560 ca:-

682 3596 926 3643 terorum
955 3589 1166 3644 scilicet
1207 3599 1543 3657 sanctorum,
1587 3595 1807 3649 tradidit
1847 3596 2273 3651 intentationem

682 3679 912 3744 inimici,
967 3681 1059 3750 qui
1113 3695 1209 3735 eos
1251 3683 1552 3751 expetierat
1594 3686 1735 3739 sicut
1784 3686 2021 3740 triticum
2071 3688 2136 3741 ad
2175 3688 2277 3742 cri-

676 3769 1123 3839 brandum(Luc.
1156 3773 1316 3843 xm),
1347 3781 1402 3828 et
1432 3775 1532 3830 nisi
1561 3791 1658 3845 pro
1700 3777 1782 3831 eis
1826 3787 2038 3833 orasset
2090 3788 2275 3849 pastor

677 3859 876 3924 bonus,
906 3877 935 3914 a
966 3861 1070 3916 ﬁde
1101 3862 1313 3927 lassati,
1339 3865 1390 3918 in
1414 3863 1530 3932 ejus
1556 3868 1688 3921 victi
1716 3880 2058 3924 remanerent
2087 3887 2271 3924 manu.

678 3949 833 4015 Quod
859 3959 1038 4004 autem
1069 3954 1313 4022 sequitur
1337 3970 1350 4007 :
1377 3954 1514 4019 Quia
1539 3957 1793 4012 dederunt
1817 3977 1991 4013 vocem
2029 3960 2086 4013 in
2113 3961 2270 4014 domo

677 4037 891 4093 Domini
909 4042 1045 4096 sicut
1069 4043 1122 4097 in
1147 4044 1232 4098 die
1253 4044 1492 4109 solemni,
1517 4048 1695 4103 nullus
1717 4049 1926 4119 ignorat
1981 4050 2269 4121 legentium

675 4127 1052 4200 Evangelium,
1079 4144 1278 4202 quanta
1323 4135 1569 4191 confusio
1620 4147 1750 4193 tunc
1795 4139 1958 4194 fuerit
2011 4141 2065 4194 in
2108 4141 2268 4196 domo

675 4222 911 4287 Domini,
947 4235 1148 4294 quanta
1179 4226 1233 4281 in
1289 4228 1445 4282 atriis
1493 4237 1548 4283 et
1594 4229 1644 4282 in
1674 4229 1904 4300 plateis,
1958 4240 2267 4301 quantaque

676 4313 730 4368 in
764 4323 873 4394 tota
905 4316 1127 4372 civitate
1163 4319 1249 4372 illa
1280 4336 1292 4372 :
1323 4321 1623 4388 praesertim
1662 4335 1787 4376 cum
1833 4330 1977 4376 esset
2027 4323 2143 4377 dies
2180 4339 2267 4378 so-

671 4405 889 4469 lemnis,
922 4408 1016 4462 sed
1046 4423 1152 4462 non
1190 4410 1255 4463 de
1279 4409 1367 4464 illa
1391 4411 1814 4477 meditabantur,
1837 4414 1930 4483 qui
1959 4430 2120 4470 voces
2169 4415 2264 4470 da-

2393 1857 2576 1926 quitur
2603 1872 2618 1910 :

3088 1944 3252 1982 llETll.

2462 2036 2721 2106 Cogitavit
2764 2037 3022 2092 Dominus
3067 2039 3326 2110 dissipare
3375 2057 3564 2094 murum
3595 2039 3692 2108 (ilia:
3724 2038 3837 2094 Sion"

2391 2120 2605 2184 tetendit
2633 2130 2928 2199 [articulant
2951 2149 3129 2198 suum,
3155 2143 3203 2188 et
3231 2151 3334 2188 non
3360 2137 3532 2188 avertit
3559 2149 3726 2188 manant
3743 2148 3843 2186 sum

2389 2239 2421 2275 a
2437 2222 2746 2291 perditione.
2793 2222 2968 2278 Nimis
3005 2241 3139 2296 ergo
3179 2227 3452 2296 profunda:
3475 2225 3758 2295 cogitationes
3781 2221 3838 2276 Dei

2388 2320 2534 2377 sunt,
2558 2322 2614 2366 et
2638 2312 2759 2367 ideo
2804 2313 3211 2369 inscrntabiles.
3255 2314 3311 2370 lu
3342 2329 3447 2385 qua
3480 2315 3676 2385 denique
3699 2313 3841 2384 profun-

2388 2403 2558 2457 ditate
2585 2403 2709 2468 fuit,
2735 2405 2878 2473 quod
2905 2406 3164 2475 cogitavit
3187 2407 3442 2461 Dominus
3463 2422 3646 2461 murum
3667 2405 3844 2475 dissipare

2389 2493 2512 2547 ﬁliae
2535 2493 2689 2559 Sion,
2721 2503 2778 2548 et
2827 2511 2895 2550 ue
2952 2496 3180 2551 daretur
3199 2497 3487 2568 cogitandi,
3528 2511 3654 2552 more
3675 2497 3843 2556 humano,

2387 2584 2556 2640 hbcra
2614 2585 2872 2652 facultas,
2927 2589 3183 2653 tetendit,
3229 2589 3426 2659 inquit,
3451 2588 3701 2643 funiculum
3731 2600 3843 2642 suum.

2385 2682 2656 2742 quatenus
2704 2675 2999 2730 secundum
3053 2693 3369 2733 mensuram
3421 2679 3700 2734 delictorum
3747 2689 3847 2745 pem

2384 2767 2704 2835 procederet
2743 2768 2966 2823 ultionis
2997 2787 3011 2823 :
3051 2785 3166 2826 non
3213 2773 3357 2842 quod
3399 2773 3632 2828 Dominus
3666 2764 3849 2839 cogitandi

2385 2858 2582 2914 habeat
2608 2860 2863 2924 aﬁ'ectus,
2887 2860 2982 2916 sed
3021 2871 3218 2919 nostro
3243 2864 3476 2934 loquitur
3515 2879 3602 2918 usu
3628 2862 3753 2932 :quia
3779 2872 3851 2912 om-

2383 2951 2472 3005 nia
2500 2953 2787 3022 przesentia
2817 2961 2942 3008 sunt
2970 2955 3041 3013 ei.
3065 2964 3118 3010 et
3155 2955 3301 3010 nulla
3323 2956 3568 3027 effugiunt
3586 2953 3681 3022 ejus
3701 2949 3849 3007 notitiae.

2384 3039 2675 3110 Propterea
2702 3051 2761 3097 et
2799 3044 3095 3099 secundum
3143 3046 3527 3117 plenitudinem
3554 3040 3853 3115 impietatiseo-

2383 3147 2525 3194 rum,
2566 3131 2837 3188 funiculus
2865 3144 3125 3192 extensus
3155 3149 3242 3193 est
3272 3137 3593 3209 perditionis.
3616 3136 3653 3190 Α
3675 3149 3752 3204 qua
3769 3142 3847 3185 sane

2382 3224 2687 3293 perditione
2715 3225 2936 3291 dicitur,
2967 3227 3112 3295 quod
3150 3243 3260 3283 non
3290 3228 3538 3284 averterit
3561 3238 3737 3282 manum
3758 3233 3852 3274 suam

2382 3315 2556 3369 donec
2582 3315 2667 3370 eis
2690 3316 2756 3370 ad
2782 3332 3093 3371 mensuram
3118 3328 3326 3374 cuncta
3354 3318 3633 3390 rependerit
3656 3335 3666 3368 :
3687 3316 3743 3368 ita
3762 3320 3800 3364 ut
3819 3314 3850 3359 et

2380 3406 2434 3462 in
2463 3405 2706 3462 funiculo
2735 3408 3168 3477 distributionis,
3223 3411 3475 3466 inimicus
3499 3410 3591 3464 sibi
3626 3417 3778 3462 terram
3800 3413 3852 3454 eo-

2381 3491 2500 3554 rum
2527 3509 2675 3556 sorte
2701 3500 2968 3557 diviserit.
3001 3501 3164 3557 Uude
3195 3512 3252 3558 et
3281 3503 3334 3557 in
3379 3501 3633 3574 prophetis
3653 3497 3748 3552 alibi
3779 3495 3845 3561 ips:

2377 3592 2678 3660 eademque
2718 3609 2912 3648 manus
2950 3593 3096 3662 (quia
3137 3594 3216 3649 illi
3262 3611 3371 3650 non
3405 3593 3602 3666 1382
3635 3595 3852 3646 convertun-

2385 3693 2474 3736 tur
2518 3684 2718 3755 adhuc)
2778 3685 2976 3756 legitur
3019 3697 3270 3743 extenta.
3323 3688 3435 3744 Hoc
3470 3690 3645 3758 quippe
3675 3690 3733 3737 est
3759 3676 3851 3746 αυοά

2376 3772 2673 3843 plangitur,
2695 3777 2820 3844 quia
2851 3793 2958 3831 non
2989 3781 3196 3833 avertit
3217 3795 3437 3834 manum
3463 3768 3852 3846 suamapetdllion“

2376 3880 2589 3929 eorum,
2631 3876 2690 3920 ut
2720 3867 2774 3921 in
2801 3869 2980 3923 sinum
3005 3886 3101 3925 eos
3142 3880 3436 3929 revocaret
3469 3886 3573 3926 sua:
3591 3857 3854 3956 protectiouis,

2376 3973 2443 4011 ne
2488 3958 2588 4028 ipsi
2622 3968 2732 4014 tota
2776 3961 2862 4015 die
2903 3963 3042 4018 inter
3082 3974 3315 4035 gentes,
3366 3982 3432 4020 ac
3472 3966 3515 4020 si
3566 3973 3719 4018 manus
3747 3953 3858 4022 ilon

2373 4059 2622 4115 extenta,
2651 4051 2848 4123 leprosi
2873 4064 2928 4110 et
2948 4055 3227 4113 immundi
3256 4068 3531 4130 parerent.
3561 4056 3708 4119 Lua-it,
3732 4047 3855 4114 inqui'v

2371 4141 2720 4206 untemurale,
2752 4153 2796 4196 et
2833 4161 3018 4198 murus
3048 4149 3260 4216 pariter
3289 4150 3568 4219 dissipatus
3606 4155 3685 4200 est.
3712 4137 3861 4196 Lutisst

2371 4240 2552 4285 autem
2579 4234 2915 4289 antemurale
2940 4237 3150 4306 tropice
3193 4240 3420 4303 dicitur,
3463 4257 3525 4294 eo
3547 4239 3670 4308 quod
3698 4231 3861 4285 videntis

2371 4337 2429 4376 se
2453 4325 2834 4380 recedentibus
2856 4329 3086 4398 angelis,
3115 4346 3364 4400 quorum
3397 4333 3690 4388 servabatur
3712 4320 3861 4380 auxilio.

2373 4413 2620 4485 lugentes
2662 4415 2870 4472 fecerit.
2905 4417 3010 4475 Sed
3058 4423 3264 4478 melius
3319 4426 3390 4478 ad
3438 4432 3656 4478 nostram
3689 4417 3783 4471 Sion
3807 4424 3861 4463 re-

669 4497 798 4552 bant
819 4499 1018 4569 ubique
1039 4500 1331 4557 altissimas
1355 4543 1369 4568 ,
1409 4512 1466 4558 et
1487 4503 1744 4560 confusas
1769 4507 2010 4563 clamore
2051 4507 2259 4578 plenas.
2298 4485 2346 4545 θ
2374 4504 2567 4572 fertur,
2607 4509 2822 4578 quoties
2845 4510 3107 4568 Dominus
3141 4530 3317 4586 super
3339 4533 3460 4571 eam
3487 4512 3740 4570 funiculum
3767 4516 3862 4559 ⁸³⁸⁸³·

667 4587 805 4644 Hinc
839 4605 1052 4660 quoque
1092 4592 1258 4648 lsaias
1295 4594 1361 4650 de
1399 4595 1684 4668 Syuagoga
1729 4616 1742 4650 :
1787 4597 2119 4670 Exspectavi,
2161 4602 2261 4668 ait,

662 4689 720 4732 ut
788 4679 978 4748 faceret
1037 4682 1342 4750 judicium,
1415 4697 1464 4740 el
1525 4705 1641 4742 ecce
1711 4689 1914 4744 clamor
1961 4691 2106 4763 (lsa.
2169 4695 2257 4766 ν).

669 4767 881 4840 1381
935 4770 1036 4839 Qui
1084 4773 1327 4842 profecto
1357 4775 1564 4831 clamor
1609 4776 1722 4846 jam
1764 4781 1971 4836 tnncin
2033 4783 2258 4841 auribus

665 4859 1060 4929 prophetarum
1107 4878 1396 4920 resonasse
1422 4867 1686 4922 creditur.
1720 4869 2076 4940 Tropologicc
2101 4888 2253 4940 vero,

663 4953 716 5005 in
764 4955 946 5008 anima
976 4955 1172 5024 repulit
1203 4957 1464 5013 Dominus
1495 4959 1666 5014 altare
1693 4978 1874 5028 suum,
1903 4965 2118 5033 quando
2151 4982 2250 5022 ara

661 5043 847 5098 cordis
871 5044 1021 5100 intus
1062 5046 1400 5116 profanatur,
1447 5059 1504 5104 et
1551 5054 1918 5120 prostituitur,
1960 5065 2018 5111 ut
2046 5057 2252 5127 polluta

613 5143 621 5150 ‘
658 5139 733 5191 sit
763 5154 919 5194 mens
949 5149 1004 5194 et
1045 5141 1378 5196 conscientia
1405 5144 1541 5213 ejus.
1588 5144 1705 5201 Non
1749 5149 1896 5202 enim
1937 5150 2066 5205 alibi
2097 5167 2252 5208 acce-

655 5237 812 5294 ptum
836 5227 947 5284 Deo
977 5230 1308 5287 sacriﬁcium
1337 5232 1583 5290 oﬁ'ertur.
1616 5236 1692 5292 De
1706 5255 1813 5308 quo
1845 5239 2013 5296 David
2035 5242 2253 5298 :Sacri—

647 5319 838 5386 ﬁcium
860 5321 990 5388 Deo,
1037 5325 1234 5394 inquit,
1274 5328 1491 5398 spiritus
1534 5333 1936 5401 contribulatus,
1978 5353 2070 5390 cor
2118 5354 2246 5393 con-

648 5412 838 5465 tritum
885 5422 934 5468 et
980 5415 1316 5472 humiliatum
1365 5418 1507 5476 Deus
1553 5439 1657 5477 non
1707 5426 1905 5492 spernit
1948 5423 2122 5494 (Psal.
2168 5428 2244 5499 ι).

651 5500 757 5556 Sed
796 5517 920 5558 cum
963 5519 1060 5560 ara
1106 5507 1290 5564 cordis
1335 5510 1403 5565 ab
1443 5511 1736 5570 immundis
1783 5516 2064 5585 spiritibus
2099 5519 2246 5578 intus

649 5593 1061 5651 contaminatur
1089 5637 1104 5661 ,
1150 5614 1258 5654 non
1307 5601 1754 5660 inconvenientcr
1801 5622 1907 5662 una
1959 5624 2081 5664 cum
2128 5611 2246 5680 ipso

654 5677 928 5740 sacriﬁcio
984 5689 1127 5758 quod
1163 5691 1459 5763 repellitur,
1516 5696 1729 5752 etiamsi
1775 5708 1830 5754 et
1883 5677 2242 5760 sanctiﬁcatio

2369 4611 2509 4652 sura:
2531 4609 2877 4669 peccatorum
2910 4615 3233 4661 nostrorum
3259 4619 3318 4663 et
3342 4623 3580 4663 normam
3607 4592 3862 4658 ὐὶειιὶςιλοειίε

2357 4688 2547 4758 jndieii
2599 4694 2867 4760 extendit,
2920 4705 2979 4750 ut
3035 4698 3350 4754 secundum
3415 4699 3600 4756 merita
3640 4693 3863 4750 delictorum

2363 4779 2605 4837 Ecclesia
2639 4783 2926 4856 atlligatur.
2973 4787 3115 4846 llinc
3155 4806 3250 4848 est
3283 4795 3433 4862 quod
3464 4793 3740 4862 frequenter
3773 4775 3862 4834 muri

2361 4871 2498 4942 ejus,
2545 4874 2857 4934 defensores
2892 4880 3150 4939 videlicet
3207 4894 3269 4940 et
3299 4893 3564 4950 rectores,
3609 4879 3866 4948 dissipatum

2360 4984 2484 5025 cum
2513 4982 2607 5025 aut
2639 4988 2736 5043 per
2781 4988 3013 5031 mortem
3044 4978 3412 5036 immaturius
3438 4969 3866 5035 sttbtraliuntur,w|

2353 5062 2598 5118 viventes
2625 5065 2861 5120 hostium
2890 5069 3411 5141 impugnationibus
3459 5072 3784 5128 destruantur.
3800 5051 3867 5111 Sed

2353 5153 2479 5223 (Ιηίθ
2504 5152 2660 5223 Ῑυεῐο
2677 5156 2772 5211 Dei
2807 5157 3112 5227 litjudicio,
3139 5178 3378 5219 manum
3415 5179 3565 5219 suam
3601 5176 3630 5214 ιι
3651 5151 3866 5228 perditio!te

2351 5258 2539 5298 eorum
2583 5247 2676 5316 qui
2730 5259 2996 5305 corruunt
3045 5268 3156 5308 non
3216 5265 3474 5311 avertere
3516 5252 3794 5324 deploratur.
3828 5253 3867 5290 α’

2355 5334 2496 5403 quod
2519 5337 2648 5392 urbs
2673 5336 3002 5396 fortitudinis
3036 5353 3251 5400 nostrae
3295 5345 3570 5400 multoties
3596 5340 3767 5397 offenso

2357 5441 2464 5482 non
2493 5429 2674 5485 minus
2699 5431 2770 5485 ab
2799 5432 3162 5488 invisibilibus
3194 5435 3459 5503 interius,
3485 5449 3637 5507 quam
3657 5440 3704 5487 et
3735 5442 3760 5482 a
3787 5421 3868 5475 τᾶθλ’

2354 5519 2554 5575 bilibus
2583 5523 2824 5579 exterius
2858 5525 3202 5582 devastatur.
3260 5529 3392 5585 Haec
3416 5539 3520 5595 est,
3559 5513 3871 5596 inquam.urbs

2356 5611 2693 5670 fortitudinis
2739 5625 2958 5692 nostrae,
2995 5619 3185 5687 inqua
3220 5621 3508 5686 Salvator,
3541 5621 3679 5693 juxta
3718 5607 3870 5668 lsaiam.

2353 5707 2631 5773 ponendus
2675 5708 2998 5766 decantatur
3048 5727 3248 5770 murus
3287 5727 3344 5772 et.
3415 5711 3721 5772 antemurale
3777 5700 3867 5764 (Ιιειι
