4048 6352
148 354 276 410 iiii

866 344 1225 403 EXPOSITIO
1265 342 1331 400 ΙΝ
1361 339 1756 398 ῙιΑΜΕΝΤΑΤ

1861 337 1963 393 LES
1997 334 2342 393 JEREMLE.
2384 363 2454 376 α-
2491 335 2620 391 LIB.
2661 336 2724 390 ll.

3301 329 3443 386 “‘2!

140 471 316 537 xxvi).
364 464 472 519 Sed
521 477 630 516 non
653 460 934 516 immerito
978 458 1178 514 luxisse
1225 456 1500 528 plangitur
1544 455 1597 508 in
1641 454 1742 508 bac
1774 461 1817 514 Α
1850 449 1998 522 luget
2025 449 2380 514 antemurale,
2415 449 2549 504 fides
2571 448 2819 502 videlicet
2851 461 2955 516 qua
2985 445 3161 501 credit
3198 442 3440 498 futurum

144 554 584 630 peregrinatione
616 561 826 617 nostra,
859 551 987 606 dum
1012 549 1272 621 lugubres
1294 557 1350 603 et
1373 547 1621 617 lugentes
1643 559 1742 599 nos

145 653 409 714 insinuat,
455 663 521 703 eo
549 646 695 718 quod
751 647 804 700 in
853 643 1010 699 nobis
1049 641 1207 698 Moab
1260 639 1467 696 scilicet
1493 638 1561 693 de
1588 647 1742 706 patre

147 741 383 797 necdum
411 747 494 794 est
527 735 842 792 humiliatus
873 741 930 789 et
953 733 1226 789 contritus
1255 745 1430 800 usque
1458 729 1528 783 ad
1559 727 1744 798 pulve-

146 849 293 896 rem,
321 830 527 887 nostris
569 829 671 883 sub
706 827 932 897 pedibus
952 824 1325 880 conculcatus.
1360 819 1616 888 Alioquin
1638 817 1743 874 nisi

142 927 311 982 Moab
343 925 444 980 sub
485 921 712 993 pedibus
744 919 1003 976 Ecclesiae
1032 923 1372 979 conteratur,
1403 925 1744 982 nequaquam

151 1023 206 1076 in
230 1037 294 1076 ea
334 1027 482 1073 recte
506 1015 784 1072 canticum
809 1011 951 1067 istud
967 1017 1240 1064 cantatur.
1273 1006 1428 1062 Unde
1451 1012 1506 1060 et
1534 1002 1740 1058 sancti:

150 1108 453 1179 Quomodo,
509 1105 782 1175 inquiunt,
840 1100 1165 1157 cantabimus
1206 1097 1476 1152 canticum
1529 1093 1743 1148 Domini

148 1203 207 1257 in
234 1211 382 1256 terra
419 1197 594 1252 aliena
641 1192 818 1267 (Psal.
855 1209 980 1257 xm,
1022 1190 1076 1257 6)
1121 1208 1134 1243 :
1166 1201 1403 1258 namque
1455 1194 1601 1241 terra
1636 1192 1739 1248 est,

148 1292 206 1347 in
241 1305 353 1360 qua
399 1288 467 1343 de
505 1294 662 1355 patre
703 1283 920 1338 diabolo
963 1281 1120 1336 Moab
1146 1281 1322 1335 adhuc
1357 1292 1457 1332 nec
1500 1276 1742 1331 devictus

150 1389 368 1454 regnat.
408 1379 534 1434 ideo
561 1376 765 1431 luxisse
793 1372 1130 1429 antemurale
1158 1369 1275 1438 ejus
1295 1369 1418 1438 jure
1431 1365 1739 1439 plangitur:

152 1473 285 1544 quia
320 1479 494 1526 totum
521 1467 588 1521 ad
616 1473 781 1536 caput
802 1463 1059 1527 refertur,
1081 1460 1345 1532 quidquid
1382 1475 1438 1512 ιιι
1485 1455 1744 1511 membris

152 1561 445 1635 lugendum
469 1558 764 1612 invenitur.
792 1554 945 1610 Unde
971 1561 1027 1608 et
1066 1567 1255 1606 murus
1277 1550 1567 1619 dissipatus
1585 1545 1743 1616 plan-

154 1657 324 1728 gitur,
359 1649 574 1720 quoties
627 1647 740 1718 ipsa
788 1645 972 1699 divino
1009 1643 1211 1698 auxilio
1263 1641 1581 1696 desolatur:
1634 1651 1742 1690 non

151 1723 302 1814 quod
332 1753 521 1795 murus
547 1733 802 1804 dissipari
829 1741 1014 1802 queat,
1060 1731 1153 1785 sed
1181 1729 1307 1798 quia
1332 1725 1599 1798 protectio
1625 1723 1741 1793 ejus

1848 540 1943 595 Dei
1988 539 2255 612 judicium
2300 549 2356 593 et
2375 538 2763 593 contremiscet
2803 555 2818 590 :
2856 551 2957 591 nec
3000 544 3182 590 tamen
3213 533 3352 588 adeo
3381 549 3442 588 se

1844 632 2011 697 valet,
2036 630 2278 685 hostibus
2291 627 2402 698 jam
2428 628 2700 698 exposita,
2729 628 2989 697 expedire
3008 624 3094 679 vel
3114 622 3436 679 defendere:

1844 739 1953 779 non
1979 722 2126 794 quod
2159 722 2209 775 ei
2239 721 2392 776 locus
2417 735 2524 774 non
2561 728 2745 790 pateat
2774 717 3111 788 pmnitentite
3133 717 3260 771 dum
3291 714 3434 769 vivi-

1845 823 1953 879 tur,
2001 813 2096 869 sed
2145 812 2272 882 quia
2301 811 2498 882 impius
2528 811 2582 864 in
2624 808 2951 879 profundum
2997 806 3266 862 malorum
3311 819 3437 859 cum
3497 829 3502 836 -

1842 902 2076 967 venerit,
2102 901 2434 956 contremuit
2457 900 2648 972 (Prov.
2677 899 2856 969 xviu).
2885 898 3036 964 Quod
3065 910 3295 951 cernens
3315 909 3441 965 pro-

1845 995 2029 1064 pheta,
2078 993 2258 1063 plorat
2285 993 2629 1047 amarissime
2658 993 2902 1061 profecto
2934 1008 2947 1044 :
2981 989 3108 1058 quia
3151 988 3296 1042 videt
3323 987 3442 1040 aui-

1843 1097 1988 1136 mam
2011 1084 2301 1140 virtutibus
2323 1086 2662 1150 destitutam,
2697 1099 2886 1154 quam,
2941 1082 3094 1153 prius
3123 1094 3288 1149 quam
3317 1093 3444 1149 pec-

1841 1183 2029 1239 caret,
2057 1174 2302 1232 .ﬂuminis
2333 1178 2571 1248 impetus
2612 1175 2924 1231 lzetilicabat
2970 1174 3128 1244 quasi
3158 1173 3442 1227 civitatem

1845 1266 1938 1321 Dei
1956 1265 2132 1336 (Psal.
2161 1269 2309 1338 ην).
2341 1268 2420 1323 De
2435 1285 2540 1337 qua
2555 1269 2822 1338 propheta
2838 1265 3130 1326 cecinerat,
3155 1262 3304 1332 quod
3319 1260 3443 1316 Sal-

1843 1366 2004 1414 vator
2027 1369 2261 1430 ponetur
2300 1363 2360 1414 in
2388 1375 2452 1415 ea
2484 1376 2673 1415 murus
2693 1368 2747 1414 et
2771 1357 3131 1422 antemurale,
3157 1355 3442 1418 habitans,

1839 1462 1943 1516 per
1963 1449 2125 1504 fidem
2141 1452 2194 1505 in
2207 1451 2462 1506 cordibus
2483 1451 2684 1506 nostris
2699 1450 2921 1521 (Ephes.
2938 1449 3040 1520 ιιι).
3060 1448 3212 1504 Nunc
3226 1463 3359 1502 vero
3376 1449 3444 1500 ab

1841 1538 2095 1595 hostibus
2119 1540 2336 1613 1385.
2359 1543 2608 1606 obsessa,
2638 1556 2736 1612 pro
2757 1541 3012 1596 cautione
3039 1539 3242 1594 laetitiae
3267 1537 3444 1592 solum

1845 1630 1905 1685 in
1925 1646 1990 1686 ea
2011 1635 2350 1690 antemurale
2377 1635 2544 1706 luget,
2561 1635 2706 1704 quod
2730 1633 3003 1688 destinata
3029 1633 3099 1688 sit
3121 1631 3190 1687 ad
3214 1630 3445 1692 inferos,

1845 1721 1937 1777 ubi
1954 1731 2040 1778 est
2067 1723 2410 1794 inexpiabilis
2434 1724 2612 1779 luctus
2629 1732 2686 1777 et
2714 1724 2916 1778 stridor
2936 1723 3176 1778 dentium
3198 1720 3317 1775 sine
3335 1717 3444 1773 ﬁne

151 1807 220 1890 ex
254 1849 340 1896 ea,
371 1829 548 1900 culpis
589 1824 1030 1896 congruentibus,
1061 1821 1359 1875 auferatur.
1386 1817 1523 1872 Nam
1547 1825 1602 1870 et
1626 1815 1741 1869 .Do-
1771 1807 1818 1866 B
1844 1811 2127 1869 habendus
2153 1813 2371 1886 (Matth.
2397 1830 2532 1880 vni;
2565 1813 2696 1868 Luc.
2721 1812 2866 1878 xm).
2900 1811 3158 1881 Sequitur
3184 1827 3200 1863 :

152 1925 338 1980 minus
359 1918 574 1991 quando
594 1917 892 1986 perituram
923 1914 1137 1984 lugebat
1166 1910 1486 1971 Jerusalem,
1515 1908 1701 1963 dicens
1723 1923 1743 1960 ξ

153 2014 211 2070 Si
233 2009 560 2082 cognovisses
589 2014 636 2059 et
658 2014 713 2058 tu
738 2004 890 2076 (Luc.
924 2004 1062 2072 nx),
1096 2010 1208 2056 etc.
1243 1999 1380 2066 Quid
1411 1997 1556 2051 aliud
1584 2009 1746 2066 quam

152 2100 502 2160 antemurale
529 2097 647 2168 ejus
683 2096 881 2151 fiebat?
914 2096 1022 2149 Sed
1051 2094 1176 2163 quia
1219 2092 1470 2162 indignos
1491 2104 1549 2144 se
1579 2088 1748 2142 facie-

150 2197 294 2250 bant
342 2189 477 2246 tanti
523 2185 862 2250 muniminis,
914 2181 1274 2252 transpositus
1328 2188 1412 2234 est
1464 2179 1533 2233 ad
1559 2185 1750 2246 gentes

157 2284 436 2347 Salvator,
465 2277 620 2350 quasi
644 2274 1002 2340 antemurale,
1027 2273 1120 2343 qui
1149 2274 1252 2328 scit
1282 2269 1517 2340 compati
1538 2277 1594 2324 et
1615 2283 1748 2323 con-

156 2376 352 2432 dolere
379 2371 575 2428 nostris
608 2366 1037 2432 infirmitatibus,
1066 2374 1121 2420 et
1146 2364 1320 2419 factus
1343 2372 1426 2418 est
1446 2360 1603 2416 nobis
1631 2373 1751 2413 mu-

152 2484 275 2524 rus.
293 2464 569 2521 Moraliter
582 2469 788 2523 autem,
805 2458 1066 2513 Dominus
1082 2455 1339 2526 cogitavit
1356 2453 1620 2522 dissipare
1633 2463 1752 2504 mu-

151 2575 278 2616 rum
315 2557 441 2612 filiae
457 2555 607 2617 Sion,
635 2551 687 2606 id
707 2551 1021 2615 estanimaa,
1052 2562 1172 2617 qua:
1208 2543 1420 2615 1383
1445 2543 1552 2596 filia
1577 2539 1752 2596 nomi-

153 2662 343 2716 natur,
360 2659 419 2703 ut
435 2647 491 2702 in
514 2643 732 2700 Psalmo
747 2641 963 2696 canitur
990 2659 1004 2694 :
1036 2638 1198 2704 Audi,
1221 2637 1355 2706 ﬁlia,
1376 2645 1422 2689 et
1447 2635 1558 2688 vide
1575 2630 1749 2702 (Psal.

153 2740 329 2811 xuv).
367 2738 477 2793 Sed
509 2735 638 2806 quia
664 2731 811 2786 videt
837 2745 956 2786 eam
983 2728 1246 2784 Dominus
1274 2726 1339 2781 de
1365 2739 1490 2779 arce
1511 2730 1752 2778 contem-

152 2832 418 2906 plationis
447 2845 560 2886 sua:
600 2829 670 2884 ad
721 2827 831 2882 ima
874 2823 1096 2880 tendere
1137 2835 1203 2874 ac
1244 2815 1578 2888 refrigerari,
1607 2813 1752 2883 cogi-

156 2929 295 2983 tavit
337 2925 608 2995 dissipare
639 2935 855 2978 murum
888 2917 1023 2986 ejus,
1058 2930 1158 2970 nec
1179 2923 1360 2969 tamen
1386 2913 1556 2966 libere
1603 2908 1753 2979 (licet

153 3020 344 3074 omnia
383 3018 528 3074 nuda
555 3017 670 3070 sint
707 3014 760 3070 ei
802 3020 858 3068 et
883 3011 1097 3082 aperta)
1125 3009 1298 3064 donec
1322 3006 1508 3061 tendat
1535 3003 1751 3058 funicu-

155 3114 270 3167 lum
298 3126 479 3182 suum,
515 3117 571 3164 et
596 3107 777 3164 videat
801 3103 962 3171 cujus
988 3115 1244 3156 mensura
1273 3099 1354 3153 vel
1391 3095 1630 3166 pondere
1656 3110 1753 3165 pu-

156 3201 363 3257 nienda
390 3199 502 3254 sint
524 3193 953 3265 uniuscujusque
992 3198 1236 3262 peccata.
1270 3187 1513 3243 Primum
1533 3186 1750 3256 quidem

157 3292 455 3354 deliberat,
486 3297 547 3343 ut
589 3286 824 3343 facultas
855 3283 927 3339 sit
970 3282 1166 3336 anima:
1195 3278 1453 3336 redeundi
1476 3277 1540 3331 ad
1581 3276 1755 3346 poeni-

159 3387 419 3446 tentiam,
447 3391 504 3438 et
527 3381 728 3452 cogitat
775 3387 1044 3449 quatenus
1081 3383 1138 3429 et
1179 3373 1294 3443 ipsa
1325 3381 1615 3440 antequam
1647 3369 1756 3424 dis-

160 3481 380 3548 sipetur
429 3474 601 3528 muris
628 3471 818 3526 auxilii
848 3469 984 3540 ejus,
1016 3468 1083 3522 de
1128 3480 1188 3520 se
1229 3463 1492 3534 recogitet
1510 3461 1758 3517 extendi-

160 3584 253 3629 tur
273 3567 548 3627 funiculus
574 3582 736 3638 super
774 3580 894 3621 eam
909 3563 1023 3634 jam
1045 3568 1248 3632 quanta
1289 3558 1398 3614 sint
1419 3554 1534 3624 ejus
1562 3553 1757 3608 delicta

161 3665 252 3721 vel
281 3663 486 3735 qualia,
518 3662 564 3716 si
596 3658 870 3731 quomodo
894 3655 1179 3724 intelligat.
1207 3650 1305 3707 Sin
1335 3657 1516 3703 autem
1547 3645 1758 3700 noverit

159 3755 317 3824 quod
361 3769 469 3808 non
527 3751 724 3806 avertit
763 3763 982 3803 manum
1020 3743 1240 3800 ultionis
1289 3755 1402 3796 sum
1450 3737 1758 3792 Dominusa

162 3845 502 3916 perditione,
523 3841 705 3896 ethoc
732 3848 818 3896 est
847 3837 990 3908 quod
1012 3835 1260 3906 sequitur
1284 3851 1297 3886 :
1328 3830 1488 3884 Luxit
1524 3836 1763 3882 antemu-

164 3937 308 4001 rale,
333 3945 380 3990 et
403 3935 690 4003 dissipatus
733 3938 806 3985 est
831 3944 1014 3982 murus
1040 3926 1176 3996 ejus.
1203 3923 1317 3978 Hoc
1363 3921 1530 3992 igitur
1558 3918 1763 3988 cogita-

166 4040 339 4087 verat
375 4028 659 4092 Dominus,
696 4024 924 4080 necdum
962 4021 1152 4085 libere,
1182 4017 1276 4072 sed
1298 4025 1549 4071 scrutans
1569 4022 1764 4081 etper-

166 4131 427 4177 tractans
475 4133 539 4173 ac
585 4115 912 4177 deliberans,
960 4119 1019 4165 ut
1055 4118 1111 4166 et
1151 4104 1501 4164 convertendi
1543 4103 1766 4157 daretur

165 4215 428 4269 libertas.
468 4210 562 4264 llla
593 4221 722 4262 vero
752 4205 880 4274 quia
916 4201 1106 4265 noluit,
1153 4213 1255 4254 nec
1284 4197 1400 4267 ipse
1429 4193 1626 4248 avertit
1654 4205 1767 4245 ma-

167 4319 308 4359 num
339 4317 370 4357 a
400 4299 726 4373 perditione,
748 4296 842 4352 sed
869 4295 924 4350 in
953 4293 1082 4357 ﬁne,
1110 4287 1552 4346 excresceutibus
1583 4283 1764 4348 malis,

167 4393 478 4463 dissipatur
505 4403 694 4445 murus
741 4386 860 4456 ejus
883 4384 1144 4454 undique,
1175 4389 1232 4436 et
1274 4380 1366 4434 illa
1416 4377 1669 4446 diripitur
1698 4375 1764 4429 ab

165 4485 451 4541 hostibus.
501 4480 733 4536 Videant
761 4477 853 4548 qui
899 4484 1104 4530 temere
1133 4472 1202 4528 de
1250 4470 1476 4541 singulis
1526 4466 1767 4524 indicare

2560 1942 2726 1982 TETH.

1925 2019 2128 2088 Dcﬁxw
2172 2028 2296 2073 sunt
2336 2019 2393 2072 in
2432 2028 2574 2073 terra
2613 2028 2777 2088 portae
2805 2017 2919 2086 ejus
2947 2015 3213 2085 :perdidit
3241 2023 3289 2068 et
3320 2028 3444 2066 con-

1850 2110 1995 2164 trivit
2031 2119 2195 2164 vectes
2219 2109 2356 2178 ejus,
2385 2125 2557 2179 regem
2585 2108 2700 2176 eius
2731 2118 2778 2161 et
2801 2107 3058 2177 principes
3089 2107 3208 2175 ejus
3237 2105 3291 2157 in
3319 2118 3445 2173 gen-

1852 2203 2016 2257 tibus.
2072 2200 2198 2255 Non
2233 2211 2311 2255 est
2355 2200 2470 2267 (ex,
2500 2209 2546 2254 et
2574 2199 2836 2270 prapheta:
2862 2197 2975 2267 ejus
3008 2211 3112 2249 non
3140 2194 3444 2248 invenerunt

1856 2294 2110 2348 visionem
2154 2309 2189 2346 a
2236 2290 2487 2346 Domino.
2534 2290 2695 2345 Juxta
2744 2287 3027 2345 historiam
3054 2326 3068 2350 ,
3118 2300 3214 2355 per
3259 2291 3447 2353 portas

1855 2381 2064 2437 defian
2115 2381 2171 2436 in
2225 2389 2372 2435 terra
2423 2387 2478 2435 et
2514 2387 2699 2435 vectes
2743 2378 2987 2449 perditos
3031 2384 3088 2430 et
3129 2374 3398 2429 contritos
3427 2413 3444 2437 ,

1853 2471 2107 2527 doctores
2149 2468 2447 2541 Synagogae
2490 2468 2578 2524 vel
2621 2454 3086 2524 defensores'vult
3133 2465 3442 2525 ostendere,

1857 2563 1950 2632 qui
1994 2571 2230 2617 mentem
2281 2562 2338 2616 in
2390 2561 2623 2616 terrenis
2668 2559 2908 2615 ﬁxerunt
2956 2558 3153 2620 rebus,
3197 2553 3444 2623 dissipati

1859 2665 1985 2713 sunt
2030 2664 2086 2711 et
2137 2655 2380 2712 contriti.
2415 2655 2617 2725 Regem
2655 2653 2772 2724 ejus
2813 2659 2868 2706 et
2907 2650 3182 2720 principes
3222 2647 3340 2716 ejus
3389 2646 3444 2700 in

1857 2746 2142 2818 gentibus,
2185 2745 2422 2814 idipsum
2471 2750 2716 2813 repetere
2745 2741 2978 2806 videtur,
3008 2747 3070 2792 ut
3107 2752 3204 2807 per
3238 2743 3442 2804 portas,

1859 2849 2016 2905 reges
2060 2835 2452 2906 intelligantur,
2499 2841 2554 2888 ct
2603 2847 2703 2903 per
2748 2840 2952 2896 vectes,
3002 2829 3294 2901 principes.
3341 2824 3445 2898 Qui

1860 2925 2021 2980 simul
2047 2939 2237 2979 omnes
2264 2921 2534 2978 confracti
2578 2931 2633 2977 et
2675 2920 2878 2992 perditi
2905 2927 3033 2975 sunt
3074 2919 3130 2973 iu
3170 2915 3442 2987 gentibus,

1858 3025 2023 3085 atque
2050 3015 2208 3084 quasi
2252 3015 2307 3070 in
2347 3023 2490 3069 terra
2529 3012 2713 3077 defixi,
2756 3025 2858 3065 nec
2897 3009 3142 3063 valentes
3171 3005 3348 3061 redire
3378 3003 3446 3059 ad

1861 3125 2008 3174 eum,
2038 3123 2198 3179 quem
2243 3121 2305 3160 ex
2357 3105 2473 3175 lege
2519 3104 2905 3174 repromissum
2943 3100 3219 3169 suscipere
3263 3095 3447 3152 nolue-

1780 3175 1824 3236 Ε
1857 3208 2000 3255 runt.
2045 3175 2202 3264 Quod
2234 3206 2416 3250 autem
2460 3196 2609 3260 dicit,
2642 3211 2745 3248 non
2779 3202 2854 3247 est
2887 3191 2995 3257 lex,
3027 3192 3112 3245 vel
3141 3191 3262 3245 ideo
3292 3188 3443 3253 dicit,

1855 3292 1984 3361 quia
2010 3297 2356 3346 concremata
2383 3295 2468 3342 est
2509 3302 2539 3340 a
2583 3285 2874 3347 Chaldaeis,
2905 3283 2989 3338 vel
3015 3282 3141 3353 quia
3190 3280 3298 3335 illis
3327 3278 3444 3347 jam

1859 3383 2006 3437 nulla
2031 3391 2138 3446 est,
2167 3397 2232 3434 eo
2266 3378 2409 3448 quod
2439 3378 2493 3430 in
2523 3376 2798 3438 omnibus,
2830 3374 3036 3428 omisso
3062 3371 3303 3434 Christo,
3334 3369 3446 3422 vio-

1863 3475 1967 3527 lata
2002 3481 2088 3528 est
2113 3480 2169 3526 et
2193 3471 2490 3532 destruCta,
2521 3469 2575 3520 in
2620 3474 2848 3526 tautmn,
2894 3471 2954 3517 ut
2993 3461 3106 3530 jam
3149 3459 3265 3528 ejus
3304 3459 3445 3528 apud

1858 3564 2074 3619 Judazos
2104 3560 2248 3616 nulla
2271 3561 2343 3614 sit
2363 3558 2692 3613 observatio.
2727 3556 2831 3610 Sed
2858 3562 2914 3608 et
2941 3554 3215 3623 propheta:
3244 3549 3444 3603 nullam

1863 3657 2117 3724 deinceps
2133 3659 2450 3721 repererunt
2481 3650 2740 3705 visionem
2771 3663 2799 3700 a
2829 3647 3056 3700 Domino
3074 3684 3088 3708 ,
3116 3643 3241 3713 quia
3269 3643 3443 3712 ipsmn

1862 3763 2050 3803 verum
2098 3745 2460 3816 legislatorem
2499 3752 2555 3797 et
2595 3743 2880 3795 Dominum
2928 3737 3348 3807 prophetarum,
3379 3733 3446 3786 de

1863 3855 1972 3908 quo
2001 3838 2084 3891 lex
2125 3847 2180 3890 et
2209 3837 2486 3905 prophetae
2515 3847 2684 3901 usque
2725 3832 2791 3885 ad
2827 3829 3088 3884 Joannem
3130 3825 3446 3880 cecinerunt

1867 3930 2082 4001 (Matth.
2121 3927 2221 3997 x1),
2251 3923 2666 3995 praesentialiter
2688 3923 2755 3975 ad
2787 3935 2846 3975 se
2872 3919 3176 3973 venientem
3207 3915 3446 3982 recipere

1868 4026 2326 4089 contempserunt.
2352 4013 2719 4086 Spiritualiter
2739 4020 2917 4067 autem
2946 4009 3249 4077 :Propheta
3280 4005 3449 4076 gemit

1868 4130 2031 4185 super
2075 4111 2393 4175 Ecclesiam,
2423 4109 2532 4162 imo
2561 4107 2674 4176 ipsa
2709 4105 2762 4159 in
2789 4104 2902 4158 suis
2926 4115 3142 4174 gemere
3169 4098 3449 4168 probatur,

1869 4205 2011 4274 quod
2055 4211 2221 4273 porta:
2264 4200 2383 4270 ejus
2425 4197 2615 4252 defixa:
2643 4203 2796 4253 sunt,
2831 4193 3081 4247 doctores
3109 4187 3360 4243 videlicet
3399 4195 3454 4240 et

1870 4295 2135 4367 magistri,
2175 4293 2230 4347 in
2261 4292 2458 4361 quibus
2482 4286 2651 4342 clavis
2679 4284 2908 4338 vertitur
2937 4279 3177 4336 scientiae
3201 4279 3254 4331 in
3285 4287 3451 4336 terra.

1871 4392 1998 4447 dum
2027 4386 2332 4444 carnalibus
2359 4392 2414 4437 et
2439 4380 2669 4436 terrenis
2695 4384 3031 4448 occupantur
3066 4373 3341 4444 operibus.
3379 4369 3456 4424 De

1873 4481 2070 4551 quibus
2089 4478 2201 4547 jam
2230 4491 2392 4546 supra
2420 4474 2724 4542 planxerat,
2751 4470 2893 4539 quod
2920 4469 3209 4523 destructa:
3250 4471 3453 4526 essent,

165 4594 287 4634 non
318 4582 592 4637 metuunt,
611 4585 788 4641 neque
810 4567 1000 4624 volunt
1023 4579 1217 4621 causas
1239 4560 1572 4634 perpendere
1600 4577 1612 4612 :
1641 4571 1756 4613 cum

1872 4543 2015 4629 nunc
2039 4543 2168 4626 vero
2202 4543 2402 4638 aliquid
2451 4567 2619 4636 magis
2662 4563 2836 4626 dolet,
2863 4560 2989 4631 quia
3033 4558 3224 4614 defixae
3247 4562 3375 4610 sunt
3401 4554 3455 4607 in

165 4673 295 4740 ipse
317 4666 581 4722 Dominus
607 4678 706 4732 per
731 4676 790 4716 se
824 4675 931 4715 non
957 4657 1162 4727 absque
1202 4667 1454 4710 mensura
1481 4659 1538 4706 et
1557 4648 1764 4704 delibe-

164 4761 396 4815 ratione
420 4756 618 4811 dicitur
641 4752 846 4808 inferre
868 4749 1133 4819 judicium
1161 4765 1175 4802 :
1208 4744 1360 4815 cujus
1386 4755 1615 4799 examen
1659 4754 1766 4794 non

163 4857 366 4921 potest
428 4847 663 4900 humana
721 4840 987 4912 fragilitas
1029 4834 1456 4908 apprehendere,
1509 4832 1564 4886 iu
1613 4827 1768 4897 cujus

165 4938 432 5010 profecto
501 4933 747 4996 arbitrio,
797 4939 853 4985 et
896 4926 1210 4998 magnitudo
1261 4935 1542 4994 poenarum
1581 4929 1665 4973 est
1715 4923 1770 4971 et

165 5040 464 5083 mensura.
509 5023 663 5090 Quod
701 5028 883 5075 autem
931 5017 1115 5089 lugere
1167 5013 1365 5070 dicitur
1404 5006 1764 5071 antemurale,

167 5118 450 5187 dissipato
478 5114 669 5168 anima:
715 5125 891 5178 muro,
925 5107 1059 5162 ﬁdes
1101 5113 1222 5161 est:
1255 5120 1364 5158 non
1402 5101 1493 5156 illa
1523 5114 1643 5168 quae
1675 5112 1774 5166 per

173 5207 534 5264 dilectionem
564 5210 838 5272 operatur,
889 5198 984 5254 sed
1015 5211 1121 5267 qua
1152 5196 1424 5250 daemones
1451 5191 1679 5245 credunt
1721 5196 1777 5242 et

171 5295 622 5354 contremiscunt
643 5293 786 5363 (Jac.
817 5289 899 5360 ιι).
930 5289 1036 5343 Per
1057 5302 1220 5356 quam
1251 5286 1434 5354 itaque
1469 5283 1630 5338 iidem
1675 5296 1776 5334 au-

176 5400 414 5458 lequam
458 5371 646 5439 murus
673 5380 790 5448 ejus
837 5377 1212 5447 dissiparetur,
1260 5373 1519 5428 virtutum
1569 5369 1778 5427 scilicet

176 5489 521 5538 wterarum
565 5469 921 5534 constructio,
956 5475 1075 5524 erat
1108 5465 1158 5521 ei
1205 5463 1458 5520 Christus
1507 5477 1696 5517 murus
1722 5468 1780 5515 et

175 5567 560 5629 antemurale,
588 5579 686 5636 per
712 5561 955 5618 eamdem
989 5558 1147 5614 ﬁdem
1177 5556 1231 5611 in
1256 5555 1434 5610 anima
1465 5553 1775 5608 collocatus.

175 5664 308 5720 Sed
363 5660 490 5731 quia
541 5656 715 5713 noluit
771 5652 956 5709 infelix
1005 5651 1286 5705 custodem
1332 5655 1388 5704 et
1435 5645 1777 5704 defensorem

177 5756 479 5816 Christum
527 5750 746 5814 habere,
807 5745 1139 5816 dissipantur
1192 5743 1451 5800 virtutum
1504 5754 1694 5812 opera,
1725 5747 1778 5794 et

1875 4678 2038 4721 terra.
2071 4662 2226 4730 Quod
2268 4662 2412 4715 enim
2451 4659 2674 4713 infixum
2710 4663 2814 4721 est,
2844 4668 2948 4707 non
2979 4651 3140 4706 facile
3186 4654 3455 4703 movetur.

1874 4759 1943 4812 Et
1984 4757 2111 4811 hinc
2152 4763 2232 4808 cst
2262 4751 2404 4820 quod
2447 4749 2610 4804 David
2641 4747 2695 4800 in
2736 4744 2964 4800 Psalmis
2993 4751 3152 4798 orat:
3188 4736 3348 4808 Eripe
3379 4751 3461 4788 me

1875 4851 1938 4902 de
1976 4848 2104 4909 luto,
2135 4855 2190 4898 ut
2220 4859 2321 4895 non
2352 4840 2546 4909 inﬁgar
2576 4836 2747 4908 (Psal.
2783 4835 2993 4903 vant).
3025 4831 3288 4898 Quoniam
3316 4825 3460 4895 quod

1877 4937 2101 4994 infixum
2127 4941 2229 4994 est,
2256 4941 2315 4984 ut
2342 4931 2473 4993 dixi,
2499 4943 2604 4982 non
2636 4925 2792 4980 facile
2817 4922 3120 4978 resolvitur.
3154 4916 3245 4970 Vel
3278 4914 3461 4970 nescio

1879 5031 1922 5085 si
1951 5024 2217 5082 removeri
2245 5028 2426 5090 queat,
2456 5017 2561 5071 nisi
2586 5016 2654 5070 ab
2674 5031 2738 5069 eo
2765 5015 2850 5068 cui
2882 5013 3080 5066 cedunt
3099 5006 3277 5061 omnia
3308 5013 3459 5057 ante-

1878 5135 2040 5191 quam
2064 5119 2431 5184 demergatur,
2447 5119 2506 5166 ut
2526 5115 2714 5178 urgeat
2735 5119 2898 5173 super
2921 5115 3045 5156 eum
3067 5107 3263 5168 puteus
3277 5092 3458 5164 abyssi

1880 5182 1943 5263 os
1966 5222 2120 5262 suum
2153 5182 2336 5275 (Apoc.
2365 5199 2465 5271 ix).
2505 5197 2677 5253 Porro
2703 5204 2884 5248 vectes
2920 5188 3115 5261 perditi
3147 5197 3201 5241 et
3243 5182 3463 5240 contriti

1883 5300 2042 5359 ﬁunt,
2065 5295 2279 5366 quando
2312 5293 2368 5348 hi
2403 5291 2494 5363 qui
2529 5289 2723 5346 divina:
2745 5281 3087 5355 legisjanuas
3116 5275 3464 5366 credentibus

1886 5364 2101 5460 aperire
2115 5387 2201 5443 vel
2216 5401 2322 5441 non
2343 5378 2956 5440 credentibnsobserare
2971 5372 3287 5432 debuerant,
3307 5364 3460 5420 velin

1886 5455 2118 5536 circulos
2165 5473 2454 5532 intromitti
2482 5471 2549 5527 ad
2587 5469 2769 5525 divina
2817 5462 3075 5535 mysteria
3120 5455 3463 5531 perferenda,

1885 5571 2266 5629 haereticorum
2310 5569 2666 5621 conteruntur
2708 5558 2949 5620 viribus,
2982 5552 3067 5608 vel
3093 5553 3206 5608 suis
3234 5546 3465 5620 perditis

1885 5667 2250 5734 depravantur
2275 5656 2537 5714 moribus.
2567 5652 2774 5721 Quibus
2812 5646 3004 5703 defixis
3034 5654 3090 5698 et
3118 5637 3387 5698 contritis.
3411 5635 3465 5689 in

1891 5729 2103 5820 1385
2131 5753 2262 5809 limo
2293 5748 2493 5806 terreni
2523 5743 2800 5806 desiderii,
2834 5741 2997 5796 etiam
3045 5736 3144 5796 iusi
3198 5746 3374 5800 reges,
3403 5729 3468 5783 de
