4048 6352
674 289 816 347 1ΙῖΣὶ

1489 277 1552 334 S.
1591 271 1950 331 PASCIIASII
1984 265 2334 325 RADBERTI
2369 262 2661 320 ABBATIS
2685 260 3132 319 CORBEIENSIS

3702 281 3800 336 im

674 397 875 465 quibus
919 391 1030 462 iam
1078 405 1237 460 supra
1269 389 1402 452 dixi,
1428 397 1485 443 et
1512 385 1785 457 principes
1814 384 1866 437 in
1896 381 2043 436 vitiis
2066 395 2259 435 carna-
2285 385 2334 442 Α
2362 376 2489 432 licet
2527 389 2784 445 percussa
2811 375 2881 430 ab
2908 374 3147 430 hostibus
3187 385 3240 430 et
3282 377 3558 435 custodibus
3579 381 3705 452 huius
3732 406 3803 445 es.

676 487 746 542 lis
772 487 896 540 vita:
933 483 1088 553 quasi
1124 483 1176 536 in
1215 481 1470 552 gentibus
1506 477 1867 546 captivautur.
1899 472 2051 540 Quod
2079 479 2260 526 autem

677 576 830 640 dicit,
864 574 990 644 quia
1021 589 1126 626 non
1153 582 1228 625 est
1261 570 1366 632 (ex,
1399 583 1506 622 non
1551 567 1671 622 ideo
1697 564 1839 634 quod
1867 577 1974 618 non
2002 561 2076 615 sit
2104 557 2263 630 spiri-

679 945 907 1007 siarum,
934 958 999 998 ac
1044 942 1323 1013 prophetae
1358 937 1666 993 Iudaeorum
1712 933 1975 989 visionem
2007 947 2116 986 non
2148 944 2265 984 me-

683 1045 876 1090 rentur
902 1034 1098 1092 divina:
1147 1029 1538 1101 inspicationis,
1570 1035 1628 1081 ut
1659 1035 1803 1080 recte
1844 1027 2074 1080 doceant
2103 1021 2156 1075 in
2188 1019 2269 1073 fu-

680 1123 844 1187 turis,
875 1122 967 1192 qui
997 1137 1057 1177 se
1099 1118 1587 1191 impraesentiarum
1617 1114 1772 1168 vanis
1795 1121 1849 1170 et
1875 1111 2056 1182 pravis
2093 1107 2269 1179 impli-

682 1223 813 1270 cant
840 1213 1140 1268 erroribus.
1184 1210 1492 1266 Secundum
1530 1205 1884 1277 tropologiam
1914 1219 2064 1267 vero,
2089 1203 2270 1256 anima

601 1290 607 1296 ’
675 1305 802 1376 jure
830 1304 1124 1374 plangitur,
1153 1300 1306 1370 cujus
1335 1315 1528 1355 sensus
1550 1296 1710 1352 defixi
1739 1304 1865 1351 sunt
1892 1295 1946 1348 in
1975 1303 2143 1357 terra,
2165 1291 2272 1346 sci-

683 1396 813 1451 licet
839 1396 892 1450 in
926 1394 1056 1448 limo
1095 1393 1325 1463 peccati,
1351 1399 1406 1444 ct
1437 1388 1580 1443 nulla
1609 1396 1693 1442 est
1724 1387 1980 1440 virtutum
2015 1384 2268 1438 substan-

683 1489 758 1543 tia
789 1486 1049 1542 evadendi
1079 1504 1091 1538 :
1116 1500 1257 1554 quae,
1283 1483 1406 1552 quia
1438 1497 1535 1551 per
1557 1488 1840 1550 augustam
1867 1476 2038 1531 noluit
2069 1476 2273 1529 intrare

676 1579 1120 1649 ianuam,portas
1142 1590 1288 1639 suas,
1305 1589 1496 1627 sensus
1520 1571 1790 1634 videlicet,
1813 1569 1866 1622 in
1894 1567 2128 1623 terrenis
2147 1581 2274 1620 con-

682 1669 800 1724 ﬁxit
839 1665 1271 1728 oblectamentis,
1313 1673 1368 1716 et
1414 1661 1648 1731 perdidit
1687 1676 1753 1714 ac
1791 1657 2047 1714 contrivit
2089 1663 2274 1710 vectes

2363 467 2470 524 culi
2500 467 2804 531 vulnerata,
2837 481 3045 522 necnon
3087 476 3141 522 et
3181 469 3453 538 exspoliato
3473 472 3607 542 pallio
3627 477 3803 548 iustitia,

2363 559 2619 614 ardenter
2655 557 2892 626 adjurat,
2921 558 3105 612 dicens
3145 576 3158 612 :
3194 559 3383 629 Adjuro
3421 577 3512 622 vos,
3547 565 3700 634 inquit,
3721 571 3808 637 ﬁlia

2364 650 2683 714 Jerusalem,
2713 651 2757 702 si
2792 649 3090 703 inveneritis
3115 647 3347 702 dilectum
3371 667 3541 715 meum,
3565 665 3610 706 ut
3633 661 3808 716 nuntiati

2363 744 2413 796 ei
2439 743 2565 813 quia
2609 758 2788 796 amore
2829 741 3052 810 langueo
3080 741 3250 812 (Cant.
3277 742 3347 812 v).
3379 741 3477 798 Has
3497 745 3632 814 igitur
3663 747 3810 815 adiuta.

2366 833 2532 888 trices
2551 846 2688 901 quas
2716 831 2990 900 implorat,
3019 845 3123 885 non
3149 841 3274 900 puto
3300 831 3431 900 quod
3457 833 3612 888 cinere
3631 850 3811 906 compa.

2367 936 2484 986 sas,
2509 931 2605 975 aut
2624 921 2804 976 cilicio
2828 921 3042 975 indutas
3061 921 3260 984 credat,
3286 937 3412 992 quas
3433 937 3525 978 non
3548 924 3715 980 dubitat
3729 944 3810 984 cum

2367 1026 2568 1083 sponso
2597 1026 2756 1081 posse
2799 1010 3156 1066 confabulari.
3186 1012 3442 1083 Alioquin,
3467 1014 3558 1068 nisi
3579 1015 3812 1076 excelsiores

2369 1102 2670 1158 Jerusalem
2705 1102 2845 1158 filias
2882 1119 2977 1158 cas
3021 1103 3349 1174 intelligeret,
3371 1120 3682 1177 superuasque
3701 1112 3816 1167 vim.

2372 1203 2456 1250 tes
2484 1203 2540 1249 et
2566 1203 2878 1248 sanctorum
2921 1194 3227 1250 sublimium
3263 1197 3477 1262 animas,
3509 1215 3725 1268 nunquam
3744 1213 3814 1257 tan

2369 1285 2801 1355 lacrymabiliter
2841 1300 2939 1340 eas
2973 1300 3073 1354 pro
3111 1301 3169 1341 se
3208 1285 3483 1355 adjuraret,
3513 1297 3567 1342 ut
3597 1289 3819 1362 dignaretur

2371 1390 2480 1430 una
2517 1391 2643 1432 cum
2695 1376 3176 1432 intercessionibus
3230 1376 3624 1434 lamentationem
3660 1384 3720 1437 sui
3748 1385 3818 1438 lan-

2373 1469 2558 1537 guoris
2593 1483 2940 1538 amoremque
2974 1469 3156 1538 sponsi
3189 1468 3398 1524 auribus
3424 1469 3638 1525 intimare
3660 1490 3671 1525 :
3691 1485 3813 1543 quate—

2372 1574 2476 1614 nus
2513 1560 2652 1613 idem
2680 1568 2953 1614 errantem
2994 1567 3208 1614 revocet
3244 1559 3380 1613 inter
3417 1574 3584 1640 greges
3621 1563 3817 1622 sodalium.

2371 1648 2685 1705 consoletur
2728 1659 2999 1712 mmstam,
3033 1664 3336 1719 percussam
3377 1649 3558 1705 rclevet
3593 1667 3619 1705 a
3647 1653 3821 1724 plaga,et

678 1765 734 1810 et
777 1771 928 1810 seras
973 1754 1259 1816 virtutum,
1295 1765 1366 1806 ne
1407 1750 1548 1804 ullus
1589 1749 1656 1802 ad
1700 1763 1822 1802 eam
1867 1745 2270 1800 immundorum
2302 1745 2346 1804 Β
2374 1749 2530 1795 sanet
2565 1740 2900 1795 vulneratam
2947 1755 3046 1812 suo
3093 1741 3330 1805 vulnere,
3357 1757 3546 1796 necnon
3576 1747 3821 1815 ctexspolia—

678 1849 969 1917 spirituum
1004 1847 1357 1916 prohibeatur
1390 1843 1684 1913 ingressus.
1718 1839 1924 1908 Quibus
1953 1840 2028 1894 ita
2053 1837 2270 1894 confra-

680 1940 804 2004 ctis,
829 1937 945 2008 jam
985 1937 1242 2006 deinceps
1287 1937 1487 1999 omnis,
1519 1950 1626 2006 quo
1670 1934 1960 2004 regebatur
1995 1929 2274 1984 mandato-

681 2045 803 2084 rum
853 2029 972 2094 Dci,
1014 2029 1349 2098 principatus
1396 2028 1699 2097 captivatur
1737 2025 1905 2087 vitiis.
1943 2025 1996 2078 in
2041 2032 2268 2087 tantum,

681 2126 745 2171 ut
775 2133 882 2172 non
933 2119 1004 2173 sit
1052 2119 1103 2172 ei
1145 2117 1255 2178 lex,
1288 2133 1387 2172 nec
1433 2117 1573 2171 visio
1629 2131 1658 2170 a
1697 2115 1808 2170 Deo
1853 2113 2180 2173 inveniatur,
2209 2121 2271 2166 ut

681 2209 850 2265 corde
877 2209 1062 2264 audiat
1089 2209 1217 2278 quid
1243 2209 1293 2263 ei
1333 2209 1476 2263 Deus
1518 2207 1770 2276 loquatur
1803 2206 1966 2269 intus,
1995 2205 2088 2259 sed
2114 2203 2272 2259 etfre-

683 2301 772 2356 nis
803 2299 952 2354 vadit
985 2307 1106 2372 post
1133 2313 1268 2352 vana
1295 2313 1404 2352 suae
1441 2298 1658 2362 mentis,
1690 2305 1746 2352 et
1773 2295 1855 2350 sui
1887 2303 2126 2350 sectatur
2151 2309 2271 2348 cor-

683 2392 769 2446 dis
805 2390 1097 2446 desideria.
1124 2387 1193 2443 Et
1233 2389 1360 2444 hinc
1401 2397 1490 2443 est
1523 2387 1668 2458 quod
1703 2385 2056 2456 sequentibus
2092 2385 2273 2441 verbis

681 2481 978 2552 plangitur.

1421 2565 1536 2604 ιοῡ.

758 2660 1016 2718 Sederunt
1063 2667 1121 2716 in
1172 2673 1334 2728 terra,
1374 2662 1737 2716 conticuerunt
1779 2675 1947 2724 senes,
1978 2657 2107 2726 (ilia:
2144 2657 2275 2716 Sion

683 2761 1083 2820 consperserunt
1118 2751 1290 2804 cinere
1331 2751 1506 2818 capita
1543 2765 1642 2803 sua
1671 2765 1690 2804 :
1721 2749 1942 2820 uirgines
1974 2746 2275 2803 Jerusalem

685 2845 936 2898 accincta
973 2855 1094 2897 sunt
1138 2845 1344 2896 ciliciis.
1372 2843 1682 2914 Abjecerunt
1720 2842 1776 2897 in
1803 2852 1946 2896 terra
1976 2845 2148 2913 capita
2175 2859 2277 2898 sua

687 2936 912 3005 uirgines
934 2935 1100 2990 Iuda.
1125 2935 1282 2990 Patet
1295 2949 1503 2996 sensus,
1519 2935 1663 3004 quod
1679 2949 1830 2990 more
1847 2942 2092 3005 paterno,
2112 2935 2277 2990 tantis

688 3027 937 3097 oppressi
973 3026 1413 3082 tribulationibus
1440 3025 1608 3082 Judaei
1629 3067 1644 3090 ,
1671 3027 1767 3081 tali
1820 3042 1881 3083 se
1926 3027 2276 3082 continentiae

691 3118 880 3178 habitu
926 3119 1276 3190 plangebant.
1320 3118 1524 3174 Tamen
1571 3118 1624 3173 hi
1675 3118 1944 3183 maxime,
1995 3133 2103 3173 non
2159 3118 2280 3175 sine

691 3213 882 3274 causa,
913 3219 1007 3264 aut
1031 3209 1317 3280 plangunt,
1341 3219 1434 3264 aut
1474 3209 1820 3280 planguntur,
1852 3209 1905 3264 in
1934 3210 2132 3280 quibus
2165 3209 2282 3280 plu-

692 3303 832 3358 rima
860 3301 1033 3355 virtus
1058 3309 1204 3355 esset
1228 3301 1550 3365 honestatis,
1577 3309 1633 3353 et
1661 3301 1955 3355 auctoritas
1981 3300 2279 3371 religionis,

693 3395 742 3450 si
777 3408 890 3450 suae
930 3404 1213 3448 servarent
1247 3393 1373 3447 t'ota
1419 3391 1787 3462 proprietatis.
1830 3391 2055 3463 Mystico
2100 3401 2282 3448 autem

695 3498 881 3548 sensu,
918 3497 1077 3538 senes
1121 3481 1473 3536 ecclesiarum
1523 3482 1617 3536 Dei
1668 3491 1795 3536 tunc
1841 3483 2036 3537 merito
2080 3491 2282 3549 tacent,

695 3574 915 3644 quando
944 3573 1135 3628 sedent
1183 3573 1236 3626 in
1287 3581 1452 3625 terra.
1484 3569 1637 3626 Unde
1676 3572 1881 3636 nescio,
1906 3572 1953 3628 si
1993 3587 2153 3628 senes
2189 3587 2286 3627 vo-

695 3665 811 3720 cari
865 3665 1098 3720 debeant
1131 3683 1144 3718 :
1182 3673 1275 3718 aut
1318 3665 1444 3733 quia
1493 3664 1546 3718 in
1591 3674 1735 3719 terra
1773 3665 1988 3727 sedent,
2021 3674 2116 3718 aut
2156 3664 2285 3735 quia

699 3764 904 3821 tacent,
933 3755 1036 3810 nisi
1066 3755 1205 3808 forte
1237 3754 1372 3810 tales
1395 3754 1785 3826 intelligantur,
1813 3755 1990 3825 qualis
2015 3755 2104 3810 ille
2126 3770 2286 3810 sena-

700 3857 880 3900 torum
911 3847 1111 3900 chorus
1135 3862 1258 3900 cum
1283 3847 1481 3915 quibus
1509 3856 1767 3902 venturus
1791 3848 1858 3902 ad
1882 3847 2169 3916 judicium,
2191 3847 2286 3918 qui

700 3937 885 3991 sciunt
929 3950 1115 3990 eorum
1157 3936 1210 3990 in
1251 3952 1310 3990 se
1350 3936 1582 3991 formam
1623 3951 1920 4002 assumere,
1951 3952 2052 4007 pro
2087 3938 2286 4007 quibus

702 4027 923 4096 lugent:
947 4037 1002 4080 et
1027 4027 1128 4097 ipsi
1152 4038 1330 4082 tamen
1356 4044 1387 4080 a
1413 4027 1550 4083 solio
1573 4028 1764 4084 arbitri
1796 4043 1902 4082 non
1931 4029 2283 4096 descendere,

701 4117 952 4187 quamvis
986 4118 1272 4172 vidcantur
1299 4135 1402 4172 una
1440 4134 1563 4173 cum
1603 4119 2001 4188 peccatoribus,
2039 4121 2196 4190 quasi
2230 4120 2286 4174 in

704 4208 868 4265 terris
894 4209 1072 4278 positi,
1109 4219 1308 4263 nostra:
1348 4209 1473 4263 vita:
1518 4209 1760 4264 maculas
1791 4208 2005 4266 deflere.
2035 4211 2142 4267 Sed
2182 4213 2289 4266 uti-

701 4315 830 4354 nam
857 4299 908 4352 in
935 4299 1091 4354 nobis
1118 4299 1249 4354 tales
1269 4307 1470 4364 essent,
1499 4315 1836 4370 nequaquam
1865 4301 2029 4372 igitur
2057 4303 2286 4358 dixerim

703 4389 850 4461 quod
893 4389 1106 4460 lugendi
1146 4399 1326 4444 essent
1356 4407 1369 4443 :
1406 4391 1578 4461 magis
1603 4406 1734 4446 vero
1771 4406 1867 4448 eos
1912 4392 2119 4464 lugent,
2151 4409 2288 4464 quos

701 4481 1092 4555 πρεσϐυτέρους
1119 4479 1294 4535 Graeci
1319 4491 1534 4546 vocant,
1569 4480 1783 4554 1386
1805 4483 1897 4553 qui
1945 4483 2091 4539 nullo
2129 4499 2285 4540 sene-

702 4569 868 4624 ctutis
907 4583 1070 4638 opere
1117 4569 1464 4635 decorantur,
1507 4572 1601 4625 sed
1630 4573 1785 4640 quasi
1818 4572 1950 4626 fatui
1993 4581 2286 4643 torpentes,

706 4661 938 4715 interra
975 4660 1181 4722 sedent,
1211 4659 1336 4714 dum
1391 4661 1624 4716 terrenis
1650 4672 1705 4717 et
1741 4664 1922 4717 carnis
1955 4675 2291 4734 occupantur

703 4752 982 4822 operibus.
1031 4752 1188 4806 Tales
1235 4751 1419 4820 itaque
1467 4753 1703 4824 plangit,
1745 4755 1936 4824 quales
1973 4742 2288 4814 in'Danicle

709 4856 872 4910 super
903 4842 1206 4896 Susannam
1235 4842 1497 4896 insanisse
1524 4842 1771 4914 legimus,
1796 4845 1864 4899 de
1889 4847 2090 4915 quibus
2115 4849 2284 4902 dicit:

712 4927 995 4984 Inveterati
1047 4932 1252 4985 dierum
1298 4933 1580 4998 malorum,
1613 4949 1750 4987 nunc
1793 4948 2037 4989 venerunt
2079 4949 2293 5007 peccata

707 5037 830 5090 qua:
869 5021 1226 5091 operabamini
1277 5021 1436 5092 (Dan.
1478 5023 1621 5092 xnt).
1674 5023 1942 5079 Caeterum
1994 5026 2115 5081 filia:
2164 5025 2295 5082 Sion

711 5129 835 5182 quae
888 5124 1310 5184 conspcrserunt
1354 5114 1536 5168 cinere
1575 5116 1753 5186 capita
1798 5132 1925 5181 sua,
1964 5126 2018 5171 et
2062 5119 2299 5187 virgines

709 5202 1035 5268 Jerusalem,
1075 5220 1283 5260 necnon
1329 5213 1385 5258 et
1416 5205 1654 5275 virgines
1698 5205 1856 5271 Juda,
1895 5209 2054 5262 unius
2094 5209 2299 5279 signifi-

712 5296 945 5351 cationis
973 5312 1093 5353 esse
1122 5298 1391 5361 videntur,
1419 5299 1668 5367 quamvis
1703 5300 1914 5354 diversa
1948 5300 2293 5355 introducan-

715 5397 806 5440 tur
841 5387 1078 5440 nomiua.
1109 5385 1244 5454 Quia
1284 5399 1595 5442 renatorum
1639 5390 1856 5455 animm,
1886 5390 2027 5444 illius
2056 5390 2296 5447 caalestis

711 5477 1011 5534 JeruSalcm
1055 5489 1182 5535 sunt
1225 5480 1366 5545 filiae,
1398 5482 1492 5537 sed
1536 5481 1735 5538 habent
1774 5482 2108 5540 differentias
2145 5501 2290 5551 suas,

712 5580 809 5625 aut
849 5586 917 5626 ex
965 5573 1332 5641 speculatione
1377 5574 1574 5630 divinae
1609 5575 2081 5647 contemplationis
2112 5592 2126 5630 :
2160 5594 2296 5647 quas

713 5664 854 5741 bene
880 5665 933 5720 in
956 5665 1194 5736 Canticis
1225 5666 1484 5736 languens
1510 5669 1713 5734 anima,
1730 5685 1840 5740 pra:
1867 5686 2050 5727 amore
2077 5673 2291 5741 sponsi:

2380 1844 2491 1890 tam
2541 1837 2736 1891 vestiat
2787 1835 2975 1892 salutis
3022 1837 3352 1893 indumento.
3409 1837 3552 1893 Novit
3591 1838 3710 1910 igitur
3739 1837 3820 1893 talis

2369 1927 2516 1998 quod
2550 1925 2842 1998 plurimum
2873 1929 3052 1984 valeat
3079 1931 3218 2000 apud
3250 1931 3490 1986 dilectum
3518 1945 3712 2001 sponsum
3734 1947 3818 1984 san-

2371 2026 2585 2074 ctarum
2625 2020 2940 2075 intercessio
2967 2008 3270 2076 animartim
3298 2039 3312 2075 :
3347 2022 3534 2077 idcirco
3563 2021 3720 2076 ardenti
3746 2022 3821 2075 ani-

2372 2126 2464 2166 mo
2491 2112 2707 2181 adiurat
2736 2127 2855 2177 eas,
2883 2127 2986 2168 nec
3015 2113 3240 2169 dubium
3267 2115 3393 2184 quin
3421 2115 3534 2170 licet
3553 2129 3633 2184 pro
3654 2114 3822 2167 seadhuc

2373 2200 2688 2256 dubitanter
2732 2203 2879 2257 dicat
2921 2202 3066 2272 quod
3094 2218 3195 2273 per
3218 2218 3339 2258 eum
3377 2219 3406 2258 a
3444 2219 3540 2274 quo
3564 2201 3821 2258 nibileisali-

2374 2296 2502 2365 quid
2535 2297 2754 2351 charius
2781 2311 2904 2351 esse
2929 2297 3232 2352 existimat.
3260 2297 3364 2352 Sed
3401 2296 3611 2366 nunquid
3635 2295 3732 2350 tales
3753 2308 3824 2348 esse

2375 2389 2672 2444 creduntur
2717 2389 2860 2454 filiae,
2891 2404 3028 2460 quas
3072 2389 3330 2460 propheta
3373 2389 3540 2460 luget?
3567 2387 3646 2442 Vel
3671 2385 3826 2455 nunquid

2376 2489 2669 2550 aspergunt
2703 2481 2880 2549 capita
2932 2495 3030 2534 sua
3083 2481 3267 2535 cinere
3314 2489 3367 2535 et
3411 2479 3567 2535 cilicio
3604 2479 3826 2538 vestiuntur,
3926 2479 3927 2538 ᾗ

2375 2588 2496 2642 qua:
2523 2571 2782 2627 festinant
2815 2573 3020 2638 venire,
3047 2573 3132 2628 vel
3165 2572 3467 2644 pervenisse
3495 2586 3546 2627 se
3581 2569 3755 2640 gaudent
3785 2565 3826 2618 ad

2377 2664 2658 2736 amplexos
2706 2673 2764 2720 et
2809 2665 2993 2721 oscula
3046 2667 3130 2721 sui
3179 2667 3394 2737 sponsi?
3421 2664 3710 2735 Nequaquam
3734 2667 3828 2714 recte
3926 2673 3927 2726 ξ

2379 2755 2483 2811 hoc
2511 2755 2708 2826 aliquis
2739 2756 2958 2821 dixerit,
2984 2757 3078 2811 sed
3110 2757 3228 2811 istae
3254 2765 3378 2810 sunt
3405 2755 3514 2810 filiae
3541 2751 3666 2815 Sion,
3686 2749 3828 2804 nomine
3926 2755 3927 2816 ᾖ

2380 2856 2592 2903 tantum
2631 2858 2687 2904 et
2738 2851 3168 2920 regenerationis
3213 2857 3548 2912 sacramento,
3575 2861 3670 2915 qua:
3699 2843 3830 2898 cedde-

2379 2947 2507 2994 runt
2533 2939 2598 2994 de
2629 2940 2823 2994 throno
2864 2941 3037 3011 regni,
3077 2951 3173 2994 aut
3214 2941 3267 2995 in
3304 2939 3553 3001 ha'resim,
3581 2946 3655 2990 aut
3690 2935 3735 2988 ad
3760 2931 3830 3001 pul-

2380 3043 2572 3084 vereas
2598 3030 2722 3083 vitae
2751 3030 3014 3091 actiones.
3045 3032 3248 3100 quibus
3271 3030 3546 3100 oppilatuut
3588 3034 3654 3080 est
3679 3039 3745 3085 os,
3773 3033 3831 3073 nec
3913 3057 3927 3070 -η

2383 3121 2582 3175 audent
2625 3121 2812 3176 oculos
2853 3137 3068 3176 sursum
3115 3122 3301 3177 levare
3338 3121 3401 3175 ad
3432 3120 3596 3181 Deum,
3620 3115 3691 3170 sed
3723 3111 3830 3178 capi“

2383 3225 2502 3275 sua,
2532 3219 2740 3266 mentes
2769 3212 3036 3277 videlicet,
3076 3213 3351 3283 pulvereis
3384 3201 3831 3282 asperguntuperibus

2383 3310 2438 3355 et
2465 3316 2625 3356 sacco
2649 3303 2956 3356 vestiuntur
2980 3303 3224 3369 cilicino,
3249 3303 3454 3374 1387
3477 3303 3833 3371 peccatorumcou

2387 3401 2536 3447 texto
2560 3392 2692 3448 sctis
2720 3407 3122 3465 caprarumque
3153 3395 3294 3466 pilis.
3329 3396 3392 3450 Et
3411 3394 3525 3465 quia
3552 3388 3684 3445 semel
3705 3384 3832 3453 ἀείρω

2384 3491 2508 3536 runt
2535 3483 2714 3554 capita
2739 3485 2792 3537 in
2821 3493 3045 3549 terram,
3069 3493 3286 3540 mentes
3305 3483 3499 3538 scilicet
3519 3481 3565 3534 in
3587 3484 3830 3531 terrenam-

2386 3571 2665 3628 volventes
2683 3572 3106 3640 oblectamenta,
3133 3574 3324 3628 nolunt
3344 3589 3400 3629 se
3419 3573 3622 3644 erigere,
3643 3577 3763 3632 neque
3779 3575 3832 3612 θ’

2385 3671 2574 3718 cutcrc
2612 3664 2680 3718 dc
2727 3663 2946 3732 pulvere
2980 3682 2993 3719 :
3028 3665 3074 3719 si
3129 3665 3398 3735 quomodo
3444 3667 3602 3733 prius,
3632 3666 3757 3711 rursus
3782 3651 3832 3700 ἕη-

2385 3752 2621 3808 duantur
2649 3753 2717 3808 ab
2741 3769 2961 3824 sponso,
2995 3756 3107 3809 suis
3141 3762 3568 3811 ornamentorum
3594 3746 3767 3802 vestibus.
3784 3739 3831 3790 De

2386 3860 2619 3915 quorum
2650 3845 2816 3913 igitur
2843 3844 3068 3916 collegio
3097 3856 3161 3900 et
3202 3860 3424 3900 numero
3456 3840 3664 3897 fortassis
3685 3834 3743 3888 illa
3762 3841 3835 3896 qua

2386 3937 2467 3992 sic
2509 3936 2744 4006 adjurat,
2785 3936 2914 3991 licet
2952 3936 3093 3991 male
3124 3937 3429 4001 vulnerata,
3455 3942 3507 3990 et
3538 3931 3652 3987 nuda
3669 3926 3746 3995 jam
3763 3933 3837 3974 eta-

2385 4035 2556 4090 scrat,
2582 4026 2835 4096 quamius
2859 4025 3114 4080 dilectum
3140 4043 3324 4093 suum,
3354 4040 3527 4081 amore
3547 4016 3735 4086 languida
3752 4029 3762 4063 :
3778 4020 3836 4061 nec

2388 4129 2570 4175 tamen
2601 4134 2700 4189 per
2741 4133 2803 4174 se
2843 4120 3105 4175 accedere
3141 4121 3420 4191 prasumit
3446 4118 3508 4173 ad
3529 4128 3634 4172 eum
3653 4104 3761 4178 quasi
3779 4101 3839 4154 im-

2386 4210 2602 4282 pudica.
2639 4209 2764 4265 Ideo
2789 4209 3012 4280 supplex
3031 4250 3049 4277 ,
3077 4221 3210 4266 ante
3244 4226 3303 4266 se
3332 4211 3673 4264 intercessores
3691 4204 3732 4290 el

2389 4310 2474 4357 tos
2509 4299 2816 4370 adjuratos,
2841 4303 3098 4358 ardenter
3119 4302 3308 4372 dirigit
3332 4311 3388 4356 et
3407 4304 3618 4367 exoptat.
3641 4287 3721 4345 Sed
3744 4287 3842 4339 ιιιίεε·

2391 4412 2466 4452 ra:
2505 4395 2778 4451 interdum
2814 4397 3031 4462 anima,
3063 4396 3194 4452 licet
3224 4395 3345 4450 filia:
3371 4394 3599 4448 dicantur
3620 4384 3732 4441 Sion,
3749 4375 3842 4429 km‘

2394 4486 2562 4543 salem
2590 4495 2645 4540 et
2671 4485 2830 4548 .lnda,
2863 4486 2944 4541 sic
2985 4500 3048 4541 se
3096 4487 3363 4558 hactenus
3395 4481 3669 4538 delictorum
3697 4469 3842 4565 cirum

2395 4580 2528 4634 dant
2554 4579 2786 4643 exuviis,
2813 4588 2871 4632 et
2907 4585 3148 4633 mentem
3199 4550 3426 4631 terrenis
3479 4565 3718 4625 obvolvunt

2396 4670 2614 4735 mentis,
2641 4669 2796 4740 quasi
2823 4683 3099 4738 nunquam
3124 4668 3297 4723 velint
3321 4675 3602 4734 assurgere.
3622 4655 3702 4709 Pro
3722 4642 3844 4740 quibat

2395 4774 2528 4815 sane
2705 4757 2826 4814 dico
2857 4732 3146 4823 Jcrcmias,
3178 4757 3406 4812 fratrum
3445 4732 3645 4809 amator,
3670 4732 3844 4831 venit“

2395 4852 2574 4908 omnis
2618 4859 2928 4906 sanctorum
2954 4850 3156 4906 chorus
3183 4848 3308 4919 jure
3339 4847 3526 4918 plorat,
3548 4831 3845 4919 nostratui“?

2401 4943 2716 4998 inanissima
2746 4941 2952 5012 plangit
2979 4911 3214 4996 excidia.
3243 4911 3374 5006 Quia
3403 4945 3456 4990 et
3481 4933 3520 4988 si
3562 4934 3682 4983 recte
3706 4911 3844 5012 Velle"?

2399 5034 2601 5088 amisso
2620 4992 2840 5103 Sponsa,
2868 4992 2989 5102 post
3011 5030 3413 5102 persecutiones
3436 5015 3708 5088 multil’lices
3725 5011 3766 5104 es

2400 5138 2552 5185 nera,
2582 5098 2706 5192 post
2737 5098 3041 5176 nuditatem
3081 5130 3139 5175 et
3179 5118 3434 5179 maculas,
3462 5110 3655 5167 forsitan
3677 5107 3717 5153 et
3737 5098 3847 5192 siml!

2401 5227 2527 5267 mox
2570 5187 2824 5266 dilectum
2846 5253 2860 5276 ,
2893 5211 3088 5266 saltem
3133 5211 3272 5265 tilias
3301 5203 3581 5264 Jerusalem
3639 5187 3848 5284 sancto?

2399 5303 2608 5358 scilicet
2635 5302 2974 5356 invenissent
3003 5301 3234 5366 animas,
3267 5314 3386 5369 qua:
3413 5296 3546 5351 illam
3571 5288 3664 5344 suis
3690 5271 3850 5369 Ρηειξθξδ

2399 5409 2457 5456 et
2483 5400 2694 5455 meritis
2723 5399 2858 5462 suis,
2888 5399 3121 5467 denique
3152 5357 3370 5451 monitis
3389 5400 3443 5447 et
3459 5379 3699 5453 exempﬁS.
3720 5368 3766 5425 ad

2400 5493 2486 5546 cia
2511 5491 2695 5560 sponsi
2721 5489 2906 5545 oscula
2936 5463 3280 5552 reveherent,
3311 5487 3357 5540 si
3382 5499 3440 5540 se
3469 5481 3530 5536 de
3553 5472 3729 5560 Pum'fe
3751 5463 3851 5560 cf?

2403 5543 2602 5649 tercnrt,
2626 5591 2970 5650 mentemque
2993 5594 3022 5633 a
3052 5579 3282 5634 terrenis
3309 5575 3578 5646 erigerent.
3607 5557 3727 5618 υηάθ
3746 5543 3851 5650 πξίῖ

2403 5683 2456 5725 et
2480 5635 2602 5727 filiae
2623 5635 2898 5730 vocantur-
2908 5671 3054 5727 Juda-
3070 5680 3121 5728 et
3142 5635 3458 5730 Jerusalem,
3482 5665 3720 5731 quatenus,
3740 5635 3852 5696 ιυάηο
