4048 6352
173 386 311 443 H25

907 371 1265 433 EXPOSlTlO
1301 371 1368 429 IN
1404 361 1983 446 lAMENTA'l‘lOEES
2020 357 2358 418 JEREMLE.
2401 387 2471 401 -
2504 357 2632 413 LIB.
2673 355 2736 411 ll.

3318 351 3462 408 “26

169 496 423 559 nomine,
475 504 617 545 verae
661 486 784 542 lidei
833 484 1228 540 confessionem
1280 482 1562 552 recipiant,
1596 487 1652 533 et
1691 475 1758 531 ad
1788 482 1834 540 Α
1863 461 2242 542 ηυῗᾱεῦοίιιιιι
2272 490 2284 524 :
2313 470 2445 542 quia
2470 477 2621 524 tanto
2650 468 2828 522 minus
2869 466 3309 535 coucupiscibiha
3349 482 3451 519 ex-

171 589 439 642 visionem
488 581 638 653 pacis
682 576 1004 648 quandoque
1051 591 1148 645 per
1192 573 1390 629 bonam
1435 571 1764 626 voluntatem

171 678 482 740 intendant,
511 674 686 727 donec
737 683 948 723 rursum
988 681 1086 736 per
1131 665 1496 735 adoptionem,
1527 670 1768 716 contem-

170 770 468 844 plationem
514 765 710 820 divinae
757 759 1112 831 inspectionis
1150 757 1444 810 clementer
1486 753 1764 822 recipiant.

172 859 454 918 Moraliter
481 865 685 918 autem,
721 853 899 907 anima
932 864 1054 904 cum
1102 848 1349 917 spiritum
1382 844 1590 901 consilii
1632 841 1767 896 ami-

171 955 332 1018 serit,
359 949 517 1023 quasi
550 950 617 1004 de
643 952 920 1003 senectute
951 941 1258 1014 gravitatis,
1288 949 1343 994 et
1371 938 1632 1010 dignitate
1656 949 1770 988 ma-

175 1055 318 1101 tura:
373 1021 527 1104 vitae,
571 1039 627 1092 in
665 1033 897 1090 terrenis
949 1031 1224 1096 residens,
1275 1021 1770 1093 infatuatur:quia

169 1134 328 1190 nullo
370 1129 649 1201 sapientize
691 1125 804 1182 sale
835 1123 1106 1187 conditur,
1145 1121 1269 1174 dum
1301 1125 1516 1174 terrena
1576 1115 1768 1178 inhiat,

178 1229 475 1296 carnisque
517 1227 759 1276 sectatur
802 1215 1122 1270 illecebras:
1163 1213 1341 1267 ethoc
1376 1219 1462 1266 est
1494 1223 1650 1265 senes
1675 1221 1774 1262 sa:-

179 1322 314 1373 dere
348 1317 401 1369 in
435 1323 600 1376 terra,
637 1322 827 1364 omnes
863 1304 1072 1360 consilii
1123 1304 1408 1371 cogitatus,
1445 1309 1500 1355 et
1539 1299 1746 1369 pruden
1802 1335 1814 1347 .

183 1411 280 1463 tiae
326 1415 496 1464 actus.
529 1403 582 1456 in
608 1398 974 1468 voluptatibus
1011 1393 1173 1465 hujus
1212 1394 1354 1458 vita}.
1387 1401 1442 1448 et
1484 1391 1650 1446 lucris
1675 1403 1776 1444 sa:-

177 1500 291 1556 culi
346 1495 575 1552 versari.
630 1492 837 1561 Quibus
890 1503 1014 1544 cum
1057 1493 1355 1556 occupatur
1388 1484 1566 1538 anima
1605 1481 1773 1544 curis,

178 1589 560 1646 conticescunt
583 1584 722 1654 apud
753 1583 919 1636 Deum
942 1592 1132 1654 omnes
1153 1575 1320 1629 animi
1345 1583 1590 1629 conatus.
1623 1570 1777 1626 Unde

177 1693 236 1740 et
257 1682 430 1737 David
462 1694 685 1749 gemens
711 1695 724 1732 :
751 1675 1013 1742 Quoniam
1042 1671 1204 1733 tacui,
1235 1668 1433 1738 inquit,
1463 1667 1779 1720 inveterave-

179 1782 307 1827 runt
338 1788 457 1825 ossa
487 1786 624 1834 mea,
659 1767 784 1820 dum
817 1763 1096 1817 clamarem
1129 1769 1240 1814 tota
1273 1759 1357 1811 die
1397 1753 1572 1827 (Psal.
1598 1754 1774 1823 mu).

1871 561 2042 619 terius
2070 561 2378 626 intendunt,
2401 568 2604 631 quanto
2630 557 2716 613 isti
2745 556 3025 612 ardentius
3051 557 3231 612 divina
3251 558 3450 611 intror-

1870 669 1961 708 sus
1988 661 2277 723 penetrant
2313 662 2369 707 et
2400 651 2722 720 intelligunt.
2757 648 2909 705 Unde
2953 658 3008 702 et
3050 648 3297 705 videntes
3332 663 3461 719 pro.

1868 746 2045 815 pheta:
2068 754 2193 800 sunt
2210 745 2386 800 vocati
2405 743 2458 815 (Ι
2474 743 2602 813 Reg.
2623 743 2724 808 ιι),
2739 756 2806 796 eo
2827 742 2970 812 quod
2987 741 3074 795 illa
3096 756 3216 811 quae
3239 749 3462 796 manent

1873 836 1927 890 in
1978 835 2183 904 Spiritu
2246 833 2611 904 perspicacius
2662 832 3056 901 conspicerent.
3109 831 3462 901 Nequaquam

1872 929 2038 998 igitur
2078 943 2173 983 eos
2212 928 2384 983 otiose
2421 926 2687 981 defecisse
2731 925 2992 997 ingemuit
3033 939 3146 994 prae
3186 924 3463 994 lacrymis,

1871 1020 2012 1074 sicut
2041 1026 2095 1072 et
2120 1018 2287 1072 David
2324 1019 2378 1072 in
2418 1017 2679 1087 eloquium
2729 1026 2878 1068 tuum
2919 1013 3143 1068 addidit.
3177 1013 3325 1068 Felix
3351 1015 3467 1084 qui-

1874 1109 1996 1164 dem
2027 1107 2283 1173 defectio,
2314 1123 2434 1179 quae
2480 1123 2585 1162 non
2635 1107 3042 1169 detrimentum,
3077 1106 3168 1161 sed
3208 1121 3469 1176 augmen-

1875 1207 1987 1252 tum
2026 1197 2190 1268 capit,
2219 1198 2346 1251 dum
2385 1197 2453 1250 ad
2496 1211 2560 1250 ea
2599 1195 2800 1250 crescit
2840 1194 3030 1249 oculus
3065 1209 3184 1264 qua
3216 1195 3465 1249 intendit.

1873 1287 2018 1355 Ergo
2072 1289 2349 1356 propheta:
2407 1286 2586 1352 oculi,
2643 1301 2766 1341 cum
2818 1284 3077 1339 deficiunt
3124 1299 3235 1354 prta
3292 1285 3470 1355 lacry-

1875 1379 2000 1440 mis,
2034 1377 2250 1448 1389
2289 1392 2396 1430 non
2430 1377 2609 1430 minus
2655 1389 2721 1431 ea
2767 1382 2998 1429 cernunt
3047 1389 3168 1443 quae
3217 1374 3467 1444 diligunt,

1877 1483 2040 1537 quam
2072 1483 2192 1537 quae
2247 1466 2433 1520 dolent
2465 1474 2522 1520 et
2565 1463 2846 1534 plangunt.
2879 1461 3036 1518 Unde
3087 1474 3145 1517 et
3191 1463 3471 1517 ardentius

1878 1566 2030 1612 tanto
2058 1559 2194 1612 adeo
2221 1570 2280 1610 se
2305 1556 2564 1626 dirigunt,
2603 1568 2727 1624 quae
2777 1562 3020 1616 manent,
3045 1561 3249 1620 quanto
3286 1552 3475 1606 vident

1880 1647 2079 1702 clarius
2107 1645 2381 1701 amariora
2425 1659 2548 1700 esse
2599 1651 2656 1698 et
2698 1643 2832 1698 dura
2876 1655 2977 1712 pro
3022 1641 3218 1710 quibus
3263 1640 3467 1696 dolent.

1881 1738 2132 1809 Alioquin
2165 1738 2370 1792 sanctis
2396 1751 2612 1807 semper
2649 1734 2836 1791 dulces
2864 1743 2993 1790 sunt
3014 1735 3290 1805 lacrymae,
3318 1743 3374 1789 et
3401 1733 3472 1792 ad

181 1865 330 1934 Ergo
358 1879 422 1918 ea
452 1878 571 1932 quae
605 1861 749 1913 intus
777 1856 929 1926 quasi
960 1855 1385 1913 iuveterascunt,
1415 1849 1540 1902 dum
1577 1846 1777 1900 veteris
1805 1835 1852 1895 Β
1879 1831 2060 1885 Omnia
2110 1829 2603 1899 ilnpmsellliamm
2647 1833 3029 1896 οοηενυθηιθεο
3072 1824 3303 1895 Propter
3325 1827 3470 1894 (Ιυοά

1881 1923 1919 1934 ..
2000 1922 2050 1934 ..
2116 1918 2155 1934 ,η
2335 1928 2346 1934 -
2401 1919 2411 1930 .
2781 1914 2819 1934 ,κ
3055 1930 3179 1934 __-_
3395 1913 3470 1934 4,.

179 1952 426 2009 hominis
473 1950 622 2004 lucra
671 1953 969 2008 sectantur,
1003 1941 1133 2012 quid
1183 1939 1329 1993 aliud
1377 1951 1540 2006 quam
1584 1935 1780 1990 cariosi

184 2057 372 2106 senes,
402 2041 468 2096 de
505 2037 723 2108 specula
769 2033 1007 2090 cmlestis
1043 2031 1168 2084 vitre
1216 2027 1451 2099 prolapsi
1501 2025 1554 2080 in
1612 2033 1778 2090 terra,

188 2135 569 2191 conticescunt
613 2145 642 2184 a
687 2126 844 2184 bonis
869 2146 881 2179 :
911 2133 968 2180 et
1003 2126 1046 2177 si
1079 2122 1362 2176 videantur
1386 2128 1496 2174 tota
1535 2118 1643 2182 die,
1681 2117 1783 2170 im-

185 2225 608 2299 praesentiarum
632 2220 903 2282 videlicet,
937 2213 1153 2285 negotia
1197 2211 1321 2265 vitae
1357 2209 1519 2280 hujus
1545 2207 1784 2262 clamare

197 2297 270 2370 ac
316 2311 626 2383 requirere?
668 2309 820 2366 Unde
869 2314 926 2361 et
972 2304 1094 2359 tiliae
1138 2301 1292 2368 Sion,
1321 2299 1528 2355 scilicet
1565 2297 1781 2360 animae,

197 2407 422 2478 1388
453 2414 690 2460 mentem
743 2416 904 2471 quam
955 2397 1198 2470 polluere
1247 2394 1446 2449 talibus
1477 2406 1584 2446 non
1617 2389 1786 2459 perti-

190 2507 449 2555 mescunt
472 2497 706 2558 actibus,
728 2492 858 2562 quid
884 2490 1027 2546 aliud
1057 2504 1216 2560 quam
1247 2486 1466 2557 pulvere
1496 2487 1788 2552 aspergunt

193 2589 405 2664 caput?
448 2587 656 2642 Deinde
701 2585 958 2639 vitiorum
1005 2581 1136 2636 setis
1164 2574 1574 2634 circumamicta
1607 2581 1663 2626 et
1696 2585 1788 2625 ca-

191 2698 420 2758 prarum
452 2681 576 2754 pilis
619 2679 877 2752 gloriam,
909 2689 1070 2745 quam
1125 2673 1181 2726 in
1223 2667 1534 2726 ccelestibus
1587 2663 1789 2719 habere

194 2751 434 2846 poterat,
454 2751 647 2826 mente
690 2767 876 2837 iacens
923 2765 976 2818 in
1026 2771 1169 2816 terra
1216 2758 1482 2821 devolvit,
1517 2756 1689 2810 donec
1733 2751 1788 2806 in

193 2840 478 2936 pulverem
512 2866 818 2914 revertatur
847 2868 974 2909 caro
1022 2851 1162 2904 unde
1193 2857 1406 2916 sumpta
1433 2853 1541 2908 est,
1569 2852 1624 2898 et
1667 2840 1790 2894 linis

199 2934 318 3024 eius
343 2952 598 3011 interitus
625 2952 720 3006 ﬁat
750 2947 1113 3017 sempiternus
1143 2941 1296 3012 (Gen.
1321 2955 1415 3003 tn;
1461 2935 1655 3006 Philip.
1681 2934 1786 3004 ιιι).

925 3099 1079 3139 CAP“.

1881 1922 2072 1984 David,
2108 1918 2368 1979 Fuerunt.
2401 1917 2598 1987 inquit,
2619 1917 2747 1969 mihi
2776 1914 3024 1984 lacryma:
3051 1930 3181 1968 mea:
3208 1931 3367 1982 panes
3387 1913 3474 1967 die

1881 2029 1944 2066 ac
1967 2021 2113 2064 nocte
2139 2007 2312 2079 (Psal.
2329 2008 2464 2077 xu),
2491 2006 2543 2060 in
2567 2005 2843 2075 prosperis
2855 2003 3104 2058 videlicet
3123 2012 3177 2056 et
3201 2003 3252 2056 in
3281 2002 3474 2057 adver-

1881 2103 1977 2165 sis,
2008 2101 2130 2169 quia
2154 2099 2296 2152 sicut
2332 2096 2490 2167 panis
2519 2095 2586 2149 ad
2611 2095 2817 2160 omnia,
2863 2109 2985 2162 quas
3032 2093 3087 2146 in
3128 2092 3315 2146 usibus
3344 2091 3475 2144 vitm

1882 2191 2126 2253 veniunt,
2158 2188 2373 2243 videtur
2398 2199 2740 2257 congruere:
2777 2185 2852 2239 ita
2893 2184 3146 2253 lacrymae
3191 2182 3244 2235 in
3271 2180 3476 2235 dolori-

1883 2287 1984 2343 bus
2023 2295 2078 2340 et
2120 2283 2406 2355 angustiis,
2445 2280 2498 2334 in
2527 2275 2803 2348 pressaris
2832 2283 2889 2329 et
2920 2271 3383 2335 tribulationibus,
3415 2271 3471 2324 in

1885 2377 2152 2434 desiderio
2176 2385 2234 2428 et
2266 2372 2482 2428 fervore
2502 2367 2724 2431 amoris,
2749 2365 2914 2421 etiam
2946 2365 2999 2417 in
3023 2364 3221 2434 gaudio
3248 2368 3303 2416 et
3329 2375 3478 2416 com-

1883 2466 2177 2540 put‘tctione
2204 2464 2400 2519 divina:
2428 2457 2840 2515 recordationis.
2872 2453 3072 2509 Fateor
3103 2454 3246 2522 quod
3295 2452 3478 2506 nullus

1887 2562 2084 2616 humor
2115 2554 2362 2626 corporis
2386 2561 2540 2607 tanto
2565 2549 2677 2603 sale
2703 2546 2977 2610 conditur,
3011 2558 3186 2612 neque
3208 2557 3274 2597 eo
3302 2541 3476 2631 magis

1889 2652 2092 2713 anima,
2122 2645 2364 2717 qualibet
2393 2641 2684 2696 afﬂictione
2711 2645 2858 2692 mota
2898 2633 3228 2690 consolatur.
3257 2633 3324 2686 Et
3348 2633 3478 2686 hinc

1889 2741 2144 2812 estquod
2194 2737 2434 2793 Ecclesia
2485 2749 2591 2788 una
2639 2745 2762 2788 cum
2798 2728 3033 2784 Jeremia
3084 2727 3152 2780 ad
3209 2726 3479 2796 lacrymas

1891 2834 2046 2904 quasi
2077 2830 2143 2886 ad
2163 2835 2421 2885 consueta
2444 2822 2645 2878 doloris
2673 2820 2755 2876 sui
2785 2819 3200 2878 medicamenta,
3224 2813 3477 2876 recurrit,

1891 2939 2060 2993 seque
2086 2930 2255 2976 totam
2295 2932 2393 2988 pro
2415 2915 2528 2970 suis
2554 2912 2694 2967 male
2718 2908 2993 2980 perpessis
3020 2905 3280 2960 membris
3305 2904 3359 2957 in
3392 2902 3480 2957 la-

1892 3013 2095 3086 crymis
2117 3008 2428 3071 transfudit,
2463 3006 2534 3059 ita
2566 3013 2622 3057 ut
2651 3016 2780 3057 vere
2809 3015 2933 3055 cum
2981 2997 3242 3067 propheta
3283 2993 3434 3048 dicat
3463 3008 3478 3047 :

1894 3105 2205 3174 Defecerunt
2241 3098 2378 3153 oculi
2402 3096 2502 3149 mei
2529 3110 2638 3162 pra:
2691 3092 2961 3160 lacrymis,
3004 3099 3051 3140 et
3080 3086 3258 3140 omnia
3284 3084 3482 3138 uiscera

278 3229 592 3299 Defecerunt
613 3238 722 3293 prta
750 3217 998 3290 lacrymis
1023 3211 1160 3268 oculi
1186 3211 1308 3274 mei,
1335 3205 1644 3262 conturbata
1668 3214 1788 3256 sunt
1818 3185 1864 3248 C
1894 3210 2009 3248 mea
2041 3190 2349 3247 conturbata
2383 3197 2524 3240 sunt.
2560 3183 2636 3237 De
2662 3181 2858 3251 quibus
2888 3177 3146 3232 nimirum
3175 3171 3485 3228 visceribus

1685 3293 1726 3299 _-
1897 3289 1910 3299 .
2277 3282 2352 3299 ιη-
2369 3287 2515 3299 ____-.
2574 3275 2785 3299 --.η-,ΑΛ
2825 3278 3070 3299 ..Ληι-Ληι
3107 3281 3262 3299 mnum
3298 3265 3485 3299 tumltu.

201 3323 407 3376 uiscera
435 3332 576 3380 mea,
606 3312 830 3382 effusum
873 3317 947 3362 est
992 3307 1047 3358 in
1090 3314 1226 3357 terra
1262 3301 1416 3368 jecur
1453 3311 1646 3351 meum.
1684 3293 1795 3347 Nec

202 3413 453 3475 dubium,
483 3407 613 3478 quin
647 3404 836 3459 videns
875 3399 1139 3470 propheta
1176 3391 1557 3449 contritionem
1589 3386 1793 3457 populi,

203 3502 452 3571 nullique
493 3477 644 3552 sexui
680 3493 765 3548 vel
795 3490 939 3546 :etati
984 3491 1166 3542 hostes
1195 3485 1249 3539 in
1277 3497 1408 3538 nece
1435 3493 1680 3550 parcere,
1711 3477 1794 3530 in-

199 3570 575 3665 gentidolore
616 3585 887 3646 turbatus,
917 3580 1042 3634 fletu
1073 3577 1311 3632 maximo
1337 3572 1602 3642 deplorat,
1633 3570 1705 3622 ita
1739 3575 1798 3621 ut

199 3662 352 3741 oculi
402 3695 515 3752 pra:
556 3676 815 3747 lacrymis
850 3673 1164 3736 deﬁcerent,
1193 3677 1247 3722 et
1285 3665 1464 3721 omnis
1487 3662 1798 3732 iucunditas

203 3771 597 3833 delectamenti
645 3776 892 3823 vertatur
934 3767 987 3819 in
1043 3763 1372 3818 anxietatem
1417 3758 1617 3814 cordis.
1661 3755 1799 3822 Quid

200 3869 361 3926 enim
412 3865 585 3935 magis
625 3861 937 3924 dolendum,
977 3871 1139 3927 quam
1187 3854 1331 3924 quod
1379 3851 1527 3905 natio
1577 3849 1798 3918 antiqua

203 3973 404 4018 semen
440 3955 875 4029 patriarcharum
913 3958 1074 4018 atque
1111 3947 1410 4001 amicorum
1454 3942 1572 4006 Dei,
1605 3939 1801 3995 divinis

205 4052 429 4126 legibus
482 4049 721 4110 erudita,
770 4055 826 4100 et
880 4041 1264 4114 prophetarum
1314 4033 1551 4090 oraculis
1609 4030 1802 4100 saepius

207 4117 549 4204 co'nfortata,
596 4140 649 4192 in
705 4145 912 4190 tantam
961 4127 1287 4200 apostasiam
1331 4122 1572 4185 venerit,
1611 4129 1671 4173 ut
1709 4117 1803 4172 Dei

208 4235 303 4291 sui
335 4233 526 4295 ohlita,
557 4237 776 4299 propter
805 4221 1197 4278 immanitatem
1239 4214 1523 4276 scelerum,
1559 4209 1803 4264 tradere-

213 4337 312 4381 tur
337 4325 392 4378 in
434 4297 626 4376 manus
659 4297 931 4372 hostium?
958 4311 1100 4380 Ergo
1124 4303 1496 4377 spiritualitcr,
1527 4297 1806 4367 Quomodo

219 4417 543 4474 defecerunt
564 4412 703 4469 oculi
735 4409 1012 4480 propheta:
1031 4417 1143 4474 pne
1167 4398 1443 4470 lacrymis,
1467 4407 1805 4480 nequaquam

221 4524 352 4564 reor
401 4471 1156 4574 simpliciterlaccipiendum,
1187 4491 1281 4545 sed
1324 4488 1464 4542 sicut
1505 4471 1670 4539 David
1712 4497 1804 4537 ca-

224 4605 307 4656 nit
338 4619 351 4653 :
392 4600 696 4668 Defecerunt
749 4591 884 4647 oculi
926 4587 1029 4642 mei
1056 4587 1110 4639 in
1150 4582 1412 4652 eloquium
1439 4589 1605 4642 tuum,
1639 4576 1813 4629 dicen-

226 4706 302 4747 tes
331 4664 592 4755 :Quumlo
613 4682 962 4740 consolaberis
981 4694 1060 4731 me
1075 4677 1100 4730 .9
1114 4672 1286 4746 (Paul.
1309 4670 1521 4738 cxvnt.)
1545 4664 1814 4721 Laudabi-

226 4785 297 4838 lis
328 4781 546 4851 quidem
576 4787 630 4831 et
663 4775 788 4829 felix
814 4772 1072 4832 defectus,
1107 4783 1212 4820 non
1245 4762 1466 4818 veniens
1495 4775 1562 4814 ex
1589 4757 1811 4812 inﬁrmi-

226 4850 356 4932 tate
380 4872 584 4934 carnis,
613 4871 705 4924 sed
751 4883 817 4921 ex
855 4861 1172 4918 fortitudine
1208 4852 1462 4912 desiderii
1494 4869 1508 4904 :
1539 4850 1662 4920 quia
1693 4863 1812 4902 om-

224 4969 371 5024 nino
414 4977 568 5018 mens
605 4966 937 5018 sanctorum,
962 4967 1084 5007 cum
1115 4965 1177 5004 ea
1212 4945 1490 5001 ardentius
1525 4939 1814 4995 intentius-

226 5073 346 5130 que
379 5052 610 5110 intendit
637 5064 758 5120 qutc
788 5062 894 5101 non
925 5044 1174 5097 videntur
1213 5046 1270 5092 et
1307 5034 1637 5104 sempiterna
1669 5035 1815 5092 sunt,

228 5119 426 5206 deﬁcit
465 5147 533 5200 ab
589 5141 786 5197 intuitu
832 5151 1021 5192 eorum
1063 5130 1335 5190 exterius,
1384 5140 1504 5195 quae
1539 5119 1823 5192 prmsentis

231 5245 372 5299 vita:
396 5248 454 5294 et
483 5252 621 5291 vana
649 5242 794 5290 sunt.
831 5227 1108 5298 Siquidem
1136 5222 1227 5276 alii
1258 5227 1384 5274 sunt
1410 5215 1497 5270 isti
1529 5213 1670 5268 oculi
1697 5227 1821 5267 car-

236 5335 358 5399 nei,
398 5331 488 5387 alii
533 5329 623 5400 qui
671 5325 842 5397 aperti
890 5328 1038 5384 sunt,
1067 5313 1286 5388 quando
1324 5310 1496 5365 Adam
1536 5304 1699 5377 (Gen.
1740 5302 1824 5373 ιιι)

235 5425 486 5501 gustavit
512 5398 692 5476 vetitae
727 5414 936 5470 arboris
970 5423 1188 5482 pomum
1216 5425 1228 5460 :
1258 5404 1370 5467 alii,
1400 5401 1491 5470 qui
1536 5398 1826 5452 laudantur

237 5485 298 5575 in
342 5503 558 5586 sponsa,
587 5511 654 5566 de
682 5506 876 5578 quibus
911 5504 1110 5558 dicitur
1159 5500 1213 5554 in
1258 5494 1518 5555 Canticis,
1553 5488 1708 5544 Oculi
1751 5485 1828 5540 tui

240 5580 608 5664 columbarum
634 5601 811 5674 (Cant.
837 5598 897 5668 ι).
922 5595 1030 5651 Sed
1060 5607 1182 5647 cum
1214 5589 1302 5643 isti
1336 5586 1427 5656 qui
1455 5580 1826 5638 columbarum

241 5700 539 5754 laudantur
588 5671 846 5749 divinitus
891 5685 1164 5747 illustrati,
1200 5679 1386 5751 purius
1430 5685 1590 5744 atque
1636 5671 1831 5724 arden-

245 5794 360 5846 tius
401 5785 640 5843 ctelestia
689 5779 1121 5846 contrmplantur
1161 5767 1439 5840 mysteria,
1472 5778 1660 5818 omnes
1705 5759 1831 5814 reli-

1889 3289 2003 3358 jam
2035 3300 2199 3354 supra
2237 3282 2542 3351 planxerat,
2571 3275 2788 3344 quando
2825 3278 3072 3326 ventrem
3107 3281 3264 3321 suum
3298 3265 3487 3319 turba—

1895 3352 2010 3433 tum
2040 3352 2256 3431 dolebat
2284 3389 2298 3424 :
2328 3369 2547 3440 quippe,
2570 3365 2699 3434 quia
2729 3363 2832 3416 hoc
2879 3365 3006 3413 sunt
3054 3355 3286 3417 viscera,
3334 3352 3482 3422 quod

1897 3478 2107 3531 venter,
2131 3463 2358 3533 eoqnod
2381 3461 2523 3513 intra
2564 3457 2739 3527 ipsum
2783 3459 2910 3514 sunt
2943 3447 3100 3520 quasi
3145 3443 3486 3514 receptacula

1899 3555 2235 3614 colluvionis.
2263 3552 2370 3606 Per
2391 3564 2530 3619 quae,
2559 3555 2619 3600 ut
2657 3545 2773 3614 jam
2822 3541 3026 3596 dictum
3053 3545 3167 3600 est,
3196 3534 3488 3589 multitudo

1899 3650 2156 3710 ﬁdelium,
2189 3659 2309 3714 quae
2329 3639 2526 3696 divinis
2546 3636 2786 3707 quotidie
2815 3632 2955 3686 infra
2981 3639 3193 3685 uterum
3220 3627 3484 3682 Ecclesia:

1900 3741 2136 3812 repletur
2157 3734 2454 3796 alimentis,
2477 3728 2762 3799 accipitur.
2795 3723 2901 3779 Sed
2923 3728 3194 3778 commota
3223 3733 3482 3790 pressura

1903 3828 2242 3890 tentationis,
2278 3831 2369 3878 aut
2402 3837 2499 3893 pro
2532 3819 2802 3875 cruditate
2827 3813 3108 3877 doctrinae,
3140 3819 3235 3864 aut
3275 3823 3490 3864 morum

1901 3923 2172 3994 pravitate
2206 3933 2327 3973 mox
2369 3914 2783 3975 conturbantur,
2807 3917 2865 3964 et
2900 3906 3047 3962 velut
3072 3918 3224 3960 mare
3256 3902 3489 3964 fervent,

1905 4033 2004 4087 pro
2031 4014 2226 4084 quibus
2251 4008 2580 4066 excelsiores
2608 4003 2802 4058 animae
2835 3999 3206 4054 indesinenter
3232 4008 3416 4050 curam
3439 4002 3496 4048 et

1905 4084 2322 4162 sollicitudinem
2347 4104 2561 4169 gerunt.
2595 4092 2750 4150 Unde
2779 4099 2835 4146 et
2882 4086 3150 4150 Ecclesia,
3181 4084 3339 4153 quasi
3369 4098 3496 4152 par-

1909 4197 2116 4252 turiens
2173 4211 2187 4246 :
2241 4188 2564 4245 Conturbata
2607 4192 2749 4248 sunt,
2790 4180 2986 4252 inquit,
3035 4179 3233 4234 uiscera
3275 4189 3409 4236 mea,
3444 4183 3499 4228 et

1909 4287 2134 4356 effusum
2156 4290 2231 4336 est
2255 4281 2310 4334 in
2340 4290 2482 4333 terra
2508 4277 2663 4347 jecur
2681 4289 2873 4327 meum.
2898 4269 3032 4325 Nam
3057 4283 3154 4340 per
3175 4267 3354 4338 jecur,
3385 4264 3501 4319 exi-

1910 4354 2093 4439 stimo,
2127 4372 2200 4427 illi
2233 4377 2381 4424 recte
2403 4367 2780 4437 intelliguntur
2804 4362 2896 4433 qui
2919 4361 3216 4429 locupletes
3239 4357 3291 4410 in
3322 4354 3503 4410 Eccle-

1913 4470 1994 4524 sia
2029 4465 2178 4522 curis
2203 4472 2258 4518 et
2281 4458 2646 4530 voluptatibus
2669 4455 2984 4511 deserviunt
3009 4470 3022 4506 :
3053 4450 3196 4504 sicut
3212 4455 3270 4502 et
3289 4445 3501 4516 physici

1843 4535 1891 4594 θ
1914 4559 2385 4632 philosophantur,
2417 4551 2560 4620 quod
2587 4550 2639 4603 in
2667 4548 2852 4618 jecore
2871 4544 3119 4614 voluptas
3159 4548 3216 4595 et
3243 4537 3504 4606 concupi-
3536 4548 3551 4558 ·

1914 4631 2120 4710 scentia
2149 4649 2328 4704 sedem
2369 4644 2640 4705 habeant;
2684 4639 2827 4695 unde
2871 4637 3008 4693 tales
3045 4642 3231 4690 monet
3272 4631 3506 4700 Aposto-

1915 4745 1998 4799 lus
2028 4739 2292 4804 revocari,
2325 4752 2392 4791 ne
2424 4741 2647 4804 sperent
2672 4732 2728 4785 in
2769 4731 2982 4784 incerto
3020 4725 3354 4783 divitiarum,
3387 4722 3506 4779 sed.

1913 4837 2002 4907 qui
2029 4834 2238 4893 habent,
2269 4828 2461 4897 inquit,
2493 4827 2568 4879 sic
2586 4821 2867 4893 aint’quasi
2895 4835 2998 4872 non
3016 4816 3293 4878 habentes;
3336 4820 3386 4867 et
3415 4813 3507 4881 qui

1917 4903 2138 4983 utamur
2163 4927 2260 4978 hoc
2280 4921 2500 4984 mundo,
2534 4928 2784 4986 tanquam
2807 4929 2913 4967 non
2941 4919 3142 4964 utentes
3170 4908 3316 4971 sint;
3347 4913 3396 4959 et
3419 4903 3508 4974 qui

1917 5017 2204 5090 possident,
2228 5025 2478 5082 tanquam
2508 5024 2610 5062 non
2635 5005 2955 5076 possidentes
2977 4997 3027 5071 (I
3052 4997 3178 5052 Cor.
3215 4994 3313 5062 vt).
3353 4992 3506 5047 Alio-

1921 5085 2050 5183 quin
2079 5124 2203 5164 cum
2230 5107 2285 5162 hi
2311 5119 2370 5161 se
2397 5101 2678 5159 eﬂ‘undunt
2701 5113 2798 5170 per
2817 5095 2966 5150 varia
3009 5090 3192 5148 mundi
3215 5085 3504 5146 desideria,

1923 5214 1980 5260 et
2019 5202 2264 5257 relaxant
2311 5196 2465 5251 frena
2513 5187 3076 5260 concupiscentiarum
3103 5223 3119 5246 ,
3175 5179 3305 5249 quid
3362 5175 3508 5232 aliud

1926 5310 2090 5368 quam
2113 5291 2273 5361 jecur
2303 5285 2561 5344 Ecclesiae
2590 5284 2642 5338 in
2681 5291 2824 5336 terra
2856 5273 3187 5333 etl’unditur?
3232 5269 3364 5324 Nam
3390 5267 3509 5336 qui,

1932 5366 2075 5445 sicut
2098 5385 2258 5440 docet
2288 5376 2596 5450 Apostolus,
2624 5374 2848 5434 habent,
2874 5377 2935 5422 ut
2959 5369 3033 5423 ita
3075 5366 3274 5425 dicam,
3304 5373 3507 5416 concu-

1933 5478 2226 5554 piscentias
2246 5474 2406 5543 hujus
2430 5472 2555 5525 vitae
2579 5477 2632 5523 et
2662 5465 2992 5534 voluptates,
3023 5475 3119 5516 eas
3141 5455 3397 5513 videlicet
3421 5466 3512 5507 res

1935 5543 1988 5628 in
2023 5569 2219 5642 quibus
2246 5558 2680 5634 concupiscentia
2726 5554 2965 5610 nutritur
2997 5551 3212 5624 13m
3263 5549 3354 5602 vix
3393 5543 3515 5600 sine

1935 5680 2032 5719 sua
2052 5641 2393 5717 relaxatioue
2429 5654 2486 5709 in
2527 5660 2671 5706 terra
2701 5661 2764 5703 ea
2789 5645 2973 5700 valent
3013 5641 3284 5713 amplecti.
3311 5641 3518 5707 quanto

1937 5754 2112 5826 magis
2141 5764 2264 5808 cum
2293 5759 2478 5803 omnes
2503 5736 3058 5810 concupiscentiarum
3082 5732 3306 5787 habente
3337 5736 3521 5782 taxan-
