4048 6352
664 281 800 337 H21

1478 282 1537 336 S.
1579 281 1935 339 PASCl-lASll
1977 277 2327 335 RADBERTI
2365 278 2654 334 ABBATIS
2692 278 3142 336 CORBEIENSIS

3706 301 3804 360 “28

664 397 788 453 tur?
819 395 972 452 Unde
993 408 1215 463 gemens
1243 393 1503 455 Ecclesia,
1549 411 1647 464 pro
1678 395 1875 450 talibus
1896 395 2122 463 effusum
2145 405 2242 459 est,
2277 400 2323 456 Α
2350 394 2559 464 plateas
2590 393 2751 464 hujus
2800 394 2984 449 saeculi
3031 395 3170 451 male
3195 396 3401 469 dilapsa,
3428 417 3520 459 nou
3561 419 3631 463 est
3647 425 3730 481 quo
3749 425 3804 480 sei

664 489 758 551 ait,
779 488 935 557 jecur
954 503 1127 540 meum
1151 487 1205 540 in
1233 497 1393 540 terra.
1427 486 1490 540 Et
1521 486 1815 542 notandum
1848 487 1991 555 quod
2014 502 2120 540 non
2149 485 2247 539 he-

660 595 761 649 par
783 580 902 634 sine
936 577 1059 633 felle
1081 578 1313 632 habetur
1343 594 1356 630 :
1390 577 1461 631 ita
1499 586 1556 631 et
1601 578 1822 641 divitiae,
1855 577 2040 631 nescio
2068 577 2112 631 si
2151 592 2251 630 un-

661 688 825 743 quam
869 672 987 726 sine
1011 670 1372 724 amaritudine
1402 671 1802 738 possideantur.
1832 669 2038 724 Dicitur
2068 677 2249 723 autem

659 762 804 833 quod
839 762 905 816 ad
930 775 989 816 se
1014 759 1196 814 calore
1231 775 1329 813 suo
1369 774 1590 813 succum
1621 758 1865 813 ciborum
1896 758 2094 823 trahat,
2127 773 2250 812 ver-

663 861 847 922 tatque
888 851 944 904 in
968 851 1304 921 sanguinem,
1333 863 1495 917 quem
1525 863 1658 902 sane
1691 848 1758 901 ad
1788 863 1944 902 usum
1990 846 2247 916 pascendi

659 944 1038 1013 nutriendique
1065 941 1290 1010 singulis
1322 941 1580 995 membris
1607 941 1834 1011 pnebet,
1875 948 1932 995 et
1957 941 2059 996 hoc
2111 941 2249 994 forte

659 1045 765 1101 est,
791 1036 936 1106 quod
965 1033 1256 1104 Apostolus
1282 1032 1483 1087 docet:
1529 1032 1597 1086 Et
1638 1034 1728 1103 qui
1773 1033 1985 1097 habent,
2029 1032 2106 1086 sic
2141 1033 2246 1086 sint

657 1129 810 1198 quasi
858 1145 962 1181 non
1006 1127 1272 1188 habentes,
1315 1133 1375 1179 ut
1425 1127 1478 1180 in
1544 1129 1809 1197 sanguine
1855 1125 2245 1196 redemptionis

659 1231 771 1270 suae
804 1231 866 1270 ea
899 1223 1137 1278 vertant,
1167 1223 1221 1268 et
1246 1213 1473 1284 singulis
1503 1215 1757 1270 Ecclesia:
1781 1214 2060 1278 membris,
2089 1215 2246 1284 quasi

655 1324 722 1360 ex
756 1305 1082 1360 abundantia
1108 1305 1409 1376 sanguinis,
1436 1315 1650 1376 pastum
1683 1316 1738 1360 et
1767 1305 2081 1360 alimentum
2108 1322 2246 1375 prae-

654 1397 838 1451 beant.
869 1395 1005 1450 Hinc
1024 1410 1238 1466 quoque
1265 1396 1546 1466 sequitur:
1583 1397 1754 1466 Super
1788 1397 2152 1451 contritionem
2174 1398 2244 1466 ﬁ-

653 1489 742 1541 litc
768 1487 950 1558 populi
981 1488 1100 1552 mei,
1145 1503 1264 1541 cum
1303 1487 1543 1556 deﬁceret
1571 1486 1820 1557 parvulus
1857 1497 1906 1542 et
1948 1486 2146 1540 lactens
2187 1487 2243 1541 in

651 1577 840 1649 pluteis
869 1579 1064 1647 oppidi.
1094 1577 1172 1634 Ac
1199 1579 1243 1632 si
1270 1578 1477 1633 diceret
1501 1592 1516 1630 :
1544 1577 1788 1646 Eﬂ'usum
1808 1587 1884 1632 est
1899 1577 2053 1646 jecur
2069 1593 2240 1631 meum

652 1671 709 1723 in
749 1683 913 1736 terra,
944 1687 1102 1740 super
1128 1671 1492 1724 contritionem
1539 1671 1667 1737 ﬁlice
1709 1669 1890 1740 populi
1929 1670 2032 1724 mei
2062 1686 2080 1724 :
2113 1670 2238 1738 quia

2358 493 2546 550 vertat,
2593 484 2700 539 nisi
2749 485 2817 540 ad
2861 485 3130 556 lacrymas
3157 527 3171 552 ,
3209 503 3272 543 ex
3321 493 3524 560 quibus,
3567 496 3669 554 licet
3704 505 3807 560 oculi

2353 583 2668 645 graventur,
2684 573 2874 630 saltem
2891 573 3108 631 fletibus
3122 578 3423 636 consolatur.
3453 583 3584 640 Unde
3596 591 3808 660 sequitur-

3054 684 3222 722 LAIED

2423 757 2684 813 Matribus
2711 759 2821 813 suis
2852 759 3099 813 dixerunt
3127 774 3141 813 :
3165 759 3259 814 Ubi
3279 771 3346 816 est
3381 763 3582 820 triticum
3600 779 3638 823 et
3665 772 3812 839 vinum,

2351 865 2468 903 cum
2491 850 2767 918 deﬁcerent
2790 852 2941 920 quasi
2963 851 3216 906 vulnerati
3248 854 3300 907 in
3322 854 3489 924 plateis
3516 860 3714 928 civitatis,
3731 860 3814 918 cum

2349 942 2658 996 exhalarent
2680 944 2885 997 animos
2904 961 3028 997 suas
3068 944 3122 997 in
3148 946 3262 998 sinu
3297 959 3504 1002 matrum
3532 957 3818 1010 suarumllu-

2349 1035 2481 1090 dzeis
2503 1037 2646 1106 quod
2665 1037 2830 1092 etiam
2878 1039 3146 1093 atrociora
3176 1042 3481 1113 contigerint
3506 1045 3616 1100 nulli
3639 1048 3814 1103 dubium.

2349 1125 2542 1181 Nostra
2569 1143 2697 1182 vero
2722 1127 3024 1184 Jerusalem
3071 1145 3253 1185 amara
3279 1133 3458 1202 plorat,
3482 1137 3592 1205 quia
3631 1154 3818 1195 numero-

2347 1215 2460 1270 sior
2488 1215 2604 1284 ejus
2624 1233 2748 1288 pars
2778 1217 3061 1274 vulnerata
3091 1220 3155 1291 in
3173 1221 3359 1290 plateis
3379 1225 3630 1280 exhalatur
3648 1245 3741 1282 cum
3759 1246 3817 1284 re-

2345 1305 2475 1361 licto
2495 1317 2724 1376 augusto
2744 1308 2962 1374 itinere,
2985 1310 3103 1366 vias
3123 1312 3310 1382 arripit
3329 1312 3718 1387 latioreswattlt.
3734 1321 3820 1389 ru).

2346 1399 2493 1454 lnter
2527 1415 2662 1470 quas
2700 1400 2788 1456 illa
2834 1402 3087 1456 nimirum
3115 1405 3335 1470 corruit,
3380 1422 3490 1477 qua:
3514 1409 3744 1464 recordata
3761 1415 3818 1466 sui

2345 1491 2587 1557 ftederis,
2624 1493 2678 1548 in
2719 1494 2979 1559 Cauticis,
3006 1497 3337 1566 gemebunda
3374 1514 3604 1569 sponsum
3637 1502 3820 1570 quaerit:

2346 1580 2594 1648 Quwsivi,
2621 1585 2813 1653 inquit,
2845 1601 2988 1652 eum,
3009 1596 3058 1640 et
3096 1603 3200 1641 non
3222 1589 3402 1652 inveni,
3424 1591 3585 1644 vocari
3606 1600 3743 1658 etnon
3763 1609 3818 1644 re-

2341 1672 2548 1740 spondit
2598 1673 2762 1737 nti/ii;
2810 1689 2877 1727 ac
2918 1674 3114 1730 deinde
3147 1693 3160 1731 :
3199 1674 3496 1732 Invenerunt
3531 1695 3599 1731 me
3635 1676 3835 1744 custodes,

651 1757 890 1813 Ecclesia
917 1757 1140 1821 Christi,
1187 1774 1306 1827 qua:
1356 1758 1465 1812 lilia
1495 1767 1806 1813 sanctorum
1839 1758 1963 1826 jure
1992 1767 2239 1824 vocatur,
2272 1777 2317 1837 Β
2345 1764 2432 1834 qui
2455 1764 2778 1819 circumeunt
2801 1767 3059 1820 civitatem
3085 1783 3104 1821 :
3133 1777 3486 1838 percusserunt
3513 1785 3602 1834 me,
3633 1780 3670 1822 et
3700 1769 3822 1823 vulne-

653 1857 781 1902 tuuc
793 1849 1093 1903 conteritur
1112 1859 1166 1904 et
1190 1847 1420 1904 allii-itur
1436 1850 1837 1911 tentatiouibus,
1854 1850 2070 1920 quando
2085 1851 2242 1920 jecur

651 1937 840 2006 ipsius,
870 1939 1064 1993 divites
1104 1937 1353 1994 videlicet
1397 1949 1451 1994 et
1499 1948 1768 2009 potentes,
1823 1941 1876 1994 in
1921 1941 2152 1996 terrenis
2179 1957 2239 1997 se

647 2026 930 2080 eﬁ‘unduut
955 2027 1262 2092 desideriis,
1287 2037 1343 2083 et
1362 2029 1474 2084 sola
1506 2044 1625 2097 qua:
1655 2031 1939 2099 praesentis
1963 2031 2088 2086 vita:
2111 2040 2240 2086 sunt

649 2119 878 2173 inhiant.
909 2120 1063 2175 Tunc
1111 2121 1296 2190 itaque
1334 2122 1584 2191 parvulus
1627 2132 1676 2176 et
1709 2124 1909 2177 lactens
1952 2125 2006 2176 in
2048 2123 2235 2194 plateis

647 2209 827 2278 oppidi
851 2210 1126 2275 deticiunt,
1155 2213 1372 2280 quando
1414 2211 1544 2265 tales
1587 2211 1735 2264 omni
1766 2210 2021 2267 felicitate
2051 2213 2234 2268 saeculi

646 2302 923 2356 abundare
947 2302 1217 2357 videntur.
1244 2301 1339 2357 Sin
1369 2302 1524 2367 alias,
1557 2303 1658 2358 nisi
1693 2304 1900 2373 parvuli
1929 2313 1986 2358 et
2033 2304 2236 2360 lacten-

647 2402 727 2448 tes
761 2401 944 2447 eSsent
991 2393 1044 2447 in
1096 2395 1209 2448 tidc
1256 2403 1312 2448 et
1341 2395 1589 2449 doctrina
1634 2393 1858 2458 Christi,
1900 2410 1998 2464 pro
2037 2395 2234 2452 talibus

644 2498 917 2552 nunquam
950 2483 1003 2538 in
1044 2484 1237 2553 plateis
1260 2484 1578 2540 deficerent.
1636 2484 1773 2540 llinc
1802 2494 1857 2540 et
1905 2487 2093 2552 David,
2125 2486 2233 2540 Mei

641 2585 836 2637 autem,
863 2575 1058 2644 inquit,
1082 2591 1212 2643 pene
1241 2575 1368 2628 moti
1391 2584 1514 2628 sunt
1551 2575 1726 2644 pedes,
1766 2592 1894 2643 pene
1928 2576 2084 2644 effusi
2108 2587 2232 2630 sunt

638 2681 846 2733 gressus
872 2668 974 2720 mei
1003 2665 1178 2736 (Psal.
1211 2666 1560 2736 Lxxu).Quia
1593 2667 1764 2720 zelavi
1793 2681 1956 2737 super
1986 2669 2224 2738 iniquos,

637 2772 826 2826 pacem
847 2768 1192 2828 peccatorum
1218 2759 1425 2814 videns.
1457 2759 1903 2829 Quandoquidem
1945 2770 2230 2816 moventur

637 2852 803 2918 pedes
829 2866 950 2905 cum
975 2851 1078 2905 fide
1100 2851 1328 2920 parvuli,
1353 2859 1405 2905 et
1427 2851 1478 2904 in
1505 2852 1748 2906 doctrina
1769 2853 2001 2907 necdum
2026 2853 2226 2920 idonei,

636 2941 818 2996 zelant
839 2955 1025 2994 eorum
1054 2940 1364 2994 felicitatem
1387 2941 1476 3009 qui
1511 2940 1740 2995 terrenis
1770 2941 2093 2995 incumbunt
2140 2941 2226 2994 lu-

634 3031 785 3096 cris,
835 3030 1202 3098 relinquentes
1256 3031 1402 3084 viam
1449 3040 1757 3100 angustam,
1801 3048 1921 3100 qua:
1966 3032 2110 3084 ducit
2153 3032 2222 3084 ad

2347 1868 2590 1910 raverunt
2645 1874 2745 1924 me,
2788 1858 3019 1912 tulerunt
3049 1860 3268 1928 pallium
3309 1876 3471 1914 meum
3507 1861 3619 1914 mihi
3655 1863 3820 1915 custodes

2341 1964 2613 2001 murorum
2639 1947 2816 2018 (Cant.
2842 1950 2918 2019 5).
2951 1950 3081 2017 Quae
3108 1951 3372 2020 profecto,
3390 1954 3432 2005 si
3447 1953 3612 2022 sponsi
3629 1949 3818 2005 frueretur

2340 2041 2488 2095 intus
2505 2041 2868 2112 amplexibus,
2897 2041 3032 2096 foris
3056 2043 3334 2098 vulnerata
3350 2058 3450 2097 non
3471 2052 3614 2098 esset.
3636 2041 3718 2097 Sed
3735 2043 3822 2112 quia

2339 2135 2597 2203 parvulus
2634 2145 2691 2189 et
2718 2134 2945 2199 lactens,
2976 2145 3034 2188 ut
3072 2144 3300 2205 uterque
3320 2151 3476 2191 sexus
3496 2135 3822 2204 comprehenda-

2341 2234 2449 2290 tur,
2481 2226 2700 2281 latiores
2726 2228 2848 2280 vitae
2898 2228 3013 2280 vias
3041 2235 3322 2296 expetunt,
3367 2235 3420 2281 et
3467 2226 3649 2294 longius
3680 2225 3822 2294 plateas

2336 2317 2496 2388 hujus
2520 2319 2701 2373 saeculi
2727 2319 3028 2389 requirunt,
3055 2319 3398 2390 pervagando
3426 2335 3523 2373 una
3538 2333 3641 2373 cum
3662 2316 3821 2387 prodigo

2335 2425 2402 2466 ex
2429 2411 2720 2481 Evangelia
2757 2411 2888 2477 lilio,
2923 2411 3197 2466 universis
3253 2410 3600 2480 exspoliantur
3634 2408 3766 2467 bonis,
3787 2414 3823 2459 et

2333 2501 2477 2556 fame
2502 2511 2732 2570 pereunt
2759 2502 2909 2572 (Luc.
2941 2502 3056 2572 xv).
3090 2502 3159 2556 Et
3187 2503 3315 2557 hinc
3337 2511 3420 2558 est
3439 2501 3569 2570 quod
3592 2509 3824 2554 sanctorum

2332 2598 2531 2654 chorus
2557 2597 2719 2668 luget.
2761 2597 3046 2663 Matribus,
3074 2600 3351 2670 inquiunt,
3378 2600 3482 2653 suis
3507 2599 3708 2651 dixerunt
3727 2607 3739 2643 :
3758 2588 3823 2644 Ubi

2330 2701 2406 2744 est
2437 2692 2668 2745 triticum
2693 2703 2742 2745 et
2785 2709 2981 2758 vinum,
3022 2710 3143 2746 cum
3173 2695 3448 2762 deﬁcerent
3470 2694 3606 2765 quasi
3640 2688 3826 2744 vulnerati

2329 2781 2385 2834 in
2421 2781 2647 2850 plateis?
2706 2782 2812 2837 Sed
2870 2783 3084 2840 misera:
3135 2796 3382 2850 matres,
3420 2799 3531 2854 quae
3579 2782 3695 2836 filios
3738 2791 3824 2833 suos

2329 2870 2395 2923 ad
2428 2879 2634 2924 tantam
2661 2871 2895 2940 inopiam
2922 2871 3078 2942 longe
3103 2887 3135 2926 a
3167 2882 3326 2943 patre
3354 2873 3678 2927 abduxerunt.

2401 2959 2475 3012 Ex
2507 2975 2615 3029 quo
2646 2961 2940 3014 notandum
2970 2961 3115 3030 quod
3164 2963 3427 3032 parvulus
3472 2972 3522 3018 et
3554 2962 3723 3014 lactens
3761 2956 3828 3025 ipsi

2327 3059 2472 3108 sunt.
2517 3049 2914 3105 adolescentior
2965 3052 3126 3117 filius,
3169 3069 3454 3124 generosae
3502 3049 3748 3106 nobilitatis
3777 3048 3830 3101 in-

632 3121 794 3174 uitam
820 3118 1039 3188 (Matth.
1067 3119 1182 3190 vn),
1213 3127 1412 3174 exeunt
1435 3119 1489 3174 iu
1523 3119 1734 3188 plateis,
1777 3129 1835 3174 et
1859 3117 2137 3175 elfundunt
2166 3135 2224 3175 se

2327 3141 2498 3203 doles,
2529 3143 2624 3197 sed
2655 3157 2751 3197 sua
2777 3145 3158 3215 pervagatione
3201 3155 3259 3201 et
3301 3143 3678 3213 consumptione
3703 3151 3827 3192 rerum

630 3221 692 3267 ut
731 3220 974 3282 pereant.
1026 3210 1197 3266 Porro
1235 3209 1562 3280 tropologice
1590 3211 1730 3266 bene
1755 3209 1934 3264 anima
1962 3209 2215 3280 plorans:

629 3303 966 3372 Defecerunt,
997 3301 1191 3371 inquit,
1239 3316 1349 3371 pra:
1379 3300 1626 3371 lacrymis
1675 3300 1813 3355 oculi
1853 3301 1974 3368 mei,
2005 3301 2222 3370 quando

630 3409 815 3450 amore
866 3393 1118 3464 languida
1149 3393 1297 3448 videt
1341 3392 1550 3447 viscera
1578 3407 1677 3447 sua
1723 3392 1952 3447 interius
1996 3401 2220 3447 contur-

627 3487 768 3550 bari,
796 3500 898 3540 nec
933 3485 1075 3540 valet
1099 3484 1481 3552 conceptiones
1503 3484 1701 3540 mentis
1736 3498 1848 3540 suae
1891 3484 1960 3538 ad
1991 3499 2056 3539 ea
2096 3499 2219 3554 qua:

625 3577 817 3633 oculus
862 3577 1094 3632 intendit
1135 3576 1392 3646 dirigere.
1447 3575 1669 3630 Viscera
1700 3575 1900 3646 quippe
1945 3573 2061 3644 ejus
2090 3583 2216 3630 sunt

627 3669 1013 3740 conceptiones
1082 3667 1496 3736 cogitationum.
1568 3665 1716 3733 Quas
1788 3666 1972 3737 itaque
2015 3681 2212 3721 conce-

626 3762 844 3831 ptiones
905 3759 1052 3813 videt
1115 3758 1345 3812 interius
1409 3757 1723 3812 conturbari
1795 3755 1986 3812 oculus
2053 3765 2214 3810 rectae

627 3852 966 3917 intentionis,
991 3859 1047 3906 et
1071 3851 1255 3906 deficit
1305 3866 1415 3922 pra:
1443 3851 1716 3922 lacrymis,
1745 3866 1845 3907 nec
1878 3851 2022 3906 valet
2050 3850 2213 3906 libere

624 3945 872 3999 contueri
909 3959 973 3999 ea
1000 3960 1121 4013 quae
1149 3945 1321 4014 cupit,
1345 3943 1532 3999 dolore
1563 3959 1783 4013 pressus
1807 3944 2207 3998 amaritudinis.

624 4035 761 4100 Quia
792 4035 1016 4103 eﬂ'usum
1035 4043 1134 4099 est,
1159 4033 1354 4103 inquit,
1386 4035 1444 4088 in
1471 4044 1611 4088 terra
1623 4035 1780 4104 jecur
1809 4051 2003 4100 meum,
2048 4034 2099 4089 id
2127 4043 2211 4089 est

621 4124 801 4178 omnis
848 4123 966 4194 ejus
1011 4124 1265 4178 voluntas
1311 4132 1368 4178 et
1409 4124 1974 4193 concupiscentiarum
2029 4125 2205 4187 luxus,

621 4229 851 4283 quarum
877 4213 1180 4268 colluvione
1205 4213 1370 4268 etiam
1396 4214 1451 4268 in
1485 4227 1549 4267 ea
1596 4213 1810 4268 divinus
1839 4213 1978 4282 ignis
2003 4214 2208 4267 exstin-

621 4305 821 4374 guitur.
846 4305 912 4358 Et
939 4305 1064 4374 quia
1102 4303 1242 4375 ignis
1289 4303 1511 4358 humani
1543 4304 1786 4373 corporis
1832 4304 1887 4358 in
1910 4302 2117 4371 jecore,
2150 4313 2210 4359 ut

619 4397 774 4448 aiunt
795 4395 1120 4465 philosophi,
1147 4395 1329 4449 sedem
1356 4395 1554 4450 habere
1583 4394 1846 4459 creditur,
1885 4396 2010 4450 inde
2035 4410 2206 4465 usque

2322 3233 2528 3303 inopes,
2559 3234 2700 3288 unde
2726 3244 2927 3290 norunt
2952 3235 3147 3304 quibus
3208 3238 3265 3292 in
3294 3237 3454 3292 domo
3475 3233 3628 3304 patris
3666 3230 3729 3285 usi
3747 3235 3830 3282 sunt

2321 3325 2456 3384 cibis
2487 3341 2502 3379 :
2551 3324 2666 3380 Non
2695 3326 2838 3380 enim
2877 3326 3068 3381 aiunt:
3117 3327 3228 3384 Ubi
3277 3337 3365 3383 est
3394 3326 3648 3388 hordeum,
3677 3317 3826 3390 1392

2319 3425 2413 3470 aut
2452 3416 2681 3486 siliqua,
2713 3432 2834 3486 qua:
2879 3416 3115 3473 famelici
3166 3427 3456 3488 gratanter
3496 3417 3741 3486 accipiunt,
3765 3409 3827 3465 sed

2317 3508 2406 3562 ubi
2429 3518 2507 3562 est
2530 3510 2760 3563 triticum
2787 3518 2834 3563 et
2857 3509 3079 3564 vinum?
3103 3509 3325 3566 Norunt
3349 3511 3526 3582 igitur,
3555 3509 3640 3563 etsi
3662 3507 3821 3573 degene-

2318 3613 2405 3653 res
2432 3614 2532 3654 suo
2559 3601 2710 3665 vitio,
2751 3600 2938 3669 quales
2976 3615 3071 3656 eos
3121 3604 3370 3671 primum
3414 3611 3562 3672 pater
3597 3596 3824 3670 genuerit:

2314 3704 2602 3764 propterea
2631 3702 2687 3748 et
2708 3694 2965 3763 prodigus
2993 3693 3082 3748 ille
3106 3694 3257 3750 filius
3285 3694 3626 3764 concupierat
3657 3682 3822 3743 θείω-πί

2315 3784 2382 3838 de
2420 3783 2649 3852 siliquis,
2687 3798 2824 3852 quas
2864 3784 3016 3852 porci
3064 3785 3498 3840 manducabant.
3553 3778 3724 3848 Quanti,
3755 3773 3820 3830 sit.

2313 3874 2624 3928 mercenarii
2672 3874 2942 3927 abundant
2991 3874 3223 3944 panibus
3282 3876 3520 3929 indomo
3565 3871 3700 3943 patris
3729 3861 3826 3917 πιείῖ

2313 3965 2502 4036 (lbid.)
2536 3963 2640 4021 Sed
2669 3974 2724 4020 et
2759 3964 2908 4020 Isaac
2956 3966 3024 4020 de
3069 3966 3183 4021 tilio
3210 3983 3316 4023 suo
3351 3966 3556 4023 Iacob:
3593 3961 3830 4016 Ιτηιηιιπιοι

2313 4055 2508 4124 inquit,
2539 4065 2586 4109 et
2623 4056 2742 4109 vino
2767 4055 2995 4110 stabilivi
3023 4073 3162 4111 eum.
3223 4059 3369 4126 Quia
3416 4056 3641 4128 profecto
3681 4047 3830 4104 duobus

2312 4147 2432 4201 istis
2460 4147 2682 4202 libertas
2704 4149 2962 4217 pascitur,
2996 4158 3058 4202 ut
3093 4163 3243 4219 pane
3287 4148 3631 4205 confirmetur
3666 4155 3740 4197 eor
3761 4138 3830 4192 h0-

2310 4239 2472 4294 minis
2500 4247 2554 4294 et
2575 4239 2721 4304 vino,
2752 4239 2805 4294 id
2843 4247 2928 4294 est
2977 4240 3176 4311 gaudio
3209 4241 3453 4312 Spiritus
3481 4238 3638 4296 sancti
3679 4235 3834 4288 laetetur

2310 4330 2538 4384 interius
2564 4329 2721 4400 (Gen.
2755 4331 2952 4400 xxvu).
2996 4330 3115 4386 Non
3161 4333 3321 4389 enim
3374 4333 3480 4388 alio
3513 4344 3639 4403 pane
3670 4325 3834 4380 libertas

2311 4429 2495 4474 nostra
2540 4421 2732 4482 utitur,
2763 4421 2867 4474 nisi
2915 4421 3097 4491 (Joan.
3140 4431 3291 4492 xui)
3331 4425 3426 4494 qui
3478 4423 3542 4477 de
3588 4429 3730 4489 grano
3753 4410 3832 4464 fru-

559 4487 568 4496 ’
617 4484 684 4538 ad
720 4485 1008 4578 Webmm
1063 4482 1271 4552 1591
1326 4484 1612 4578 ⁵¹¹ῙΝ⁰¹Ῠ³⁸
1642 4500 1656 4539 ³
1703 4483 1896 4578 ἀθίθδίέ
1937 4500 2108 4578 “599‘?
2136 4485 2205 4541 ad
2231 4489 2281 4548 Ῑ)
2308 4509 2497 4574 menti,
2521 4510 2666 4578 quod
2695 4510 2749 4564 in
2781 4482 2981 4564 terram
3004 4512 3226 4578 cecidit,
3252 4482 3313 4568 et
3341 4482 3614 4567 mortuum
3621 4505 3722 4568 fuit,
3743 4514 3834 4555 con-

615 4575 827 4642 oculos,
857 4583 1191 4643 caeterosque
1218 4589 1408 4630 sensus
1425 4585 1481 4629 et
1503 4575 1583 4630 sic
1605 4590 1703 4645 per
1728 4577 1972 4630 membra
1997 4576 2198 4630 diffun-

613 4667 784 4722 ditur.
812 4665 965 4722 Unde
985 4663 1138 4736 (Gen.
1173 4665 1292 4728 vnt)
1325 4679 1448 4720 cum
1479 4679 1651 4734 prona
1676 4674 1761 4720 est
1805 4681 1960 4720 mens
1985 4675 2041 4720 ct
2070 4682 2200 4721 con-

611 4757 948 4827 cupiscentia
976 4757 1092 4827 ejus
1117 4755 1174 4810 in
1198 4755 1424 4822 malum,
1459 4765 1514 4810 et
1545 4756 1684 4826 ignis
1714 4755 1804 4811 ille
1829 4756 1896 4811 de
1928 4755 2115 4824 jecore
2138 4758 2194 4812 in

612 4861 759 4904 terra
803 4848 974 4904 elfuso
1001 4849 1070 4904 ad
1117 4847 1305 4902 oculos
1347 4863 1518 4918 usque
1562 4849 1848 4914 attollitur,
1885 4850 2014 4919 quid
2046 4850 2192 4905 aliud

610 4956 773 5010 quam
797 4939 1064 4996 defectum
1086 4948 1250 4995 recta:
1270 4940 1583 4995 intentionis
1605 4941 1808 4997 inferre
1833 4943 2104 4997 creditur?
2126 4943 2193 4996 Et

609 5035 738 5089 hinc
763 5042 846 5088 est
872 5033 1015 5102 quod
1044 5032 1286 5103 plangit:
1316 5033 1626 5102 Defecerunt
1655 5035 1793 5090 oculi
1822 5037 1922 5088 mei
1964 5053 2075 5106 pra:
2106 5037 2189 5091 la-

606 5129 820 5196 crymis,
862 5127 988 5196 quia
1017 5141 1085 5180 ex
1114 5125 1298 5181 dolore
1319 5141 1428 5195 quo
1480 5127 1728 5198 lacryma:
1778 5139 2077 5183 nascuntur
2099 5130 2190 5184 de-

604 5217 779 5272 fectus
807 5217 1002 5272 divinae
1042 5217 1514 5287 contemplationis
1547 5227 1861 5289 generatur.
1893 5220 1961 5272 Et
1996 5228 2190 5275 notan-

602 5308 733 5364 dum
759 5309 903 5379 quod
921 5307 1328 5378 elfusiojecoris
1349 5309 1417 5364 ad
1449 5317 1669 5376 terram,
1701 5325 1807 5366 non
1839 5313 1939 5366 nisi
1971 5313 2036 5367 de
2058 5327 2186 5368 con-

605 5401 824 5456 tritione
851 5402 1066 5468 animae,
1094 5417 1215 5473 qua:
1239 5402 1348 5456 filia
1377 5409 1693 5457 sanctorum
1741 5418 1863 5460 esse
1891 5404 2099 5470 debuit,
2124 5421 2188 5461 eo

598 5492 746 5562 quod
765 5492 1080 5548 conculcata
1107 5503 1193 5550 est
1233 5495 1305 5550 ab
1339 5495 1586 5550 hostibus
1612 5496 1793 5552 evenit
1839 5515 1852 5552 :
1904 5500 2045 5554 unde
2075 5507 2183 5556 tam

599 5584 839 5638 exterior
884 5599 1073 5640 sensus
1103 5626 1118 5650 ,
1168 5586 1349 5643 virore
1389 5587 1616 5658 gratiae,
1669 5588 1960 5659 parvulus,
2017 5607 2180 5662 quam

601 5685 657 5731 et
712 5691 864 5732 mens
916 5679 1183 5737 introrsus
1210 5680 1436 5750 lactens,
1487 5682 1700 5741 defecta
1732 5687 2046 5757 virtutibus,
2083 5707 2179 5760 per

2305 4598 2504 4653 ficitur.
2536 4598 2638 4665 Qui
2665 4599 2906 4670 profecto
2927 4601 3084 4670 panis
3121 4602 3193 4657 de
3235 4604 3384 4659 cmlo
3415 4593 3834 4656 venissecreditur.

2301 4705 2477 4760 neque
2499 4690 2607 4744 alio
2638 4691 2786 4756 vino,
2810 4691 2913 4747 nisi
2944 4691 3088 4760 quod
3114 4693 3184 4748 de
3212 4696 3378 4748 vinea
3409 4689 3626 4749 Sorech.
3658 4694 3706 4739 et
3742 4678 3834 4736 vite.

2298 4797 2418 4852 qua:
2464 4782 2713 4838 Christus
2772 4791 2898 4850 est,
2966 4785 3340 4841 vindemiatur
3373 4786 3554 4857 (Joan.
3583 4776 3835 4844 vt;lsa.i’;

2295 4873 2456 4929 Joan.
2484 4875 2598 4946 XV).
2623 4873 2737 4930 Hoc
2760 4876 2959 4946 quippe
2982 4877 3194 4942 vinum,
3236 4888 3295 4931 et
3343 4879 3492 4931 hunc
3516 4883 3712 4946 panem,
3747 4873 3836 4934 ρπ-

2298 4966 2455 5020 vulus
2482 4975 2537 5021 et
2564 4965 2768 5022 lacteus
2797 4983 2829 5021 a
2860 4968 3124 5024 matribus
3157 4970 3460 5038 requirunt
3489 4981 3503 5020 :
3546 4965 3634 5020 sed
3672 4959 3772 5030 quia
3798 4954 3836 5004 in

2295 5057 2486 5127 plateis
2509 5074 2615 5113 non
2641 5059 2932 5123 invenitur,
2957 5074 3131 5129 neque
3160 5060 3443 5116 vulnerati
3473 5071 3594 5112 eum
3620 5053 3756 5122 digne
3772 5057 3835 5097 π’

2292 5151 2518 5220 υῘΡίυηῑ,
2552 5151 2809 5206 exhalant
2833 5153 3042 5208 animas
3072 5168 3198 5208 suas
3250 5155 3307 5209 in
3359 5155 3485 5208 sinu
3511 5157 3724 5206 matrum
3749 5151 3837 5194 sua:

2292 5259 2431 5307 rum,
2463 5260 2582 5314 qua:
2608 5245 2726 5300 illos
2750 5245 2886 5300 male
2913 5245 3180 5312 aluerant,
3203 5255 3263 5302 et
3291 5248 3350 5302 in
3377 5246 3502 5302 sinu
3519 5227 3836 5300 oblectationis

2295 5334 2528 5404 pessime
2563 5335 2865 5390 illexerant.
2896 5336 3170 5392 Eruditior
3204 5339 3363 5394 enim
3401 5337 3492 5392 ille
3517 5335 3673 5396 filius,
3695 5323 3768 5397 qui
3789 5317 3837 5372 ad

2293 5434 2503 5494 patrem
2526 5427 2771 5495 suspexit
2798 5442 2982 5497 egens,
3007 5443 3170 5497 quam
3203 5428 3302 5484 isti
3326 5429 3423 5500 qui
3466 5443 3496 5483 a
3525 5413 3836 5493 voluptatibus

2291 5515 2472 5570 carnis
2510 5515 2664 5583 quasi
2705 5531 2735 5568 a
2779 5515 3043 5572 matribus
3087 5532 3151 5573 ea
3207 5519 3510 5588 requirunt
3556 5513 3696 5586 (Luc.
3733 5501 3833 5571 xv):

2289 5606 2544 5674 quoniam
2593 5617 2817 5676 paterna
2863 5615 2992 5660 sunt
3021 5606 3148 5662 ista.
3177 5607 3467 5678 Alioquin,
3497 5606 3541 5662 si
3570 5615 3684 5659 cum
3713 5595 3835 5652 Ρθιτθ

2287 5707 2487 5767 essent,
2511 5711 2603 5755 aut
2625 5699 2692 5754 ad
2720 5699 2934 5754 Patrem
2962 5700 3178 5755 domum
3212 5702 3491 5768 redirent,
3516 5698 3709 5753 animas
3727 5687 3835 5742 fame
