4048 6352
152 310 293 371 “29

914 310 1276 370 EXPOSITIO
1310 310 1378 367 IN
1419 307 2002 368 LAMENTATIONES
2039 310 2385 369 JEREMUE.
2426 344 2496 356 -
2534 314 2663 370 LIB.
2706 314 2766 368 ll.

3303 319 3442 375 H50

148 412 259 484 non
287 422 617 479 exhalareut
642 440 654 477 :
691 420 797 478 Sed
829 422 955 494 quia
986 439 1116 479 caro
1145 438 1239 479 eos
1267 422 1490 493 decipit,
1517 430 1745 477 errant:
1773 427 1827 489 Α
1850 421 2050 492 parabo
2080 432 2150 489 te,
2187 423 2264 477 vel
2294 424 2381 478 cui
2409 424 2713 480 assimilabo
2742 435 2813 491 te,
2839 426 2956 495 ﬁlia
2996 426 3315 496 Jerusalem,
3357 433 3445 488 cui

146 528 206 575 et
234 518 283 574 si
313 531 425 572 non
471 516 526 571 in
574 530 639 571 eo
666 514 812 586 quod
856 531 1053 587 panem
1092 518 1388 588 vinumque
1438 516 1744 586 requirunt,

148 610 343 666 saltem
375 609 502 679 quia
543 607 598 663 iu
622 623 789 665 carne
820 618 1122 681 torpentes,
1164 612 1235 668 ab
1277 626 1341 666 ea
1391 612 1496 666 ista
1532 621 1742 682 petunt.

147 702 415 760 Nesciunt
440 702 625 758 miseri
654 701 796 772 quod
818 702 909 772 qui
939 703 994 758 in
1026 719 1193 758 carne
1226 711 1352 759 sunt
1394 703 1506 759 Deo
1530 702 1747 774 placere

147 813 259 854 non
280 805 509 868 possunt
538 794 718 867 (Rom.
749 795 890 867 vui).
936 797 1141 853 Idcirco
1177 797 1231 852 in
1265 798 1388 854 sinu
1437 798 1622 854 carnis
1665 797 1746 853 iu-

145 899 387 953 tereunt.
413 889 672 960 quoniam
701 889 756 944 hi
782 889 876 944 filii
904 888 1084 946 Patris
1112 901 1260 959 sunt,
1298 893 1388 957 qui
1410 909 1515 949 non
1555 910 1621 950 ea:
1653 909 1742 947 vo-

138 981 347 1037 luntate
370 982 567 1047 carnis,
599 998 762 1053 neque
784 998 849 1036 ea:
870 982 1134 1039 voluntate
1162 985 1279 1049 viri,
1299 985 1392 1040 sed
1414 1002 1480 1041 ea:
1504 984 1612 1040 Deo
1634 986 1747 1041 nati

138 1082 262 1128 sunt
292 1071 483 1143 (Joan.
515 1070 578 1144 ι).
614 1071 895 1127 Moraliter
914 1081 1117 1139 autem,
1148 1090 1287 1145 pene
1315 1076 1460 1131 idem
1506 1086 1590 1132 est
1614 1091 1742 1132 sen-

140 1180 235 1220 sus
265 1183 280 1219 :
308 1165 441 1235 quia
489 1164 693 1231 anima,
748 1165 939 1221 relicto
968 1167 1323 1224 districtionis
1366 1168 1581 1236 itinere,
1619 1184 1744 1225 cum

140 1258 376 1328 ceperit
401 1272 460 1311 se
486 1256 716 1311 dilatare
748 1258 1011 1323 exterius,
1037 1259 1192 1328 quasi
1236 1273 1333 1329 per
1360 1258 1569 1329 plateas
1594 1260 1744 1315 volu-

139 1347 309 1418 ptatis
351 1346 548 1417 arripit
588 1346 751 1401 latam
780 1356 837 1402 et
860 1348 1154 1419 spatiosam
1179 1348 1339 1415 viam,
1363 1366 1484 1419 quae
1507 1350 1655 1406 ducit
1674 1351 1742 1406 ad

140 1446 401 1492 mortem.
430 1435 498 1491 Et
533 1437 652 1492 ideo
680 1437 940 1493 Dominus
982 1454 1050 1493 ex
1079 1440 1372 1510 Evangelia
1402 1459 1416 1495 :
1446 1441 1574 1497 Esto
1598 1483 1614 1509 ,
1662 1444 1743 1498 iu-

140 1529 283 1599 quit,
312 1527 644 1583 consentiens
670 1529 1113 1596 adversariotuo,
1163 1531 1289 1584 dum
1332 1548 1386 1586 es
1432 1549 1551 1587 cum
1599 1551 1659 1588 eo
1686 1536 1741 1588 in

139 1624 223 1678 via
256 1622 483 1694 (Matth.
519 1626 642 1693 vti),
674 1624 727 1678 id
754 1632 839 1679 est
863 1624 1029 1679 verbo
1044 1607 1347 1696 Evangelii,
1376 1628 1520 1697 quod
1549 1628 1743 1682 adver-

138 1714 248 1769 sari
283 1714 497 1769 videtur
529 1715 723 1770 vestris
756 1717 941 1785 pravis
972 1716 1272 1781 desideriis,
1303 1734 1366 1772 ne
1394 1719 1530 1785 [orte
1559 1720 1738 1774 tradat

1849 512 2133 585 exa’quabo
2172 525 2241 580 te,
2271 516 2413 586 virgo
2454 516 2569 585 ﬁlia
2620 515 2802 571 Sion?
2832 516 2968 585 Quia
3016 519 3156 574 sicut
3198 522 3329 576 nulli
3359 534 3446 581 est

1849 605 2161 662 mortalium
2192 606 2361 677 gloria
2389 608 2656 662 excelsior
2683 623 2897 675 earum,
2936 625 3058 681 qua:
3077 626 3444 682 pervenerunt

1848 697 1919 751 ad
1942 697 2176 753 brevium
2202 715 2443 768 superna:
2472 700 2752 753 vocationis
2789 698 3013 772 (Philip.
3041 704 3125 773 tu)
3157 721 3170 757 :
3198 705 3274 760 ita
3310 706 3446 762 nulli

1848 798 1933 845 est
1960 789 2327 861 comparanda
2358 790 2655 861 ignominia
2681 802 2790 845 tam
2823 792 3232 850 immanissimas
3260 796 3447 852 confu-

1848 882 2039 938 sionis.
2073 882 2209 937 Nam
2241 892 2299 939 et
2326 884 2466 938 trina
2500 883 2750 954 repetitio
2779 884 3067 939 verborum
3090 884 3309 943 diversa
3339 890 3443 948 sub

1849 991 1955 1030 una
1988 974 2407 1048 signiﬁcatione,
2465 975 2657 1030 harum
2701 976 2897 1042 trium,
2951 977 3166 1033 videtur
3208 979 3444 1052 lugendo

1847 1083 2012 1123 unam
2037 1054 2313 1140 colligere,
2338 1066 2815 1137 incomparabilem
2840 1069 3091 1123 amentia:
3109 1070 3436 1137 caacitatem,

1847 1176 1969 1234 quae
2003 1161 2069 1216 de
2121 1168 2268 1215 tanta
2313 1160 2614 1215 vocationis
2661 1177 2773 1217 suae
2812 1160 2979 1231 gloria
3007 1202 3023 1227 ,
3067 1172 3123 1217 et
3163 1162 3441 1235 dignitatis

1846 1256 2106 1322 culmine,
2130 1273 2236 1312 non
2264 1256 2439 1311 dicam
2467 1257 2535 1313 de
2579 1257 2893 1328 angelorum
2922 1258 3216 1323 consortio,
3241 1272 3443 1317 verunt

1846 1357 1903 1403 et
1930 1347 2025 1403 Dei
2058 1348 2456 1403 in'ccelestibus
2481 1357 2540 1402 ut
2564 1350 2877 1403 cohaeredes
2898 1358 3100 1415 essent,
3133 1352 3199 1406 ad
3234 1359 3438 1407 tantam

1846 1456 1905 1495 se
1953 1441 2189 1507 ruinam,
2216 1447 2271 1495 et
2308 1439 2696 1495 informitatem
2728 1439 3010 1496 dedecoris
3040 1428 3349 1511 projeCerit,
3382 1452 3444 1499 ut

1845 1548 2004 1589 casus
2043 1549 2231 1588 earum
2278 1534 2483 1597 nescio,
2532 1532 2635 1586 nisi
2680 1531 2912 1595 diabolo,
2968 1532 3055 1587 cui
3107 1532 3325 1607 139‘.
3369 1535 3443 1590 sit

1844 1618 2260 1694 comparandus.
2310 1622 2459 1678 Unde
2488 1622 2540 1676 in
2573 1621 2803 1678 Psalmis
2833 1641 2845 1676 :
2881 1623 2993 1694 Ego
3032 1626 3167 1691 dixi,
3204 1626 3301 1691 ait,
3352 1627 3441 1680 Dii

1843 1715 1987 1781 estis,
2015 1725 2061 1768 et
2089 1714 2191 1784 ﬁlii
2220 1713 2430 1767 Excelsi
2459 1730 2673 1779 omnes;
2700 1731 2788 1769 vos
2827 1726 3003 1769 autent
3040 1716 3174 1770 sicut
3203 1718 3441 1773 homines

137 1814 189 1859 te
207 1803 409 1874 judici,
443 1812 501 1859 et
549 1813 745 1860 caetera
798 1804 1015 1876 (Matth.
1070 1806 1145 1877 v).
1205 1806 1460 1877 Alioquin
1501 1809 1735 1879 parvuli,
1768 1790 1817 1853 Β
1846 1809 2158 1872 moriemini,
2188 1816 2237 1861 et
2262 1808 2394 1860 sicut
2424 1823 2561 1861 unus
2587 1808 2650 1861 de
2672 1807 2994 1878 principibus
3020 1810 3218 1864 cadetis
3260 1808 3438 1880 (Psal.

135 1896 411 1967 cogitatus
431 1897 621 1962 vestri,
646 1905 703 1950 et
730 1895 937 1952 lactens
956 1896 1150 1952 anima:
1178 1898 1428 1963 scicntia,
1460 1899 1506 1954 si
1545 1900 1613 1953 ad
1643 1916 1738 1956 ex-

137 1988 342 2043 teriora
372 1988 554 2044 carnis
580 1996 637 2044 et
658 1988 868 2059 plateas
896 1989 1270 2045 delectationis
1290 2006 1349 2045 se
1381 1992 1734 2063 projeceriut,

134 2095 248 2136 non
298 2081 498 2136 habent
540 2096 571 2135 a
619 2082 886 2137 matribus
909 2082 1038 2154 quid
1070 2092 1378 2153 reposcant,
1427 2084 1638 2141 scilicet
1667 2086 1737 2141 ab

133 2173 412 2230 illecebris
453 2174 557 2230 sibi
598 2175 738 2231 male
778 2175 1212 2245 blandientibus;
1244 2180 1499 2249 quoniam
1529 2181 1609 2236 eis
1636 2196 1737 2237 nec

129 2266 307 2337 panis
322 2274 416 2321 est
443 2266 532 2336 qui
568 2282 665 2322 cor
704 2268 943 2324 hominis
972 2269 1279 2335 confirmat,
1305 2272 1552 2326 doctrina
1581 2272 1734 2328 vide-

127 2360 273 2415 licet
299 2360 590 2431 spiritualis
616 2379 631 2415 :
660 2376 762 2417 nec
788 2363 975 2418 vinum
1004 2364 1147 2432 quod
1180 2342 1453 2432 laetiﬁcat;
1498 2364 1736 2436 Spiritus

127 2453 315 2508 sancti
335 2453 510 2525 gratia
539 2454 709 2520 intus,
737 2470 844 2526 qua
867 2467 1077 2513 mentes
1103 2456 1443 2513 inebriantur
1469 2456 1730 2514 fidelium.

125 2544 200 2600 Et
227 2545 352 2600 ideo
382 2547 542 2612 bene,
570 2546 699 2602 dum
720 2549 1007 2619 requirunt
1033 2550 1101 2605 ab
1127 2550 1195 2605 iis
1227 2550 1280 2605 in
1308 2550 1506 2621 quibus
1530 2559 1587 2607 et
1607 2567 1734 2607 cum

130 2639 353 2711 1393
379 2641 577 2710 quibus
611 2640 717 2696 ista
763 2657 1039 2714 nunquam
1085 2642 1452 2709 inveniuntur,
1477 2643 1735 2699 exhalant

124 2731 371 2797 animas,
388 2732 479 2803 qui
500 2731 625 2787 talia
648 2740 777 2788 sunt
806 2733 968 2790 sicuti
992 2734 1046 2788 in
1069 2734 1189 2790 sinu
1213 2735 1475 2806 gehennae
1498 2737 1565 2792 ad
1587 2751 1733 2791 mor-

123 2836 264 2892 tem,
284 2843 410 2899 qua:
431 2828 550 2886 illas
572 2829 780 2900 genuit,
806 2829 934 2884 dum
957 2845 1101 2892 caro.
1125 2846 1287 2901 quam
1314 2832 1470 2901 quasi
1498 2822 1730 2888 matrem

122 2920 508 2986 crediderunt,
538 2921 592 2976 in
624 2930 823 2977 terram
853 2922 1034 2977 rediit.
1070 2921 1224 2978 Unde
1252 2937 1414 2993 quam
1458 2922 1601 2978 bene
1632 2938 1731 2993 per

121 3012 424 3083 quemdam
453 3011 752 3082 sapientem
776 3012 1011 3068 dicitur:
1038 3011 1107 3068 In
1134 3013 1219 3068 die
1242 3015 1518 3080 bonorum,
1542 3031 1607 3069 ne
1630 3016 1731 3069 im-

121 3118 337 3157 memor
357 3105 431 3159 sis
455 3104 715 3160 malorum
733 3105 925 3177 (Eccli.
963 3106 1077 3178 XI);
1110 3113 1165 3162 et
1193 3124 1206 3162 :
1238 3105 1433 3162 Beatus
1463 3108 1617 3162 homo
1636 3109 1727 3178 qui

119 3204 426 3262 semperest
448 3196 669 3265 pavidus
685 3214 704 3262 ;
732 3198 854 3267 quia
879 3199 971 3269 qui
993 3199 1180 3253 mentis
1219 3209 1293 3253 est
1320 3199 1489 3264 durw,
1518 3209 1727 3254 corruet

120 3284 178 3339 in
210 3284 420 3339 malum
454 3283 639 3358 (Prov.
672 3290 890 3359 xxviii).
929 3290 1081 3356 Quod
1119 3290 1246 3361 quia
1274 3303 1406 3360 gens
1434 3289 1523 3344 illa
1555 3291 1728 3346 noluit

117 3375 364 3434 emolliri
394 3379 553 3450 digne
600 3381 668 3435 ad
723 3382 1119 3452 pmnitentiam,
1159 3381 1464 3452 plangentis
1508 3381 1727 3449 affectu,

115 3470 394 3540 prepheta
416 3472 786 3543 gemebundus
819 3475 886 3531 ad
918 3473 1092 3545 ipsam
1116 3472 1441 3541 Jerusalem,
1474 3475 1728 3546 querelas

114 3573 254 3619 suas
278 3564 578 3632 convertit,
599 3565 824 3621 dicens:

192 3830 302 3885 Cui
345 3834 662 3904 comparabo
691 3844 760 3901 te,
792 3834 870 3891 vel
898 3837 986 3891 cui
1021 3835 1324 3895 assimilabo
1371 3846 1442 3906 te,
1471 3837 1586 3908 ﬁlia
1629 3838 1725 3895 Je-

110 3923 381 3989 rusalem,
430 3927 517 3979 cui
562 3928 849 4000 ezwquabo
883 3939 967 3996 te,
996 3940 1046 3985 et
1090 3931 1403 3987 consolabor
1447 3941 1515 3996 te,
1570 3932 1719 4004 virgo

106 4012 239 4082 ﬁlia
275 4010 456 4068 Sion?
487 4014 711 4072 Certum
741 4020 885 4089 quod
925 4020 1069 4077 sicut
1098 4022 1199 4077 sub
1241 4022 1379 4078 coelo
1420 4021 1567 4077 nulla
1616 4022 1720 4078 fuit

104 4102 428 4173 antiquitus
454 4120 589 4177 gens
613 4115 722 4163 tam
758 4108 1010 4182 gloriosa,
1040 4112 1121 4167 uti
1149 4110 1450 4170 Jerusalem
1481 4113 1568 4168 illa
1605 4129 1719 4185 prae

102 4194 380 4251 omnibus
427 4198 610 4271 regnis
651 4200 853 4274 inclyta
901 4203 1042 4263 :,ita
1091 4204 1236 4260 nulla
1294 4204 1505 4263 felicior
1553 4224 1721 4279 quam

102 4294 335 4354 nostra,
384 4303 507 4359 quae
550 4300 635 4346 est
683 4302 861 4350 mater
907 4295 1152 4352 omnium
1197 4306 1466 4365 nostrum,
1506 4307 1562 4355 et
1598 4300 1711 4355 lilia

101 4378 366 4435 caelestis
403 4382 628 4450 patriae,
672 4401 794 4456 qua:
830 4400 1028 4456 sponsa
1076 4386 1279 4444 Christi
1310 4389 1577 4460 appellata
1607 4400 1713 4457 est,

100 4480 167 4527 et
211 4472 442 4543 coniux,
480 4491 584 4555 nec
603 4492 709 4534 non
735 4487 792 4534 et
825 4481 1007 4535 anima
1037 4480 1091 4536 in
1121 4480 1237 4551 ejus
1263 4498 1489 4554 corpore
1526 4499 1718 4540 conse-

98 4577 294 4636 erata,
326 4569 718 4643 gloriosissima
746 4575 1007 4644 creditur,
1035 4576 1190 4648 cujus
1216 4577 1271 4633 in
1299 4578 1438 4635 caelo
1483 4580 1717 4635 munici-

94 4665 271 4735 pium
322 4680 448 4724 esse
500 4683 609 4725 non
660 4670 939 4727 dubitatur
990 4679 1046 4727 et
1101 4672 1409 4729 haereditas.
1471 4672 1711 4742 Quarum

86 4757 465 4829 justifieatio,
510 4776 617 4817 non
648 4763 752 4818 nisi
787 4779 856 4819 ex
901 4765 1013 4821 Deo
1051 4766 1313 4834 creditur,
1346 4782 1469 4822 cum
1501 4782 1610 4822 una
1644 4782 1714 4822 ex

90 4852 379 4908 omnibus
399 4852 455 4909 in
474 4854 787 4913 cmlestibus
805 4856 987 4913 futura
1008 4857 1251 4916 Ecclesia
1272 4859 1599 4931 praedicatur
1617 4877 1630 4914 :
1656 4867 1718 4916 ut

90 4946 184 5000 sit
213 4959 426 5017 corpus
443 4961 612 5005 unum
635 4962 759 5004 cum
779 4949 957 5021 capite
974 4964 1073 5005 suo
1091 4948 1247 5021 (Gen.
1265 4949 1351 5016 tt),
1369 4950 1437 5005 de
1457 4964 1622 5005 carne
1645 4965 1714 5006 ex

85 5036 343 5094 ossibus
382 5036 501 5109 ejus
530 5040 586 5095 in
612 5040 720 5097 ﬁde
747 5050 804 5097 et
840 5043 1107 5099 charitate
1151 5042 1623 5115 compaginatum;
1657 5049 1714 5098 et

89 5131 262 5186 sicut
287 5130 347 5186 in
374 5131 530 5188 ctelis
572 5135 680 5189 u'na
728 5148 798 5189 ex
840 5135 1094 5192 omnibus
1125 5144 1209 5192 est
1232 5135 1425 5192 civitas
1451 5135 1710 5208 gloriosa,

85 5239 241 5297 quae
262 5223 559 5297 colligitur,
596 5227 664 5284 de
684 5242 791 5298 qua
816 5226 985 5285 David
1012 5248 1026 5285 :
1054 5228 1317 5297 Gloriosa,
1349 5230 1541 5302 inquit,
1572 5230 1715 5286 dicta

84 5325 241 5373 sunt
266 5318 340 5371 de
367 5328 437 5384 te,
463 5318 647 5374 civitas
690 5318 789 5373 Dei
823 5318 996 5392 (Psal.
1024 5321 1272 5394 Lxxxvt),
1298 5323 1372 5378 ita
1398 5330 1455 5378 et
1481 5338 1588 5378 una
1628 5329 1714 5378 est

84 5409 208 5467 illa
241 5410 490 5483 Babylon
515 5426 549 5466 a
574 5411 792 5469 Christo
820 5430 942 5485 qua;
968 5416 1260 5488 degenerat
1292 5425 1349 5473 et
1384 5416 1708 5473 fornicatur.

82 5501 297 5579 Unde,
318 5516 422 5575 pro
460 5503 727 5559 brevitate
766 5504 1082 5578 legentium,
1111 5523 1273 5581 super
1304 5507 1499 5564 harum
1546 5509 1710 5565 trium

75 5596 331 5660 ruinas,
363 5603 554 5651 contra
574 5605 817 5668 emptum
842 5600 1241 5671 explanationis
1260 5601 1509 5659 ordinem
1540 5617 1555 5657 :
1582 5602 1709 5673 quia

72 5700 257 5761 pene
286 5702 429 5742 unus
454 5695 540 5742 est
564 5702 746 5754 casus,
776 5704 916 5745 unus
940 5690 1279 5749 adhibendus
1304 5703 1387 5749 est
1419 5693 1615 5758 luctus,
1650 5701 1711 5749 ut

67 5783 338 5839 dicatur
357 5779 425 5835 de
445 5780 717 5846 omnibus,
744 5781 953 5837 dicatur
974 5794 1030 5840 et
1054 5786 1120 5841 de
1149 5785 1375 5856 singulis
1398 5798 1412 5841 :
1435 5784 1534 5841 Cui
1564 5802 1708 5841 com-

405 5872 679 5935 PA‘I'BOL.
726 5873 922 5938 CXX.

1755 3159 1802 3222 C

1842 1898 2050 1969 um).
2104 1897 2377 1967 AlioquiW,
2435 1897 2526 1968 qui
2576 1899 2647 1951 dii
2694 1897 2944 1963 fuerant,
2982 1907 3040 1954 et
3075 1898 3168 1954 lilii
3207 1900 3300 1955 Dei
3345 1902 3443 1955 ad-

1839 1990 2007 2061 optati
2039 1988 2218 2060 (Rom.
2252 2004 2347 2043 vn.
2381 2028 2396 2042 .
2425 1989 2527 2043 nisi
2551 1990 2617 2043 ad
2638 1988 2918 2044 hominum
2940 1991 3242 2046 carnalium
3266 1992 3440 2048 redis-

1840 2091 1961 2137 sent
1989 2089 2163 2147 actus,
2191 2092 2247 2135 et
2279 2080 2481 2135 diaboli
2528 2080 2835 2135 imitatores
2867 2088 3049 2140 essent
3074 2083 3247 2154 magis
3273 2099 3437 2155 quam

1838 2174 1933 2229 Dei
1962 2173 2161 2245 (Colat.
2194 2188 2279 2239 tv;
2314 2172 2509 2243 Ep'tes.
2541 2175 2605 2245 ι),
2649 2189 2927 2244 nunquam
2959 2182 3019 2229 ut
3042 2174 3291 2232 homines
3321 2193 3439 2232 mo-

1836 2275 2107 2332 rerentur,
2159 2273 2217 2319 et
2262 2266 2419 2335 quasi
2447 2281 2587 2320 onus
2616 2266 2683 2320 de
2719 2266 3058 2337 principibus
3088 2278 3434 2324 corruerunt.

1836 2357 1991 2414 Nunc
2021 2367 2225 2423 autem,
2275 2358 2402 2429 quia
2432 2358 2499 2413 de
2525 2366 2674 2413 tanta
2718 2359 2886 2429 gloria
2913 2360 2980 2414 ad
3012 2367 3121 2414 tam
3147 2360 3436 2417 nefandam

1836 2452 2050 2507 ruinam
2102 2451 2353 2523 prolapsa
2399 2460 2483 2508 est
2510 2467 2643 2526 gens
2683 2452 2791 2516 illa,
2826 2455 2909 2507 vel
2938 2446 3265 2520 Jerusalem,
3311 2467 3435 2524 quae

1836 2542 1944 2597 lilia
1973 2543 2089 2615 Dei
2108 2542 2395 2614 appellata,
2429 2559 2522 2599 seu
2550 2544 2804 2615 qualibet
2849 2544 3053 2609 anima,
3087 2543 3282 2615 lugens
3305 2559 3431 2615 pro-

1832 2632 2016 2704 pheta,
2045 2631 2130 2686 vel
2154 2634 2356 2688 chorus
2384 2633 2679 2689 electorum
2705 2632 2821 2701 Dei,
2854 2634 2915 2690 *le
2940 2633 3030 2688 illa
3063 2648 3184 2704 quae
3211 2634 3427 2689 cecide-

1836 2725 1926 2789 rit,
1961 2724 2038 2779 ait
2066 2741 2079 2775 :
2116 2722 2217 2779 Cui
2247 2723 2560 2794 comparabo
2585 2736 2653 2791 te,
2694 2723 2771 2779 vel
2798 2726 2884 2779 cui
2920 2735 2969 2779 te
2999 2723 3343 2779 assimilabo?
3367 2739 3434 2779 ac

1834 2820 1881 2877 si
1924 2819 2110 2874 dicat:
2142 2817 2307 2886 Nulli,
2354 2819 2458 2874 nisi
2499 2819 2652 2891 cujus
2679 2835 2740 2875 es
2781 2819 3076 2886 imitatrix,
3121 2819 3197 2875 illi
3231 2828 3285 2876 te
3333 2836 3429 2878 co-

1833 2913 2037 2985 aequari
2065 2912 2247 2980 liceat,
2275 2912 2400 2984 quia
2430 2913 2590 2984 digna
2616 2921 2721 2968 est.
2756 2912 2912 2967 Nulla
2952 2922 3037 2968 est
3071 2908 3430 2985 comparatio,

1832 3004 1917 3059 vel
1968 3004 2326 3070 assimilatio,
2374 3005 2464 3059 ubi
2515 3006 2661 3060 nulla
2717 3006 2927 3076 species
2988 3005 3075 3062 vel
3118 3005 3434 3063 formositas

1835 3097 2139 3164 invenitur;
2174 3098 2268 3153 sed
2303 3108 2477 3152 totum
2509 3097 2833 3166 iul‘ormitas,
2863 3100 3077 3165 horror,
3107 3101 3333 3156 vastitas
3374 3107 3435 3157 et

1833 3188 2088 3243 contritio
2121 3188 2382 3259 possidet,
2410 3197 2466 3245 et
2511 3189 2577 3243 ad
2625 3204 2732 3244 non
2778 3203 2898 3245 esse
2942 3190 3156 3245 tendit:
3190 3198 3247 3246 et
3286 3190 3432 3261 quod

1832 3280 1900 3335 ad
1937 3295 2043 3335 non
2088 3296 2209 3335 esse
2250 3282 2455 3345 tendit,
2507 3282 2753 3336 revocari
2805 3281 2989 3337 nescio
3042 3281 3086 3336 si
3133 3282 3306 3353 possit
3363 3282 3432 3337 ad

1831 3374 2147 3429 essentiam.
2175 3373 2243 3428 Et
2267 3374 2387 3429 ideo
2408 3374 2494 3430 cui
2515 3382 2924 3445 comparentur,
2943 3374 3124 3429 anima
3152 3372 3426 3444 prolapsa,

1829 3464 1915 3521 vel
1960 3466 2202 3522 Ecclesia
2250 3466 2318 3521 ab
2365 3481 2563 3537 sponso
2607 3465 2892 3529 oberrata,
2941 3480 3035 3521 seu
3069 3480 3202 3536 gens
3239 3464 3328 3520 illa
3364 3464 3433 3521 de

1829 3556 1966 3613 solio
1991 3556 2174 3629 gloria:
2199 3555 2431 3625 deiecta,
2462 3573 2571 3612 non
2607 3555 2766 3613 facile
2802 3557 3097 3611 invenitur.
3129 3555 3425 3627 Propterea

1828 3663 1936 3703 non
1976 3657 2061 3703 est
2086 3664 2151 3704 ex
2183 3665 2291 3720 quo
2315 3648 2539 3705 alterius
2582 3664 2710 3705 casu
2732 3690 2747 3714 ,
2783 3648 2868 3703 vel
2898 3648 3055 3703 ruina
3097 3646 3203 3702 ulla
3234 3662 3421 3703 earum

1828 3742 2155 3798 consoletur.
2206 3741 2406 3813 Magna
2445 3751 2554 3809 est,
2597 3742 2791 3813 inquit,
2824 3740 2959 3795 velut
2987 3757 3151 3805 mare,
3185 3739 3430 3794 contritio

1828 3844 1942 3890 tua.
1972 3835 2126 3903 Quod
2153 3845 2335 3890 autem
2371 3830 2629 3891 contritio
2658 3835 2835 3906 gentis
2861 3833 3024 3901 illius,
3052 3842 3145 3887 aut
3171 3831 3431 3889 Ecclesiae

1827 3935 2097 3998 corrupta:
2146 3925 2230 3983 vel
2261 3926 2454 3981 anima:
2495 3925 2789 3998 prolapsae,
2819 3924 2962 3980 velut
3006 3938 3178 3990 mare,
3232 3937 3429 3995 magna

1824 4019 2100 4092 plangitur
2143 4038 2158 4077 :
2201 4021 2325 4076 inde
2375 4029 2491 4087 est,
2544 4019 2687 4091 quod
2734 4035 2842 4075 una
2894 4034 3082 4074 carum
3138 4026 3429 4089 postquam

1826 4113 2074 4170 hostibus
2102 4114 2215 4169 suis
2245 4113 2542 4180 substrata,
2569 4112 2653 4168 vel
2675 4111 2917 4181 subjecta
2941 4110 3125 4175 fuerit,
3157 4124 3187 4164 a
3214 4108 3428 4165 fervore

1825 4205 2272 4270 conculcatiouis,
2302 4221 2368 4261 ac
2399 4205 2442 4260 si
2490 4219 2641 4260 mare
2670 4219 2945 4274 nunquam
2990 4201 3260 4273 quiescit;
3306 4202 3422 4268 sed,

1824 4297 1968 4353 sicut
2009 4296 2139 4352 illud
2181 4296 2353 4368 magis
2377 4296 2646 4352 undarum
2686 4311 2910 4351 suarum
2941 4294 3195 4350 [luctibus
3222 4294 3424 4351 indesi-

1822 4396 2018 4445 nenter
2058 4388 2318 4453 alliditur,
2368 4388 2440 4443 ita
2490 4398 2546 4444 et
2594 4389 2733 4453 istte,
2768 4397 3053 4459 postquam
3086 4386 3140 4442 in
3173 4385 3424 4442 manibus

1824 4480 2167 4535 inimicorum
2229 4487 2634 4550 provenerunt,
2686 4479 2859 4533 ruinis
2922 4486 2978 4534 et
3029 4474 3421 4533 tentationibus

1824 4570 2035 4638 fractae,
2052 4580 2438 4627 conteruntur:
2461 4588 2490 4627 a
2518 4571 2730 4627 fervore
2750 4572 2960 4643 peccati
2980 4586 3087 4627 non
3109 4572 3419 4642 quiescunt,

1826 4666 1998 4722 donec
2022 4667 2269 4738 gehenua
2297 4680 2389 4722 eos
2416 4666 2671 4737 excipiat.
2703 4664 2950 4735 Hincque
2979 4665 3261 4736 sequitur:
3286 4663 3419 4730 Quis

1823 4756 2257 4811 medebiturtui?
2281 4756 2359 4813 Ac
2401 4756 2446 4812 si
2493 4756 2641 4811 dicat
2670 4774 2684 4811 :
2713 4754 2919 4820 Nullus,
2956 4755 3128 4811 donec
3173 4752 3239 4810 ad
3290 4766 3417 4809 eum

1825 4850 2036 4914 redeas,
2068 4864 2098 4904 a
2127 4864 2233 4919 quo
2271 4849 2553 4906 averteris.
2585 4848 2697 4906 Hoc
2740 4859 2924 4905 autem
2949 4846 3070 4903 loco
3098 4860 3113 4901 :
3137 4845 3288 4913 Quis,
3319 4853 3419 4901 aut

1824 4957 1924 5015 pro
1965 4942 2398 5013 impossibilitate
2431 4943 2669 5014 ponitur,
2720 4956 2788 4997 eo
2823 4940 2967 5011 quod
3009 4938 3190 5009 aliqua
3224 4952 3417 4993 earum

1825 5033 2197 5090 irrevocabilis
2234 5043 2358 5107 post
2407 5035 2615 5104 lapsum
2662 5034 2945 5106 probatur,
2993 5040 3087 5087 aut
3116 5044 3214 5101 pro
3245 5029 3414 5086 nimia

1825 5126 2076 5188 raritate,
2109 5125 2234 5195 quia
2262 5125 2352 5195 qui
2380 5126 2584 5182 mederi
2614 5126 2784 5197 possit
2807 5131 3096 5195 corruptae,
3125 5121 3306 5179 nullus
3329 5128 3417 5178 est

1822 5216 1927 5273 nisi
1956 5230 2097 5272 unus
2140 5217 2230 5289 qui
2272 5227 2613 5288 peccaverat,
2655 5225 2711 5273 et
2750 5218 2854 5272 hoc
2883 5213 3096 5272 didicile
3121 5222 3203 5270 est
3230 5222 3414 5270 utrum

1822 5313 1939 5383 ipse
1972 5311 2120 5367 velit.
2164 5309 2404 5379 Quarum
2438 5312 2694 5367 nimirum
2727 5308 2899 5365 ruina:
2935 5323 3148 5371 causas,
3182 5315 3239 5362 et
3272 5305 3413 5362 dini-

1822 5403 2078 5460 cultatem
2101 5402 2422 5469 curationis,
2452 5418 2577 5458 mox
2613 5401 2809 5471 aperit,
2849 5414 2973 5477 cum
3004 5397 3281 5470 subiungit
3322 5415 3336 5451 :

2549 5573 2674 5613 NUN.

1892 5693 2168 5766 Propheta:
2212 5694 2289 5749 tui
2329 5692 2568 5749 viderunt
2611 5693 2706 5746 tibi
2753 5691 2916 5763 falsa,
2968 5699 3017 5746 et
3057 5690 3221 5746 stulta
3256 5706 3275 5745 :
3314 5704 3409 5745 nec

1819 5786 2118 5857 aperiebant
2145 5785 2475 5858 iniquitatem
2516 5793 2694 5853 tuam,
2726 5793 2783 5838 ut
2839 5793 2889 5838 te
2937 5782 3007 5836 ad
3049 5782 3408 5851 ptenitentiant

2967 5872 3046 5937 36
