4078 6348
714 242 848 300 1151

1525 237 1584 293 S.
1624 233 1981 291 PASCHASII
2016 228 2366 289 RADBlillTl
2396 228 2690 286 ABBATIS
2726 229 3173 288 CORBEIENSIS

3735 251 3836 312 illi!

710 368 1070 431 provocarent.
1093 357 1292 412 Habuit
1321 354 1536 424 quidem
1578 351 1876 406 Jerusalem
1908 364 2036 405 suos
2075 348 2307 418 pseudo-
2333 347 2385 409 Α
2409 352 2467 399 et
2495 342 2672 400 futura
2698 327 2996 416 negligant.
3032 341 3200 399 Habet
3231 354 3279 402 et
3306 347 3520 420 interius,
3543 370 3698 424 pravos
3717 365 3838 436 siqui-

711 453 1033 525 prophctas,
1061 460 1118 504 ut
1155 452 1204 504 in
1239 448 1485 520 plurimis
1515 446 1820 500 ostenditur
1847 443 1980 498 locis
2011 461 2024 497 :
2065 442 2226 499 habet
2253 447 2310 496 et

715 544 986 608 Ecclesia,
1009 552 1104 596 aut
1128 541 1436 600 lnrretieos,
1460 546 1552 593 aut
1575 535 1972 598 schismaticos,
2001 541 2094 587 aut
2113 544 2310 604 pravos

715 636 968 690 doctores
1016 649 1180 696 suos,
1229 632 1320 702 qui
1369 628 1580 704 1395
1629 627 1832 697 absque
1883 633 2310 697 temperamento

715 727 912 781 liniunt
951 707 1240 798 parietem:
1277 722 1434 794 juxta
1469 721 1831 782 Ezechielem,
1862 719 1954 790 qui
1983 719 2177 790 singuli
2208 717 2309 782 do-

715 820 846 876 losis
873 817 1457 891 argumentationibus,
1489 815 1572 870 vel
1606 813 1756 870 falsis
1779 813 2144 884 opinionibus,
2176 813 2307 870 sim-

714 913 936 984 plicium
958 912 1146 977 corda,
1163 927 1194 966 a
1211 911 1439 965 veritate
1463 918 1622 966 recta:
1641 908 1788 974 fidei,
1803 918 1859 965 et
1878 917 2020 963 statu
2043 909 2308 966 bonorum

715 1020 964 1075 operum,
997 1005 1338 1067 subvertant,
1376 1011 1512 1056 teste
1541 1000 1703 1056 Petro
1731 999 1972 1070 apostolo
2003 1015 2015 1053 :
2041 995 2305 1066 Fuerunt,

715 1098 812 1161 ait,
844 1097 1310 1166 pseudopropheta’
1331 1095 1384 1148 in
1416 1094 1631 1165 populo,
1663 1094 1800 1146 sicut
1831 1103 1874 1147 et
1904 1094 1958 1147 in
1988 1092 2126 1146 vobis
2153 1101 2306 1146 erunt

715 1187 956 1256 magistri
995 1187 1302 1248 tuendaces,
1337 1185 1426 1253 qui
1455 1184 1700 1237 inducent
1744 1193 1911 1236 sectas
1953 1182 2304 1252 perditionis:

714 1287 762 1331 et
786 1294 902 1330 eum
919 1279 1008 1346 qui
1028 1278 1147 1329 emit
1173 1293 1281 1338 eos,
1309 1274 1587 1327 Dominum
1613 1285 1876 1343 negantes,
1904 1273 2305 1342 superducentes

714 1371 815 1424 sibi
854 1369 1069 1423 celerem
1101 1369 1463 1438 perditionem.
1507 1365 1574 1420 Et
1621 1366 1772 1420 multi
1816 1376 2098 1436 sequentur
2124 1382 2306 1420 eorum

712 1462 974 1526 luxurias,
1005 1479 1097 1531 per
1123 1478 1253 1532 quos
1286 1462 1367 1513 ria
1397 1460 1629 1514 veritatis
1666 1457 2108 1528 blaspltemabitur
2135 1465 2222 1511 :et
2247 1457 2305 1512 in

713 1555 937 1608 avaritia
986 1552 1122 1622 [ictis
1165 1553 1329 1606 verbis
1359 1552 1423 1604 de
1455 1552 1593 1604 vobis
1625 1550 2049 1620 negotiabantur.
2102 1547 2302 1614 Quibus

713 1650 968 1714 iudicium
991 1650 1109 1719 jam
1142 1647 1265 1702 olim
1291 1665 1394 1701 non
1425 1655 1614 1711 cessat,
1645 1656 1690 1698 et
1714 1644 1939 1714 perditio
1967 1660 2067 1698 non
2101 1643 2302 1698 dormi-

2410 437 2530 493 dem
2569 437 2861 511 cogitatus,
2886 453 2952 492 ex
2980 436 3252 508 prudentia
3292 441 3453 496 carnis
3478 447 3648 515 genitos
3670 468 3680 504 :
3705 455 3773 522 qui
3803 467 3841 514 et

2409 532 2543 587 falsa
2573 531 2834 588 exhibent
2865 531 3066 587 nostris
3105 532 3364 610 obtutibus
3405 546 3454 593 et
3491 539 3640 597 stulta.
3665 544 3715 600 lli
3743 552 3840 607 enim

2409 640 2570 695 quam
2615 623 2933 695 frequenter
2962 624 3154 679 damna
3174 623 3420 696 judicant,
3447 631 3661 704 quidquid
3693 637 3841 708 impre-

2409 717 2705 773 sentiarum
2739 732 2893 773 mens
2917 717 2983 772 de
3010 717 3358 788 voluptatibus
3384 721 3600 790 relaxat;
3631 743 3760 798 neque
3779 733 3844 786 ῑιιίο

2407 809 2672 880 quitatem
2703 823 2823 864 esse
2857 809 3224 879 pronuntiant,
3252 809 3486 881 quidquid
3518 822 3596 869 aut
3617 819 3844 888 acquiritur,

2408 911 2501 956 aut
2545 900 2782 956 inimicis
2825 900 3173 972 rependitur,
3217 903 3357 956 carni
3397 915 3592 960 censent
3632 903 3844 982 indulgeri,

2405 991 2650 1063 longiora
2696 992 2852 1048 nobis
2889 993 3210 1062 promittunt
3246 1001 3494 1063 tempora,
3527 1012 3680 1054 severa
3703 1001 3771 1056 Dei
3792 1019 3852 1058 er-

2408 1091 2634 1138 tenuant
2667 1082 2890 1152 judicia,
2920 1091 2974 1137 et
3001 1083 3231 1154 plurima
3275 1101 3388 1155 quae
3424 1087 3641 1144 dicuntur
3664 1106 3744 1147 non
3771 1107 3850 1150 esse

2407 1174 2612 1239 futura,
2653 1177 2736 1228 vel
2765 1176 2925 1229 aliter
2959 1191 3099 1242 esse,
3128 1191 3286 1247 quam
3317 1178 3564 1245 dicuntur,
3601 1185 3852 1254 prophetam.

3947 287 3949 404 ι

2407 1263 2522 1319 lloc
2542 1265 2759 1334 quidem
2787 1265 2957 1319 levius
2978 1264 3114 1330 fore,
3138 1265 3265 1320 illud
3286 1282 3407 1322 vero
3425 1269 3614 1338 gravius
3629 1285 3850 1342 suggerant,

2407 1367 2461 1411 et
2508 1373 2603 1410 sua
2636 1371 2854 1427 semper
2879 1357 3080 1412 leviora
3117 1367 3302 1429 putant
3345 1358 3601 1430 faveatque
3624 1365 3852 1419 commissis.

2404 1445 2562 1502 Unde
2585 1445 2873 1516 Apostolus
2902 1465 2914 1500 :
2951 1444 3265 1514 Prudentia,
3292 1449 3474 1518 inquit,
3492 1450 3659 1515 carnis,
3677 1467 3850 1517 manest,
3948 1444 3949 1514 Ῑ

2403 1536 2525 1606 quia
2571 1537 2828 1608 cogitatus
2857 1537 2972 1607 ejus
3013 1537 3181 1591 vident
3203 1539 3418 1608 jugiter,
3457 1549 3538 1592 aut
3578 1544 3853 1610 assumptione:

2408 1625 2593 1696 falsas,
2632 1636 2726 1681 aut
2757 1625 3070 1697 dejectiones
3102 1627 3276 1700 (Rom.
3317 1631 3451 1700 vnt).
3476 1628 3649 1684 Rarum
3673 1635 3775 1702 quod
3791 1633 3852 1688 sibi

713 1750 780 1793 tet
801 1739 886 1807 (11
915 1715 1088 1805 Petra,
1109 1741 1194 1810 ιι).
1213 1738 1321 1792 Nec
1339 1739 1580 1801 dubium,
1599 1737 1738 1807 quod
1764 1735 1916 1806 culpa
1943 1735 2302 1798 sacerdotum,

2415 1715 2734 1786 ignoscant,
2783 1726 2841 1771 ut
2887 1718 3042 1774 alteri
3091 1721 3424 1775 consentiant
3449 1739 3460 1774 :
3489 1730 3539 1776 et
3573 1722 3686 1791 quod
3719 1725 3798 1786 uni,
3821 1733 3857 1778 ut

710 1841 766 1885 et
814 1846 1003 1885 eorum
1042 1829 1134 1898 qui
1189 1830 1241 1883 in
1289 1829 1407 1897 lege
1436 1835 1741 1890 versantur,
1773 1827 1928 1880 ruina
1971 1825 2042 1880 sit
2077 1823 2298 1895 populi:

709 1922 798 1990 qui
821 1930 913 1975 aut
935 1921 1068 1974 falsa
1095 1921 1286 1974 docent
1304 1919 1506 1988 absque
1530 1926 1976 1988 temperamento,
2004 1917 2159 1986 quasi
2182 1931 2302 1987 quae

709 2012 763 2065 vi
787 2013 948 2076 leant,
989 2019 1082 2064 aut
1120 2011 1457 2080 iniquitatem
1487 2025 1641 2064 suam
1689 2007 1916 2078 populo,
1947 2023 2041 2063 seu
2071 2007 2300 2073 scelera,

711 2105 940 2161 sollicite
983 2103 1049 2158 ad
1099 2103 1479 2173 paenitentiam
1529 2117 1653 2156 cum
1691 2109 2012 2171 provocent,
2049 2115 2154 2156 non
2205 2116 2304 2154 an-

711 2197 981 2252 nuntient.
1013 2195 1238 2266 Insuper
1277 2203 1332 2251 et
1361 2194 1564 2265 plures,
1591 2193 1842 2264 quamvis
1873 2201 2022 2248 recte
2048 2192 2298 2258 doceant,

709 2305 772 2346 ea
809 2304 928 2360 qua).
963 2289 1102 2343 bene
1145 2287 1450 2352 docuerint,
1489 2287 1601 2341 suis
1644 2285 1828 2356 pravis
1861 2285 1988 2355 (non
2043 2285 2162 2338 dico
2201 2283 2304 2337 mi-

708 2385 878 2448 nima,
912 2400 1100 2438 verum
1133 2383 1296 2438 etiam
1334 2391 1391 2436 et
1419 2381 1655 2450 majora)
1684 2379 1944 2448 exemplis
1977 2377 2295 2432 dissolvunt.

709 2485 761 2529 et
797 2475 1001 2542 omnia,
1049 2483 1144 2528 aut
1185 2473 1320 2527 lucri
1359 2487 1520 2526 causa
1551 2469 1786 2534 faciunt,
1823 2477 1914 2522 aut
1955 2468 2178 2531 erroris,
2206 2474 2302 2524 aut

725 2568 999 2631 actantiae,
1049 2565 1134 2619 vel
1182 2564 1420 2619 όοδὶἀὶλιέ.
1462 2561 1646 2630 Neque
1680 2562 1823 2614 enim
1867 2573 2056 2614 curam
2105 2564 2302 2626 gerant

705 2657 1038 2720 animarum,
1073 2655 1166 2710 sed
1197 2662 1391 2708 cuncta
1429 2651 1510 2705 sui
1543 2666 1706 2705 causa
1744 2648 1968 2710 faciunt,
1999 2645 2100 2702 sub
2131 2645 2300 2716 hypo-

705 2747 832 2800 crisi
864 2746 1170 2816 loquentes,
1203 2752 1410 2797 tantum
1442 2750 1501 2795 ut
1526 2756 1588 2795 ea
1623 2740 1901 2794 obtineant
1944 2753 2064 2806 qua:
2089 2743 2301 2791 seetané

707 2845 819 2891 tur.
873 2835 1019 2890 Falsi
1053 2834 1189 2906 (lsa.
1236 2849 1320 2897 ιιι,
1353 2847 1462 2897 vu,
1494 2832 1662 2901 xxtn)
1711 2829 1873 2900 igitur
1924 2828 2198 2897 prophetzc
2243 2840 2297 2880 ιιι

703 2943 896 2983 omnes
924 2927 1243 2996 probantur,
1275 2924 1368 2994 qui
1407 2923 1550 2977 viam
1577 2919 1674 2977 Dei
1701 2922 1755 2976 in
1782 2920 2010 2976 veritate
2053 2935 2158 2972 non
2203 2915 2300 2972 do-

703 3029 848 3075 cent.
909 3017 1064 3073 Unde
1114 3017 1360 3087 sequitur
1401 3033 1413 3068 :
1465 3013 1722 3069 Viderunt
1771 3013 1864 3068 tibi
1915 3012 2296 3082 assumptiones

2407 1810 2661 1864 omnibus
2689 1826 2701 1862 :
2731 1809 2826 1864 sed
2849 1826 3064 1882 semper
3085 1820 3178 1866 aut
3197 1821 3528 1884 exaggerant,
3553 1825 3632 1868 aut
3648 1825 3854 1880 assumunt,

2406 1907 2500 1952 aut
2526 1899 2802 1968 dejieiunt,
2835 1909 2891 1954 et
2922 1901 3272 1968 inuninuunt,
3301 1913 3355 1958 et
3383 1920 3446 1960 ex
3473 1903 3586 1959 istis
3611 1904 3762 1974 quidem
3785 1903 3856 1960 sibi

2404 1992 2800 2058 obedientibus,
2833 1997 3220 2066 sempiternum
3245 1999 3516 2069 acquirunt
3540 1999 3794 2071 supplicium.
3811 1999 3857 2054 Et

2405 2087 2600 2142 exinde
2633 2088 2878 2160 sequitur
2905 2107 2918 2143 :

3091 2242 3318 2282 SAIECII.

2477 2351 2799 2412 Plauserunt
2845 2376 3002 2430 super
3045 2369 3095 2416 te
3138 2363 3402 2430 manibus,
3440 2376 3598 2418 omnes
3634 2373 3859 2420 trattmnm

2402 2467 2494 2520 per
2523 2450 2658 2504 ciam
2689 2467 2706 2504 :
2735 2453 3079 2510 sibilaverunt
3112 2468 3160 2512 et
3186 2469 3448 2513 moverunt
3475 2468 3611 2528 caput
3631 2474 3747 2514 suum
3765 2473 3861 2526 super
3948 2489 3949 2492 η

2403 2543 2571 2612 ﬁliam
2598 2545 2919 2602 Jerusalem.
2948 2548 3051 2604 Alii
3077 2549 3302 2622 quidem
3343 2567 3497 2622 super
3524 2551 3788 2623 Synagogam
3814 2545 3862 2602 vd
3948 2595 3949 2614 ς

2403 2633 2725 2704 Ecclesiam,
2758 2649 2853 2693 aut
2875 2639 3136 2707 animam,
3159 2641 3309 2698 hunc
3334 2642 3588 2713 planctum
3609 2642 3864 2709 interpretan-

2405 2735 2486 2784 tes
2515 2746 2528 2782 :
2566 2745 2658 2785 eos
2697 2731 2788 2800 qni
2827 2729 3090 2801 plaudent
3117 2733 3372 2789 manibus
3399 2748 3548 2804 super
3577 2747 3667 2796 eas,
3701 2729 3864 2786 inimicos
3948 2717 3949 2756 ξ

2400 2837 2522 2877 esse
2545 2822 2820 2889 dixerunt,
2851 2825 3006 2895 quasi
3034 2839 3104 2881 ex
3145 2827 3400 2883 irrisione
3427 2836 3480 2882 et
3499 2826 3668 2897 gatulio
3691 2822 3865 2879 insultan-

2403 2924 2518 2971 tes:
2549 2917 2643 2972 sed
2697 2931 2794 2972 nos
2843 2927 3060 2975 sanctos
3088 2919 3286 2976 Patres
3321 2933 3352 2977 e
3379 2919 3630 2976 contrario
3665 2931 3757 2973 esse
3785 2913 3867 2969 dici-

2402 3021 2545 3071 mus,
2593 3013 2648 3061 et
2687 3008 2924 3074 amicos,
2975 3007 3093 3066 zelo
3154 3019 3214 3066 et
3258 3009 3544 3076 charitate,
3586 3007 3722 3064 nimio
3751 3003 3872 3060 dolore

704 3111 874 3184 falsas
917 3120 967 3166 et
1012 3083 1307 3180 ejectiones.
1341 3106 1479 3163 Nam
1507 3107 1563 3162 in
1591 3105 1750 3172 Isaia,
1782 3105 1876 3161 ubi
1915 3115 2103 3162 noster
2131 3105 2296 3159 inter-
2323 3083 2368 3148 Ο
2400 3094 2653 3165 ασεοῑοε,
2694 3100 2784 3170 qni
2825 3101 3040 3172 quoties
3081 3119 3256 3158 unam
3285 3107 3468 3158 earum
3504 3101 3781 3174 projectama
3802 3096 3868 3150 Deo

705 3218 852 3274 pres,
885 3218 1024 3258 onus
1052 3201 1328 3258 transtulit
1350 3199 1662 3272 Babylonis,
1692 3197 1778 3254 vel
1807 3197 1956 3271 Tyri,
1980 3208 2073 3252 aut
2105 3195 2297 3252 Dama-

704 3296 807 3362 sci,
839 3293 982 3350 LXX
1024 3295 1153 3348 visio
1186 3293 1410 3348 verbum
1450 3291 1725 3358 dixerunt,
1771 3289 2133 3363 Symmachus
2166 3305 2296 3344 vero

701 3403 756 3448 et
783 3391 1083 3448 Theodotio
1112 3389 1402 3460 assumptio
1433 3385 1775 3457 interpretati
1805 3393 1951 3440 sunt.
1981 3383 2046 3439 Et
2083 3384 2187 3440 hoc
2213 3391 2297 3438 est

703 3483 848 3554 quod
877 3482 996 3539 falsi
1033 3482 1310 3553 propheta:
1333 3479 1550 3551 quando
1577 3476 1763 3532 vident
1791 3491 1931 3530 onus
1956 3473 2158 3546 p0puli,
2188 3491 2296 3544 quo

702 3575 892 3642 verbo,
923 3587 1140 3642 semper
1188 3571 1368 3627 tristia
1402 3585 1524 3641 qua:
1549 3578 1872 3639 sequuntur,
1907 3574 1963 3621 et
2006 3566 2294 3621 imminen-

703 3667 777 3722 tia
801 3665 1120 3723 delictorum
1147 3663 1409 3734 supplicia
1437 3661 1696 3732 levigarc,
1718 3659 1874 3730 quasi
1902 3658 2293 3729 scripturarum

698 3755 979 3826 exemplis,
1006 3763 1062 3810 et
1099 3752 1560 3809 consolationibus
1585 3751 1698 3806 suis
1726 3748 2086 3814 contendunt,
2113 3754 2172 3804 et
2198 3748 2294 3804 de-

695 3846 870 3918 jicere
915 3861 1014 3902 suo
1061 3844 1269 3915 judicio
1297 3861 1327 3899 a
1364 3843 1527 3899 dorso
1564 3849 1913 3916 peccatorum
1943 3854 2144 3907 onera,
2174 3855 2295 3910 qua:

702 3937 966 3993 fabricata
1006 3945 1134 3990 sunt
1167 3954 1181 3990 :
1215 3935 1309 3992 sed
1341 3944 1601 4004 utrasque
1644 3933 1810 3988 falsas
1845 3932 2050 3999 vident,
2083 3947 2293 3986 assum-

700 4033 914 4103 ptiones
942 4029 1194 4086 videlicet
1220 4038 1276 4086 et
1304 4027 1635 4097 dejectiones
1663 4043 1677 4080 :
1704 4027 1828 4097 quia
1869 4040 2010 4096 saepe
2048 4040 2145 4096 pro
2193 4037 2292 4080 suo

700 4121 856 4176 libitu
879 4162 894 4186 ,
921 4135 987 4175 ex
1029 4119 1325 4176 levioribus
1355 4116 1558 4188 culpis,
1590 4117 1839 4187 graviora
1871 4129 2054 4176 onera,
2092 4112 2174 4168 vel
2203 4129 2290 4168 as-

699 4212 1033 4282 sumptiones
1059 4209 1430 4282 pronuntiant,
1487 4215 1542 4263 et
1582 4207 1863 4276 imponunt
1893 4204 2110 4276 populo,
2141 4213 2197 4260 et
2220 4219 2290 4260 ex

697 4305 1040 4378 gravioribus
1083 4312 1140 4358 et
1192 4300 1534 4364 innumeris,
1587 4298 1922 4368 dejectiones
1990 4295 2157 4354 falsas
2204 4297 2289 4354 vel

696 4395 1050 4468 levigationes
1122 4391 1278 4464 quasi
1333 4407 1399 4447 ex
1470 4391 1652 4446 divina
1709 4389 2032 4446 auctoritate
2082 4387 2289 4446 faciunt

2400 3192 2774 3261 cognoverint,
2799 3193 3061 3264 plaudent
3085 3195 3371 3261 manibus,
3403 3209 3504 3250 non
3527 3186 3866 3252 irridentislastu,

2400 3283 2493 3336 sed
2528 3282 2763 3338 dolentis
2791 3293 2846 3339 et
2873 3285 3190 3358 plangentis
3213 3285 3432 3353 allecto,
3457 3287 3587 3360 quod
3605 3285 3660 3340 de
3679 3292 3787 3338 tanto
3801 3276 3870 3334 cul-

2399 3373 2542 3430 mine
2569 3385 2622 3429 et
2657 3375 2850 3448 gloria,
2901 3377 3198 3452 Syuagoga
3245 3380 3332 3435 vel
3375 3379 3622 3442 Ecclesia,
3659 3385 3726 3432 aut
3756 3371 3868 3428 animi

2395 3466 2668 3538 PI'OIapsa,
2707 3469 2775 3523 ad
2819 3478 3023 3524 tantam
3059 3473 3252 3530 subito
3280 3481 3336 3530 et
3363 3472 3631 3543 improvise
3663 3459 3868 3538 pervenerit

2397 3558 2626 3614 ruinam.
2661 3557 2812 3614 Unde
2835 3567 2890 3614 et
2913 3569 3271 3618 transeuntes
3303 3563 3357 3618 hi
3401 3577 3496 3634 per
3525 3561 3653 3615 viam
3685 3555 3864 3612 dicuntur.

2396 3647 2663 3705 Carterum
2717 3651 2902 3707 hostes
2944 3652 3234 3722 Ecclesiae,
3264 3665 3362 3710 aut
3410 3655 3678 3710 animarum
3703 3645 3869 3714 velSyn-

2395 3757 2601 3814 agogaa,
2616 3759 2954 3814 nequaquam
2969 3747 3228 3812 dixerim,
3253 3733 3402 3820 quod
3417 3736 3866 3812 transeuntper'iimi

2395 3835 2518 3906 quia
2545 3836 2679 3892 viam
2695 3837 2840 3909 pacis
2861 3841 3181 3897 nescierunt
3205 3841 3382 3912 (Psal.
3403 3843 3538 3912 xm),
3559 3838 3640 3895 sed
3655 3836 3874 3891 oberraan

2394 3944 2424 3984 a
2467 3930 2586 3995 via,
2633 3929 2738 3986 huc
2784 3932 3019 4004 illucque
3072 3930 3300 4008 1397
3345 3919 3876 3992 tumultuantes,sdima

2395 4029 2673 4076 corruunt.
2721 4021 2873 4091 Quod
2923 4033 3104 4081 autem
3155 4029 3340 4082 dicit:
3374 4025 3498 4098 quia
3538 4012 3876 4080 εὲὑὶιιιιιιιιιιιε.ά

2395 4121 2679 4166 moverunt
2703 4114 2879 4184 capita
2903 4131 2999 4170 sua
3024 4129 3197 4188 super
3222 4116 3393 4172 ﬁliam
3417 4113 3699 4174 Jerusalem,
3715 4101 3875 4162 subitum

2393 4211 2448 4258 et
2493 4204 2843 4276 improvisum
2879 4217 2990 4261 tam
3032 4187 3276 4264 dolentis
3318 4225 3480 4280 quam
3519 4195 3779 4262 admirantis
3795 4187 3878 4246 alle-

2393 4305 2538 4352 ctum
2591 4295 2829 4354 insinuat
2875 4313 3063 4355 eorum
3091 4342 3106 4363 ,
3161 4303 3256 4374 qui
3305 4303 3376 4357 ad
3407 4301 3577 4356 divina
3604 4287 3875 4374 sempe'rtea:

2395 4387 2606 4455 dentes,
2633 4401 2854 4462 gemunt
2875 4401 2928 4447 et
2949 4369 3357 4465 obstupescunt
3385 4394 3511 4465 quid
3538 4383 3766 4445 acciderit,
3785 4369 3877 4446 quod

693 4447 1081 4558 pecgantibus;
1130 4447 1191 4542 et
1219 4485 1470 4540 nesciunt
1501 4483 1688 4539 miseri
1739 4483 1884 4553 quod
1913 4498 1994 4538 va).
2038 4481 2144 4537 illis
2189 4483 2272 4570 im.
2314 4447 2370 4512 ι)
2395 4481 2460 4536 de
2483 4490 2594 4536 tam
2625 4447 2878 4539 ibeﬂ'abili
2905 4485 3096 4555 gloria,
3115 4447 3537 4559 insperatam
3561 4487 3734 4536 tantam
3753 4476 3874 4543 βεττε-

698 4579 933 4645 mineat;
977 4577 1102 4648 quia
1151 4575 1298 4648 (lsa.
1341 4575 1410 4646 v)
1463 4575 1648 4630 dicunt
1697 4576 1898 4630 bonum
1948 4573 2170 4640 malum,
2201 4574 2290 4629 vel

693 4668 896 4724 malum
923 4667 1146 4724 bonum.
1175 4667 1242 4722 Et
1266 4675 1326 4722 ut
1355 4664 1549 4736 Aquila
1581 4665 1969 4734 interpretatus
1997 4672 2083 4720 est
2112 4663 2286 4718 mani-

691 4761 886 4818 festius
915 4779 929 4816 :
959 4777 1042 4818 vae
1065 4762 1158 4832 qui
1184 4761 1367 4816 dicunt
1393 4759 1538 4814 bono
1566 4777 1579 4812 :
1611 4757 1783 4814 Malus
1805 4773 1886 4825 es,
1914 4767 1970 4814 et
1995 4759 2137 4814 malo
2156 4758 2283 4830 quia

690 4853 886 4909 bonus.
921 4853 1142 4909 Duobus
1165 4867 1297 4924 ergo
1320 4851 1440 4906 istis
1469 4849 1689 4917 litteris,
1725 4851 1989 4923 propheta
2032 4849 2283 4908 doctores

691 4944 854 5000 simul
883 4961 1080 5016 pravos
1103 4953 1161 5000 et
1187 4944 1463 5000 auditores
1505 4944 1739 5015 plangit,
1760 4942 1916 5012 juxta
1962 4945 2282 5018 interpreta-

690 5035 896 5092 tionem
923 5036 1235 5090 earumdem
1265 5031 1592 5098 litterarum,
1619 5043 1680 5088 ut
1708 5033 1925 5106 1396
1948 5034 2020 5089 sit
2047 5049 2277 5092 sensus:

689 5124 835 5197 quod
858 5139 926 5180 ex
954 5121 1116 5190 Mem,
1147 5121 1203 5176 id
1231 5129 1314 5176 est
1341 5137 1407 5177 ex
1436 5121 1554 5177 istis
1581 5123 1672 5192 qui
1699 5123 1838 5178 male
1875 5123 2089 5190 docent,
2132 5121 2282 5194 Nun,

689 5217 834 5290 quod
873 5227 957 5274 est
984 5217 1396 5287 sempiternum,
1430 5216 1512 5271 eis
1539 5217 1786 5287 utrisque
1838 5217 2120 5273 immineat
2145 5233 2275 5288 sup-

687 5309 930 5380 plicium,
960 5307 1046 5363 vel
1075 5307 1202 5378 quia
1228 5307 1318 5362 isti
1345 5323 1531 5377 prave,
1560 5324 1658 5379 pro
1686 5310 1894 5364 meritis
1923 5323 2273 5379 eorum,pra-

688 5418 785 5458 vos
813 5403 1006 5458 docent
1037 5419 1053 5457 :
1085 5402 1192 5468 velt,
1236 5402 1360 5472 quia
1392 5402 1470 5457 illi
1505 5402 1912 5468 maledicentes,
1941 5403 2112 5458 malos
2163 5418 2271 5459 non

686 5493 981 5565 refugiunt.
1015 5492 1190 5550 Habet
1235 5494 1400 5566 igitur
1444 5501 1502 5549 et
1544 5495 1724 5548 anima
1772 5493 1938 5549 falsos
1978 5495 2270 5566 prophetas

685 5597 813 5640 suos
857 5587 1126 5651 exterius,
1161 5602 1285 5642 cum
1313 5586 1431 5657 ipsa
1471 5601 1530 5642 se
1560 5586 1667 5642 illis
1697 5585 1999 5642 subdiderit
2028 5604 2042 5640 :
2075 5601 2269 5648 sensus

684 5675 934 5734 videlicet
959 5679 1160 5744 carnis,
1183 5679 1276 5748 qui
1304 5679 1354 5734 ei
1381 5693 1592 5750 semper
1629 5679 1918 5750 priesentia
1949 5678 2206 5744 oswndur
2224 5689 2265 5749 μ

2391 4574 2572 4630 nerint
2592 4575 2876 4644 apostasia?
2899 4577 3195 4635 insaniant.
3223 4579 3416 4636 Solent
3445 4589 3657 4646 namque
3674 4567 3742 4625 isti
3765 4569 3876 4646 motus

2390 4643 2646 4720 manuum
2679 4664 2760 4720 vel
2793 4667 3008 4737 capitis,
3034 4677 3088 4724 et
3141 4669 3373 4735 sibilus,
3405 4643 3635 4724 diversos
3673 4649 3798 4715 animi
3828 4643 3876 4702 ³Ῑ·

2385 4754 2563 4812 lectus
2611 4759 2939 4826 ostendere,
2996 4769 3052 4816 et
3108 4761 3240 4818 ideo
3297 4777 3410 4820 non
3465 4756 3636 4816 ininus
3677 4754 3876 4809 ιιιωτοηω

2386 4845 2568 4902 cordis
2605 4854 2661 4902 et
2700 4845 2944 4903 dolorem
2972 4849 3213 4906 dicimus
3239 4841 3570 4923 signiﬁcare,
3594 4838 3734 4918 'ljbam
3764 4842 3804 4892 et
3827 4830 3876 4885 ἱῐί·

2391 4939 2698 4997 saltationis
2713 4949 2768 4996 et
2787 4941 2967 5013 gaudii
2993 4953 3086 4999 seu
3110 4943 3438 5002 deﬁsionﬁs.
3455 4927 3678 5010 Hincque
3688 4927 3875 5000 sequitur:

2391 5027 2637 5088 Haecine
2661 5041 2734 5087 est
2765 5033 2912 5098 urbs,
2932 5033 3201 5102 dicentes,
3247 5036 3468 5106 perfecti
3497 5026 3705 5090 decoris.
3735 5031 3771 5078 α
3793 5025 3877 5106 9f"

2388 5123 2535 5177 dium
2571 5123 2828 5180 universw
2864 5125 3058 5180 terra?!
3081 5103 3454 5200 Nequaquam
3481 5125 3636 5197 igitur
3653 5117 3799 5175 ῗιὸειθϐ

2388 5211 2567 5268 clesia:
2609 5213 2694 5267 vel
2741 5214 3063 5280 animarum,
3103 5196 3346 5284 perfecti
3387 5196 3592 5272 decoris
3612 5221 3716 5266 eam
3738 5196 3876 5275 ρυιευίν

2387 5315 2480 5362 aut
2513 5307 2766 5378 gaudium
2793 5308 3063 5366 universa:
3105 5318 3297 5377 terrae,
3332 5326 3459 5368 cum
3497 5305 3645 5366 ﬂoret
3668 5306 3713 5360 in
3739 5301 3878 5367 opere:

2381 5401 2473 5458 sed
2504 5400 2602 5456 soli
2627 5402 2802 5456 sancti
2833 5411 2959 5458 sunt
2981 5412 3036 5458 et
3063 5405 3258 5470 amici,
3287 5407 3383 5476 qui
3417 5419 3533 5460 eam
3561 5384 3878 5476 pompm

2380 5498 2455 5554 ris
2476 5511 2596 5553 esse
2621 5496 2868 5562 credunt,
2902 5498 2978 5552 uti
3011 5475 3328 5568 prophetae,
3363 5515 3460 5555 seu
3489 5503 3715 5553 auctores
3737 5475 3879 5542 tim"

2379 5605 2498 5646 rum
2531 5589 2956 5658 Scripturarum,
2973 5589 3485 5664 iniquamplnrimis
3505 5586 3631 5644 locis
3651 5575 3878 5638 decantat.

2379 5687 2434 5737 et
2459 5681 2712 5754 gaudium
2743 5681 3008 5738 universae
3037 5689 3205 5740 terra
3233 5684 3604 5741 indubitanter
3629 5665 3879 5733 asseverant
