4078 6348
176 281 293 340 H35

908 278 1268 338 EXPOSlTlO
1303 278 1371 335 1N
1408 276 1990 336 LAMENTATIONES
2023 277 2362 337 JEREMLE.
2384 308 2458 320 —
2490 277 2625 336 LIB.
2655 278 2718 333 ll.

3265 276 3407 334 H54

177 395 456 467 Sethuanto
475 394 851 468 gloriosiorem
865 403 920 449 et
940 395 1306 466 pulchriorem
1326 411 1445 451 eam
1467 404 1720 450 constare
1747 402 1797 460 Α
1825 393 2134 464 respondit,
2183 395 2405 450 dicens:
2441 394 2715 448 Dimittam
2744 393 2907 465 juxta
2960 394 3173 450 uerbum
3215 402 3402 463 tuum;

173 486 455 564 gaudebant,
491 496 640 544 tanto
684 488 858 561 magis
903 489 1242 543 admirantur
1270 498 1323 542 et
1361 488 1565 560 lugent,
1591 502 1717 541 cum

173 596 276 634 eam
303 589 712 651 constupratam,
744 587 796 633 et
823 577 1083 647 dejectam
1114 580 1165 633 in
1198 580 1449 633 manibus
1480 578 1731 633 hostium.

170 673 346 729 vident.
362 672 468 727 Non
481 673 625 728 enim
647 672 886 728 haeccine
904 681 1009 737 est,
1025 674 1167 741 quod
1184 673 1352 735 aiunt,
1369 679 1721 741 percunctan-

171 767 248 829 tis,
270 778 350 821 aut
371 766 595 821 laetantis
619 765 821 830 animo,
851 766 943 820 sed
968 765 1294 829 confitentis,
1324 764 1478 835 quasi
1501 764 1617 819 haec
1638 772 1722 819 est

167 867 212 914 et
234 856 515 930 plangentis
546 877 560 913 :
593 858 781 912 dicunt
810 866 867 911 ut
897 866 1156 928 quantum
1183 857 1516 912 hilarescunt
1537 858 1720 913 cuncti

167 949 224 1005 de
243 949 340 1015 illa,
364 950 479 1021 quia
528 957 749 1004 manet:
784 958 990 1004 tantum
1040 949 1280 1022 lugeant,
1310 951 1438 1020 quia
1483 948 1722 1006 fmdatur

165 1027 415 1104 sordibus,
441 1049 495 1095 et
518 1039 585 1093 ad
614 1039 720 1093 ima
745 1039 869 1093 ruit.
901 1039 1099 1094 Verum
1121 1049 1433 1094 sanctorum
1460 1039 1721 1112 gemitum

164 1142 308 1202 Super
325 1147 434 1186 eam
456 1132 718 1203 propheta
743 1142 796 1185 et
825 1131 936 1202 ipse
963 1147 1182 1199 gemens
1203 1131 1467 1197 exhibuit,
1493 1146 1635 1187 nunc
1656 1131 1721 1188 de

163 1223 471 1280 inimicorum
494 1223 692 1295 gaudio
714 1232 769 1279 et
797 1223 1142 1279 insultatione
1171 1224 1410 1294 plorans,
1443 1224 1574 1279 dicit
1606 1239 1620 1278 :

856 1386 965 1427 ADL

221 1486 529 1558 Aperuerunt
549 1503 705 1545 super
724 1496 793 1552 te,
827 1486 1024 1558 inquit,
1056 1504 1113 1542 os
1137 1504 1291 1542 suum
1319 1505 1494 1543 omnes
1522 1489 1723 1544 inimici

161 1579 247 1645 tui,
268 1578 593 1634 sibilaverunt
619 1589 669 1634 et
686 1579 1033 1649 frenduerunt
1056 1579 1323 1647 dentibus,
1346 1590 1395 1635 et
1440 1580 1721 1635 dixerunt:

162 1671 531 1727 Devorabimus.
567 1670 644 1725 Ex
683 1672 931 1744 utrisque
956 1686 1087 1743 ergo
1136 1673 1399 1742 propheta
1446 1671 1717 1727 afﬁcitur:

1826 496 2218 554 verumtamen,
2260 489 2315 541 in
2345 488 2429 541 die
2454 486 2664 541 ultionis
2696 488 2910 542 visitabo
2938 498 2985 543 et
3013 489 3111 543 hoc
3136 497 3406 559 peccatum

1823 572 1999 655 eorum
2042 577 2240 652 (Exod.
2281 582 2475 645 xxx”).
2509 577 2622 633 Non
2672 580 2812 648 quod
2845 580 2896 633 in
2956 596 3064 634 uno
3109 581 3410 652 eodemque

1824 684 2046 745 peccato
2077 674 2334 729 Dominus
2364 672 2609 741 judicare
2635 672 2881 727 debuerit
2908 673 2961 727 in
3010 674 3095 727 die
3137 674 3357 729 ultionis
3392 688 3409 728 :

1823 767 1951 838 quia
1983 764 2314 837 nonjudieat
2336 766 2418 820 bis
2445 766 2498 819 in
2527 764 2777 834 idipsum,
2807 764 2899 818 sed
2930 766 3054 834 quia
3078 766 3178 835 ipsi
3206 767 3273 823 ab
3303 767 3410 824 hoc

1825 856 2145 913 idololatria:
2180 865 2408 929 peccato
2446 870 2719 925 nunquam
2773 853 3010 926 perfecte
3056 866 3416 914 cessaverunt

1823 947 1909 1003 vel
1938 948 2331 1019 pmnitueruut.
2358 947 2566 1003 Idcirco
2590 956 2645 1003 et
2666 946 2718 1001 in
2750 947 2838 1002 die
2886 946 3125 1012 ultionis,
3149 948 3252 1003 hoc
3303 964 3410 1005 non

1825 1039 2005 1096 minus
2030 1056 2192 1111 quam
2221 1050 2275 1094 et
2301 1041 2357 1095 in
2388 1038 2594 1106 futuro,
2622 1040 2674 1093 in
2701 1052 2794 1093 eos
2843 1038 2935 1109 qui
2984 1041 3409 1108 permanserint,

1825 1132 2087 1187 Dominus
2109 1132 2328 1187 visitare
2361 1132 2577 1187 dicitur.
2603 1131 2669 1186 Et
2695 1131 2820 1185 hinc
2852 1140 2934 1186 est
2955 1131 3098 1201 quod
3127 1148 3271 1188 nunc
3293 1134 3370 1188 ait
3397 1152 3410 1188 :

1824 1221 1973 1277 Fecit
1996 1223 2252 1278 Dominus
2286 1239 2404 1290 quae
2440 1224 2683 1294 cogitauit
2726 1234 2773 1277 et
2808 1220 3077 1293 complevit
3122 1240 3414 1279 sermonem

1824 1332 2001 1380 suum,
2026 1331 2177 1385 quem
2207 1326 2523 1384 prwceperat
2547 1332 2579 1368 a
2607 1314 2789 1368 diebus
2811 1315 3070 1370 destruxit
3117 1326 3165 1371 et
3200 1332 3301 1371 non
3324 1334 3414 1387 pe-

1823 1409 2008 1481 percit,
2039 1407 2255 1478 quando
2290 1407 2476 1478 plagas
2516 1422 2635 1476 qua:
2667 1407 2720 1487 in
2743 1406 2858 1479 lege
2880 1422 2941 1463 ac
2983 1409 3263 1479 prophetis
3303 1408 3412 1464 fre-

1827 1509 2055 1568 quenter
2079 1499 2458 1554 comminando
2484 1500 2832 1571 praedixerat,
2866 1504 3079 1555 tandem
3105 1503 3169 1555 ad
3194 1502 3411 1559 iracun-

1828 1590 1971 1646 diam
2013 1583 2359 1659 provocatus,
2405 1605 2571 1660 super
2620 1606 2715 1646 eos
2747 1591 2976 1646 induxit.
3011 1592 3163 1661 Quod
3207 1595 3253 1649 si
3298 1595 3415 1649 haec

1833 1682 2049 1755 1399
2071 1684 2273 1739 inimici
2304 1685 2550 1755 corporei
2574 1694 2758 1741 contra
2782 1684 3080 1741 Jerusalem
3113 1686 3257 1741 illam
3281 1695 3412 1743 tunc

160 1764 237 1819 vel
261 1766 376 1836 quia
403 1766 560 1851 amici
582 1774 805 1837 gemunt
833 1766 899 1821 de
924 1765 1009 1821 his
1040 1767 1234 1832 tribus,
1264 1784 1332 1822 ex
1378 1767 1575 1838 quibus
1612 1786 1715 1824 una
1746 1768 1797 1832 Β
1821 1760 2086 1841 fecerunt,
2111 1777 2242 1846 quid
2287 1777 2598 1847 spiritualcs
2623 1779 2897 1848 nequitiae,
2922 1787 2977 1833 et
3025 1778 3259 1835 ministri
3307 1795 3409 1836 an-

158 1854 330 1911 civitas
353 1854 659 1928 colligitur;
686 1855 769 1911 vel
789 1855 916 1926 quia
948 1856 1155 1913 inimici
1196 1857 1445 1912 derident
1472 1870 1528 1911 et
1551 1857 1715 1913 insul-

156 1934 262 2002 tant
287 1962 377 2018 pro
402 1960 464 2001 ea
490 1946 557 2002 de
584 1944 691 2001 illis
715 1961 835 2016 qua:
879 1946 1157 2001 ceciderit.
1189 1945 1516 2015 Aperuerunt
1562 1966 1719 2020 super

155 2048 219 2103 te,
244 2039 424 2110 inquit,
450 2056 507 2093 as
531 2054 684 2093 suum
708 2054 884 2093 omnes
904 2037 1105 2092 inimici
1126 2040 1221 2092 tui.
1254 2036 1328 2094 Os
1361 2054 1490 2110 ergo
1515 2039 1719 2096 inimici

154 2120 277 2188 tunc
297 2132 345 2187 in
374 2131 524 2187 nobis
562 2131 835 2203 aperiunt,
892 2146 1015 2186 cum
1051 2132 1219 2186 multa
1267 2141 1394 2187 sunt
1437 2132 1502 2187 de
1566 2131 1720 2191 nobis

154 2224 286 2279 mala
306 2240 417 2295 qua:
437 2224 709 2299 dicuntur.
739 2221 912 2277 Aliter
937 2231 1119 2278 autem
1146 2224 1283 2295 apud
1318 2223 1561 2293 judicem
1625 2223 1719 2295 qui

152 2315 209 2371 in
239 2315 376 2371 nullo
399 2315 591 2370 fallitur
615 2315 860 2371 clausum
897 2324 1063 2382 esset,
1096 2316 1198 2371 nisi
1242 2331 1310 2370 ex
1364 2315 1520 2371 nobis
1569 2316 1722 2371 innu-

150 2422 297 2462 mera
324 2405 489 2463 forent
517 2407 721 2462 scelera
743 2414 797 2460 et
819 2416 1064 2478 peccata,
1107 2407 1277 2462 hostis
1294 2423 1413 2477 qua:
1437 2406 1717 2475 objiceret.

149 2496 462 2568 Aperiebant
476 2513 604 2567 ergo
631 2506 817 2552 contra
837 2495 1139 2553 Jerusalem
1161 2497 1424 2565 dejectam
1443 2512 1506 2552 os
1524 2511 1681 2552 suum
1702 2512 1717 2563 ;

146 2592 386 2663 aperiunt
411 2599 464 2645 et
491 2601 679 2646 contra
721 2590 1014 2646 Ecclesium
1042 2591 1461 2662 delinquentem,
1485 2606 1585 2645 nec
1613 2605 1721 2644 non

148 2691 329 2738 contra
387 2682 644 2748 animam,
699 2684 750 2737 in
793 2683 1055 2754 sanguine
1093 2691 1440 2753 peccatorum
1495 2696 1723 2737 suorum

149 2773 359 2845 1398
385 2773 773 2829 conculcatam.
817 2771 954 2829 Hinc
985 2789 1200 2844 quoque
1225 2773 1416 2839 David,
1450 2773 1721 2841 Deus,in-

144 2862 497 2934 quit,luudem
518 2880 685 2917 meum
711 2881 772 2917 ne
795 2865 1186 2934 tacueris,quia
1207 2883 1261 2919 os
1287 2868 1574 2935 peccatoris
1600 2875 1648 2920 et
1664 2882 1721 2921 os

142 2955 311 3009 dolosi
337 2970 489 3024 super
510 2970 590 3008 me
616 2965 851 3025 apertum
869 2965 963 3010 est.
998 2954 1171 3028 (Psal.
1206 2958 1378 3029 cvm).
1399 2958 1546 3014 Felix
1566 2975 1721 3014 nam-

142 3060 247 3116 que
261 3045 345 3100 cui
361 3044 460 3099 etsi
482 3044 587 3100 sint
607 3045 794 3116 CtllptB,
809 3062 929 3117 quae
951 3044 1299 3116 objiciuntur,
1316 3058 1443 3104 sunt
1457 3058 1511 3106 et
1534 3049 1723 3105 laudes

1825 1867 1958 1936 tiqui
1990 1868 2164 1923 hostis
2203 1866 2400 1923 facturi
2458 1876 2583 1923 sunt
2625 1884 2755 1941 erga
2809 1869 3132 1935 Ecclesiam,
3190 1873 3410 1942 quando

1823 1972 1943 2029 eam
1980 1974 2078 2027 pro
2125 1957 2235 2014 suis
2265 1958 2663 2030 iniquitatibus,
2690 1960 2792 2015 sibi
2821 1975 2852 2015 a
2875 1961 3099 2017 Domino
3129 1963 3406 2029 traditam,

1823 2049 2001 2121 poenis
2028 2057 2084 2103 et
2109 2048 2385 2104 doloribus
2409 2049 2857 2105 circumdabant?
2899 2050 3174 2122 Siquidem
3213 2069 3321 2108 non
3347 2056 3415 2109 de

1824 2141 1914 2197 illa
1942 2142 2081 2206 dico,
2110 2142 2370 2196 adversus
2400 2156 2559 2213 quam
2586 2152 2750 2213 portw
2798 2142 2954 2211 inferi
3007 2161 3110 2198 non
3156 2146 3410 2216 prwvale—

1827 2234 1950 2288 bunt
1986 2231 2202 2306 (Matth.
2255 2233 2392 2304 xvr),
2420 2234 2515 2289 sed
2557 2234 2624 2289 de
2654 2235 2738 2290 bis
2767 2236 2858 2307 qui
2907 2249 3230 2294 corruerunt
3264 2240 3413 2296 intus

1825 2325 2047 2381 forisve.
2082 2326 2155 2380 De
2183 2325 2380 2396 quibus
2396 2324 2633 2381 Joannes
2656 2326 2785 2381 dicit
2815 2345 2829 2381 :
2864 2326 2950 2381 Ea:
2974 2329 3121 2383 nobis
3145 2330 3409 2395 exierunt,

1825 2416 1917 2473 sed
1943 2433 2045 2471 non
2064 2417 2279 2488 fuerunt
2324 2432 2389 2471 ea:
2430 2415 2576 2470 nobis
2634 2415 2685 2488 (1
2732 2417 2894 2471 Joan.
2949 2418 3086 2490 xxi).
3139 2417 3413 2474 Exaltavit

1827 2507 2018 2579 inquit,
2054 2525 2215 2562 cornu
2252 2508 2479 2562 hostium
2507 2525 2746 2572 suorum,
2778 2509 2904 2578 quia
2929 2524 3055 2564 cum
3106 2510 3413 2566 inﬁrmatur

1827 2599 2067 2655 Ecclesia
2081 2598 2305 2665 Christi,
2324 2608 2451 2655 tunc
2475 2614 2643 2655 cornu
2662 2599 3002 2655 inimicorum
3024 2600 3164 2672 ejus,
3181 2617 3404 2674 regnum

1827 2691 2078 2748 videlicet
2110 2691 2195 2748 vel
2222 2693 2481 2764 potentia,
2527 2692 2758 2763 amplius
2788 2702 2976 2749 contra
2999 2710 3118 2749 eam
3141 2694 3412 2750 exaltatur

1827 2793 1883 2839 et
1919 2783 2191 2856 praevalet.
2238 2782 2523 2839 Terribilia
2558 2792 2683 2839 sunt
2706 2783 2861 2839 valde
2887 2800 3008 2854 quae
3060 2785 3406 2857 planguntur,

1829 2878 2043 2949 quando
2070 2878 2249 2933 anima
2281 2878 2335 2933 in
2391 2888 2659 2950 potestate
2709 2879 2936 2934 traditur
2975 2880 3231 2936 hostium.
3279 2879 3411 2949 Quae

1828 2968 2009 3042 longe,
2032 2970 2085 3025 in
2107 2969 2194 3024 die
2221 2967 2511 3034 felicitatis,
2547 2969 2718 3025 noluit
2745 2970 3043 3040 praevidere
3067 2970 3267 3034 futura,
3294 2988 3414 3043 qua:

1832 3062 2185 3117 imminebant
2214 3061 2386 3127 mala;
2449 3062 2653 3117 idcirco
2683 3062 2908 3134 impegit
2936 3063 3077 3118 diem
3133 3079 3294 3132 titiam
3331 3065 3417 3120 sui

140 3154 240 3210 pro
261 3152 325 3193 ea
356 3152 475 3210 qum
489 3136 1150 3229 dicantur.‘Sibilaverunt,
1176 3142 1369 3212 inquit,
1398 3152 1445 3197 et
1470 3144 1722 3213 frendue-

1831 3171 2042 3227 semper
2063 3157 2453 3229 exspectabant
2490 3158 2695 3224 hostes,
2723 3155 2940 3227 quando
2980 3150 3240 3213 Dominus
3283 3156 3416 3212 fecit

139 3241 263 3286 runt
294 3232 549 3297 dentibus,
570 3231 725 3302 quasi
754 3216 960 3297 leones,
1005 3232 1247 3303 inquam,
1290 3234 1432 3290 avidi
1458 3234 1525 3289 ad
1560 3236 1726 3292 devo-

138 3323 370 3377 randum
404 3323 566 3392 :quia
606 3324 748 3377 sicut
781 3323 1049 3379 charitate
1070 3327 1378 3394 compuncti
1416 3336 1580 3399 atque
1614 3337 1727 3383 stu-

136 3430 272 3485 pore
294 3415 521 3484 permoti
550 3428 711 3486 supra
755 3413 1002 3470 sibilasse
1042 3415 1298 3472 dicuntur
1339 3417 1606 3486 dolentes,
1652 3421 1727 3476 ita

132 3506 227 3561 isti
278 3505 594 3575 plaudentes
622 3515 677 3561 et
705 3506 1014 3572 irridentes,
1047 3509 1266 3580 quando
1296 3508 1531 3564 viderint
1559 3526 1726 3567 unmn

132 3614 329 3655 eorum
356 3601 648 3665 corruisse,
676 3598 769 3653 Dei
817 3600 1017 3655 auxilio
1047 3609 1102 3656 et
1159 3602 1332 3672 gratia
1389 3598 1726 3659 destitutum.

134 3692 299 3748 Unde
325 3692 602 3761 sequitur:
631 3689 716 3745 En
737 3691 837 3746 ista
861 3703 935 3747 est
964 3694 1074 3749 dies
1102 3712 1259 3759 quam
1280 3697 1726 3766 exspectabamus,

130 3784 454 3847 invenimus,
489 3783 732 3837 vidimus.
789 3783 937 3839 Illam
965 3786 1107 3840 enim
1134 3786 1274 3842 dicm
1303 3802 1517 3857 semper
1544 3789 1729 3844 hostes

129 3875 313 3930 nostri
333 3884 649 3946 exspectant
670 3877 874 3942 venire,
895 3893 999 3947 qua
1016 3877 1176 3933 liceat
1196 3878 1275 3934 eis
1298 3893 1403 3934 non
1423 3879 1598 3933 mimis
1615 3880 1730 3935 ani-

126 3982 288 4021 mam
317 3965 758 4037 uniuscujusque.
798 3982 958 4038 quam
975 3976 1028 4023 et
1046 3977 1211 4024 totam
1227 3969 1384 4024 simul
1409 3969 1727 4038 Ecclesiam,

125 4058 299 4131 quasi
318 4058 369 4113 in
386 4060 562 4132 gladio
575 4060 796 4117 ultionis
806 4061 1022 4126 divinte,
1041 4061 1125 4116 vel
1149 4062 1466 4132 perditionis
1502 4063 1729 4118 devora-

124 4165 221 4208 re.
254 4150 371 4206 Sed
400 4151 526 4222 quia
556 4152 659 4207 hoc
694 4151 918 4207 minime
947 4152 1236 4222 provenire
1273 4162 1469 4222 potest,
1498 4153 1598 4208 nisi
1634 4169 1732 4224 pro

120 4242 491 4299 multitudine
522 4230 861 4313 impietatum
904 4252 1233 4308 nostrarum,
1283 4243 1546 4299 Dominus
1582 4242 1733 4313 justo

118 4351 233 4393 suo
268 4333 484 4404 judicio
523 4334 638 4389 fieri
664 4334 998 4404 permiserit,
1024 4333 1181 4389 sicuti
1212 4342 1267 4389 et
1306 4333 1606 4391 Jerusalem
1659 4335 1734 4391 fe-

116 4428 279 4483 cisse
304 4427 591 4498 probatur,
614 4427 871 4481 continuo
892 4425 1156 4497 plangens
1209 4427 1471 4497 propheta
1507 4426 1734 4497 subjun-

112 4520 206 4591 git
244 4535 261 4573 :

881 4602 1002 4642 PII.

193 4723 366 4781 Fecit
408 4720 663 4777 Dominus
691 4738 809 4793 qua:
831 4721 1097 4793 cogitavit,
1127 4720 1397 4793 complevit
1446 4739 1738 4781 sermonem

102 4832 325 4882 suum,
346 4832 505 4887 quem
526 4824 842 4887 prwceperat
872 4832 903 4869 a
925 4806 1107 4869 diebus
1143 4816 1372 4887 antiquis
1402 4828 1420 4867 :
1455 4808 1736 4882 destruxit,

98 4919 159 4961 et
196 4924 323 4960 non
358 4907 675 4975 pepercit,et
714 4904 997 4975 ltetiﬁcavit
1019 4922 1177 4977 super
1199 4917 1247 4960 te
1270 4906 1562 4972 inimicum,
1592 4906 1740 4961 exal-

96 4998 255 5052 tavit
320 5012 493 5049 cornu
521 4996 749 5050 hostium
797 5006 1027 5050 tuorum.
1060 4995 1267 5067 Saepius
1286 5012 1416 5067 ergo
1453 4996 1738 5071 Synagoga

92 5083 482 5147 Judreorum,
514 5080 800 5136 Dominum
835 5082 1057 5138 irritans
1098 5084 1254 5140 malis
1283 5085 1397 5142 suis
1416 5082 1739 5153 jamdudum

82 5177 343 5246 justam
374 5174 767 5245 promeruisset
786 5189 1027 5246 poenam,
1054 5177 1155 5231 nisi
1182 5176 1491 5234 Conditoris
1524 5180 1607 5237 sui
1645 5178 1741 5237 bo-

90 5268 303 5332 nitas,
348 5266 447 5320 diu
491 5264 749 5333 tolerans,
783 5267 873 5321 diu
900 5277 955 5321 et
987 5269 1256 5338 patienter
1283 5272 1622 5328 sustinuisset
1675 5275 1741 5330 ad

82 5356 551 5430 paenitentiam.
592 5355 699 5413 Sed
738 5357 865 5428 quia
907 5359 1150 5413 converti
1174 5359 1487 5431 noluitpost
1532 5358 1739 5435 culpas,

78 5463 221 5507 nec
253 5462 499 5505 cessare
542 5464 572 5503 a
624 5448 905 5519 nequitia:
937 5458 1145 5505 tantum
1196 5453 1491 5508 secundum
1548 5444 1741 5511 merita

73 5556 243 5610 sua,
261 5541 416 5614 quia
444 5540 575 5596 vicit
602 5541 901 5597 sceleribus
924 5541 1021 5597 Dei
1057 5543 1390 5613 patientiam,
1419 5524 1740 5617 condignam

72 5635 413 5694 ultionem
480 5636 718 5707 recepit;
779 5636 857 5691 uti
896 5636 1025 5694 olim
1056 5637 1125 5693 ad
1180 5636 1417 5710 Moysem
1462 5638 1737 5704 Dominus,

68 5730 362 5806 quando
386 5745 490 5803 pro
502 5728 699 5802 populo
713 5730 778 5786 ad
800 5730 1162 5791 idololatriam
1189 5747 1476 5801 converso,
1492 5733 1740 5805 rogabat,

1830 3259 1884 3306 et
1912 3249 2197 3322 complevit
2219 3264 2524 3307 sermonem
2554 3265 2733 3315 suum,
2776 3247 2930 3318 juxta
2959 3250 3102 3320 quod
3141 3249 3195 3304 in
3245 3250 3418 3307 sacris

1830 3341 2028 3397 litteris
2052 3343 2370 3413 praedictum
2390 3350 2528 3396 erat.
2555 3340 2709 3397 Unde
2736 3341 3016 3407 Dominus,
3049 3341 3103 3395 in
3137 3350 3262 3414 typo
3287 3356 3405 3412 per-

1831 3432 2311 3499 itttrmJerttsalem,
2333 3425 2782 3489 videns‘animam
2803 3430 3111 3501 huiusmodi
3132 3434 3292 3489 malis
3305 3434 3418 3489 cir-

1831 3524 2096 3589 cumdari,
2121 3523 2289 3590 ﬂevit,
2317 3524 2503 3580 dicens
2537 3542 2549 3579 :
2584 3523 2721 3591 Quia
2743 3525 2790 3578 si
2810 3524 3135 3594 coguovisses
3153 3533 3203 3579 et
3242 3534 3321 3592 tu,
3366 3536 3415 3580 et

1831 3620 2038 3691 quidem
2069 3618 2124 3672 iu
2143 3620 2242 3672 hac
2268 3619 2352 3673 die
2373 3627 2483 3682 tua,
2513 3634 2631 3689 quae
2659 3618 2728 3671 ad
2740 3634 2921 3689 pacem
2947 3617 3061 3685 tibi,
3088 3635 3226 3673 nunc
3241 3628 3416 3673 autem

1832 3710 2137 3765 abscondita
2164 3719 2285 3765 sunt
2313 3710 2379 3764 ab
2405 3709 2688 3764 oculistuis
2718 3724 2738 3764 :
2768 3710 2893 3781 quia
2918 3710 3118 3765 venient
3133 3711 3245 3765 dies
3269 3713 3324 3764 in
3345 3720 3414 3775 te,

1831 3810 1880 3856 et
1910 3801 2306 3855 circumdabant
2342 3809 2389 3853 te
2418 3800 2618 3854 inimici
2650 3799 2728 3853 tui
2753 3798 2910 3866 vallo,
2936 3808 2984 3854 et
3010 3800 3416 3855 circumdabant

1834 3902 1904 3958 te,
1926 3902 1972 3947 et
2005 3886 2420 3962 coangustabunt
2449 3899 2497 3945 te
2522 3890 2753 3962 undique
2783 3889 2937 3963 (Luc.
2967 3889 3110 3962 xix).
3133 3890 3297 3945 Suam
3325 3906 3418 3946 er-

1832 4000 1900 4057 go
1922 3984 2061 4040 diem
2077 3983 2240 4039 habet
2258 3983 2438 4038 anima
2465 3998 2742 4053 perversa,
2762 3998 2881 4055 qua:
2906 3983 3239 4039 transitoriis
3261 3982 3416 4040 laeta-

1834 4078 2114 4133 turbonis.
2138 4078 2236 4132 Cui
2258 4092 2320 4132 ea
2343 4091 2463 4146 quae
2485 4083 2631 4142 sunt,
2647 4078 2715 4131 ad
2738 4091 2925 4147 pacem
2944 4085 3106 4143 sunt;
3135 4077 3263 4147 quia
3290 4077 3415 4132 dum

1834 4186 1903 4226 ex
1928 4172 2090 4227 rebus
2116 4170 2503 4240 temporalibus
2524 4168 2744 4238 gaudet,
2769 4170 2896 4227 dum
2926 4170 3222 4226 honoribus
3251 4169 3425 4225 extol-

1835 4262 1984 4329 litur,
2006 4264 2133 4319 dum
2161 4263 2217 4318 in
2247 4264 2431 4319 carnis
2461 4263 2739 4335 voluptate
2768 4262 3078 4328 resolvitur,
3100 4263 3225 4316 dum
3275 4262 3424 4317 nulla

1834 4363 2079 4409 venturae
2106 4370 2282 4425 paenae
2330 4354 2621 4411 formidine
2669 4362 2923 4422 terretur,
2955 4369 3143 4425 pacem
3176 4354 3340 4410 habet
3369 4353 3426 4410 in

1837 4445 1925 4502 die
1948 4461 2067 4512 sua,
2094 4462 2214 4517 quae
2240 4462 2407 4519 grave
2457 4447 2822 4504 damnationis
2861 4447 3175 4513 scandalum
3203 4445 3429 4503 habebit

1840 4541 1894 4595 in
1917 4540 2005 4596 die
2034 4541 2233 4607 aliena,
2252 4556 2379 4597 cum
2409 4554 2509 4611 pro
2536 4540 2652 4595 suis
2678 4540 3079 4610 iniquitatibus,
3101 4540 3216 4595 suis
3239 4540 3425 4598 trade-

1842 4641 1932 4689 tur
1957 4632 2307 4698 adversariis,
2336 4632 2431 4702 qui
2479 4631 2593 4688 suis
2636 4646 2756 4687 eam
2808 4631 3222 4689 circumdabant
3251 4633 3429 4702 penis

1834 4732 1897 4777 et
1927 4721 2303 4786 cruciatibus;
2352 4737 2453 4778 nec
2482 4720 2596 4791 jam
2644 4732 2769 4778 tunc
2804 4721 3015 4791 juvabit
3063 4724 3323 4793 quidquid
3372 4726 3428 4781 in

1836 4815 2131 4885 praeteritis
2152 4813 2359 4885 aliquid
2384 4816 2452 4870 de
2473 4825 2689 4873 terrena
2714 4814 2972 4872 felicitate
2998 4817 3206 4881 habuit,
3236 4819 3331 4874 sed
3354 4818 3429 4874 ibi

1842 4902 2122 4975 atlligenda
2147 4913 2231 4959 est
2256 4904 2348 4960 ubi
2385 4904 2519 4974 justi
2563 4905 2890 4962 laetabuntur
2931 4924 2944 4960 :
2981 4915 3037 4961 et
3070 4916 3264 4963 cuncta
3308 4923 3430 4978 quae

1845 4998 2005 5052 modo
2020 4996 2070 5052 ei
2099 4997 2166 5051 ad
2208 5011 2403 5070 pacem
2441 5005 2587 5062 sunt,
2616 5007 2741 5053 tunc
2781 5001 2834 5054 in
2862 4999 3281 5054 amaritudinem
3319 5008 3431 5055 tor-

1844 5095 2148 5157 mentorum
2175 5094 2475 5143 vertentur.
2509 5087 2767 5158 Tuncque
2802 5088 2969 5143 rixari
2994 5102 3178 5145 secum
3205 5089 3434 5160 incipiet

1845 5195 1941 5235 cur
1970 5179 2372 5235 damnationem
2414 5194 2581 5251 quam
2614 5182 2821 5250 patitur
2848 5194 2953 5236 non
3001 5181 3301 5249 expaverit,
3331 5196 3433 5237 cur

1846 5287 1876 5327 a
1918 5270 2318 5343 prospiciendis
2364 5270 2539 5333 malis,
2584 5271 2936 5341 sequentibus
2977 5271 3165 5328 oculos
3232 5271 3433 5333 mentis

1847 5362 2122 5419 clauserit.
2157 5361 2311 5420 Unde
2360 5362 2560 5418 dicitur
2586 5362 2676 5418 ei:
2707 5361 2865 5429 Nunc
2901 5372 3076 5418 autem
3122 5362 3431 5421 abscondita

1845 5460 1966 5506 sunt
1993 5452 2058 5506 ab
2089 5450 2254 5507 oculis
2281 5452 2387 5507 tuis
2418 5468 2436 5507 :
2462 5453 2589 5523 quia
2618 5468 2772 5509 mens
2800 5452 3165 5523 voluptatibus
3194 5451 3431 5509 resoluta

1847 5530 2131 5601 abscondit
2152 5545 2253 5601 sibi
2278 5546 2420 5601 mala
2441 5547 2744 5616 sequentia,
2771 5546 2898 5603 dum
2926 5548 3113 5613 videre
3142 5546 3325 5601 futura
3344 5558 3433 5600 re-

1844 5636 2001 5710 fugit,
2040 5653 2161 5709 qua:
2187 5640 2506 5709 perturbant
2532 5647 2851 5709 praesentem
2884 5639 3122 5695 laetitiam
3150 5657 3162 5693 :
3211 5646 3267 5693 et
3301 5649 3429 5694 cum

1847 5747 1910 5789 ea
1930 5732 2231 5805 praevidere
2256 5731 2502 5806 negligit,
2526 5730 2655 5791 facit
2682 5731 2941 5796 Dominus
2974 5732 3153 5791 subito
3179 5744 3299 5807 qua:
3335 5727 3429 5789 di!
