4078 6348
712 263 855 320 1155

1500 262 1559 318 S.
1597 258 1953 317 PASCHASII
1993 258 2339 317 BADBERTI
2377 259 2671 317 ABBATIS
2708 259 3158 320 CORBEIENSIS

3737 284 3829 344 “Si

708 384 1035 447 exspectans
1076 373 1413 435 deliberavit,
1459 381 1516 430 et
1559 373 1794 443 complet
1844 389 2128 430 sermones
2172 390 2309 446 quos
2335 379 2388 440 Α
2412 372 2615 431 ﬂebant
2658 377 2864 447 absque
2894 376 3002 431 ulla
3032 377 3230 448 requie,
3252 381 3471 441 nolentes
3495 386 3639 447 luctus
3659 397 3721 452 sui
3749 401 3836 458 sibi.

710 470 990 542 praecepit,
1013 467 1139 523 dum
1161 483 1224 522 ea
1247 467 1433 522 venire
1455 464 1611 536 jubet
1634 466 1849 540 1500
1878 484 1998 539 quae
2026 467 2300 539 praedixit.

709 560 1010 624 Destruxit,
1049 568 1104 613 et
1129 574 1233 612 non
1265 558 1485 627 partim,
1520 573 1588 612 ne
1619 573 1833 628 semper
1856 559 2115 628 peccandi
2139 558 2306 614 facul-

710 659 798 706 tas
829 660 1048 705 maneat
1076 665 1091 704 :
1119 660 1173 705 et
1204 666 1325 720 qua:
1353 651 1453 705 sibi
1497 665 1723 721 parcere
1761 652 2029 721 neglexit,
2059 652 2307 707 hostibus

711 741 1087 811 decipiendum
1129 740 1315 794 tradit.
1346 740 1412 795 Et
1446 741 1548 796 hoc
1575 749 1661 796 est
1702 740 1944 797 exaltare
1984 758 2153 798 cornu
2214 758 2309 799 eo-

708 847 857 897 rum,
884 840 1209 901 potestatem
1236 831 1316 885 eis
1346 831 1585 887 tribuere
1616 831 1928 887 dominandi
1960 848 2123 904 super
2158 848 2303 899 eam,

711 938 836 994 qua:
858 939 919 979 se
947 923 1013 979 de
1029 922 1159 994 jugo
1208 922 1550 979 inimicorum
1578 922 1750 978 noluit
1784 923 2017 993 eripere.
2050 923 2201 980 Unde
2221 938 2308 980 se-

713 1017 902 1088 quitur
942 1034 955 1070 :

1441 1100 1598 1140 SADE.

787 1201 1043 1256 Clamavit
1067 1215 1158 1253 cor
1180 1215 1361 1253 eorum
1394 1199 1462 1252 ad
1487 1197 1767 1254 Dominum
1798 1215 1956 1271 super
1981 1216 2158 1254 muros
2179 1199 2308 1269 ﬁlia:

716 1290 865 1347 Sion.
894 1290 1113 1344 Clamor
1151 1290 1239 1343 llic
1291 1289 1465 1359 magis
1494 1290 1845 1344 intentionem
1900 1291 2107 1356 cordis,
2142 1306 2307 1361 quam

718 1384 1134 1440 exsultationem
1163 1381 1311 1436 vocis
1336 1382 1594 1436 insinuat.
1625 1380 1875 1436 Clamant
1895 1383 2038 1437 enim
2066 1382 2308 1452 perversi

712 1477 986 1541 homines,
1017 1483 1110 1529 aut
1160 1475 1459 1530 invisibiles
1491 1475 1695 1530 inimici
1749 1491 1913 1548 super
1960 1493 2147 1553 muros
2187 1476 2309 1532 lilia:

715 1566 868 1631 Sion,
901 1566 1096 1619 anima:
1125 1564 1374 1621 videlicet
1402 1565 1482 1619 vel
1509 1564 1765 1621 Ecclesia:
1787 1607 1801 1631 ,
1833 1582 1955 1621 cum
1986 1575 2308 1637 potestatem

713 1674 821 1730 qua
856 1658 1204 1713 dominantur
1230 1658 1311 1712 eis
1337 1673 1448 1713 sua!
1490 1659 1772 1713 ascribunt
1805 1663 2062 1730 potentia:
2088 1674 2193 1716 non
2217 1659 2307 1730 ju-

2408 476 2520 523 met
2565 466 2727 522 tinem
2776 467 3086 539 imponere,
3135 482 3392 541 quousque
3429 475 3570 545 juilex
3608 484 3743 540 veniat
3775 493 3837 560 qui

2408 560 2768 629 abstergeret.
2786 558 3077 632 Absterget
3096 569 3264 615 autem
3289 562 3419 619 Deus
3434 580 3615 625 omnem
3632 558 3840 647 rami...

2407 667 2621 717 eorum,
2650 653 2742 723 qui
2780 652 3000 708 sibimet
3033 668 3251 722 parcere
3276 655 3547 715 noluerunt.
3586 662 3716 720 Erant
3743 671 3839 726 enim

2408 744 2547 801 oculi
2578 760 2767 800 eorum
2792 785 2807 811 ,
2837 754 2898 800 ut
2928 745 2981 800 in
3012 744 3219 817 psalmo
3253 747 3467 813 canitur,
3499 766 3676 823 semper
3701 758 3751 813 ad
3777 759 3846 817 llo-

2409 836 2616 890 miuum
2640 876 2655 901 ,
2686 836 2820 890 sicut
2850 835 2991 890 oculi
3029 834 3233 891 ancilla:
3257 838 3309 892 in
3332 842 3543 897 manibus
3580 846 3754 903 domina
3774 867 3844 908 su

2409 924 2585 996 (Psal.
2616 926 2785 998 cxxn)
2804 966 2819 991 ,
2845 926 3017 981 donec
3062 927 3176 997 ipse
3204 929 3439 985 misertus
3464 934 3741 1007 abstergeret
3759 956 3781 995 ι
3800 942 3848 997 la-

2408 1018 2611 1088 crymis
2629 1017 2817 1073 oculos
2835 1032 3044 1073 eorum.
3067 1017 3134 1072 Et
3156 1018 3271 1075 ideo
3294 1036 3391 1075 non
3412 1027 3683 1081 cessandum
3696 1045 3718 1081 a
3732 1029 3846 1099 luctu,

2408 1125 2691 1181 quousque
2734 1110 2996 1165 Dominus
3027 1111 3296 1179 absterget
3320 1127 3517 1169 omnem
3538 1115 3850 1189 lacrytuameo-

2410 1217 2551 1267 rum,
2583 1202 2675 1273 qui
2706 1203 2773 1256 ad
2804 1217 2927 1257 eum
2975 1203 3142 1258 corde
3179 1203 3535 1274 ingemiscunt.
3576 1208 3673 1279 Ipse
3706 1212 3850 1282 quidem

2409 1292 2685 1361 absterget
2712 1299 2770 1344 ut
2810 1293 3158 1357 misereatur,
3187 1302 3243 1348 et
3276 1309 3377 1349 non
3410 1304 3458 1352 te
3483 1295 3778 1366 tujustilices,
3795 1310 3854 1357 aut

2411 1391 2629 1453 torpeas
2676 1390 2732 1435 et
2762 1382 3093 1452 requiescas.
3147 1382 3213 1437 Et
3259 1384 3370 1439 ista:
3411 1393 3526 1440 sunt
3566 1402 3683 1442 vera:
3708 1388 3854 1458 iustitia

2409 1473 2635 1535 animas,
2660 1487 2781 1543 qua:
2809 1487 2905 1542 per
2931 1470 3075 1527 Sans
3111 1472 3338 1530 litteram
3366 1474 3707 1548 signiﬁcantur.
3739 1477 3856 1549 Nequ

2409 1575 2580 1621 taceat
2601 1565 2802 1637 pupilla
2831 1566 2972 1620 oculi
2997 1568 3113 1621 tui:
3135 1583 3241 1623 non
3275 1569 3413 1640 quod
3438 1571 3613 1641 pupilla
3633 1571 3742 1627 oculi
3764 1572 3857 1641 loqui

2411 1658 2625 1724 debeat,
2655 1658 2750 1713 sed
2782 1658 2908 1730 quia
2958 1659 3074 1730 ipsa
3118 1676 3240 1715 cum
3273 1665 3650 1733 compungitur,
3670 1678 3721 1717 ex
3745 1663 3858 1718 divina

712 1749 856 1806 dicio
886 1748 1259 1820 permissionis
1286 1748 1502 1802 divinas.
1537 1747 1777 1816 Quorum
1821 1749 2156 1820 blasphemia
2184 1749 2312 1820 quia
2340 1745 2388 1808 Β
2417 1748 2986 1821 inSpiratione,magis
2999 1766 3160 1820 quam
3183 1750 3443 1822 loquentis
3461 1752 3860 1822 verba,itnpetrandi

714 1852 905 1901 contra
932 1844 1099 1898 Deum
1132 1841 1349 1905 clamat,
1381 1839 1648 1912 condigna
1679 1856 1783 1895 non
1815 1840 2038 1912 etl‘ugiet
2068 1851 2306 1898 tormen-

714 1945 805 2002 ta;
848 1951 975 1991 nam
1014 1935 1149 1990 sicut
1187 1948 1374 1988 murus
1399 1934 1707 2004 protegitet
1735 1931 1992 1999 defendit,
2023 1933 2099 1989 ita
2125 1943 2180 1989 et
2206 1949 2304 2004 po-

714 2028 890 2083 tentia
917 2027 1100 2081 divina
1124 2040 1260 2096 quos
1306 2025 1582 2080 munierit.
1615 2024 1720 2080 Sed
1750 2040 1872 2079 cum
1904 2041 2060 2081 suum
2094 2026 2310 2082 subtra-

716 2122 861 2177 xerit
887 2120 1167 2181 auxilium,
1199 2120 1387 2174 hostes
1414 2133 1576 2188 super
1614 2134 1798 2174 muros
1825 2133 2012 2174 eorum
2054 2135 2192 2190 quos
2228 2120 2309 2175 di-

716 2215 922 2286 ripiunt
955 2212 1195 2269 clamare
1224 2213 1477 2267 dicuntur
1509 2222 1697 2267 contra
1733 2212 2040 2278 Dominum,
2072 2230 2195 2269 cum
2221 2222 2310 2269 to-

719 2317 836 2362 tum
865 2306 964 2361 sibi
989 2305 1286 2367 ascribunt,
1314 2319 1531 2374 suaeque
1562 2306 1817 2374 potentia:
1848 2304 2111 2370 tribuunt,
2147 2305 2308 2376 quid-

718 2397 851 2468 quid
878 2405 1067 2451 contra
1096 2410 1188 2450 eos
1210 2402 1436 2466 possunt
1465 2412 1477 2447 :
1513 2395 1598 2449 cui
1627 2396 1777 2465 prius
1798 2394 1892 2450 Dei
1923 2394 2310 2450 muniebantur

716 2491 953 2556 auxilio,
1004 2489 1157 2561 quasi
1213 2503 1308 2543 eos
1342 2488 1650 2558 nequiverit
1697 2487 1951 2552 liberare.
2002 2488 2307 2559 prazsertim

716 2597 843 2639 cum
877 2598 982 2637 non
1014 2581 1078 2635 de
1106 2579 1475 2635 imbecillitate
1506 2579 1744 2645 virtutis,
1791 2580 1885 2635 sed
1913 2580 1981 2636 de
2009 2580 2214 2636 ultione
2255 2587 2312 2635 et

714 2673 906 2745 judicii
939 2671 1195 2742 mquitate
1242 2671 1407 2725 venit.
1438 2670 1732 2740 Propterea
1779 2680 1835 2726 et
1866 2672 2128 2743 propheta
2168 2672 2311 2727 inter

719 2771 917 2819 caetera
957 2760 1275 2831 plorationis
1326 2775 1437 2814 sua:
1478 2759 1733 2827 lamenta,
1764 2761 1928 2815 etiam
1971 2761 2075 2817 ista
2112 2760 2311 2819 deﬂere

717 2870 826 2910 non
856 2853 1075 2909 omittit.
1107 2852 1173 2906 Et
1201 2853 1497 2907 notandum
1523 2852 1666 2922 quod
1700 2852 1813 2908 lucc
1837 2853 2074 2909 clausula
2097 2868 2306 2921 versus,

720 2945 897 3015 magis
937 2943 1052 3013 lege
1079 2942 1236 2996 metri
1285 2943 1352 2996 ad
1398 2943 1675 3011 superiora
1716 2958 1876 3012 quam
1929 2944 1996 2999 ad
2026 2944 2309 3015 sequentia

717 3037 965 3108 reSpicit.
994 3036 1098 3103 Qui
1127 3036 1340 3105 qu0ties
1369 3052 1476 3092 uno
1505 3046 1778 3106 nequeunt
1805 3053 1966 3093 versu
1989 3038 2075 3095 vel
2100 3040 2310 3096 duobus

2409 1840 2660 1897 eﬂ'ectum
2709 1842 2925 1898 habeat.
2971 1841 3111 1899 Hinc
3152 1859 3363 1915 quoque
3405 1845 3561 1900 David
3603 1846 3648 1900 in
3687 1845 3860 1916 psalmis:

2408 1933 2723 2006 Defecerunt
2780 1934 2918 1989 oculi
2966 1937 3068 1991 mei
3127 1936 3183 1991 in
3232 1936 3485 2007 eloquium
3526 1947 3653 1991 tuum
3688 1938 3861 1991 duum:

2412 2027 2639 2094 Quando
2670 2026 3021 2083 consolaberis
3050 2046 3135 2084 me
3161 2028 3331 2102 (Psal.
3360 2033 3556 2099 cxvtu),
3584 2046 3635 2086 ac
3651 2030 3687 2085 si
3707 2029 3862 2085 diceret:

2411 2117 2671 2174 Dicentes
2701 2119 2917 2189 quando
2943 2121 3319 2178 consolaberis
3345 2136 3451 2188 me,
3480 2129 3532 2175 ut
3553 2122 3865 2192 abstergasocu-

2410 2211 2495 2268 los
2525 2229 2554 2267 a
2587 2212 2868 2286 lacrymis,
2897 2212 3152 2270 libertate
3196 2212 3430 2284 perfecta
3461 2210 3861 2283 redditazquiain-

2410 2303 2823 2375 praesentiarum
2850 2302 2996 2359 nulla
3024 2313 3113 2360 est
3139 2320 3169 2359 a
3197 2305 3430 2360 miseriis
3458 2303 3694 2367 relevatio,
3714 2317 3761 2358 eo
3778 2300 3864 2369 quod

2411 2394 2642 2449 necdum
2663 2388 2915 2466 completi
2944 2404 3071 2451 sunt
3093 2396 3211 2452 dies
3234 2396 3432 2461 luctus,
3450 2410 3696 2468 quousque
3712 2405 3753 2449 tu
3767 2392 3867 2447 linea

2412 2487 2570 2542 malis
2618 2488 2895 2559 imponas,
2925 2496 2987 2543 ut
3032 2498 3256 2545 maneat
3299 2488 3724 2561 perseverantibus
3758 2485 3869 2540 futura

2412 2582 2732 2638 consolatio.
2778 2582 2845 2638 Et
2872 2583 3198 2647 notandum,
3228 2583 3275 2639 si
3323 2598 3429 2638 non
3456 2582 3552 2637 alia
3574 2581 3635 2636 sit
3657 2577 3803 2651 pupilla
3820 2576 3868 2630 is-
3950 2602 3951 2605 η

2412 2674 2584 2729 terius
2612 2674 2666 2729 in
2704 2689 2769 2730 eo
2812 2674 2993 2740 oculo,
3026 2675 3094 2730 de
3136 2691 3247 2746 quo
3277 2673 3530 2730 Dominus
3554 2674 3601 2727 in
3622 2667 3870 2727 Cantirislo-

2413 2767 2628 2838 quitur:
2644 2765 2946 2822 Vulnerasti
2968 2783 3062 2821 cor
3081 2784 3279 2833 meum,
3292 2783 3443 2822 soror
3458 2782 3583 2829 mea,
3596 2759 3807 2818 vulnerasti
3820 2770 3872 2810 an

2410 2877 2586 2916 meum
2606 2862 2662 2915 in
2683 2878 2787 2915 uno
2807 2860 3081 2915 oculorum
3103 2869 3319 2915 tuorum
3333 2857 3505 2930 (Cant.
3521 2855 3609 2928 tv).
3625 2854 3731 2922 Quia
3747 2861 3873 2920 sponsa

2411 2953 2612 3010 Christi
2642 2970 2765 3009 cum
2797 2953 2870 3009 sit
2905 2952 3062 3024 plena
3095 2952 3272 3008 oculis
3316 2959 3443 3006 ante
3466 2957 3519 3004 et
3545 2956 3671 3003 retro
3692 2943 3871 3000 habetu-

2414 3063 2537 3102 men
2584 3063 2771 3112 unum,
2811 3047 2864 3101 in
2912 3061 3021 3116 quo
3068 3061 3293 3118 semper
3334 3044 3526 3102 clarior
3566 3041 3687 3113 viget
3717 3038 3874 3094 obtutus.

719 3128 940 3200 explere
981 3143 1201 3183 sensum
1231 3134 1590 3198 transponunt
1619 3129 1939 3184 necessitate
1965 3130 2211 3200 poetica,
2255 3139 2311 3187 et
2336 3113 2383 3178 ο
2412 3137 2580 3209 Cujus
2623 3136 2878 3193 nimirum
2919 3113 3122 3207 pupilla
3169 3113 3449 3206 nunquam
3499 3140 3659 3187 tacens
3693 3117 3875 3188 silet,setl

719 3219 775 3277 in
805 3217 1030 3273 alterius
1057 3218 1236 3273 medio
1265 3227 1357 3271 aut
1405 3218 1696 3288 principio,
1744 3233 1962 3274 sensum
1989 3229 2308 3292 conceptum

718 3309 1018 3381 explicant,
1042 3317 1099 3364 et
1122 3309 1247 3365 hinc
1286 3318 1366 3364 est
1391 3309 1535 3380 quod
1556 3311 1622 3364 ad
1648 3310 1819 3381 ipsam
1852 3310 2152 3367 Jerusalem
2185 3328 2311 3368 mox

719 3416 901 3458 sermo
928 3400 1158 3456 vertitur
1182 3418 1195 3454 :
1226 3400 1406 3455 Deduc
1447 3402 1602 3472 quasi
1631 3412 1912 3457 torrentem
1938 3401 2199 3475 lacrymas
2220 3421 2313 3475 per

719 3496 858 3550 diem
906 3504 953 3549 et
989 3503 1219 3559 noctem,
1254 3511 1358 3548 non
1404 3495 1495 3550 des
1532 3496 1757 3567 requiem
1790 3496 1904 3561 tibi,
1951 3514 2116 3567 neque
2141 3507 2311 3552 taceat

718 3587 920 3659 papilla
951 3586 1092 3640 oculi
1119 3587 1217 3640 tui.
1250 3585 1428 3641 Multis
1464 3588 1728 3657 prepheta
1762 3588 2105 3644 miseriarum
2129 3589 2314 3660 exple-

719 3678 791 3733 tis
818 3677 1068 3733 lamentis
1090 3686 1146 3732 et
1172 3678 1507 3734 enumeratis
1528 3694 1647 3748 quae
1669 3679 1981 3735 acciderant
2003 3678 2180 3746 melis,
2201 3696 2316 3738 ver-

719 3770 786 3824 tit
812 3785 871 3824 se
909 3770 976 3824 ad
1008 3770 1203 3839 ipsam,
1233 3777 1287 3824 et
1322 3770 1571 3824 hortatur
1588 3772 1740 3841 quasi
1772 3780 2069 3827 torrentem
2100 3773 2167 3827 ad
2193 3773 2310 3843 pla-

720 3860 958 3915 candum
990 3859 1155 3914 Deum
1178 3875 1277 3930 pro
1303 3861 1416 3915 suis
1438 3861 1710 3917 erratibus
1734 3861 2000 3917 deducere
2020 3862 2308 3934 lacrymas.

720 3950 860 4019 Quia
910 3953 1233 4006 torrentium
1265 3968 1458 4007 cursus
1483 3968 1587 4007 non
1619 3968 1832 4023 seraper
1874 3969 1982 4009 uno
2008 3955 2309 4024 eodemque

722 4041 929 4113 impetu
958 4040 1094 4107 lluit,
1129 4044 1222 4098 sed
1239 4043 1385 4114 justa
1414 4044 1558 4115 quod
1601 4043 1879 4099 inundatio
1907 4044 2209 4115 pluviarum
2245 4045 2311 4101 de

723 4134 867 4190 ctelo
894 4134 1139 4189 venerit:
1174 4134 1247 4188 ita
1279 4143 1333 4189 et
1380 4133 1632 4205 lacryma:
1658 4150 1762 4190 non
1786 4136 1888 4189 nisi
1924 4151 1993 4189 ex
2022 4135 2202 4190 divina
2230 4135 2311 4189 in-

722 4224 1019 4295 spiratione
1067 4233 1124 4279 et
1169 4225 1582 4295 compunctioue
1604 4224 1783 4281 cordis
1809 4233 2166 4295 generantur;
2203 4239 2310 4280 non

721 4315 1059 4387 quod‘tanta:
1080 4330 1201 4370 esse
1228 4314 1459 4386 possint.
1492 4324 1550 4369 ut
1594 4322 1827 4379 torrens,
1854 4314 1979 4370 licet
2007 4329 2104 4385 per
2143 4329 2308 4386 exag-

720 4410 1057 4482 gerationem
1091 4407 1302 4463 .dicere
1356 4407 1639 4473 videatur,
1700 4407 1793 4462 sed
1844 4415 1900 4461 ut
1957 4422 2171 4479 semper
2212 4423 2310 4479 pa.

718 4508 838 4555 rata
889 4498 963 4555 sit
1013 4513 1199 4564 mens,
1264 4505 1322 4552 et
1375 4497 1518 4553 oculi
1569 4497 1637 4552 ad
1670 4495 1986 4552 eﬂusionem
2041 4496 2312 4571 lacryma-

719 4606 877 4657 rum,
918 4589 1074 4659 juxta
1121 4589 1352 4659 gratiam
1397 4589 1594 4644 divina:
1642 4588 2035 4659 inspirationis.
2080 4589 2151 4644 Et
2198 4590 2313 4645 haec

717 4697 827 4737 una
886 4680 1196 4737 exhortatio
1247 4688 1331 4735 est
1392 4680 1645 4735 omnibus
1676 4721 1690 4745 ,
1762 4681 2131 4735 indesinenter
2181 4678 2313 4737 ﬂere

717 4773 777 4828 in
807 4774 1084 4845 prOSpcris
1113 4782 1166 4827 et
1197 4773 1250 4827 in
1304 4772 1567 4837 adversis,
1608 4788 1707 4828 nec
1737 4772 1901 4828 ullam
1936 4774 2178 4844 requiem
2210 4774 2309 4830 ad-

720 4865 912 4921 hibere
960 4863 1168 4939 1501
1221 4863 1471 4919 ﬂetibus:
1501 4879 1607 4920 non
1637 4867 1781 4936 quod
1820 4865 1962 4922 ullus
1994 4867 2305 4923 mortalium

721 4973 938 5030 semper
977 4959 1097 5013 sine
1145 4956 1448 5011 cessatione
1494 4957 1547 5010 id
1593 4957 1767 5013 valeat
1810 4960 2089 5024 exhibere,
2122 4961 2216 5016 sed
2248 4969 2308 5016 ut

720 5063 883 5105 nemo
927 5050 1054 5104 dum
1096 5049 1250 5113 vivit,
1281 5048 1380 5103 sibi
1430 5056 1621 5117 parcat
1651 5057 1709 5103 ut
1739 5059 1984 5120 torpeat,
2013 5052 2168 5120 quasi
2191 5051 2307 5121 jam

720 5140 1016 5196 securitate
1059 5147 1302 5208 accepta,
1332 5139 1426 5193 sed
1467 5139 1588 5194 sine
1619 5140 1822 5209 requie,
1857 5141 2062 5211 absque
2089 5141 2196 5195 ulla
2224 5142 2312 5197 de-

723 5232 1133 5297 terminatione,
1181 5230 1370 5286 saltem
1404 5231 1459 5285 in
1491 5240 1671 5286 mente
1716 5232 2089 5300 paenitentiam
2133 5241 2309 5304 gerat,

723 5329 896 5385 donec
926 5328 993 5383 ad
1023 5327 1169 5382 illam
1202 5342 1385 5383 veram
1418 5326 1660 5396 requiem
1692 5325 2016 5396 quandoque
2047 5324 2197 5383 linito
2222 5327 2306 5382 lu-

722 5427 816 5474 ctu
860 5433 1085 5474 securus
1110 5418 1413 5489 perveniat.
1464 5415 1620 5473 Unde
1651 5432 1814 5487 quam
1852 5416 1989 5473 bene
2019 5418 2072 5474 in
2100 5418 2311 5489 Apoca-

724 5512 864 5586 lypsi
909 5504 1437 5585 dieitur-:Absterget
1484 5511 1626 5566 Deus
1675 5527 1879 5567 omnem
1921 5511 2213 5583 lacrymam
2244 5516 2309 5568 ab

726 5608 892 5663 oculis
943 5623 1123 5662 eorum
1172 5605 1355 5679 (Apoc.
1392 5606 1529 5677 xxi).
1575 5605 1652 5660 Ac
1706 5605 1750 5660 si
1800 5604 2149 5661 diceret:llli
2182 5606 2308 5660 dum

727 5701 888 5771 irent,
921 5711 1113 5759 euntes
1148 5708 1202 5755 et
1240 5701 1500 5759 mittentes
1548 5698 1746 5755 semina
1788 5716 1885 5755 sua
1913 5698 2087 5768 (Psal.
2121 5699 2306 5770 cxxv),

2418 3230 2587 3286 stillat
2632 3244 2870 3301 semper,
2901 3238 2963 3284 ut
3002 3228 3135 3284 alibi
3178 3228 3400 3300 legitur,
3427 3225 3494 3281 ad
3536 3221 3879 3283 Dominumqu

2414 3339 2537 3378 cum
2568 3321 2946 3394 compungitur
2966 3322 3134 3386 intus,
3159 3320 3408 3377 exterius
3437 3327 3556 3374 tunc
3577 3307 3881 3385 lacrymasbeﬂ

2413 3415 2687 3493 producit,
2710 3416 2964 3485 quoniam
2990 3414 3235 3486 ﬂuminis
3258 3414 3479 3484 impetus
3501 3408 3702 3477 la'tiﬁcot
3714 3400 3880 3493 cipitata

2414 3509 2548 3576 Dei,
2593 3518 2643 3563 et
2697 3506 2994 3577 sanctiﬁcat
3044 3505 3455 3561 tabernaculum
3504 3515 3640 3558 struat
3687 3492 3878 3551 Altissiw

2416 3599 2590 3671 (Psal.
2621 3598 2768 3670 xu).
2811 3598 3063 3669 Alioquin
3110 3599 3218 3654 ista
3259 3597 3535 3662 exterior,
3570 3581 3881 3677 etsividcturh:

2415 3707 2631 3764 erymas
2656 3701 2845 3747 coacte
2874 3691 3180 3763 producere
3202 3732 3218 3759 ,
3250 3690 3379 3746 silet
3405 3703 3496 3743 eas
3537 3682 3710 3742 steriles
3728 3684 3766 3732 et
3782 3683 3884 3743 quasi

2415 3792 2595 3839 mutas
2624 3797 2904 3855 generare.
2959 3782 3114 3839 Unde
3157 3797 3382 3853 semper
3413 3779 3500 3835 ille
3542 3787 3619 3833 est
3648 3768 3779 3829 oculus
3796 3773 3884 3833 Ικπ·

2415 3877 2645 3947 gandus,
2678 3874 2766 3931 illa
2799 3873 3013 3949 1m
3038 3876 3162 3946 ejus
3187 3874 3397 3946 pupilla
3425 3866 3724 3945 requirenda:
3740 3868 3820 3929 qu
3842 3855 3888 3949 sm

2416 3977 2631 4025 torrens
2674 3968 2740 4025 de
2772 3947 3051 4025 montibus
3088 3977 3149 4024 et
3192 3969 3482 4024 altioribus
3526 3964 3673 4021 ﬂuunt
3706 3947 3889 4010 looistila

2416 4061 2483 4117 de
2513 4060 2763 4132 supernis
2817 4061 3088 4120 iuebriata
3140 4061 3437 4124 imbribus,
3465 4056 3651 4133 nesciat
3682 4047 3889 4140 suemus

2415 4153 2554 4208 sciat
2597 4153 2939 4222 requiescere
2970 4168 3150 4224 neque
3183 4154 3446 4210 deorsum
3474 4147 3732 4207 intendere.

2416 4242 2555 4312 giter
2580 4242 2645 4296 ad
2673 4241 2840 4298 Deum
2873 4240 3147 4298 indefessa
3182 4244 3445 4299 clamare.
3483 4240 3582 4297 Sed
3610 4235 3733 4307 quia,
3752 4236 3795 4283 ut
3809 4225 3893 4283 dixi,

2417 4311 2576 4387 neruo
2620 4332 2712 4402 qui
2761 4346 2975 4403 semper
3018 4349 3128 4389 uno
3176 4334 3390 4405 impetu
3421 4339 3579 4404 queat
3606 4311 3896 4383 allluereild“

2419 4423 2739 4492 temperavit
2774 4424 3022 4495 egregius
3050 4424 3427 4497 lacrymarum
3458 4423 3649 4486 doctor,
3673 4423 3723 4471 ut
3753 4408 3803 4467 ad
3820 4414 3894 4505 eli!

2420 4512 2587 4569 stillet
2613 4511 2848 4586 ﬂagrans
2867 4531 2935 4570 ex
2953 4515 3236 4575 desiderio
3261 4514 3736 4589 impraesentiarum,
3753 4504 3790 4560 in
3803 4506 3898 4589 est”

2419 4617 2529 4657 non
2557 4602 2703 4658 valet
2731 4603 3129 4662 irreverberata
3172 4607 3297 4663 acie
3336 4588 3479 4663 ﬁxus
3515 4605 3784 4678 permanere
3799 4588 3894 4646 οδω

2417 4703 2523 4750 tus.
2555 4693 2799 4767 Hincque
2818 4697 3065 4768 sequitur
3105 4716 3119 4754 :

3128 4852 3302 4894 δορυ.

2486 4969 2785 5044 Consurge,
2810 4971 2972 5027 lauda
3000 4975 3058 5029 in
3084 4985 3243 5030 nocte
3292 4976 3365 5030 in'
3395 4970 3643 5046 principio

2413 5061 2646 5134 E/funde
2673 5043 2808 5119 sicut
2847 5082 3039 5138 aquam
3067 5084 3163 5122 cor
3194 5066 3353 5123 tuum
3393 5043 3514 5122 ante
3556 5043 3901 5131 conspectuin"

2414 5160 2566 5214 mini.
2594 5158 2887 5232 Consurgit
2919 5162 2972 5217 in
3001 5172 3196 5229 nocte,
3223 5164 3324 5235 qui
3350 5163 3418 5218 de
3449 5154 3755 5216 tribulatione
3772 5139 3899 5235 te“?

2413 5251 2590 5322 gustia
2636 5224 2918 5322 praesentis
2963 5253 3087 5309 vitae
3131 5224 3511 5327 spe-levatus,
3552 5224 3903 5326 torporem”?

2415 5342 2720 5412 gentiarum
2756 5343 2965 5399 excutit
2989 5360 3019 5399 a
3049 5360 3129 5410 se,
3168 5355 3229 5402 et
3275 5343 3578 5401 indeieSSus
3616 5341 3771 5394 contra

2415 5434 2518 5490 sibi
2558 5434 2923 5503 adversantia,
2953 5438 3108 5508 quasi
3156 5439 3327 5495 miles
3377 5437 3645 5495 accinctus
3670 5426 3727 5485 ad
3745 5415 3903 5495 P35“

2408 5524 2637 5600 pugnat,
2663 5528 2857 5585 deinde
2879 5537 3070 5585 cuncta
3094 5545 3226 5599 qua;
3248 5529 3551 5587 acciderint
3568 5524 3688 5579 dura
3707 5526 3750 5572 el

2416 5590 2633 5689 semper
2654 5617 2821 5674 Deum
2845 5619 3045 5675 laudat.
3069 5590 3234 5678 Unde
3259 5630 3449 5678 monet
3470 5635 3484 5675 :
3504 5617 3741 5681 Censura:
3754 5614 3790 5660 tl

2406 5710 2472 5763 'in
2501 5683 2755 5781 principio
2795 5709 3094 5783 vigiliarum
3140 5720 3391 5768 tuarum.
3425 5710 3558 5782 Quia
3597 5683 3907 5763 hostisamd“
