4078 6348
717 303 859 361 “39

725 509 908 565 minus
934 509 1195 565 Ecclesiae
1224 509 1427 567 Christi
1462 527 1625 583 quam
1648 523 1704 570 et
1742 517 1938 572 animae
1960 521 2262 588 pavendum
2290 541 2303 573 :

723 602 852 671 quia
896 601 1160 672 quidquid
1191 602 1297 657 illis
1342 604 1540 660 accidit
1569 605 1636 661 ad
1677 607 1934 673 litteram,
1967 611 2123 666 nobis
2169 627 2308 682 quo-

723 692 828 747 ties
864 693 1076 767 1505
1114 696 1312 751 divinis
1353 698 1645 769 mancipati
1672 698 1862 757 ciliciis
1902 701 2030 757 talia
2061 705 2309 761 commit-

720 783 910 847 timus,
954 786 1149 840 eadem
1191 786 1244 841 in
1281 787 1403 841 sinu
1440 790 1758 846 remetietur
1781 791 2008 855 offensa,
2048 804 2103 850 et
2131 796 2309 852 omnis

724 872 914 944 religio
960 884 1145 931 nostra
1186 876 1526 947 profanatur.
1577 881 1829 939 Mulieres
1859 900 2074 957 quoque
2114 887 2310 943 anima

721 962 974 1020 videlicet
1017 965 1470 1036 delinquentium,
1510 972 1577 1027 ad
1608 987 1914 1029 mensuram
1946 976 2138 1045 palma:
2168 977 2310 1035 ﬁlios

722 1055 863 1109 uteri
906 1056 990 1110 sui
1022 1060 1307 1113 comedent
1334 1078 1347 1114 :
1380 1063 1637 1132 quoniam
1666 1066 1927 1136 quidquid
1950 1083 2017 1123 ex
2056 1083 2116 1124 se
2151 1071 2311 1127 vitio-

725 1160 845 1198 rum
876 1157 1197 1216 genuerunt,
1227 1151 1295 1206 ad
1333 1167 1638 1211 mensuram
1660 1173 1887 1228 operum
1917 1177 2138 1218 suorum
2172 1164 2311 1220 reci-

721 1237 899 1307 piunt,
945 1242 1166 1311 suisque
1222 1247 1613 1304 saturabuntur
1654 1253 1997 1310 miseriarum
2022 1255 2305 1314 fructibus.

724 1327 878 1384 Unde
927 1335 1099 1404 magis
1153 1335 1444 1407 lugendum
1492 1356 1691 1399 censeo
1739 1360 1836 1415 pro
1904 1342 2101 1405 talibus
2144 1365 2306 1419 quam

721 1421 1103 1480 exsultandum
1139 1444 1151 1480 :
1190 1443 1258 1483 ne
1294 1431 1432 1486 forte
1455 1434 1579 1503 quia
1607 1435 1838 1492 exaltavi
1863 1454 2032 1510 usque
2051 1440 2117 1495 ad
2144 1441 2311 1497 cculos

721 1526 823 1581 pro
856 1515 1115 1584 religione
1148 1520 1482 1589 cxtollimur,
1511 1527 1651 1594 apud
1679 1529 2046 1598 aequissimum
2071 1531 2309 1601 judicem

725 1618 827 1673 pro
852 1605 1150 1665 innumeris
1173 1612 1335 1666 etiam
1359 1617 1701 1686 gravioribus
1722 1620 1893 1691 culpis
1915 1623 2158 1680 atrocius
2183 1639 2311 1679 con-

723 1694 1063 1755 demnemur‘.
1092 1699 1379 1772 Sequitur:

789 2003 1079 2062 Iacuerunt
1107 2008 1161 2063 in
1192 2018 1331 2064 terra
1354 2011 1483 2082 foris
1510 2030 1641 2085 puer
1660 2027 1707 2070 et
1729 2033 1906 2086 senex,
1935 2021 2157 2093 virgines
2177 2039 2305 2081 mea:

717 2095 1005 2168 ctjurenes
1052 2102 1153 2155 mei
1195 2102 1493 2159 ceciderunt
1539 2108 1592 2162 in
1646 2109 1841 2180 gladio.
1911 2112 2104 2171 Omnia
2162 2118 2305 2175 mala

717 2199 908 2242 eorum
943 2192 1096 2259 quasi
1131 2209 1227 2247 sua
1272 2195 1478 2265 plangit
1518 2202 1776 2271 propheta
1810 2221 1823 2257 :
1867 2206 1991 2274 quia
2038 2208 2305 2266 charitate

717 2278 993 2349 perfusus,
1030 2285 1177 2338 novit
1210 2288 1456 2356 deripere
1483 2291 1745 2359 quidquid
1783 2294 1835 2349 iu
1870 2299 2126 2353 membris
2178 2301 2305 2356 mali

718 2371 996 2426 acciderit.
1032 2373 1123 2429 Sic
1154 2386 1208 2430 et
1243 2377 1415 2433 ﬁdelis
1444 2382 1671 2449 quisque
1704 2393 1763 2439 ut
1791 2386 2079 2445 dilectione
2123 2390 2217 2446 Dei
2249 2400 2305 2448 et

716 2467 948 2533 proximi
972 2467 1244 2532 induatur,
1278 2471 1437 2527 debet
1466 2475 1531 2528 ad
1563 2477 1744 2531 omnia
1773 2494 1829 2534 se
1854 2481 2171 2549 extendere,
2204 2498 2304 2539 no-

718 2566 943 2628 straque
972 2563 1282 2617 communia
1325 2564 1467 2619 mala
1499 2570 1651 2637 quasi
1686 2572 1905 2641 propria
1935 2570 2085 2628 ﬂere.
2115 2574 2301 2631 luteu-

716 2649 792 2704 dit
824 2660 881 2705 ut
909 2653 1110 2719 videat,
1144 2655 1187 2709 si
1213 2656 1305 2726 qui
1335 2672 1400 2713 ex
1432 2659 1611 2727 nobis,
1637 2663 1728 2732 qui
1760 2664 2009 2720 videmur
2047 2650 2303 2726 Ecclesia:

719 2745 985 2811 membra,
1034 2748 1221 2817 quales
1264 2760 1318 2806 et
1368 2753 1556 2822 quanti
1598 2755 1819 2825 jaceant
1867 2760 1920 2814 iu
1952 2768 2122 2826 terra,
2168 2760 2304 2819 foris

720 2835 931 2891 scilicet
960 2840 1193 2894 terrenis
1226 2844 1473 2912 occupati
1534 2848 1764 2918 negotiis
1793 2867 1804 2902 :
1838 2848 1979 2915 Quia
2025 2869 2177 2908 nemo
2209 2856 2304 2908 mi-

718 2927 878 2983 litans
949 2931 1096 2999 Deo,
1144 2934 1379 3005 implicat
1437 2955 1493 2992 se
1540 2938 1757 3011 negotiis
1808 2945 2155 3002 sa'cularibus
2202 2948 2297 3021 (II

729 3018 864 3075 Tim.
897 3023 980 3091 ιι).
1009 3022 1166 3078 Foris
1190 3026 1404 3095 quidem
1438 3028 1644 3100 jacent,
1686 3034 1776 3102 qui
1809 3045 2007 3092 exeunt
2055 3053 2087 3093 a
2122 3018 2301 3107 nobis,
2380 3072 2383 3077 ν

714 3121 770 3168 et
820 3128 926 3168 non
980 3127 1300 3184 permanent
1350 3120 1401 3174 in
1455 3120 1579 3178 fidei
1632 3124 1936 3195 operibus:
1976 3129 2070 3185 sed
2118 3126 2301 3202 plures

718 3204 874 3273 quasi
926 3206 1072 3263 intus
1117 3221 1263 3275 sunt,
1316 3212 1407 3282 qui
1466 3215 1631 3270 etiam
1670 3233 1793 3274 cum
1856 3234 2297 3294 corrumpuntur,

713 3297 856 3365 apud
887 3295 1131 3355 divimun
1160 3302 1428 3359 arbitrum
1467 3308 1664 3377 perditi
1712 3322 2113 3382 computantur.
2148 3317 2303 3375 Unde

715 3402 869 3456 puer,
909 3391 1032 3459 quia
1071 3392 1221 3462 jacet
1258 3395 1309 3448 iu
1350 3404 1491 3452 terra
1527 3399 1726 3456 virtute
1755 3418 1970 3470 senum,
1997 3422 2102 3462 non
2144 3410 2303 3464 robo-

715 3490 903 3536 ratur:
937 3492 992 3538 et
1021 3500 1187 3541 senex
1222 3504 1353 3558 puer
1388 3502 1597 3547 centum
1637 3511 1921 3563 annorum,
1962 3501 2299 3557 maledictio-

714 3574 873 3629 nibns
906 3575 1165 3632 multatur
1191 3577 1323 3651 (Isa.
1354 3581 1480 3653 va)
1522 3600 1535 3635 :
1567 3584 1803 3657 virgines
1840 3597 1896 3642 et
1934 3587 2164 3658 juvenes
2206 3590 2302 3647 llo-

716 3668 846 3723 rida:
864 3670 1056 3736 mtatis,
1081 3671 1257 3744 gladio
1272 3673 1705 3734 adversariorum
1722 3680 1776 3735 in
1807 3681 1988 3737 animo
2002 3681 2296 3753 feriuntur;

713 3773 769 3817 et
800 3766 942 3833 quod
974 3774 1057 3820 est
1102 3767 1321 3837 gravius
1352 3786 1365 3822 :
1398 3768 1740 3840 Interfecisti,
1775 3774 1872 3838 ait,
1917 3775 1971 3829 in
1994 3776 2079 3830 die
2101 3776 2301 3847 furoris

713 3858 812 3909 tui.
856 3856 991 3922 Quia
1027 3857 1173 3912 aliud
1232 3867 1315 3914 est
1370 3859 1681 3919 interﬁcere
1710 3875 1867 3922 vetus
1910 3867 2071 3924 homo
2114 3877 2302 3926 noster

722 3956 781 3999 ut
826 3958 1067 4013 corruat,
1101 3958 1157 4005 et
1208 3960 1459 4023 resurgat
1487 3970 1683 4022 novus,
1715 3957 1863 4012 aliud
1897 3958 1950 4013 in
1981 3958 2069 4015 die
2097 3958 2302 4017 furoris

717 4038 800 4092 sui
833 4051 1117 4109 percutere
1164 4052 1219 4098 et
1261 4045 1533 4112 occidere,
1563 4049 1655 4119 qui
1701 4049 2024 4105 videbantur
2057 4063 2203 4110 stare
2239 4062 2303 4110 ut

712 4144 959 4205 pereant,
992 4151 1090 4191 nec
1105 4138 1371 4193 misereri.
1401 4139 1554 4196 Unde
1591 4142 1833 4197 nascitur
1876 4140 2032 4199 ﬂetus
2075 4144 2302 4200 irreme-

716 4225 930 4282 diabilis
968 4246 980 4281 :
1011 4229 1136 4299 quia
1168 4230 1498 4302 planguntur
1535 4234 1589 4288 lii
1625 4234 1715 4303 qui
1748 4235 2109 4303 uesciuntur;
2147 4236 2301 4307 plan-

711 4326 911 4387 guntur
939 4334 1004 4373 eo
1032 4321 1174 4389 quod
1202 4321 1380 4391 gladio
1398 4323 1597 4380 fururis
1626 4324 1720 4381 Dei
1738 4323 1851 4394 jam
1872 4327 1981 4383 sint
2007 4330 2295 4401 perempti,

710 4427 816 4465 non
835 4416 976 4482 quod
991 4413 1036 4481 ej
1046 4430 1107 4470 ns
1124 4417 1353 4472 arbitrio
1367 4420 1669 4491 praescripti
1692 4421 1759 4476 ad
1780 4430 2040 4479 aeternam
2065 4433 2297 4481 mortem

708 4504 1081 4570 pervenerint,
1113 4506 1208 4561 sed
1233 4509 1359 4577 quia
1391 4510 1491 4567 sibi
1521 4526 1644 4568 eam
1667 4515 1917 4573 manibus
1943 4524 2002 4572 et
2025 4516 2166 4573 votis
2205 4532 2295 4574 su-
2320 4550 2375 4611 Β

709 4608 807 4659 per
832 4610 891 4648 se
930 4599 1279 4654 attraxeriut.
1310 4598 1463 4659 Unde
1507 4605 1633 4675 quia
1660 4620 1766 4661 non
1802 4607 2095 4675 revocavit,
2125 4608 2294 4665 inter-

708 4686 904 4741 fecisse
933 4686 1052 4744 illos
1099 4688 1395 4763 plangitur.

1536 307 1594 363 S.
1636 308 1994 366 PASCHASII
2031 310 2379 370 RADBER'"
2415 314 2707 375 ABBATIS
2743 320 3190 378 CORBEIENSIS

718 426 903 477 reatus
928 421 1010 475 Sui
1035 419 1345 475 vindictam.
1378 422 1457 477 Ex
1483 424 1682 495 quibus
1714 426 1960 496 profecto
1989 429 2165 495 malis,
2190 444 2298 486 nou
2326 433 2377 494 Α

3734 346 3829 407 uto

3112 457 3261 498 TBLU.

2493 523 2730 595 Vocasti,
2758 529 2854 594 ait,
2882 532 3039 601 quasi
3063 531 3131 586 ad
3160 534 3285 588 diem
3313 536 3570 607 solemnem,
3606 546 3836 624 lmqﬁ

2409 629 2663 674 terrerent
2684 637 2765 674 me
2792 622 3015 676 circuitu
3041 639 3060 678 :
3085 620 3257 679 et’non
3284 627 3371 694 fuit
3394 631 3441 684 in
3460 633 3531 686 die
3551 620 3840 703 furoris

2413 713 2489 776 ni,
2518 714 2609 783 qui
2634 712 2881 786 effugeret
2934 724 2982 766 et
3029 714 3400 780 relinqueretur.
3431 721 3652 780 Describit
3677 731 3782 785 enim
3804 735 3840 790 in

2414 803 2585 875 figura
2615 806 2817 862 ultima:
2849 808 3198 877 captivitatis,
3231 820 3282 865 et
3307 811 3446 866 dellet
3483 831 3572 869 non
3604 818 3735 874 solum
3765 806 3843 892 pro.

2410 899 2593 967 pheta,
2638 914 2823 954 verum
2858 901 3100 955 omnium
3132 902 3402 958 electorum
3443 907 3630 975 chorus,
3670 913 3844 981 reprobo-

2414 1005 2533 1044 rum
2563 989 2809 1045 ultimam
2837 994 3079 1047 omnium
3103 996 3462 1064 perditionem.
3489 998 3539 1052 lu
3570 1015 3657 1069 quo
3690 1002 3846 1060 lamcnto

2412 1079 2564 1137 Tum
2593 1081 2769 1135 littera
2795 1084 3177 1153 przetitulatur,
3206 1088 3334 1141 utin
3359 1086 3595 1145 frontibus
3616 1095 3847 1161 gementium

2412 1185 2476 1224 ac
2522 1171 2815 1226 dolentium
2869 1175 3185 1243 consignata
3235 1177 3518 1232 inveniatur
3560 1179 3732 1251 (Emit.
3771 1186 3849 1251 it)‘:

2412 1262 2651 1333 alioquin
2678 1264 2943 1335 inquibus
2973 1283 3078 1321 non
3113 1268 3321 1323 iuventa
3346 1269 3508 1333 fuerit,
3531 1286 3619 1324 non
3652 1270 3848 1342 effugiant;

2412 1355 2507 1410 sed
2538 1364 2843 1411 statueutur
2872 1358 2924 1411 in
2956 1359 3154 1422 medio,
3198 1360 3421 1414 inimicis
3449 1360 3653 1430 undique
3680 1363 3790 1431 quasi
3813 1361 3853 1417 ad

2414 1445 2558 1501 diem
2604 1447 2903 1502 solemnem
2941 1451 3293 1520 congregatis.
3334 1451 3403 1505 De
3447 1466 3539 1519 qua
3580 1467 3705 1520 supra
3737 1451 3851 1504 DOleS

2413 1537 2664 1592 dixerant
2702 1540 2847 1594 enim
2882 1554 2897 1593 :
2937 1540 3045 1594 lsta
3077 1550 3160 1595 est
3186 1542 3297 1595 dies
3332 1558 3483 1612 quam
3506 1533 3853 1610 exspectabamus,

2414 1630 2740 1697 invenimus,
2796 1631 3051 1687 vidimus.
3086 1632 3212 1688 Dies
3253 1649 3375 1704 ergo
3405 1632 3632 1688 solemnis
3653 1647 3788 1686 eorum
3811 1632 3855 1686 id-

2413 1721 2561 1776 circo
2593 1720 2811 1787 dicitur,
2844 1738 2951 1777 non
2999 1724 3144 1792 quod
3200 1722 3308 1777 Deo
3356 1722 3442 1776 illa
3487 1721 3768 1792 complanant,
3800 1720 3858 1774 sed

2337 1806 2385 1865 B
2415 1815 2542 1882 quia
2574 1828 2758 1867 eorum
2808 1824 2936 1869 tunc
2971 1815 3178 1879 lzetitia,
3226 1831 3380 1886 quam
3420 1830 3611 1886 semper
3649 1814 3856 1882 cupierunt,

2408 1905 2641 1974 perditio
2691 1904 2899 1959 scilicet
2948 1906 3191 1960 omnium
3247 1906 3598 1977 reprobortuu,
3634 1902 3858 1974 implebitur.

2407 1993 2489 2048 Ad
2525 1993 2677 2063 cujus
2705 1994 3067 2050 solemnitatis
3096 1996 3260 2060 diem,
3289 1996 3340 2049 id
3376 2005 3455 2049 est
3488 1994 3723 2057 examinis,
3744 1993 3854 2044 etiam
3948 1993 3949 2065 ᾖ

2409 2091 2628 2139 satanas
2680 2086 2745 2140 de
2791 2100 3009 2140 carcere
3065 2084 3321 2141 solvetur.
3376 2084 3441 2139 Et
3486 2084 3577 2138 hoc
3595 2089 3662 2137 est
3706 2079 3861 2150 quodin

2409 2175 2706 2230 electorum
2744 2174 2965 2245 planctu
3018 2176 3262 2231 dicitur:
3310 2173 3508 2229 Vocain
3545 2173 3672 2243 quasi
3702 2170 3750 2222 ad
3779 2169 3861 2220 diem

2408 2271 2713 2337 solemnem,
2742 2272 2831 2343 qui
2868 2281 3118 2327 terrerent
3166 2289 3248 2326 me
3291 2273 3346 2326 in
3370 2271 3573 2324 circuitu
3605 2283 3619 2320 :
3650 2264 3859 2335 Quiaviile
3948 2284 3949 2291 η

2410 2363 2544 2417 bunt
2589 2378 2683 2418 eos
2725 2363 2888 2418 etiam
2928 2363 3085 2419 electi
3146 2364 3383 2433 undique
3427 2357 3863 2434 aggregalosﬂiSione
3948 2378 3949 2429 Τ

2408 2454 2653 2509 horribili
2683 2464 2739 2509 et
2764 2456 3059 2525 perterriti,
3098 2457 3153 2510 in
3186 2456 3271 2511 die
3309 2451 3502 2510 furoris
3544 2451 3717 2509 Domini
3743 2460 3866 2520 purga-

2406 2544 2627 2611 buntur,
2655 2561 2754 2602 nec
2780 2547 2883 2601 erit
2913 2547 3006 2618 qui
3029 2545 3274 2618 effugiat,
3307 2555 3399 2601 aut
3419 2545 3508 2617 qui
3537 2537 3863 2611 relinquaturin-
3948 2566 3949 2623 ᾖ

2409 2638 2708 2694 discussus.
2764 2639 2831 2694 Et
2888 2640 3015 2696 hinc
3052 2650 3139 2697 est
3182 2641 3325 2712 quod
3368 2635 3669 2711 gemebunda
3707 2629 3865 2686 omnium
3948 2640 3949 2697 ς

2408 2741 2721 2787 sanctorum
2744 2748 2847 2787 vox
2873 2734 3141 2803 deplorat,
3174 2748 3278 2804 pro
3301 2730 3547 2787 membris
3571 2728 3656 2784 sibi
3677 2720 3865 2791 ademptis.
3948 2744 3949 2789 γ

2410 2820 2554 2887 Quos
2604 2824 2821 2878 educavi
2868 2823 3159 2894 disciplina
3207 2823 3480 2897 tyrociuii,
3508 2833 3550 2876 et
3587 2812 3868 2875 enutririlacle

2406 2915 2668 2972 doctrina:
2698 2914 2751 2988 (I
2774 2914 2898 2972 Cor.
2940 2933 3024 2985 III;
3063 2917 3234 2972 Hebr.
3264 2918 3321 2989 v)
3355 2934 3369 2971 ε
3409 2915 3527 2987 (Ιηίθ
3579 2928 3666 2967 ¹¹⁰¹¹
3695 2917 3866 3004 pem,”

2406 3019 2531 3064 runt
2569 3008 2625 3063 in
2660 3009 2835 3063 virum
2878 3008 3205 3080 perfectum,
3237 3016 3297 3063 ut
3328 3008 3627 3063 dimicarent
3648 3007 3870 3094 contra-iw

2410 3102 2752 3157 manissimos
2781 3103 2988 3167 hostes,
3026 3103 3121 3174 qui
3150 3101 3329 3157 vocati
3346 3092 3716 3165 dicunturqnasi
3732 3087 3870 3174 addicti!

2329 3170 2375 3233 Ο
2411 3195 2730 3261 solemnem,
2757 3210 2925 3266 seque
2950 3193 3274 3251 caelestibus
3306 3190 3638 3249 defenderent
3656 3181 3794 3241 armis,
3812 3189 3872 3266 ut-

2407 3288 2573 3341 mirus
2603 3303 2745 3341 meus
2770 3288 3092 3358 consumpsit
3124 3304 3236 3341 eos.
3263 3286 3332 3341 Et
3350 3284 3475 3356 quia
3496 3282 3630 3352 prius
3650 3271 3875 3337 consnmpﬂl

2406 3396 2500 3433 eos
2544 3381 2783 3434 virorum
2834 3379 3279 3444 oblectamentis,
3326 3379 3445 3433 ideo
3483 3368 3641 3430 nullus
3671 3370 3873 3425 εειεοτιιω

2406 3473 2498 3543 qui
2525 3472 2761 3544 eli‘ugiat,
2789 3472 2894 3527 nisi
2921 3472 2970 3528 is
3013 3473 3111 3543 qui
3144 3475 3301 3543 signa
3338 3471 3489 3526 Thau
3525 3468 3690 3521 littera:
3712 3460 3751 3513 in
3767 3455 3875 3552 fuit“

2407 3566 2737 3637 prutsiguata
2775 3564 2978 3619 tulerit.
3010 3563 3171 3621 Unde
3204 3575 3261 3619 et
3291 3563 3548 3619 Dominus
3577 3554 3693 3622 :Qui
3721 3546 3874 3609 vulniﬁ-

2406 3656 2545 3728 quit,
2576 3667 2692 3729 post
2740 3674 2818 3710 me
2848 3657 3040 3723 venire,
3072 3657 3300 3728 abneget
3330 3641 3785 3722 semetipsum,tollat

2407 3724 2517 3804 ίεηι
2558 3724 2732 3815 8imm.
2762 3765 2925 3820 quam
2957 3764 3180 3805 crucem
3212 3750 3379 3820 plane
3413 3761 3507 3819 per
3543 3743 3671 3799 Thau
3692 3724 3880 3828 suprandl'.

2408 3844 2587 3899 ximus
2621 3842 2915 3916 signiﬁcari
2962 3851 3012 3896 et
3059 3819 3325 3914 sequntur
3367 3858 3448 3895 me
3476 3836 3618 3910 (Luc.
3643 3819 3883 3901 nilum“

2406 3951 2538 3991 vero
2569 3952 2760 3991 omnes
2794 3952 2901 3991 non
2930 3933 3221 4007 ellugient,
3265 3936 3320 3991 in
3354 3934 3547 4007 quibus
3574 3941 3662 3983 non
3696 3920 3883 4024 τέρετίξέξ

2406 4027 2569 4085 fuerit
2590 4029 2696 4085 hoc
2731 4028 3010 4095 vexillum,
3035 4045 3065 4084 a
3097 4030 3288 4102 gladio
3326 4027 3525 4084 furoris
3546 4021 3626 4079 Dei
3650 4038 3660 4072 :
3684 4016 3885 4117 client—ue"!

2404 4137 2544 4193 quos
2593 4122 2833 4178 Ecclesia
2881 4123 3117 4194 peperit,
3176 4122 3435 4179 educavit
3460 4128 3514 4175 et
3542 4107 3770 4172 enutrivit.
3800 4107 3885 4167 (Ιιιοδ

2407 4210 2667 4268 inimicus
2698 4212 2874 4283 culpis
2912 4214 3353 4286 consumpserit.
3405 4212 3471 4267 Et
3507 4210 3602 4265 hoc
3638 4198 3888 4300 68h}???

2406 4300 2732 4359 Sanctorum
2780 4271 2960 4360 omnis
3006 4271 3167 4361 ordo.
3192 4305 3378 4377 plorat
3431 4312 3586 4373 atque
3620 4289 3766 4368 gem“,
3798 4271 3888 4351 quod

2405 4394 2657 4452 inimicus
2684 4396 3025 4468 consnmpsit
3072 4412 3196 4453 eos.
3243 4395 3357 4453 Sed
3414 4394 3538 4466 quia
3575 4391 3755 4445 domum
3778 4377 3889 4429 luctus

2405 4487 2751 4554 intravimus,
2783 4487 3000 4543 diversa
3021 4486 3493 4544 lamentationum
3524 4472 3888 4567 general“???

2402 4579 2582 4635 ximus
2606 4579 2958 4653 diversasque
2987 4595 3263 4651 personas
3290 4600 3306 4638 :
3330 4578 3582 4651 explicito
3601 4558 3890 4653 secundolillf'

2318 4704 2321 4709 λ
2402 4690 2588 4729 rarum
2622 4642 2911 4747 alphabeto
2940 4642 3063 4730 libri
3087 4674 3354 4741 secundi,
3389 4642 3629 4729 votorum
3655 4662 3778 4719 linem
3804 4642 3889 4703 ῧειί·

2401 4767 2503 4823 bus
2525 4766 2850 4823 abluendum
2877 4777 3253 4841 congruenter
3275 4765 3618 4842 imponimus.

720 4897 3886 4961 mw”...

1722 5062 1935 5146 1407
1998 5069 2415 5135 PROLOGUS
2456 5070 2672 5135 LIBRI
2725 5072 3021 5134 TERTII.

770 5294 887 5351 Non
916 5296 1091 5352 nostri
1125 5296 1308 5366 operis
1353 5306 1459 5364 est,
1508 5297 1678 5355 frater
1704 5308 1759 5356 et
1784 5315 2079 5369 consenex,
2125 5301 2291 5361 falsas

696 5396 977 5456 portarum
1013 5387 1221 5445 fabulas
1241 5388 1353 5458 jam
1380 5390 1678 5458 revolvere,
1730 5392 1813 5447 vel
1842 5393 2114 5451 Milesias:
2150 5411 2288 5467 quo-

696 5480 841 5533 niam
876 5488 1063 5535 nostra
1096 5481 1367 5537 institutio
1395 5483 1530 5537 alios
1560 5482 1797 5555 reposcit
1845 5499 2061 5552 mores;
2106 5503 2286 5559 neque

695 5570 1142 5641 philosophorum
1175 5576 1506 5643 perscrutari
1538 5575 1728 5641 libros,
1757 5577 1884 5647 quia
1914 5577 1968 5632 in
2000 5578 2173 5634 altero
2197 5578 2283 5635 lu-

694 5666 793 5718 dus
819 5673 875 5719 et
899 5665 1191 5721 oblectatio
1230 5674 1312 5721 est
1356 5686 1369 5720 :
1411 5669 1462 5722 in
1495 5668 1666 5725 altero
1720 5686 1851 5726 vero
1900 5671 2186 5727 difficultas
2226 5681 2281 5728 et

694 5754 986 5817 sudoribus
1017 5757 1278 5817 admistus
1307 5759 1474 5817 labor.
1509 5760 1709 5818 Verum
1743 5764 1914 5836 magis
1944 5765 2150 5823 threuis
2182 5783 2280 5829 nos

2398 5305 2556 5362 decet
2580 5316 2635 5364 et
2658 5304 2914 5364 lamentis
2937 5307 3330 5366 indesinenter
3359 5309 3625 5373 insistere,
3664 5302 3704 5358 si
3729 5297 3829 5353 forte
3846 5286 3894 5357 (πί

2395 5398 2450 5452 in
2479 5396 2729 5453 Jndicum
2772 5398 2992 5471 legitur)
3045 5409 3322 5457 monente
3346 5409 3403 5456 et
3433 5398 3751 5456 enumeranle
3771 5373 3891 5450 ειιςδο

2393 5488 2533 5544 maia
2564 5506 2685 5560 qua:
2717 5491 3009 5562 gessimus,
3041 5508 3150 5547 una
3187 5509 3321 5550 cum
3351 5510 3419 5550 eo
3444 5494 3509 5549 ad
3534 5493 3693 5548 locum
3733 5475 3893 5536 ﬂentium

2392 5582 2459 5635 de
2486 5579 2710 5651 Galgala
2737 5580 2938 5653 (Judic.
2980 5581 3064 5657 ιι),
3123 5584 3183 5639 id
3243 5594 3336 5642 est
3387 5586 3455 5642 de
3500 5580 3748 5639 volutabra
3785 5573 3892 5657 0545f3

2391 5649 2758 5728 ascendimus.
2793 5672 2897 5730 Ubi
2930 5690 3050 5729 cum
3082 5675 3421 5745 loqueretur
3448 5676 3513 5732 ad
3554 5684 3741 5730 omnem
3771 5649 3893 5717 Israel!

2390 5764 2739 5823 elevaveruut
2780 5781 2966 5824 vocem
3002 5766 3056 5824 hi
3099 5773 3161 5824 et
3211 5767 3509 5828 ﬂeverunt.
3549 5762 3685 5825 Unde
3723 5751 3895 5813 τοαίυπί
