4078 6348
184 373 311 429 HM

887 366 1252 425 EXI‘OSITIO
1288 365 1355 421 ΙΝ
1393 359 1987 421 LAMENTATIONES-
2017 357 2429 415 JEREMUEE-
2463 357 2588 412 LlB.
2630 356 2714 411 ιιι.

3316 354 3455 410 tm
3519 310 3525 319 ’

182 496 262 546 est
294 504 494 545 nomen
518 486 620 543 loci
651 487 812 553 illius,
845 486 1085 543 ﬂentium
1110 487 1193 541 vel
1216 487 1600 558 lacrymarum.
1627 482 1758 549 Quae
1786 484 1836 543 Α
1863 496 1967 536 non
1999 481 2074 535 ita
2102 480 2153 534 in
2186 480 2361 534 tribus
2394 477 2688 549 Sapphieis
2711 484 2930 531 constat
2962 476 3283 546 alphabetis.
3337 475 3449 532 Sed

181 584 303 654 quia
343 583 517 637 tristia
546 590 695 647 sunt,
725 579 956 646 difﬁcile,
1013 581 1121 635 imo
1165 577 1494 649 impossibile
1523 586 1607 632 est
1647 576 1759 646 pla-

179 688 304 730 cere
353 674 627 730 omnibus.
681 672 788 728 Sed
816 672 941 742 quia
971 671 1097 727 mvi
1126 668 1281 739 cuius
1309 670 1381 725 sit
1425 682 1586 724 omne
1617 666 1760 736 quod

180 765 429 830 vivimus,
460 764 583 819 ideo
607 763 735 818 huic
777 778 863 817 me
908 761 1087 818 studio
1117 769 1289 816 totum
1333 758 1552 823 tradidi,
1602 755 1761 827 quasi

182 859 233 913 in
281 857 515 928 quadam
548 857 743 912 mentis
778 855 997 927 specula
1045 855 1229 911 mundi
1277 853 1437 923 hujus
1493 852 1754 917 turbines,

180 951 320 1008 inter
344 950 445 1005 ista
476 964 597 1020 qum
618 948 949 1021 plangimus,
977 957 1034 1005 et
1064 946 1344 1019 naufragia
1377 947 1548 1002 nostri
1578 946 1763 1003 saeculi

179 1061 299 1102 cum
327 1048 527 1118 gemitu
550 1061 614 1102 ac
648 1044 832 1101 dolore
863 1058 1107 1100 cernere.
1136 1043 1290 1100 Unde
1318 1042 1384 1097 ad
1418 1043 1636 1098 tertium
1680 1040 1762 1095 al-

176 1140 467 1211 phabetum
501 1138 657 1208 quasi
695 1140 760 1193 ad
789 1138 1052 1208 quosdam
1093 1135 1305 1191 decrevi
1349 1134 1586 1190 calentes
1631 1148 1762 1202 pro-

179 1231 354 1300 pheta:
383 1229 581 1295 fontes,
613 1229 738 1299 quia
764 1228 1062 1284 excelsiora
1105 1236 1232 1283 sunt
1274 1226 1375 1282 sub
1425 1226 1645 1280 alterius
1672 1240 1765 1296 ge-

179 1337 310 1377 nere
340 1322 522 1387 metri,
562 1337 625 1377 ea
657 1337 780 1392 quae
818 1327 1072 1391 aptantur
1100 1320 1371 1385 trimetro,
1423 1316 1762 1389 promulgata

175 1412 495 1483 profundius
546 1429 764 1468 manum
805 1414 1042 1469 mittere.
1082 1410 1141 1466 ln
1169 1426 1278 1483 quo
1310 1412 1565 1466 nimirum
1596 1424 1762 1479 opere

175 1503 313 1559 terni
356 1517 548 1559 versus
584 1519 691 1559 una
725 1501 1025 1573 eademque
1072 1502 1338 1572 incipiunt
1378 1500 1580 1566 littera,
1614 1497 1760 1569 quod

1867 574 1991 644 quia
2026 575 2268 644 quaedam
2298 574 2364 628 de
2388 572 2629 628 Ecclesia
2656 578 2802 638 sunt,
2834 579 2890 626 et
2918 571 3084 626 multa
3128 572 3204 627 ibi
3234 586 3355 641 quae
3383 571 3453 626 de

1867 666 2118 736 passione
2142 666 2346 721 Christi
2387 665 2550 721 altius
2585 665 2923 735 aperiuntur,
2962 665 3121 720 altior
3151 671 3234 719 est
3260 672 3455 720 sensus

1868 760 2249 830 requirendus,
2286 758 2413 813 licet
2455 773 2561 813 non
2606 758 2835 813 inveniri
2875 774 3033 829 posse
3074 759 3291 814 credam
3338 758 3456 814 sine
3548 806 3555 811 .

1867 852 2098 907 ﬂetibus.
2136 852 2431 922 Propterea
2471 853 2629 921 quasi
2670 852 2903 921 desuper
2929 852 3082 907 asino
3113 851 3309 906 sedens
3336 866 3458 904 car-

1865 945 1953 1001 nis
1981 944 2276 1007 indomltze,
2307 961 2336 999 a
2363 953 2414 999 te
2439 959 2712 1000 consencx
2743 959 2910 1015 posco
2942 966 2954 998 :
2986 944 3111 1014 quia
3142 943 3272 998 mihi
3303 959 3457 999 aren-

1868 1046 1973 1093 tem
2005 1039 2263 1093 Dominus
2292 1038 2440 1095 dedit
2467 1039 2648 1093 cordis
2673 1053 2889 1109 agrum,
2936 1039 3045 1093 tuis
3084 1038 3339 1108 precibus
3361 1036 3457 1091 ob-

1866 1130 2042 1184 tincas
2069 1140 2124 1185 et
2153 1132 2411 1201 deposcas
2439 1131 2746 1200 gemitibus,
2794 1129 2838 1184 si
2870 1144 2973 1183 non
3006 1129 3268 1199 irriguum
3300 1143 3454 1196 supe-

1867 1220 2000 1285 rius,
2033 1219 2224 1275 saltem
2270 1219 2516 1285 inferius,
2544 1221 2665 1290 pius
2706 1220 2968 1275 concedat
3012 1221 3290 1283 medicus;
3321 1234 3458 1288 qua-

1869 1320 2026 1368 tenus
2053 1315 2145 1383 (Iui
2190 1322 2498 1368 nostrorum
2542 1312 2859 1382 ejulantium
2892 1314 3043 1383 attigi
3076 1328 3265 1376 venas,
3314 1310 3456 1366 infra

1866 1405 2083 1460 domum
2136 1407 2354 1462 lameuti
2418 1407 2566 1462 fonte
2610 1410 2837 1464 devotus
2875 1408 2959 1463 vel
3001 1422 3123 1462 sero
3155 1408 3346 1461 abluar
3382 1404 3457 1458 la-

1866 1510 2199 1568 crymarum.

178 1657 3457 1691 _________________.____.__._____...___________.___._______.

1211 1818 1427 1892 1m
1499 1797 1802 1877 LIBER
1852 1795 2327 1887 TERTIUS.

242 2063 515 2132 Quantum
560 2057 839 2130 conspicio
879 2058 935 2113 in
977 2057 1081 2113 hac
1119 2055 1275 2127 quasi
1325 2052 1539 2109 funebri
1591 2051 1758 2106 totius
1786 2051 1834 2110 Β
1861 2047 1939 2101 vir
1962 2047 2138 2105 ﬁdam:
2176 2054 2535 2117 paupertate»:
2567 2062 2759 2110 meam,
2789 2046 3141 2103 excellentius
3173 2058 3353 2104 tamen
3392 2053 3458 2106 de

175 2154 418 2228 corporis
468 2153 879 2217 lamentatione,
928 2149 1279 2220 profundiora
1329 2145 1397 2200 de
1440 2145 1657 2200 Christo
1706 2151 1762 2197 et

172 2248 291 2319 ejus
320 2258 540 2314 corpore
578 2243 899 2313 aperiuntur
943 2241 1206 2312 mysteria
1247 2257 1260 2291 :
1299 2239 1372 2293 ita
1417 2245 1478 2291 ut
1516 2234 1761 2291 vicissim

177 2341 417 2394 luctuosa
445 2346 688 2391 vertatur
707 2338 902 2399 oratio,
939 2350 1080 2390 nunc
1110 2333 1176 2388 ad
1221 2331 1585 2403 Synagogam,
1616 2341 1761 2383 nunc

174 2429 479 2501 specialiter
500 2429 568 2483 ad
599 2427 920 2491 Ecclesiam,
944 2441 1088 2480 nunc
1112 2426 1177 2479 ad
1204 2424 1507 2494 passionem
1536 2419 1760 2486 Christi,

173 2540 316 2579 nunc
342 2522 501 2578 simul
532 2522 598 2578 de
626 2520 843 2577 Christo
869 2529 923 2575 et
953 2520 1070 2591 ejus
1099 2533 1347 2587 corpore,
1378 2524 1436 2570 ut
1474 2516 1627 2585 prior
1661 2516 1762 2568 hu-

168 2615 253 2685 jus
276 2614 494 2670 lamenti
518 2629 712 2669 versus
738 2613 1011 2669 insinuat:
1041 2627 1182 2667 nunc
1212 2620 1265 2665 et
1292 2610 1516 2664 moralia
1548 2606 1757 2670 miscet,

173 2706 407 2761 luctiﬁca
435 2714 616 2760 tamen
655 2721 722 2760 ex
760 2704 1034 2767 omnibus,
1081 2702 1125 2757 si
1158 2716 1267 2771 quo
1296 2701 1458 2755 modo
1503 2696 1762 2753 maestitia

174 2799 355 2855 cordis
384 2804 671 2869 augeatur,
717 2803 774 2850 ut
817 2809 917 2865 pro
961 2793 1046 2848 his
1066 2792 1160 2862 qui
1182 2790 1438 2845 labuntur
1467 2789 1534 2843 de
1559 2786 1763 2843 Christi

175 2905 422 2960 corpore,
464 2896 561 2943 aut
588 2887 679 2957 qui
703 2886 837 2958 lapsi
866 2893 993 2941 sunt
1022 2886 1077 2939 in
1106 2883 1408 2947 Judaismo,
1432 2888 1525 2935 aut
1546 2894 1644 2950 pro
1673 2879 1759 2939 iis,

174 2985 263 3055 qui
296 2983 431 3038 fiunt
463 2983 517 3036 in
561 2980 756 3052 capite,
802 2989 894 3033 aut
941 2995 1039 3049 pro
1072 2976 1227 3032 undis
1252 2974 1448 3046 quibus
1488 2973 1767 3043 patiuntur

175 3075 440 3139 membra,
465 3073 549 3128 vel
571 3075 734 3128 etiam
759 3086 856 3143 pro
878 3071 964 3135 iis,
991 3069 1186 3139 quibus
1206 3068 1465 3122 haetenus
1487 3064 1768 3135 privamur

176 3167 350 3223 bonis.
386 3165 493 3221 Sed
536 3173 597 3219 ut
648 3165 765 3219 hate
794 3179 915 3235 quae
944 3163 1011 3216 ad
1040 3169 1205 3232 caput
1252 3159 1550 3229 pertinent,
1578 3169 1766 3226 qumve

177 3260 243 3316 ad
289 3274 487 3329 corpus
515 3256 710 3312 melius
737 3256 1139 3318 discernantur,
1166 3247 1641 3306 commemoranda
1682 3253 1767 3300 est

177 3355 264 3411 illa
311 3356 516 3427 regula,
550 3370 712 3425 quam
750 3351 1232 3408 Tichoniusunam
1284 3348 1351 3403 de
1398 3354 1602 3416 septem
1644 3357 1765 3399 esse

1867 2132 2087 2196 Christo
2104 2138 2514 2207 pronuntiatur:
2540 2138 2794 2206 quoniam
2820 2139 2957 2192 sicut
2985 2124 3253 2196 excellunt
3278 2142 3455 2197 omnia

1867 2230 1921 2285 in
1950 2244 2015 2285 eo
2036 2245 2155 2301 qua:
2184 2231 2249 2285 de
2286 2230 2377 2284 illo
2411 2238 2563 2293 sunt,
2610 2230 2683 2284 ita
2721 2239 2773 2284 et
2800 2231 2916 2286 lucc
2939 2232 3074 2287 visio
3098 2236 3456 2303 pa'upertatis.

1866 2318 2118 2392 Alioquin
2144 2322 2274 2392 quid
2310 2322 2532 2384 mirum,
2565 2321 2609 2375 si
2641 2322 2821 2376 videat
2859 2322 3054 2391 aliquis
3083 2333 3456 2394 paupertatem

1866 2430 2041 2480 suam,
2071 2431 2176 2487 qua
2198 2430 2332 2483 pene
2354 2414 2530 2468 omnis
2555 2414 2843 2468 multitudo
2871 2414 3123 2486 afﬂigitur
3146 2435 3158 2470 :
3182 2418 3273 2471 sed
3310 2420 3454 2473 sicut

1865 2517 1948 2562 est
1981 2505 2265 2577 gloriosior
2293 2507 2408 2559 lucc
2439 2514 2731 2574 paupertas
2775 2503 3000 2569 Christi,
3049 2514 3104 2561 et
3150 2509 3456 2563 mirabilior

1865 2596 2117 2651 omnibus
2146 2593 2350 2649 divitiis
2390 2595 2593 2658 smculi,
2623 2595 2712 2664 qui
2749 2611 2852 2648 non
2884 2596 3124 2665 rapinam
3171 2598 3458 2653 arbitratus

1864 2697 1940 2742 est
1974 2703 2083 2741 esse
2123 2703 2177 2739 se
2208 2684 2458 2757 (aqualem
2488 2684 2614 2747 Deo,
2653 2685 2742 2739 sed
2781 2685 3111 2755 semetipsum
3150 2687 3456 2756 exinanirit,

1866 2777 2093 2849 formam
2127 2777 2263 2830 servi
2301 2775 2560 2845 accipiens
2594 2773 2815 2845 (Philip.
2853 2776 2913 2845 ιι)
2938 2794 2949 2829 :
2978 2775 3052 2829 ita
3083 2784 3136 2830 et
3173 2777 3290 2832 haec
3320 2777 3458 2832 visio

1865 2866 2202 2937 paupertatis
2242 2864 2582 2934 profundior.
2634 2861 2787 2919 Unde
2840 2880 2945 2919 nou
3002 2867 3454 2936 qualitercunque

1866 2954 2263 3025 accipiendum,
2297 2954 2391 3010 sed
2423 2970 2543 3009 cum
2578 2970 2775 3023 magno
2807 2955 3002 3009 intuitu
3034 2956 3230 3010 mentis
3274 2956 3458 3025 legen-

1869 3049 1995 3104 dum
2041 3058 2095 3103 et
2126 3063 2319 3119 magna
2349 3048 2867 3129 cortlisintcntioue
2915 3048 3281 3117 cogitamlum,
3316 3047 3459 3117 quod

1869 3143 1947 3197 ait
1981 3160 1992 3196 :
2038 3139 2151 3213 Ego
2184 3141 2263 3195 vir
2285 3140 2460 3194 videns
2488 3150 2847 3211 paupertatem
2888 3157 3076 3195 meam.
3110 3140 3280 3206 Quam
3324 3142 3460 3194 bene

1868 3232 2035 3287 David
2057 3240 2432 3302 paupertatem
2458 3230 2509 3284 in
2540 3231 2735 3300 spiritu
2760 3231 3061 3300 praividcns
3082 3232 3258 3284 aiebat
3283 3250 3293 3283 :
3318 3231 3459 3283 1m-

1870 3332 1952 3377 tus
1974 3326 2062 3393 qui
2084 3322 2326 3392 intelligit
2353 3338 2509 3392 super
2531 3338 2747 3393 egenum
2771 3332 2818 3375 et
2840 3338 3118 3392 pauperem
3145 3319 3316 3390 (Psal.
3342 3322 3454 3391 λι).

175 3446 347 3502 voluit
371 3406 536 3519 ῖΑηᾶ,
556 3406 625 3501 ξε
660 3445 809 3499 ροσε,
847 3440 1093 3512 Christ).
1133 3457 1197 3495 ex
1225 3440 1424 3511 quibus
1449 3406 1613 3491 (ξιεεηη
1641 3450 1765 3490 om-
1792 3406 1838 3469 C
1871 3416 2006 3485 Quia
2045 3430 2151 3469 non
2189 3414 2294 3469 nisi
2329 3413 2608 3517 intellectu
2637 3415 2867 3483 capitur,
2894 3414 2976 3467 sin
2994 3414 3146 3514 ‘alias
3177 3413 3292 3466 haec
3319 3428 3457 3481 pau-

177 3541 431 3599 ditissimi
462 3544 529 3597 ad
568 3539 946 3613 intelligendas
977 3536 1290 3608 Scripturas
1341 3532 1632 3604 plurimum
1672 3529 1768 3584 ad-

170 3633 453 3705 juvantur.
480 3631 723 3703 Quarum
762 3630 936 3701 prima
956 3636 1040 3683 est
1080 3627 1196 3696 ipsa
1230 3625 1295 3679 de
1321 3622 1539 3678 Christo
1572 3628 1627 3675 et
1651 3620 1769 3691 ejus

174 3720 409 3795 corpore
440 3765 455 3790 ,
479 3723 697 3795 quando
734 3738 765 3776 a
804 3721 981 3791 capite
1012 3718 1128 3774 sine
1156 3714 1553 3789 permutatione
1583 3726 1771 3782 perso-

173 3835 262 3876 na!
286 3819 354 3874 ad
379 3833 599 3890 corpus,
626 3816 711 3873 vel
750 3832 781 3870 a
807 3828 1037 3885 corpore
1066 3811 1330 3866 transitur
1369 3809 1434 3863 ad
1457 3818 1639 3877 caput,
1683 3803 1769 3860 vel

175 3910 399 3982 quando
442 3910 557 3981 ipsa
594 3909 895 3978 eademque
930 3902 1196 3961 sententia
1228 3917 1334 3957 non
1373 3903 1552 3955 minus
1581 3896 1765 3968 capiti,

175 4020 344 4081 quam
380 4002 690 4077 et'corpori
735 3984 1039 4072 congruere
1075 3997 1329 4052 videtur:
1364 4008 1466 4048 nec
1495 4003 1674 4046 tamen
1699 3990 1769 4046 ab

174 4114 284 4154 una
320 4097 619 4168 eademque
644 4111 875 4166 persona
907 4091 1196 4154 receditur,
1220 4088 1378 4143 sicuti
1406 4087 1457 4141 in
1485 4083 1769 4155 quamplu-

172 4190 339 4245 rimis
367 4188 503 4247 locis
532 4188 942 4259 Scripturarum
984 4192 1132 4239 recte
1172 4181 1454 4251 probatur,
1484 4177 1577 4233 sed
1618 4185 1673 4233 et
1712 4177 1769 4231 in

169 4285 279 4340 hac
307 4282 697 4340 lamentatione
721 4280 991 4338 interdum
1016 4277 1314 4343 invenitur,
1340 4282 1399 4328 ut
1424 4283 1527 4329 est.

880 4426 1069 4469 ALBRE.

288 4548 409 4619 Ego
448 4548 524 4604 vir
560 4549 738 4603 videns
763 4554 1124 4618 paupertatem
1152 4558 1325 4596 meam
1354 4540 1411 4595 in
1455 4540 1606 4612 virga
1632 4538 1772 4593 indi-

175 4640 444 4715 ιπαιὶοηὶε
469 4637 615 4711 ejus;
646 4648 702 4695 et
722 4637 851 4693 illud
880 4656 893 4692 :
935 4634 1205 4692 Vetustam
1235 4632 1357 4703 fecit
1384 4630 1573 4703 pellem
1601 4645 1771 4684 meam

174 4747 217 4793 ει
252 4750 473 4792 carnem
496 4750 688 4799 meam,
711 4731 949 4788 contrivit
982 4747 1101 4784 ossa
1119 4745 1254 4782 mea.
1283 4725 1549 4794 Quoniam
1574 4725 1771 4789 horum

174 4845 373 4894 unum,
402 4827 650 4911 quamvis
672 4825 818 4881 omni
848 4822 1063 4894 corpori
1090 4819 1396 4884 conveniat,
1438 4817 1629 4873 melius
1688 4825 1771 4872 ta-

171 4939 306 4980 men
340 4908 521 4994 capiti,
557 4920 786 4976 alterum
813 4934 943 4974 vero
972 4915 1276 4971 membris:
1318 4921 1378 4967 ut
1423 4926 1524 4983 per
1569 4908 1767 4981 pellem

176 5025 229 5072 3t
253 5030 485 5070 carnem
512 5021 677 5083 atque
702 5027 826 5067 ossa
860 5009 933 5064 illi
964 5006 1357 5079 intelligantur,
1384 5003 1477 5077 qui
1501 5003 1645 5058 infra
1670 5001 1771 5057 Ee-

161 5106 404 5163 clesiam
449 5112 715 5160 vetustate
746 5101 1083 5174 contagionis
1108 5098 1437 5164 elliciuntur,
1480 5103 1537 5152 et
1585 5103 1772 5153 conte-

165 5206 381 5253 rmtur
432 5194 705 5265 pressaris
748 5193 1179 5249 tribulationum.
1230 5189 1366 5246 Nam
1410 5190 1554 5260 quod
1592 5189 1767 5244 dicit:

161 5286 294 5359 Ego
356 5288 433 5341 vir
496 5285 676 5339 videns
747 5292 1109 5356 paupertatem
1184 5298 1389 5347 nteant,
1454 5266 1582 5334 licet
1642 5294 1768 5349 pro-

158 5381 362 5452 phetae
383 5376 598 5451 15409
621 5376 895 5448 plangenti
922 5388 1220 5445 congruere
1248 5371 1512 5436 videatur,
1543 5368 1771 5425 manife-

158 5472 321 5529 stius
346 5480 522 5525 tamen
545 5468 747 5525 Christi
779 5483 882 5523 vox
912 5481 1033 5522 esse
1065 5464 1400 5535 intelligitur,
1433 5462 1524 5532 qui
1569 5462 1623 5515 in
1649 5476 1766 5516 ma-

157 5565 349 5622 nibus
367 5563 751 5633 prophetarum
782 5558 1113 5615 assimilatus
1140 5566 1244 5622 est,
1271 5562 1325 5610 et
1354 5569 1547 5609 omnes
1573 5551 1777 5622 colligit

1870 3516 2052 3578 pertas
2095 3504 2399 3560 communis
2441 3515 2605 3570 esset,
2652 3517 2814 3558 sensu
2870 3501 3055 3556 sentiri
3110 3517 3172 3556 ac
3216 3502 3455 3555 discerni
3501 3546 3533 3577 _.

1869 3607 2108 3669 poterat,
2134 3605 2189 3651 et
2228 3611 2334 3651 non
2369 3594 2675 3650 intellectus
2720 3593 3078 3663 requirendus
3106 3600 3268 3647 esset.
3303 3590 3459 3645 Nunc
3501 3573 3511 3577 ’

1872 3699 2052 3746 autem
2088 3702 2154 3745 ex
2183 3689 2287 3744 hoc
2327 3687 2604 3744 beatitudo
2653 3671 3068 3757 repromittilur.
3121 3683 3231 3738 Nec
3276 3684 3460 3752 itaque

1870 3785 2093 3847 mirum,
2121 3783 2166 3837 si
2196 3790 2485 3853 paupertas
2506 3777 2705 3832 Christi
2736 3775 2967 3848 gloriosa
3013 3783 3067 3830 et
3116 3760 3454 3828 admirabilis

1872 3875 2125 3937 creditur,
2162 3889 2286 3929 cum
2323 3881 2378 3927 et
2404 3869 2694 3941 Apostolus
2732 3875 3044 3921 sanctorum
3076 3874 3455 3934 paupertatem

1873 3967 2192 4022 altissimam
2231 3963 2491 4035 praedicat
2518 3970 2571 4014 et
2601 3960 2805 4014 divitiis
2832 3957 3176 4025 locupletem.
3211 3956 3340 4023 Qum
3369 3954 3454 4008 ni-

1872 4060 2070 4115 mirutn
2118 4074 2225 4113 non
2273 4055 2427 4109 facile
2463 4053 2531 4107 ab
2570 4050 2819 4107 omnibus
2870 4047 3207 4119 intelligitur,
3250 4056 3456 4117 quanto

1872 4155 2046 4226 magis
2085 4151 2170 4207 illa
2208 4150 2272 4205 de
2301 4164 2406 4219 qua
2436 4155 2489 4202 et
2514 4144 2686 4215 angeli
2716 4143 3001 4206 mirantur,
3031 4149 3086 4195 et
3113 4139 3291 4193 omnis
3324 4139 3458 4192 bea—

1871 4247 2044 4303 titudo
2081 4252 2262 4300 nostra
2308 4239 2589 4295 nascitur?
2627 4237 2761 4305 Quia
2792 4234 2892 4290 etsi
2929 4242 3054 4287 sunt
3083 4234 3226 4287 beati
3257 4244 3456 4301 paupe-

1872 4354 1982 4406 res,
2004 4352 2071 4394 eo
2091 4336 2284 4407 spiritu
2308 4334 2451 4389 beati
2472 4331 2766 4388 creduntur
2787 4337 2842 4383 et
2859 4327 3222 4399 praedicantur
3236 4340 3341 4394 quo
3357 4325 3465 4380 ista

1873 4435 2212 4509 intelligitur,
2253 4431 2513 4502 quoniam
2552 4443 2656 4482 non
2700 4425 2803 4479 nisi
2835 4423 3039 4494 Spiritu
3087 4430 3276 4477 sancto
3316 4434 3467 4474 rese-

1875 4534 2029 4582 rante
2068 4519 2568 4594 comprehenditur.
2594 4515 2892 4586 Propterea
2913 4516 3106 4569 horum
3144 4512 3306 4565 trium
3338 4525 3461 4563 ver-

1872 4631 2030 4673 suum
2056 4613 2324 4685 principia
2369 4610 2508 4682 apud
2540 4607 2819 4673 Hebraeos,
2852 4614 2913 4660 ut
2953 4603 3151 4667 ferunt,
3183 4604 3252 4658 ab
3278 4603 3461 4656 ALEPH

1874 4706 2159 4779 incipiunt.
2193 4704 2365 4773 Aleph
2388 4701 2628 4772 quidem,
2659 4704 2720 4752 ut
2750 4712 2915 4767 supra
2947 4696 3076 4761 dixi,
3109 4694 3350 4748 doctrina
3382 4692 3466 4745 in-

1795 4785 1851 4848 Ῑ)
1878 4805 2228 4871 terpretatur.
2289 4793 2434 4849 Reor
2490 4791 2633 4863 quod
2680 4789 2850 4844 multa
2886 4787 3130 4843 doctrina
3164 4793 3322 4856 egeat
3370 4783 3460 4838 hic

1873 4906 2088 4957 sensus,
2122 4890 2189 4945 de
2224 4902 2332 4958 quo
2372 4898 2618 4941 summus
2656 4890 2847 4937 auctor
2897 4877 3179 4949 gloriatur,
3209 4882 3264 4929 et
3302 4873 3461 4944 quasi

1873 4980 2162 5055 singularis
2192 4978 2265 5034 sit
2294 4975 2385 5048 qui
2417 4974 2596 5029 videat
2639 4979 2694 5027 et
2717 4969 3001 5040 intelligat,
3031 4967 3105 5021 ita
3131 4964 3265 5020 dicit
3303 4982 3316 5017 :
3349 4963 3465 5034 Ego

1872 5079 1955 5132 vir
1973 5075 2149 5130 videns
2170 5074 2527 5141 paupertatem
2547 5080 2750 5129 meam;
2778 5077 2841 5117 ac
2867 5062 2911 5116 si
2942 5060 3118 5115 dicat:
3146 5058 3256 5129 Ego
3284 5070 3463 5110 meam

1873 5173 2029 5229 video
2075 5176 2466 5242 paupertatem,
2500 5166 2586 5221 cui
2622 5163 2808 5218 insunt
2848 5175 3037 5216 omnes
3079 5155 3319 5212 thesauri
3367 5168 3460 5208 sa-

1875 5264 2093 5339 pientize
2118 5270 2173 5318 et
2200 5260 2458 5325 scientim,
2493 5272 2654 5330 quam
2696 5264 2886 5324 sponte
2917 5266 3013 5323 pro
3058 5250 3177 5304 aliis
3220 5244 3477 5314 suscepi,’

1876 5376 2037 5432 quam
2082 5358 2183 5430 ipsi
2221 5354 2428 5419 miseri,
2457 5367 2563 5407 non
2590 5349 2714 5404 dico
2740 5363 2860 5402 eam
2908 5343 3231 5414 intelligere,
3271 5352 3460 5394 verum

1878 5467 1980 5508 nec
2009 5465 2163 5506 suam
2203 5447 2347 5504 omni
2384 5456 2580 5517 genere
2612 5438 2956 5494 miseriarum
2994 5432 3331 5499 convulsam,
3366 5444 3462 5484 vo-

1880 5544 1998 5598 lunt
2023 5540 2455 5596 animadvertere
2479 5531 2564 5585 vel
2608 5540 2958 5599 cognoscere.
3010 5524 3218 5579 Interea
3245 5530 3301 5576 et
3330 5535 3458 5574 san—

1881 5643 2091 5692 ctorum
2131 5629 2373 5688 omnium
2400 5639 2505 5680 vox
2542 5623 2647 5676 ista
2693 5634 2814 5675 esse
2854 5624 3050 5688 potest,
3097 5622 3360 5685 quantum
3405 5611 3462 5663 in

1860 5742 2111 5799 corpore
2124 5721 2324 5779 Christi
2350 5725 2473 5773 sunt
2491 5712 2706 5787 1410
2726 5711 2886 5776 uniti,
2906 5716 2961 5764 et
2982 5715 3245 5799 quantum
3267 5701 3467 5759 imitati

1876 5796 2081 5881 fuerint
2110 5815 2355 5875 eamdem
2382 5815 2780 5883 paupertatem,
2814 5796 3185 5876 quantumque
3207 5799 3261 5854 iu
3284 5796 3466 5853 virum

157 5659 230 5714 in
272 5672 342 5711 se
377 5671 472 5726 per
496 5653 899 5726 generationem
940 5660 997 5706 et
1033 5657 1309 5722 aggregat,
1338 5656 1397 5702 ut
1422 5661 1777 5703 occurramus

155 5747 383 5816 singuli
410 5746 463 5801 in
494 5746 671 5802 virum
698 5742 1000 5818 perfectum
1030 5751 1086 5799 et
1112 5741 1503 5815 plenitudinem
1532 5740 1777 5811 corporis

140 5832 313 5911 ejus,
339 5833 569 5913 [ἱρὴ-ω,
584 5835 711 5894 licet
727 5835 970 5893 omnium
981 5833 1361 5890 videaturesse
1376 5830 1519 5907 quod
1537 5832 1611 5888 ait
1631 5850 1643 5884 :
1664 5830 1777 5903 Ego
