4078 6348
593 338 735 396 ωδ

1413 335 1471 390 S.
1511 331 1869 391 PASCHASII
1909 328 2253 386 RADBERTI
2291 327 2583 409 ABBATIS
2615 327 3064 386 CORBEIENSIS

3739 319 3872 379 ιιιι

594 451 918 523 perfectum,
947 447 1052 503 lide
1077 456 1241 517 atque
1259 446 1516 517 operibus
1537 444 1772 502 collecti.
1805 443 1959 500 Unde
2000 440 2182 512 sequi-
2208 442 2260 500 A
2284 437 2457 495 lucem
2485 456 2498 493 :
2527 440 2782 509 quoniam
2825 421 2997 509 magis
3041 451 3163 492 eam
3202 435 3271 492 ad
3318 434 3525 491 luctum
3573 441 3633 488 et
3671 432 3872 487 mesti-

598 552 729 600 tur:
760 540 832 596 In
856 542 1004 612 virga
1030 539 1413 610 indignationis
1443 537 1574 608 ejus.
1606 535 1782 591 Aliam
1816 534 2034 605 quidem
2062 546 2182 587 esse

596 640 729 703 puto
745 631 953 701 virgam
985 628 1189 684 furoris
1202 627 1319 690 Dei,
1351 627 1514 681 aliam
1531 625 1848 681 directionis
1864 625 2096 695 virgam,
2127 630 2182 677 et

590 724 801 795 virgam
824 722 973 794 regni
993 721 1141 791 ejus;
1167 722 1329 776 aliam
1344 735 1473 775 vero
1492 717 1903 789 indignationis,
1925 716 2182 787 quoniam

595 812 703 868 alia
730 820 817 868 est
841 812 932 868 illa
960 810 1135 868 ferrea
1163 810 1474 866 reﬂexibilis
1497 826 1602 880 qua
1630 816 1987 865 conteruntur
2010 806 2178 876 impii.

596 911 854 972 tanquam
882 917 1008 956 vasa
1037 909 1207 955 testea
1252 901 1306 954 in
1346 899 1423 953 ira
1456 897 1656 953 furoris
1680 896 1773 953 Dei
1810 896 1953 952 :alia
1979 910 2085 966 qua
2124 894 2183 949 in

593 995 852 1066 aequitate
898 993 1071 1050 sancti
1120 999 1381 1062 reguntur
1407 991 1576 1069 donec
1602 989 1920 1062 perveniant
1952 987 2021 1042 ad
2062 987 2184 1041 bra-

594 1086 736 1139 sium
769 1099 1009 1153 superna:
1029 1082 1313 1137 vocationis
1343 1076 1565 1151 (Philip.
1590 1080 1708 1151 ut);
1735 1077 1840 1133 alia
1871 1077 1960 1133 illa
1986 1078 2052 1132 de
2075 1092 2183 1146 qua

593 1174 894 1232 Jerusalem
939 1176 1245 1231 Dominus:
1290 1173 1355 1228 In
1379 1158 1772 1243 indignatione,
1816 1172 2024 1241 inquit,
2066 1186 2184 1224 mea

594 1270 827 1341 percussi
855 1278 922 1332 te,
948 1278 996 1323 et
1020 1270 1076 1324 in
1097 1266 1522 1323 reconciliatione
1552 1283 1668 1320 mea
1691 1266 1934 1319 misertus
1954 1280 2071 1318 sum
2105 1263 2183 1316 tui

596 1357 734 1430 (lsa.
766 1360 878 1425 1.x).
914 1357 1029 1415 Sub
1056 1358 1157 1414 hac
1186 1358 1330 1413 enim
1357 1358 1532 1427 virga,
1558 1356 1624 1411 ad
1656 1356 1758 1411 hoc
1786 1354 2018 1425 percutit
2041 1352 2183 1407 Deus

596 1463 658 1506 ut
689 1452 1047 1506 misereatur:
1073 1451 1141 1505 ad
1169 1451 1271 1506 hoc
1306 1449 1556 1503 vulnerat
1588 1456 1647 1503 ut
1670 1457 1844 1503 sanet.
1891 1445 1967 1501 De
1993 1461 2098 1515 qua
2128 1453 2184 1500 et

596 1540 848 1598 Christus
870 1530 1189 1597 vulneratus
1214 1551 1318 1605 est,
1347 1556 1452 1595 non
1479 1539 1624 1610 quod
1652 1539 1707 1594 in
1744 1554 1811 1594 eo
1835 1536 2015 1607 aliqua
2045 1536 2185 1591 indi-

596 1632 875 1703 gnationis
931 1639 1144 1697 essent,
1198 1632 1293 1687 sed
1340 1640 1562 1702 propter
1614 1628 1790 1684 scelus
1842 1626 2024 1699 populi
2076 1625 2184 1681 mei

594 1724 838 1794 percussi
884 1739 1033 1788 eum,
1080 1724 1257 1778 virum
1287 1723 1533 1778 dolorum
1569 1728 1625 1776 et
1651 1721 1908 1776 scientem
1956 1717 2183 1773 infirmi-

2288 533 2439 599 tiam,
2471 548 2632 604 quam
2671 533 2739 588 ad
2770 532 3015 588 laetitiam
3063 539 3119 586 et
3157 529 3409 603 gaudium
3453 526 3694 584 vocavit.
3742 523 3876 582 Hinc

2286 633 2371 682 est
2392 625 2534 696 quod
2562 624 2812 696 sequitur
2842 640 2857 677 :
3032 650 3069 692 ο

2979 771 3169 813 Αιερπ.

2360 894 2586 951 Tantum
2614 896 2670 950 in
2695 912 2777 950 me
2803 895 2956 950 vertit
2985 904 3034 949 et
3057 894 3306 949 convertit
3341 907 3561 946 manum
3585 905 3746 946 suam
3774 896 3877 942 tota

2284 989 2388 1045 die.
2421 989 2551 1058 Quae
2579 988 2833 1044 nimirum
2864 1003 2966 1043 vox
2991 1003 3144 1057 aeque
3171 987 3239 1041 ad
3266 993 3431 1057 caput
3457 992 3515 1039 et
3535 984 3607 1038 ad
3636 982 3879 1038 membra

2286 1081 2556 1139 refertur:
2587 1081 2844 1151 quoniam
2872 1082 2964 1151 qui
2993 1080 3179 1135 volunt
3216 1078 3306 1150 pie
3336 1080 3523 1133 vivere
3552 1076 3609 1130 in
3636 1073 3879 1137 Christo,

2285 1188 2475 1228 omnes
2502 1173 2933 1243 persecutionem
2985 1172 3285 1242 patiuntur,
3313 1180 3370 1225 et
3399 1168 3522 1224 ideo
3559 1167 3737 1222 totius
3765 1180 3881 1221 cor-

2285 1264 2434 1337 poris
2457 1280 2561 1318 vox
2587 1273 2673 1319 est
2702 1282 2716 1319 :
2755 1262 2981 1318 Tantum
3018 1265 3073 1317 in
3109 1280 3192 1318 me
3220 1262 3373 1317 vertit
3402 1271 3451 1316 et
3473 1259 3736 1315 convertit
3770 1274 3880 1313 nta-

2286 1370 2412 1409 num
2440 1371 2626 1419 suam;
2653 1354 2779 1424 quia
2802 1369 2939 1425 quos
2963 1354 3247 1425 disciplina
3290 1352 3413 1408 fidei
3443 1367 3552 1407 non
3587 1349 3882 1413 convertit,

2284 1444 2455 1501 libere
2484 1444 2635 1501 abire
2662 1445 2927 1516 permisit,
2958 1455 3016 1501 et
3040 1458 3484 1516 unumquemque
3518 1441 3744 1514 ingredi
3767 1441 3883 1496 vias

2286 1553 2432 1594 suas.
2462 1537 2761 1593 Ecclesiam
2792 1553 2941 1604 vero,
2970 1553 3132 1609 quam
3163 1539 3230 1594 de
3254 1535 3457 1592 ludatis
3485 1544 3585 1590 aut
3613 1535 3684 1589 de
3715 1534 3887 1605 genti-

2285 1630 2389 1686 bus
2422 1631 2671 1694 vocavit,
2700 1629 2884 1685 multis
2920 1628 3327 1700 disciplinarum
3370 1626 3562 1696 aﬂligit
3588 1625 3886 1697 angoribus

2286 1730 2342 1776 et
2367 1721 2565 1777 erudit.
2602 1721 2740 1777 Hinc
2766 1721 3017 1790 estquod
3047 1721 3161 1775 ait:
3196 1719 3425 1775 Tantum
3453 1719 3508 1772 in
3537 1733 3625 1772 me
3655 1717 3811 1770 vertit
3839 1726 3885 1771 et

597 1824 761 1870 tatem
791 1814 928 1888 (lsa.
957 1816 1095 1884 mu).
1133 1814 1247 1870 Hoc
1276 1824 1358 1869 cst
1385 1814 1529 1884 quod
1556 1813 1723 1868 dicit:
1749 1809 1862 1883 Ego
1890 1811 1967 1865 vir
2005 1810 2182 1865 ridens
2209 1801 2260 1863 B
2286 1813 2538 1867 convertit
2569 1829 2784 1867 manum
2812 1801 2985 1867 suam.
3033 1812 3209 1869 Vertit
3253 1810 3474 1881 quidem
3509 1811 3582 1864 ad
3614 1809 3887 1879 castigan-

594 1918 960 1978 paupertatent
992 1924 1162 1961 meam
1202 1907 1257 1961 in
1286 1907 1429 1977 virga
1469 1906 1848 1976 indignationis
1871 1904 2006 1974 ejus.
2045 1901 2185 1969 Quia

599 2001 665 2061 ιι)
693 2000 1120 2072 indignationem
1152 1998 1417 2055 scelerum
1449 2006 1783 2061 nostrorum,
1810 2004 2184 2067 paupertatem

592 2091 862 2161 passionis
897 2093 1176 2156 sustinuit,
1221 2100 1279 2145 ut
1311 2090 1480 2146 livore
1516 2089 1635 2160 ejus
1667 2103 1857 2144 omnes
1903 2103 2180 2143 sanemur.

594 2181 761 2251 Cujus
791 2198 922 2237 sane
949 2182 1291 2254 paupertatis
1335 2182 1675 2253 mysterium,
1719 2181 1928 2247 nescio,
1972 2181 2019 2235 si
2060 2195 2181 2236 san-

594 2284 805 2330 etorum
850 2276 921 2330 sit
966 2275 1058 2346 qui
1110 2276 1289 2329 videat
1335 2275 1402 2329 ad
1448 2275 1686 2344 plenum,
1720 2282 1925 2344 quanta
1970 2273 2183 2328 bonitas

591 2366 711 2431 Dei,
740 2375 939 2437 quanta
973 2365 1192 2421 dilectio
1227 2383 1389 2435 super
1417 2365 1555 2421 ﬁlios
1586 2366 1702 2432 iraa,
1740 2374 2054 2436 quantaque
2082 2366 2183 2421 mi-

596 2458 888 2513 sericordia
933 2457 987 2512 in
1040 2458 1181 2513 tilios
1229 2458 1688 2514 reconciliationis
1726 2473 1785 2513 se
1819 2457 2096 2522 infuderit,
2128 2465 2184 2514 et

595 2549 718 2605 ideo
751 2549 907 2620 quasi
947 2549 1116 2605 solius
1144 2565 1246 2603 vox
1277 2558 1361 2605 est
1386 2550 1502 2617 ejus
1525 2565 1647 2604 cum
1675 2549 1807 2605 dicit
1831 2567 1845 2604 :
1870 2549 1984 2620 Ego
2010 2550 2088 2603 vir
2108 2549 2183 2603 vi-

590 2639 718 2693 dens
742 2648 1105 2710 paupertatem
1135 2656 1326 2694 meam.
1360 2637 1521 2695 Videt
1544 2640 1688 2694 enim
1712 2655 1867 2695 suam
1898 2640 1951 2694 in
1985 2655 2045 2695 se
2080 2639 2182 2693 mi-

590 2747 708 2786 ram
748 2740 803 2788 et
837 2731 1189 2797 ineﬂabilem,
1219 2733 1365 2787 videt
1394 2732 1759 2787 membrorum
1796 2747 2015 2787 suorum
2047 2747 2181 2802 pau-

592 2832 885 2893 pertatem,
902 2839 1065 2895 quam
1087 2834 1141 2879 et
1157 2824 1256 2896 ipsi
1279 2824 1713 2895 complectuntur
1732 2840 1827 2896 spe
1845 2826 2142 2896 gaudentes
2160 2842 2174 2880 :

592 2911 723 2967 facti
755 2913 1057 2969 imitatores
1101 2914 1289 2987 ipsius,
1318 2914 1554 2970 scientes
1584 2915 1726 2984 quod
1761 2915 2019 2985 patientia
2046 2931 2178 2986 pau-

591 3016 780 3070 perum
832 3017 939 3057 non
970 3002 1166 3073 peribit
1210 3002 1264 3056 in
1308 3002 1468 3059 linem
1500 3004 1673 3075 (Psal.
1710 3008 1805 3075 ix).
1849 3004 2002 3061 Unde
2030 3017 2178 3061 recte

590 3111 701 3151 una
731 3111 833 3151 vox
863 3106 950 3153 est
974 3100 1172 3168 capitis
1194 3114 1259 3155 ac
1279 3100 1527 3170 corporis
1553 3117 1566 3154 :
1594 3098 1707 3170 Ego
1738 3100 1815 3154 vir
1842 3099 2022 3154 uidens
2042 3114 2176 3169 pau-

592 3197 846 3250 pertatem
864 3206 1032 3245 meam
1055 3192 1107 3245 in
1133 3192 1278 3260 virga
1301 3191 1681 3261 indignationis
1702 3193 1838 3260 ejus.
1858 3186 1993 3258 Quia
2020 3190 2179 3245 casti-
2203 3158 2249 3222 C

591 3285 681 3344 gat
703 3276 844 3333 Deus
870 3296 1074 3335 omnem
1106 3280 1279 3350 ﬁlium
1311 3299 1464 3353 quem
1504 3282 1719 3354 recipit,
1763 3291 1817 3336 et
1847 3280 2078 3353 ﬂagellat
2108 3281 2178 3337 ad

591 3368 759 3424 vitam
786 3385 925 3441 quos
949 3373 1129 3427 erudit
1172 3372 1360 3443 (Hebr.
1392 3375 1512 3443 xu).
1548 3375 1680 3431 Nam
1711 3376 1977 3447 prolepsis
2005 3384 2091 3432 est
2119 3374 2177 3431 in

593 3463 695 3518 hoc
731 3462 870 3531 loco,
899 3466 950 3519 id
981 3475 1067 3521 est
1092 3468 1439 3538 praesumptio
1465 3484 1646 3523 rerum
1685 3477 2082 3535 secuturarum,
2110 3484 2177 3524 eo

589 3554 732 3622 quod
764 3555 817 3609 in
847 3557 1113 3626 principio
1141 3557 1301 3627 hujus
1326 3559 1743 3625 lamentationis
1768 3560 1847 3616 sic
1875 3559 1992 3629 ejus
2021 3560 2173 3626 dicit,

588 3644 743 3712 quasi
780 3643 945 3702 fuerit
971 3649 1309 3717 praemissum
1337 3649 1492 3720 cujus
1528 3650 1643 3706 vice
1673 3650 1943 3706 sustinere
1977 3650 2177 3705 debue-

588 3735 696 3789 rit:
722 3737 849 3808 quia
886 3740 1139 3795 omnibus
1170 3741 1429 3797 membris
1459 3751 1648 3798 notum
1693 3757 1816 3798 esse
1845 3758 1954 3797 non
1997 3741 2173 3798 ambi-

587 3826 683 3899 git,
725 3830 870 3899 quod
899 3829 1062 3888 Pater
1087 3831 1283 3888 Filium
1320 3835 1593 3905 passionis
1630 3834 1780 3906 virga
1817 3835 2169 3906 percusserit.

589 3919 741 3978 Unde
780 3936 886 3976 non
924 3923 1158 3990 mirum,
1189 3925 1233 3981 si
1268 3934 1324 3981 et
1358 3927 1475 3997 ipsa
1513 3927 1753 3982 membra
1793 3924 1944 3996 ejus,
1982 3927 2174 3983 eadem

586 4014 925 4082 pcreutimur
980 4016 1129 4088 virga
1180 4017 1601 4090 indignationis,
1658 4019 1725 4075 ad
1758 4020 2174 4089 correctionem

582 4112 854 4171 perpetua:
893 4106 1170 4187 sanitatis,
1203 4109 1366 4177 utgsit
1398 4110 1640 4165 omnium
1677 4126 1781 4166 vox
1818 4126 1958 4168 unus
1985 4112 2039 4166 in
2068 4111 2173 4168 hac

585 4193 725 4250 valle
755 4195 1116 4269 lacrymarum
1162 4202 1397 4273 gemitus
1420 4210 1476 4258 et
1502 4201 1765 4273 ploratus.
1789 4203 1929 4259 Hinc
1954 4218 2174 4275 quoque

582 4289 829 4359 sequitur
849 4310 862 4345 :

1272 4382 1464 4424 Αιερη.

602 4438 607 4441 -
656 4473 743 4530 Me
776 4478 1015 4543 minavit,
1038 4487 1087 4533 et
1110 4478 1333 4533 adduxit
1363 4480 1419 4534 in
1446 4480 1708 4547 tenebras,
1741 4490 1790 4535 et
1820 4479 2029 4554 1411
2062 4438 2167 4538 non

2289 1908 2416 1963 dum
2467 1923 2685 1965 manum
2740 1924 2893 1965 suam
2940 1906 3029 1978 (II
3057 1906 3192 1961 Tim.
3245 1905 3329 1976 ιιι)
3359 1923 3372 1959 :
3401 1906 3531 1975 quia
3560 1902 3797 1974 ﬂagellat
3829 1911 3887 1958 et

2289 2000 2517 2071 corripit
2563 2017 2767 2056 omnem
2808 2001 2981 2071 ﬁlium
3006 2017 3158 2072 quem
3208 1999 3391 2070 recipit
3441 1996 3635 2068 (Hebr.
3669 1997 3785 2067 xu),
3825 2003 3882 2050 et

2288 2093 2556 2148 convertit
2578 2092 2892 2159 clementer,
2933 2100 2993 2147 ut
3021 2092 3349 2147 misereatur
3391 2088 3509 2158 ejus
3532 2130 3550 2153 ,
3588 2103 3758 2159 quam
3792 2102 3886 2157 pa-

2289 2191 2445 2238 terno
2474 2182 2669 2238 all'ectu
2698 2193 3022 2256 coangustat
3051 2183 3240 2238 multis
3284 2181 3707 2237 tribulationum
3742 2192 3886 2250 ιιι-εει

2288 2276 2447 2331 suris.
2509 2275 2839 2333 Convertere
2908 2292 3143 2347 namque
3197 2277 3264 2332 de
3307 2284 3542 2345 utroque
3595 2274 3882 2344 accipitur,

2285 2369 2501 2438 quando
2535 2384 2754 2423 manum
2797 2370 2864 2424 ad
2894 2368 3194 2425 leriendum
3233 2368 3499 2430 extendit,
3532 2366 3620 2421 vel
3662 2364 3879 2437 quando

2285 2460 2355 2515 ad
2385 2459 2776 2527 defensionem,
2812 2463 2897 2518 vel
2927 2463 3425 2518 remunerationem
3457 2460 3772 2516 clementer
3802 2459 3881 2512 ad-

2286 2550 2472 2605 mittit.
2500 2548 2679 2606 Vertit
2702 2552 2845 2607 euitu
2876 2550 3266 2608 Deusvmanum
3304 2566 3459 2607 suam
3486 2558 3603 2606 tota
3629 2550 3745 2615 die,
3774 2557 3883 2603 tan-

2286 2653 2400 2699 tum
2427 2654 2485 2700 ut
2514 2660 2677 2715 supra
2703 2643 2947 2700 membra
2975 2644 3093 2715 ejus
3120 2660 3241 2716 qua:
3265 2643 3599 2713 colliguntur
3628 2643 3686 2697 iu
3713 2641 3882 2695 virum

2283 2736 2609 2806 perfectum,
2630 2744 2687 2790 et
2722 2747 3031 2791 mensuram
3055 2735 3407 2806 plenitudinis
3428 2734 3637 2789 Christi
3664 2732 3881 2804 (Ephes.

2284 2827 2383 2899 tv),
2412 2834 2471 2882 ut
2494 2842 2558 2882 ea
2582 2826 2883 2893 excruciet,
2914 2826 3189 2890 emendet,
3212 2834 3268 2881 et
3296 2825 3538 2895 corrigat
3562 2825 3884 2895 impraesen-

2284 2920 2483 2975 tiarum
2531 2920 2657 2974 dum
2701 2919 2923 2985 vivitur,
2967 2926 3024 2974 et
3066 2918 3337 2973 convertit
3377 2916 3691 2989 parcendo,
3727 2916 3883 2969 auxi-

2281 3010 2465 3066 liaudo
2512 3010 2565 3065 in
2609 3008 2812 3076 futuro,
2849 3018 2911 3064 ut
2940 3009 3279 3065 misereatur.
3312 3008 3585 3064 Caeterum
3630 3008 3690 3062 hi
3740 3006 3885 3061 nullo

2283 3102 2377 3158 Dei
2427 3110 2720 3171 tanguntur
2764 3101 2993 3158 verbere
3022 3141 3038 3166 ,
3088 3100 3287 3171 quibus
3335 3115 3439 3154 non
3493 3109 3574 3153 est
3619 3109 3883 3168 respectus

2280 3193 2435 3248 morti
2478 3208 2656 3247 eorum
2679 3190 2854 3264 (Psal.
2881 3192 3075 3259 Lxxu).
3121 3191 3180 3245 In
3224 3190 3407 3246 labore
3451 3190 3744 3246 hominum
3776 3203 3883 3242 non

2279 3295 2427 3352 sunt,
2458 3294 2516 3340 et
2542 3300 2664 3341 cum
2691 3285 2998 3340 hominibus
3020 3298 3126 3339 non
3156 3280 3598 3355 ﬂagellabuntur.
3637 3281 3769 3336 Ideo
3800 3289 3880 3334 te-

2280 3379 2399 3433 nuit
2424 3393 2518 3433 eos
2543 3376 2812 3449 superbia,
2843 3376 3017 3447 operti
3046 3387 3172 3431 sunt
3195 3376 3481 3447 iniquitate
3511 3384 3570 3431 et
3597 3375 3881 3444 impietate

2284 3468 2496 3542 1412
2526 3484 2647 3534 sna,
2676 3483 2771 3523 seu
2802 3476 3000 3524 cetera
3027 3484 3148 3539 qua:
3174 3476 3495 3537 sequuntur.
3554 3465 3716 3532 Quod
3742 3467 3877 3520 bene

2280 3558 2347 3613 de
2379 3557 2577 3629 templo
2607 3557 2914 3614 Salomonis
2941 3557 3143 3613 dicitur
3187 3572 3311 3613 cum
3357 3554 3732 3611 aediﬁcaretur
3757 3552 3877 3625 (III

2278 3647 2404 3721 Reg.
2434 3649 2510 3721 vt)
2536 3668 2549 3704 :
2594 3648 2709 3705 Non
2737 3658 2823 3705 est
2870 3649 3089 3704 auditus
3124 3648 3179 3703 iu
3207 3663 3274 3703 eo
3302 3645 3534 3702 malleus
3562 3655 3619 3701 et
3645 3645 3872 3712 securis,

2278 3740 2406 3811 quia
2430 3741 2610 3796 omnia
2639 3739 2721 3796 sic
2740 3747 2932 3811 parata
2958 3747 3099 3813 sunt
3124 3738 3365 3794 exterius
3393 3747 3450 3793 et
3486 3737 3874 3808 compaginata

2279 3833 2392 3888 suis
2434 3831 2911 3904 percussionibus,
2961 3841 3023 3886 ut
3068 3831 3279 3900 singula
3328 3829 3513 3885 dolata
3569 3829 3678 3886 suis
3727 3830 3871 3884 bene

2278 3934 2666 3997 cooptarentur
2696 3924 3077 3994 iuncturarum
3120 3924 3272 3981 locis.
3304 3922 3373 3980 Et
3405 3925 3513 3980 hoc
3547 3936 3637 3981 est
3668 3925 3874 3990 dicere,

2276 4016 2424 4070 uertit
2456 4033 2669 4071 manum
2702 4033 2854 4071 suam
2878 4017 3062 4071 omnia
3089 4016 3348 4082 limando,
3379 4016 3666 4082 credendo,
3697 4032 3763 4071 ac
3794 4015 3874 4071 fe-

2276 4107 2491 4171 riendo.
2524 4108 2603 4164 sic
2629 4109 2949 4179 producere,
2978 4117 3039 4163 ut
3067 4108 3277 4179 possint
3310 4108 3365 4163 in
3413 4117 3699 4164 structura
3742 4123 3877 4164 con-

2275 4199 2482 4263 venire,
2510 4206 2565 4253 et
2592 4202 2858 4253 convertit
2887 4198 2956 4253 ab
2981 4198 3064 4253 his
3098 4199 3364 4254 cessando
3386 4214 3511 4254 cum
3538 4198 3874 4271 justiﬁcatos

2276 4290 2390 4346 suis
2420 4290 2687 4345 instaurat
2712 4289 2861 4353 locis,
2887 4298 2943 4345 et
2967 4298 3187 4360 coaptat
3216 4289 3595 4345 mansionibus
3619 4305 3652 4343 a
3675 4287 3876 4344 saeculo

2275 4381 2594 4452 praeparatis
2641 4380 2856 4453 (Matth.
2885 4382 2961 4452 γ).
3024 4381 3267 4449 Quorum
3314 4381 3502 4450 itaque
3552 4388 3876 4436 sanctorum

2274 4479 2545 4528 structura
2574 4489 2678 4528 una
2706 4481 2809 4539 est,
2833 4488 2941 4527 una
2966 4482 3021 4528 et
3048 4487 3310 4544 compago
3336 4471 3739 4536 membrorum,
3766 4485 3877 4525 una

579 4564 637 4620 in
674 4564 861 4621 lucem.
899 4566 1127 4636 Quando
1144 4558 1327 4624 'voluit
1352 4586 1475 4625 eum
1520 4546 1805 4629 conterere
1931 4546 2166 4629 ἧιῆι-ιηί-
2187 4546 2248 4611 Ἡ
2271 4578 2397 4631 vox,
2430 4580 2677 4634 unusque
2710 4563 2974 4633 ploratus.
3013 4562 3083 4618 Et
3112 4564 3232 4619 ideo
3259 4562 3463 4619 Christi
3498 4562 3768 4618 Ecclesia
3793 4562 3876 4617 sic

580 4665 721 4723 tate,
760 4657 917 4729 juxta
950 4660 1140 4716 Isaiam
1169 4663 1534 4733 prophetam:
1576 4666 1702 4735 quia
1751 4675 2036 4737 reputatus
2083 4675 2170 4724 est

580 4751 735 4818 quasi
773 4750 1037 4821 leprosus,
1065 4762 1120 4808 et
1148 4769 1439 4823 percussus
1477 4772 1507 4810 a
1560 4757 1672 4812 Deo
1718 4768 1882 4828 atque
1916 4759 2170 4815 humilia-

577 4849 666 4897 tus
689 4840 824 4914 (lsa.
852 4844 995 4916 LIII),
1027 4852 1156 4901 tunc
1191 4846 1380 4916 utique
1402 4848 1556 4919 quasi
1592 4848 1857 4905 adductus
1888 4860 1974 4907 est
2000 4851 2055 4906 in
2086 4859 2184 4924 tes

574 4930 796 4997 nebras,
821 4941 876 4988 et
906 4950 1013 4990 non
1060 4935 1114 4989 in
1143 4934 1339 4999 lucem,
1365 4945 1421 4991 et
1456 4939 1695 4995 tenebrat
1726 4955 1851 4996 eum
1880 4956 1987 4996 non
2012 4957 2186 5015 com-g

575 5024 1002 5095 prehenderunt.
1045 5025 1185 5094 Quid
1230 5035 1411 5082 autem
1457 5028 1554 5095 ait,
1596 5031 1722 5100 quia
1768 5032 1987 5086 minavit
2016 5047 2164 5100 eum,

576 5129 683 5169 non
715 5116 887 5170 solum
929 5117 994 5170 ad
1030 5132 1155 5172 eum
1191 5118 1413 5189 respicit
1443 5118 1625 5188 (loan.
1652 5121 1715 5192 ι),
1747 5135 1907 5191 quem
1941 5125 2168 5180 terrori-

574 5205 675 5261 bus
698 5207 878 5262 saaculi
909 5216 964 5261 et
986 5208 1327 5279 passionihus
1346 5207 1506 5264 Pater
1536 5211 1773 5277 tradidit,
1800 5228 1987 5267 verum
2014 5222 2069 5268 et
2097 5213 2167 5270 ad

573 5315 791 5355 omnem
816 5301 1139 5368 Ecclesium,
1163 5318 1324 5372 quam
1349 5303 1638 5360 sibimiuis
1660 5306 1887 5375 subjecit
1909 5315 1966 5361 et
1987 5316 2166 5364 terro-

576 5389 750 5457 ribus,
781 5401 828 5445 et
853 5392 1076 5447 adduxit
1110 5411 1213 5448 non
1255 5395 1310 5448 in
1345 5394 1513 5449 lucem
1544 5395 1703 5464 hujus
1730 5398 1856 5452 vitae
1880 5400 2157 5469 prosperi-

574 5481 726 5546 tatis,
761 5482 855 5538 sed
888 5484 943 5538 in
980 5485 1217 5540 tenebras
1255 5488 1629 5559 angustiarum
1673 5504 2160 5562 pressurarumque

576 5570 915 5631 amictiones.
947 5574 1127 5648 .Cujus
1151 5578 1334 5649 itaque
1367 5595 1468 5635 vox
1517 5588 1600 5636 est
1628 5597 1709 5635 me
1735 5583 1986 5649 minavit,
2030 5584 2161 5654 quia

575 5662 762 5719 multis
802 5679 923 5719 eam
967 5666 1267 5737 disciplinis
1317 5670 1497 5725 erudit
1541 5681 1702 5742 atque
1749 5673 2015 5742 provehit.
2049 5672 2158 5730 Ve-

569 5758 877 5811 rumtamen
934 5756 1421 5827 impraesentiarum
1467 5760 1519 5815 in
1570 5763 1823 5819 tenebras
1868 5772 1923 5819 et
1961 5765 2154 5821 nonin

2272 4661 2558 4723 coaptatur
2599 4670 2819 4725 corpus,
2845 4664 2904 4709 ut
2930 4670 3070 4709 unus
3102 4655 3175 4710 sit
3204 4655 3416 4726 integer
3438 4653 3723 4709 Christus.
3754 4652 3872 4707 Hoc

2270 4745 2461 4801 raliter
2488 4754 2692 4812 autem,
2725 4746 2949 4816 spiritus
2976 4747 3067 4817 qui
3094 4756 3179 4801 est
3216 4747 3269 4801 in
3302 4744 3527 4800 homine
3561 4746 3739 4811 solus,
3769 4746 3875 4801 scit

2268 4852 2391 4907 qua:
2416 4845 2543 4891 sunt
2588 4836 2843 4902 hominis,
2873 4846 2928 4892 et
2968 4836 3091 4892 ideo
3138 4836 3351 4906 quoties
3393 4836 3582 4891 divino
3626 4837 3875 4907 tangitur

2269 4929 2462 5001 spiritu
2500 4938 2874 5002 paupertatem
2919 4946 3072 4987 suam
3111 4929 3441 5001 intelligens,
3488 4945 3624 4986 mox
3654 4929 3874 4986 ﬂetibus

2269 5022 2494 5080 affectus
2528 5024 2713 5096 gemit,
2745 5024 2969 5081 dicens:
3012 5024 3125 5097 Ego
3157 5026 3237 5080 vir
3276 5026 3458 5081 videns
3499 5038 3874 5099 paupertatem

2270 5135 2443 5174 meam
2468 5120 2521 5174 in
2550 5120 2697 5189 virga
2723 5119 3102 5191 indignationis
3126 5121 3241 5190 eius
3257 5139 3275 5187 ;
3310 5123 3438 5193 quia
3468 5137 3595 5177 cum
3628 5124 3727 5179 Dei
3752 5138 3875 5178 ver-

2269 5211 2493 5267 beratur
2514 5210 2725 5283 ﬂagello
2755 5220 2815 5266 ut
2838 5209 3103 5268 alliciatur
3136 5213 3190 5268 in
3227 5213 3395 5276 luctu,
3423 5216 3610 5270 subito
3640 5216 3780 5270 nihil
3818 5215 3874 5270 in

2272 5318 2330 5360 se
2361 5303 2690 5359 remansisse
2714 5303 2911 5358 virium
2954 5306 3256 5375 cognoscit,
3283 5306 3413 5361 dum
3438 5305 3587 5360 nulla
3630 5316 3724 5362 est
3756 5308 3873 5362 vir-

2269 5396 2403 5451 tutis
2440 5396 2709 5466 operatio,
2746 5395 2811 5450 de
2844 5411 2950 5466 qua
2993 5397 3244 5452 videatur
3285 5412 3645 5468 praesumere.
3699 5397 3876 5455 Nemo

2266 5489 2433 5561 igitur
2475 5497 2789 5545 sanctorum
2820 5489 2959 5545 bene
2996 5490 3263 5561 gloriatur
3297 5505 3355 5545 se
3392 5500 3606 5545 castqu
3654 5508 3757 5547 eor
3781 5493 3875 5547 ιη.

2265 5583 2416 5649 bere,
2443 5582 2564 5638 ideo
2591 5581 2869 5639 humiliter
2896 5599 3019 5639 cum
3041 5582 3258 5639 ﬂetibus
3283 5584 3617 5641 confitetur:
3650 5584 3770 5656 Ego
3796 5587 3877 5640 rir

2266 5674 2449 5729 videns
2474 5686 2835 5746 paupertatem
2862 5693 3065 5742 meam;
3106 5676 3235 5746 quia
3264 5677 3330 5732 de
3364 5690 3422 5731 se
3451 5675 3507 5731 in
3538 5675 3698 5732 nullo
3727 5691 3873 5748 pra-

2270 5766 2458 5831 sumit,
2491 5769 2725 5823 maxime
2762 5785 2884 5824 cum
2916 5768 3064 5839 virga
3102 5766 3490 5839 indignationis
3524 5765 3629 5822 Dei
3661 5766 3873 5823 intrin-
