  <div class='ocr_page' id='page_1' title='image "/cluster/home/n/w/nwhite01/storage/ocr_20150623/120/hvd.32044015466923/578.png"; bbox 0 0 4078 6348; ppageno 0'>
   <div class='ocr_carea' id='block_1_1' title="bbox 206 243 3506 343">
    <p class='ocr_par' dir='ltr' id='par_1_1' title="bbox 206 243 3506 343">
     <span class='ocr_line' id='line_1_1' title="bbox 206 243 3506 343; baseline -0.002 -33"><span class='ocrx_word' id='word_1_1' title='bbox 206 253 349 343; x_wconf 54' lang='grc' dir='ltr'>11η</span> <span class='ocrx_word' id='word_1_2' title='bbox 918 248 1283 309; x_wconf 79' lang='lat' dir='ltr'><strong>EXl’OSlTlO</strong></span> <span class='ocrx_word' id='word_1_3' title='bbox 1322 246 1391 306; x_wconf 86' lang='lat' dir='ltr'><strong>IN</strong></span> <span class='ocrx_word' id='word_1_4' title='bbox 1427 245 2013 306; x_wconf 77' lang='lat' dir='ltr'><strong>LAMENTATIONES</strong></span> <span class='ocrx_word' id='word_1_5' title='bbox 2051 243 2390 304; x_wconf 75' lang='lat' dir='ltr'><strong>JEBEMUE.</strong></span> <span class='ocrx_word' id='word_1_6' title='bbox 2418 277 2490 289; x_wconf 88' lang='lat'>—</span> <span class='ocrx_word' id='word_1_7' title='bbox 2514 246 2643 304; x_wconf 84' lang='lat' dir='ltr'><strong>LIB.</strong></span> <span class='ocrx_word' id='word_1_8' title='bbox 2680 247 2766 304; x_wconf 90' lang='lat' dir='ltr'><strong>lll.</strong></span> <span class='ocrx_word' id='word_1_9' title='bbox 3343 246 3506 331; x_wconf 21' lang='lat' dir='ltr'><strong>HLO&quot;</strong></span> 
     </span>
    </p>
   </div>
   <div class='ocr_carea' id='block_1_2' title="bbox 203 351 3495 440">
    <p class='ocr_par' dir='ltr' id='par_1_2' title="bbox 203 351 3495 440">
     <span class='ocr_line' id='line_1_2' title="bbox 203 351 3495 440; baseline -0.003 -10"><span class='ocrx_word' id='word_1_10' title='bbox 203 386 366 430; x_wconf 78' lang='lat' dir='ltr'><strong>aecus</strong></span> <span class='ocrx_word' id='word_1_11' title='bbox 398 368 470 427; x_wconf 87' lang='lat' dir='ltr'><strong>ad</strong></span> <span class='ocrx_word' id='word_1_12' title='bbox 493 365 892 440; x_wconf 85' lang='lat' dir='ltr'><strong>correptionem</strong></span> <span class='ocrx_word' id='word_1_13' title='bbox 916 369 1233 440; x_wconf 86' lang='lat' dir='ltr'><strong>castigatur.</strong></span> <span class='ocrx_word' id='word_1_14' title='bbox 1261 366 1417 424; x_wconf 86' lang='lat' dir='ltr'><strong>Unde</strong></span> <span class='ocrx_word' id='word_1_15' title='bbox 1446 366 1554 423; x_wconf 89' lang='lat' dir='ltr'><strong>ait:</strong></span> <span class='ocrx_word' id='word_1_16' title='bbox 1579 362 1667 419; x_wconf 80' lang='lat' dir='ltr'><strong>Me</strong></span> <span class='ocrx_word' id='word_1_17' title='bbox 1687 364 1791 418; x_wconf 92' lang='lat' dir='ltr'><strong>mi-</strong></span> <span class='ocrx_word' id='word_1_18' title='bbox 1819 352 1874 428; x_wconf 73' lang='grc' dir='ltr'><strong>Α</strong></span> <span class='ocrx_word' id='word_1_19' title='bbox 1897 380 2036 419; x_wconf 87' lang='lat' dir='ltr'><strong>meos</strong></span> <span class='ocrx_word' id='word_1_20' title='bbox 2060 361 2243 434; x_wconf 91' lang='lat' dir='ltr'><strong>(Psal.</strong></span> <span class='ocrx_word' id='word_1_21' title='bbox 2270 362 2377 435; x_wconf 74' lang='grc' dir='ltr'><strong>γι).</strong></span> <span class='ocrx_word' id='word_1_22' title='bbox 2414 362 2586 419; x_wconf 83' lang='lat' dir='ltr'><strong>liabet</strong></span> <span class='ocrx_word' id='word_1_23' title='bbox 2639 362 2807 435; x_wconf 78' lang='lat' dir='ltr'><strong>igitur</strong></span> <span class='ocrx_word' id='word_1_24' title='bbox 2848 360 2935 417; x_wconf 90' lang='lat' dir='ltr'><strong>vir</strong></span> <span class='ocrx_word' id='word_1_25' title='bbox 2987 362 3109 429; x_wconf 88' lang='lat' dir='ltr'><strong>iste,</strong></span> <span class='ocrx_word' id='word_1_26' title='bbox 3140 363 3320 420; x_wconf 74' lang='lat' dir='ltr'><strong>ridens</strong></span> <span class='ocrx_word' id='word_1_27' title='bbox 3358 351 3495 437; x_wconf 70' lang='lat' dir='ltr'><strong>pau-</strong></span> 
     </span>
    </p>
   </div>
   <div class='ocr_carea' id='block_1_3' title="bbox 204 455 3497 527">
    <p class='ocr_par' dir='ltr' id='par_1_3' title="bbox 204 455 3497 527">
     <span class='ocr_line' id='line_1_3' title="bbox 204 455 3497 527; baseline -0.002 -6"><span class='ocrx_word' id='word_1_28' title='bbox 204 463 365 527; x_wconf 73' lang='lat' dir='ltr'><strong>navit,</strong></span> <span class='ocrx_word' id='word_1_29' title='bbox 391 472 440 518; x_wconf 84' lang='lat' dir='ltr'><strong>et</strong></span> <span class='ocrx_word' id='word_1_30' title='bbox 468 462 695 517; x_wconf 73' lang='lat' dir='ltr'><strong>adduxit</strong></span> <span class='ocrx_word' id='word_1_31' title='bbox 732 462 790 515; x_wconf 85' lang='lat' dir='ltr'><strong>in</strong></span> <span class='ocrx_word' id='word_1_32' title='bbox 816 460 1079 527; x_wconf 75' lang='lat' dir='ltr'><strong>tenebras,</strong></span> <span class='ocrx_word' id='word_1_33' title='bbox 1114 471 1164 517; x_wconf 88' lang='lat' dir='ltr'><strong>et</strong></span> <span class='ocrx_word' id='word_1_34' title='bbox 1189 477 1293 516; x_wconf 89' lang='lat' dir='ltr'><strong>non</strong></span> <span class='ocrx_word' id='word_1_35' title='bbox 1327 460 1383 515; x_wconf 88' lang='lat' dir='ltr'><strong>in</strong></span> <span class='ocrx_word' id='word_1_36' title='bbox 1409 460 1595 527; x_wconf 75' lang='lat' dir='ltr'><strong>lucem.</strong></span> <span class='ocrx_word' id='word_1_37' title='bbox 1658 456 1794 513; x_wconf 84' lang='lat' dir='ltr'><strong>Pro-</strong></span> <span class='ocrx_word' id='word_1_38' title='bbox 1896 464 2147 527; x_wconf 85' lang='lat' dir='ltr'><strong>pertatem</strong></span> <span class='ocrx_word' id='word_1_39' title='bbox 2168 472 2342 523; x_wconf 85' lang='lat' dir='ltr'><strong>suam,</strong></span> <span class='ocrx_word' id='word_1_40' title='bbox 2365 455 2555 527; x_wconf 88' lang='lat' dir='ltr'><strong>pellem</strong></span> <span class='ocrx_word' id='word_1_41' title='bbox 2580 466 2635 512; x_wconf 89' lang='lat' dir='ltr'><strong>et</strong></span> <span class='ocrx_word' id='word_1_42' title='bbox 2662 470 2885 512; x_wconf 89' lang='lat' dir='ltr'><strong>carnem</strong></span> <span class='ocrx_word' id='word_1_43' title='bbox 2915 464 3219 524; x_wconf 91' lang='lat' dir='ltr'><strong>vetustam;</strong></span> <span class='ocrx_word' id='word_1_44' title='bbox 3248 457 3415 515; x_wconf 83' lang='lat' dir='ltr'><strong>habet</strong></span> <span class='ocrx_word' id='word_1_45' title='bbox 3437 466 3497 515; x_wconf 88' lang='lat' dir='ltr'><strong>et</strong></span> 
     </span>
    </p>
   </div>
   <div class='ocr_carea' id='block_1_4' title="bbox 203 549 3494 626">
    <p class='ocr_par' dir='ltr' id='par_1_4' title="bbox 203 549 3494 626">
     <span class='ocr_line' id='line_1_4' title="bbox 203 549 3494 626; baseline -0.002 -12"><span class='ocrx_word' id='word_1_46' title='bbox 203 554 352 613; x_wconf 70' lang='lat' dir='ltr'><strong>lecto</strong></span> <span class='ocrx_word' id='word_1_47' title='bbox 380 554 509 626; x_wconf 84' lang='lat' dir='ltr'><strong>quia</strong></span> <span class='ocrx_word' id='word_1_48' title='bbox 543 553 723 610; x_wconf 90' lang='lat' dir='ltr'><strong>omnis</strong></span> <span class='ocrx_word' id='word_1_49' title='bbox 755 553 936 608; x_wconf 87' lang='lat' dir='ltr'><strong>anima</strong></span> <span class='ocrx_word' id='word_1_50' title='bbox 984 567 1109 609; x_wconf 90' lang='lat' dir='ltr'><strong>cum</strong></span> <span class='ocrx_word' id='word_1_51' title='bbox 1159 552 1480 609; x_wconf 82' lang='lat' dir='ltr'><strong>recordatur</strong></span> <span class='ocrx_word' id='word_1_52' title='bbox 1522 551 1792 606; x_wconf 88' lang='lat' dir='ltr'><strong>minarum</strong></span> <span class='ocrx_word' id='word_1_53' title='bbox 1894 549 2065 622; x_wconf 84' lang='lat' dir='ltr'><strong>pelles</strong></span> <span class='ocrx_word' id='word_1_54' title='bbox 2086 550 2315 605; x_wconf 87' lang='lat' dir='ltr'><strong>arietum</strong></span> <span class='ocrx_word' id='word_1_55' title='bbox 2340 549 2647 606; x_wconf 89' lang='lat' dir='ltr'><strong>rubricatas</strong></span> <span class='ocrx_word' id='word_1_56' title='bbox 2672 550 2738 605; x_wconf 90' lang='lat' dir='ltr'><strong>ad</strong></span> <span class='ocrx_word' id='word_1_57' title='bbox 2773 550 3128 621; x_wconf 83' lang='lat' dir='ltr'><strong>operiendam</strong></span> <span class='ocrx_word' id='word_1_58' title='bbox 3169 551 3494 609; x_wconf 84' lang='lat' dir='ltr'><strong>tabernacu-</strong></span> 
     </span>
    </p>
   </div>
   <div class='ocr_carea' id='block_1_5' title="bbox 203 644 1797 717">
    <p class='ocr_par' dir='ltr' id='par_1_5' title="bbox 203 644 1797 717">
     <span class='ocr_line' id='line_1_5' title="bbox 203 644 1797 717; baseline -0.005 -11"><span class='ocrx_word' id='word_1_59' title='bbox 203 648 326 715; x_wconf 83' lang='lat' dir='ltr'><strong>Dei,</strong></span> <span class='ocrx_word' id='word_1_60' title='bbox 346 655 403 704; x_wconf 92' lang='lat' dir='ltr'><strong>et</strong></span> <span class='ocrx_word' id='word_1_61' title='bbox 423 655 669 703; x_wconf 88' lang='lat' dir='ltr'><strong>terrores</strong></span> <span class='ocrx_word' id='word_1_62' title='bbox 685 646 910 703; x_wconf 89' lang='lat' dir='ltr'><strong>discutit</strong></span> <span class='ocrx_word' id='word_1_63' title='bbox 922 644 1251 715; x_wconf 84' lang='lat' dir='ltr'><strong>judiciorum</strong></span> <span class='ocrx_word' id='word_1_64' title='bbox 1274 645 1412 717; x_wconf 87' lang='lat' dir='ltr'><strong>ejus,</strong></span> <span class='ocrx_word' id='word_1_65' title='bbox 1438 658 1648 716; x_wconf 91' lang='lat' dir='ltr'><strong>suaque</strong></span> <span class='ocrx_word' id='word_1_66' title='bbox 1668 652 1797 699; x_wconf 84' lang='lat' dir='ltr'><strong>ante</strong></span> 
     </span>
    </p>
   </div>
   <div class='ocr_carea' id='block_1_6' title="bbox 202 735 1795 810">
    <p class='ocr_par' dir='ltr' id='par_1_6' title="bbox 202 735 1795 810">
     <span class='ocr_line' id='line_1_6' title="bbox 202 735 1795 810; baseline -0.004 -11"><span class='ocrx_word' id='word_1_67' title='bbox 202 740 397 799; x_wconf 88' lang='lat' dir='ltr'><strong>oculos</strong></span> <span class='ocrx_word' id='word_1_68' title='bbox 421 737 590 805; x_wconf 89' lang='lat' dir='ltr'><strong>facta,</strong></span> <span class='ocrx_word' id='word_1_69' title='bbox 623 738 777 810; x_wconf 89' lang='lat' dir='ltr'><strong>quasi</strong></span> <span class='ocrx_word' id='word_1_70' title='bbox 805 738 859 794; x_wconf 91' lang='lat' dir='ltr'><strong>in</strong></span> <span class='ocrx_word' id='word_1_71' title='bbox 884 739 1065 795; x_wconf 82' lang='lat' dir='ltr'><strong>exitus</strong></span> <span class='ocrx_word' id='word_1_72' title='bbox 1089 738 1224 794; x_wconf 88' lang='lat' dir='ltr'><strong>hora</strong></span> <span class='ocrx_word' id='word_1_73' title='bbox 1253 738 1427 810; x_wconf 87' lang='lat' dir='ltr'><strong>ponit,</strong></span> <span class='ocrx_word' id='word_1_74' title='bbox 1464 752 1525 793; x_wconf 89' lang='lat' dir='ltr'><strong>se</strong></span> <span class='ocrx_word' id='word_1_75' title='bbox 1554 752 1662 793; x_wconf 88' lang='lat' dir='ltr'><strong>non</strong></span> <span class='ocrx_word' id='word_1_76' title='bbox 1690 735 1795 792; x_wconf 91' lang='lat' dir='ltr'><strong>nisi</strong></span> 
     </span>
    </p>
   </div>
   <div class='ocr_carea' id='block_1_7' title="bbox 203 830 1791 892">
    <p class='ocr_par' dir='ltr' id='par_1_7' title="bbox 203 830 1791 892">
     <span class='ocr_line' id='line_1_7' title="bbox 203 830 1791 892; baseline -0.004 0"><span class='ocrx_word' id='word_1_77' title='bbox 203 834 537 892; x_wconf 63' lang='lat' dir='ltr'><strong>maeroribus</strong></span> <span class='ocrx_word' id='word_1_78' title='bbox 601 832 860 888; x_wconf 82' lang='lat' dir='ltr'><strong>infectam</strong></span> <span class='ocrx_word' id='word_1_79' title='bbox 917 833 972 888; x_wconf 94' lang='lat' dir='ltr'><strong>in</strong></span> <span class='ocrx_word' id='word_1_80' title='bbox 1029 833 1284 889; x_wconf 85' lang='lat' dir='ltr'><strong>tenebras</strong></span> <span class='ocrx_word' id='word_1_81' title='bbox 1350 830 1557 887; x_wconf 90' lang='lat' dir='ltr'><strong>versari</strong></span> <span class='ocrx_word' id='word_1_82' title='bbox 1616 830 1791 886; x_wconf 87' lang='lat' dir='ltr'><strong>videt.</strong></span> 
     </span>
    </p>
   </div>
   <div class='ocr_carea' id='block_1_8' title="bbox 201 923 1797 997">
    <p class='ocr_par' dir='ltr' id='par_1_8' title="bbox 201 923 1797 997">
     <span class='ocr_line' id='line_1_8' title="bbox 201 923 1797 997; baseline -0.004 -13"><span class='ocrx_word' id='word_1_83' title='bbox 201 926 270 984; x_wconf 82' lang='lat' dir='ltr'><strong>Et</strong></span> <span class='ocrx_word' id='word_1_84' title='bbox 316 927 423 983; x_wconf 91' lang='lat' dir='ltr'><strong>hoc</strong></span> <span class='ocrx_word' id='word_1_85' title='bbox 468 935 554 982; x_wconf 88' lang='lat' dir='ltr'><strong>est</strong></span> <span class='ocrx_word' id='word_1_86' title='bbox 592 925 796 991; x_wconf 86' lang='lat' dir='ltr'><strong>dicere,</strong></span> <span class='ocrx_word' id='word_1_87' title='bbox 847 925 1063 997; x_wconf 89' lang='lat' dir='ltr'><strong>quoties</strong></span> <span class='ocrx_word' id='word_1_88' title='bbox 1112 924 1259 981; x_wconf 91' lang='lat' dir='ltr'><strong>intus</strong></span> <span class='ocrx_word' id='word_1_89' title='bbox 1304 939 1529 980; x_wconf 88' lang='lat' dir='ltr'><strong>suorum</strong></span> <span class='ocrx_word' id='word_1_90' title='bbox 1575 923 1797 979; x_wconf 88' lang='lat' dir='ltr'><strong>discutit</strong></span> 
     </span>
    </p>
   </div>
   <div class='ocr_carea' id='block_1_9' title="bbox 204 1004 1817 1092">
    <p class='ocr_par' dir='ltr' id='par_1_9' title="bbox 204 1004 1817 1092">
     <span class='ocr_line' id='line_1_9' title="bbox 204 1004 1817 1092; baseline -0.002 -19"><span class='ocrx_word' id='word_1_91' title='bbox 204 1026 585 1092; x_wconf 82' lang='lat' dir='ltr'><strong>paupertatem</strong></span> <span class='ocrx_word' id='word_1_92' title='bbox 655 1017 977 1074; x_wconf 88' lang='lat' dir='ltr'><strong>meritorum</strong></span> <span class='ocrx_word' id='word_1_93' title='bbox 1052 1016 1109 1072; x_wconf 91' lang='lat' dir='ltr'><strong>in</strong></span> <span class='ocrx_word' id='word_1_94' title='bbox 1179 1016 1332 1089; x_wconf 88' lang='lat' dir='ltr'><strong>virga</strong></span> <span class='ocrx_word' id='word_1_95' title='bbox 1412 1004 1817 1087; x_wconf 79' lang='lat' dir='ltr'><strong>indignationis</strong></span> 
     </span>
    </p>
   </div>
   <div class='ocr_carea' id='block_1_10' title="bbox 203 1105 1795 1180">
    <p class='ocr_par' dir='ltr' id='par_1_10' title="bbox 203 1105 1795 1180">
     <span class='ocr_line' id='line_1_10' title="bbox 203 1105 1795 1180; baseline -0.006 -10"><span class='ocrx_word' id='word_1_96' title='bbox 203 1112 329 1180; x_wconf 88' lang='lat' dir='ltr'><strong>Dei,</strong></span> <span class='ocrx_word' id='word_1_97' title='bbox 371 1129 454 1167; x_wconf 87' lang='lat' dir='ltr'><strong>me</strong></span> <span class='ocrx_word' id='word_1_98' title='bbox 478 1112 713 1167; x_wconf 34' lang='lat' dir='ltr'><strong>‘minavit</strong></span> <span class='ocrx_word' id='word_1_99' title='bbox 755 1119 805 1167; x_wconf 88' lang='lat' dir='ltr'><strong>et</strong></span> <span class='ocrx_word' id='word_1_100' title='bbox 837 1110 1062 1166; x_wconf 74' lang='lat' dir='ltr'><strong>adduxit</strong></span> <span class='ocrx_word' id='word_1_101' title='bbox 1102 1109 1159 1165; x_wconf 90' lang='lat' dir='ltr'><strong>in</strong></span> <span class='ocrx_word' id='word_1_102' title='bbox 1205 1109 1477 1165; x_wconf 74' lang='lat' dir='ltr'><strong>tenebras:</strong></span> <span class='ocrx_word' id='word_1_103' title='bbox 1501 1108 1627 1178; x_wconf 82' lang='lat' dir='ltr'><strong>quia</strong></span> <span class='ocrx_word' id='word_1_104' title='bbox 1659 1105 1795 1162; x_wconf 87' lang='lat' dir='ltr'><strong>nihil</strong></span> 
     </span>
    </p>
   </div>
   <div class='ocr_carea' id='block_1_11' title="bbox 197 1202 1798 1269">
    <p class='ocr_par' dir='ltr' id='par_1_11' title="bbox 197 1202 1798 1269">
     <span class='ocr_line' id='line_1_11' title="bbox 197 1202 1798 1269; baseline -0.003 -7"><span class='ocrx_word' id='word_1_105' title='bbox 197 1205 270 1263; x_wconf 87' lang='lat' dir='ltr'><strong>de</strong></span> <span class='ocrx_word' id='word_1_106' title='bbox 324 1220 387 1263; x_wconf 90' lang='lat' dir='ltr'><strong>se</strong></span> <span class='ocrx_word' id='word_1_107' title='bbox 431 1204 538 1261; x_wconf 86' lang='lat' dir='ltr'><strong>nisi</strong></span> <span class='ocrx_word' id='word_1_108' title='bbox 594 1204 815 1260; x_wconf 83' lang='lat' dir='ltr'><strong>inﬁrma</strong></span> <span class='ocrx_word' id='word_1_109' title='bbox 863 1204 1058 1269; x_wconf 81' lang='lat' dir='ltr'><strong>sentit,</strong></span> <span class='ocrx_word' id='word_1_110' title='bbox 1113 1211 1169 1260; x_wconf 92' lang='lat' dir='ltr'><strong>et</strong></span> <span class='ocrx_word' id='word_1_111' title='bbox 1218 1203 1345 1259; x_wconf 92' lang='lat' dir='ltr'><strong>dum</strong></span> <span class='ocrx_word' id='word_1_112' title='bbox 1387 1218 1447 1258; x_wconf 90' lang='lat' dir='ltr'><strong>se</strong></span> <span class='ocrx_word' id='word_1_113' title='bbox 1485 1202 1798 1258; x_wconf 83' lang='lat' dir='ltr'><strong>considerat</strong></span> 
     </span>
    </p>
   </div>
   <div class='ocr_carea' id='block_1_12' title="bbox 201 1294 1795 1366">
    <p class='ocr_par' dir='ltr' id='par_1_12' title="bbox 201 1294 1795 1366">
     <span class='ocr_line' id='line_1_12' title="bbox 201 1294 1795 1366; baseline -0.004 -10"><span class='ocrx_word' id='word_1_114' title='bbox 201 1307 261 1356; x_wconf 82' lang='lat' dir='ltr'><strong>et</strong></span> <span class='ocrx_word' id='word_1_115' title='bbox 296 1297 637 1356; x_wconf 74' lang='lat' dir='ltr'><strong>revolvit-se</strong></span> <span class='ocrx_word' id='word_1_116' title='bbox 676 1298 961 1354; x_wconf 91' lang='lat' dir='ltr'><strong>adductam</strong></span> <span class='ocrx_word' id='word_1_117' title='bbox 1006 1304 1067 1351; x_wconf 91' lang='lat' dir='ltr'><strong>ut</strong></span> <span class='ocrx_word' id='word_1_118' title='bbox 1124 1311 1183 1353; x_wconf 91' lang='lat' dir='ltr'><strong>se</strong></span> <span class='ocrx_word' id='word_1_119' title='bbox 1224 1296 1543 1365; x_wconf 87' lang='lat' dir='ltr'><strong>conspicere</strong></span> <span class='ocrx_word' id='word_1_120' title='bbox 1570 1336 1585 1362; x_wconf 93' lang='lat'><strong>,</strong></span> <span class='ocrx_word' id='word_1_121' title='bbox 1637 1294 1795 1366; x_wconf 90' lang='lat' dir='ltr'><strong>quasi</strong></span> 
     </span>
    </p>
   </div>
   <div class='ocr_carea' id='block_1_13' title="bbox 201 1389 1796 1463">
    <p class='ocr_par' dir='ltr' id='par_1_13' title="bbox 201 1389 1796 1463">
     <span class='ocr_line' id='line_1_13' title="bbox 201 1389 1796 1463; baseline -0.003 -14"><span class='ocrx_word' id='word_1_122' title='bbox 201 1392 258 1449; x_wconf 87' lang='lat' dir='ltr'><strong>in</strong></span> <span class='ocrx_word' id='word_1_123' title='bbox 294 1393 572 1460; x_wconf 82' lang='lat' dir='ltr'><strong>tenebras,</strong></span> <span class='ocrx_word' id='word_1_124' title='bbox 613 1399 667 1449; x_wconf 92' lang='lat' dir='ltr'><strong>et</strong></span> <span class='ocrx_word' id='word_1_125' title='bbox 708 1408 813 1449; x_wconf 94' lang='lat' dir='ltr'><strong>non</strong></span> <span class='ocrx_word' id='word_1_126' title='bbox 851 1392 906 1449; x_wconf 93' lang='lat' dir='ltr'><strong>in</strong></span> <span class='ocrx_word' id='word_1_127' title='bbox 935 1392 1136 1456; x_wconf 86' lang='lat' dir='ltr'><strong>lucem,</strong></span> <span class='ocrx_word' id='word_1_128' title='bbox 1161 1391 1387 1463; x_wconf 80' lang='lat' dir='ltr'><strong>plangit.</strong></span> <span class='ocrx_word' id='word_1_129' title='bbox 1421 1389 1569 1445; x_wconf 87' lang='lat' dir='ltr'><strong>Talis</strong></span> <span class='ocrx_word' id='word_1_130' title='bbox 1598 1389 1796 1459; x_wconf 90' lang='lat' dir='ltr'><strong>quippe</strong></span> 
     </span>
    </p>
   </div>
   <div class='ocr_carea' id='block_1_14' title="bbox 203 1482 1793 1558">
    <p class='ocr_par' dir='ltr' id='par_1_14' title="bbox 203 1482 1793 1558">
     <span class='ocr_line' id='line_1_14' title="bbox 203 1482 1793 1558; baseline -0.003 -17"><span class='ocrx_word' id='word_1_131' title='bbox 203 1487 388 1542; x_wconf 84' lang='lat' dir='ltr'><strong>anima</strong></span> <span class='ocrx_word' id='word_1_132' title='bbox 457 1501 580 1542; x_wconf 90' lang='lat' dir='ltr'><strong>cum</strong></span> <span class='ocrx_word' id='word_1_133' title='bbox 643 1486 850 1558; x_wconf 77' lang='lat' dir='ltr'><strong>virgam</strong></span> <span class='ocrx_word' id='word_1_134' title='bbox 914 1485 1268 1541; x_wconf 85' lang='lat' dir='ltr'><strong>discussionis</strong></span> <span class='ocrx_word' id='word_1_135' title='bbox 1313 1484 1447 1549; x_wconf 91' lang='lat' dir='ltr'><strong>Dei,</strong></span> <span class='ocrx_word' id='word_1_136' title='bbox 1511 1491 1563 1537; x_wconf 90' lang='lat' dir='ltr'><strong>et</strong></span> <span class='ocrx_word' id='word_1_137' title='bbox 1613 1482 1793 1537; x_wconf 90' lang='lat' dir='ltr'><strong>omnia</strong></span> 
     </span>
    </p>
   </div>
   <div class='ocr_carea' id='block_1_15' title="bbox 201 1574 1798 1650">
    <p class='ocr_par' dir='ltr' id='par_1_15' title="bbox 201 1574 1798 1650">
     <span class='ocr_line' id='line_1_15' title="bbox 201 1574 1798 1650; baseline -0.006 -13"><span class='ocrx_word' id='word_1_138' title='bbox 201 1581 476 1637; x_wconf 86' lang='lat' dir='ltr'><strong>minarum</strong></span> <span class='ocrx_word' id='word_1_139' title='bbox 515 1578 632 1648; x_wconf 88' lang='lat' dir='ltr'><strong>ejus</strong></span> <span class='ocrx_word' id='word_1_140' title='bbox 664 1578 880 1650; x_wconf 89' lang='lat' dir='ltr'><strong>eloquia</strong></span> <span class='ocrx_word' id='word_1_141' title='bbox 921 1578 1069 1634; x_wconf 91' lang='lat' dir='ltr'><strong>intus</strong></span> <span class='ocrx_word' id='word_1_142' title='bbox 1106 1576 1504 1648; x_wconf 72' lang='lat' dir='ltr'><strong>contemplatur</strong></span> <span class='ocrx_word' id='word_1_143' title='bbox 1536 1584 1593 1630; x_wconf 91' lang='lat' dir='ltr'><strong>et</strong></span> <span class='ocrx_word' id='word_1_144' title='bbox 1623 1574 1798 1629; x_wconf 89' lang='lat' dir='ltr'><strong>inten-</strong></span> 
     </span>
    </p>
   </div>
   <div class='ocr_carea' id='block_1_16' title="bbox 201 1665 1796 1742">
    <p class='ocr_par' dir='ltr' id='par_1_16' title="bbox 201 1665 1796 1742">
     <span class='ocr_line' id='line_1_16' title="bbox 201 1665 1796 1742; baseline -0.006 -14"><span class='ocrx_word' id='word_1_145' title='bbox 201 1669 301 1739; x_wconf 89' lang='lat' dir='ltr'><strong>dit,</strong></span> <span class='ocrx_word' id='word_1_146' title='bbox 332 1685 542 1742; x_wconf 91' lang='lat' dir='ltr'><strong>suaque</strong></span> <span class='ocrx_word' id='word_1_147' title='bbox 564 1669 703 1726; x_wconf 90' lang='lat' dir='ltr'><strong>mala</strong></span> <span class='ocrx_word' id='word_1_148' title='bbox 728 1669 892 1736; x_wconf 91' lang='lat' dir='ltr'><strong>facta,</strong></span> <span class='ocrx_word' id='word_1_149' title='bbox 926 1678 985 1725; x_wconf 92' lang='lat' dir='ltr'><strong>ut</strong></span> <span class='ocrx_word' id='word_1_150' title='bbox 1013 1669 1178 1724; x_wconf 83' lang='lat' dir='ltr'><strong>David</strong></span> <span class='ocrx_word' id='word_1_151' title='bbox 1210 1665 1383 1740; x_wconf 86' lang='lat' dir='ltr'><strong>(Psal.</strong></span> <span class='ocrx_word' id='word_1_152' title='bbox 1416 1666 1494 1737; x_wconf 81' lang='grc' dir='ltr'><strong>ι),</strong></span> <span class='ocrx_word' id='word_1_153' title='bbox 1522 1680 1704 1721; x_wconf 89' lang='lat' dir='ltr'><strong>coram</strong></span> <span class='ocrx_word' id='word_1_154' title='bbox 1736 1679 1796 1719; x_wconf 88' lang='lat' dir='ltr'><strong>se</strong></span> 
     </span>
    </p>
   </div>
   <div class='ocr_carea' id='block_1_17' title="bbox 203 1737 1871 1837">
    <p class='ocr_par' dir='ltr' id='par_1_17' title="bbox 203 1737 1871 1837">
     <span class='ocr_line' id='line_1_17' title="bbox 203 1737 1871 1837; baseline -0.005 -17"><span class='ocrx_word' id='word_1_155' title='bbox 203 1737 424 1836; x_wconf 81' lang='lat' dir='ltr'><strong>semper</strong></span> <span class='ocrx_word' id='word_1_156' title='bbox 453 1737 760 1836; x_wconf 60' lang='lat' dir='ltr'><strong>replicans,</strong></span> <span class='ocrx_word' id='word_1_157' title='bbox 790 1764 919 1837; x_wconf 90' lang='lat' dir='ltr'><strong>quid</strong></span> <span class='ocrx_word' id='word_1_158' title='bbox 950 1763 1096 1818; x_wconf 82' lang='lat' dir='ltr'><strong>aliud</strong></span> <span class='ocrx_word' id='word_1_159' title='bbox 1122 1737 1286 1833; x_wconf 85' lang='lat' dir='ltr'><strong>quam</strong></span> <span class='ocrx_word' id='word_1_160' title='bbox 1318 1776 1377 1816; x_wconf 92' lang='lat' dir='ltr'><strong>se</strong></span> <span class='ocrx_word' id='word_1_161' title='bbox 1402 1760 1689 1814; x_wconf 88' lang='lat' dir='ltr'><strong>adductam</strong></span> <span class='ocrx_word' id='word_1_162' title='bbox 1736 1759 1791 1812; x_wconf 93' lang='lat' dir='ltr'><strong>in</strong></span> <span class='ocrx_word' id='word_1_163' title='bbox 1824 1737 1871 1798; x_wconf 75' lang='grc' dir='ltr'><em>Β</em></span> 
     </span>
    </p>
   </div>
   <div class='ocr_carea' id='block_1_18' title="bbox 201 1850 1795 1923">
    <p class='ocr_par' dir='ltr' id='par_1_18' title="bbox 201 1850 1795 1923">
     <span class='ocr_line' id='line_1_18' title="bbox 201 1850 1795 1923; baseline -0.005 -10"><span class='ocrx_word' id='word_1_164' title='bbox 201 1858 479 1923; x_wconf 87' lang='lat' dir='ltr'><strong>tenebras,</strong></span> <span class='ocrx_word' id='word_1_165' title='bbox 525 1866 580 1913; x_wconf 94' lang='lat' dir='ltr'><strong>et</strong></span> <span class='ocrx_word' id='word_1_166' title='bbox 625 1873 733 1912; x_wconf 92' lang='lat' dir='ltr'><strong>non</strong></span> <span class='ocrx_word' id='word_1_167' title='bbox 785 1857 841 1912; x_wconf 91' lang='lat' dir='ltr'><strong>in</strong></span> <span class='ocrx_word' id='word_1_168' title='bbox 888 1856 1065 1913; x_wconf 90' lang='lat' dir='ltr'><strong>lucem</strong></span> <span class='ocrx_word' id='word_1_169' title='bbox 1111 1863 1259 1910; x_wconf 89' lang='lat' dir='ltr'><strong>recte</strong></span> <span class='ocrx_word' id='word_1_170' title='bbox 1303 1852 1520 1909; x_wconf 85' lang='lat' dir='ltr'><strong>credit?</strong></span> <span class='ocrx_word' id='word_1_171' title='bbox 1565 1850 1645 1906; x_wconf 85' lang='lat' dir='ltr'><strong>Ad</strong></span> <span class='ocrx_word' id='word_1_172' title='bbox 1690 1850 1795 1905; x_wconf 89' lang='lat' dir='ltr'><strong>hoc</strong></span> 
     </span>
    </p>
   </div>
   <div class='ocr_carea' id='block_1_19' title="bbox 200 1938 1796 2021">
    <p class='ocr_par' dir='ltr' id='par_1_19' title="bbox 200 1938 1796 2021">
     <span class='ocr_line' id='line_1_19' title="bbox 200 1938 1796 2021; baseline -0.005 -17"><span class='ocrx_word' id='word_1_173' title='bbox 200 1948 405 2021; x_wconf 87' lang='lat' dir='ltr'><strong>quippe</strong></span> <span class='ocrx_word' id='word_1_174' title='bbox 441 1964 502 2005; x_wconf 88' lang='lat' dir='ltr'><strong>se</strong></span> <span class='ocrx_word' id='word_1_175' title='bbox 536 1949 822 2005; x_wconf 90' lang='lat' dir='ltr'><strong>adductam</strong></span> <span class='ocrx_word' id='word_1_176' title='bbox 866 1949 922 2005; x_wconf 92' lang='lat' dir='ltr'><strong>in</strong></span> <span class='ocrx_word' id='word_1_177' title='bbox 958 1948 1250 2013; x_wconf 86' lang='lat' dir='ltr'><strong>tenebras,</strong></span> <span class='ocrx_word' id='word_1_178' title='bbox 1275 1938 1357 2008; x_wconf 70' lang='grc' dir='ltr'><strong>ἰιι</strong></span> <span class='ocrx_word' id='word_1_179' title='bbox 1400 1961 1458 2003; x_wconf 91' lang='lat' dir='ltr'><strong>se</strong></span> <span class='ocrx_word' id='word_1_180' title='bbox 1498 1945 1796 2017; x_wconf 79' lang='lat' dir='ltr'><strong>perpendat</strong></span> 
     </span>
    </p>
   </div>
   <div class='ocr_carea' id='block_1_20' title="bbox 201 2037 1796 2115">
    <p class='ocr_par' dir='ltr' id='par_1_20' title="bbox 201 2037 1796 2115">
     <span class='ocr_line' id='line_1_20' title="bbox 201 2037 1796 2115; baseline -0.004 -19"><span class='ocrx_word' id='word_1_181' title='bbox 201 2040 376 2106; x_wconf 89' lang='lat' dir='ltr'><strong>novit,</strong></span> <span class='ocrx_word' id='word_1_182' title='bbox 405 2057 474 2095; x_wconf 91' lang='lat' dir='ltr'><strong>ne</strong></span> <span class='ocrx_word' id='word_1_183' title='bbox 500 2040 628 2096; x_wconf 93' lang='lat' dir='ltr'><strong>dum</strong></span> <span class='ocrx_word' id='word_1_184' title='bbox 655 2040 793 2096; x_wconf 89' lang='lat' dir='ltr'><strong>bene</strong></span> <span class='ocrx_word' id='word_1_185' title='bbox 830 2056 983 2097; x_wconf 90' lang='lat' dir='ltr'><strong>mens</strong></span> <span class='ocrx_word' id='word_1_186' title='bbox 1009 2043 1075 2096; x_wconf 90' lang='lat' dir='ltr'><strong>de</strong></span> <span class='ocrx_word' id='word_1_187' title='bbox 1104 2055 1163 2096; x_wconf 92' lang='lat' dir='ltr'><strong>se</strong></span> <span class='ocrx_word' id='word_1_188' title='bbox 1192 2039 1333 2115; x_wconf 84' lang='lat' dir='ltr'><strong>elata</strong></span> <span class='ocrx_word' id='word_1_189' title='bbox 1365 2037 1662 2109; x_wconf 66' lang='lat' dir='ltr'><strong>praesumit,</strong></span> <span class='ocrx_word' id='word_1_190' title='bbox 1696 2037 1796 2091; x_wconf 91' lang='lat' dir='ltr'><strong>hu-</strong></span> 
     </span>
    </p>
   </div>
   <div class='ocr_carea' id='block_1_21' title="bbox 200 2127 1797 2203">
    <p class='ocr_par' dir='ltr' id='par_1_21' title="bbox 200 2127 1797 2203">
     <span class='ocr_line' id='line_1_21' title="bbox 200 2127 1797 2203; baseline -0.003 -17"><span class='ocrx_word' id='word_1_191' title='bbox 200 2130 508 2196; x_wconf 87' lang='lat' dir='ltr'><strong>militatem,</strong></span> <span class='ocrx_word' id='word_1_192' title='bbox 552 2147 672 2203; x_wconf 65' lang='lat' dir='ltr'><strong>quae</strong></span> <span class='ocrx_word' id='word_1_193' title='bbox 714 2139 898 2187; x_wconf 91' lang='lat' dir='ltr'><strong>custos</strong></span> <span class='ocrx_word' id='word_1_194' title='bbox 929 2142 1013 2188; x_wconf 88' lang='lat' dir='ltr'><strong>est</strong></span> <span class='ocrx_word' id='word_1_195' title='bbox 1044 2131 1287 2187; x_wconf 85' lang='lat' dir='ltr'><strong>omnium</strong></span> <span class='ocrx_word' id='word_1_196' title='bbox 1329 2132 1613 2193; x_wconf 88' lang='lat' dir='ltr'><strong>virtutum,</strong></span> <span class='ocrx_word' id='word_1_197' title='bbox 1638 2127 1797 2182; x_wconf 90' lang='lat' dir='ltr'><strong>amit-</strong></span> 
     </span>
    </p>
   </div>
   <div class='ocr_carea' id='block_1_22' title="bbox 203 2218 1797 2293">
    <p class='ocr_par' dir='ltr' id='par_1_22' title="bbox 203 2218 1797 2293">
     <span class='ocr_line' id='line_1_22' title="bbox 203 2218 1797 2293; baseline -0.003 -17"><span class='ocrx_word' id='word_1_198' title='bbox 203 2230 312 2289; x_wconf 89' lang='lat' dir='ltr'><strong>tat,</strong></span> <span class='ocrx_word' id='word_1_199' title='bbox 352 2233 406 2276; x_wconf 92' lang='lat' dir='ltr'><strong>et</strong></span> <span class='ocrx_word' id='word_1_200' title='bbox 454 2223 818 2293; x_wconf 88' lang='lat' dir='ltr'><strong>superbiendo</strong></span> <span class='ocrx_word' id='word_1_201' title='bbox 861 2223 1067 2279; x_wconf 89' lang='lat' dir='ltr'><strong>incidat</strong></span> <span class='ocrx_word' id='word_1_202' title='bbox 1112 2222 1166 2278; x_wconf 92' lang='lat' dir='ltr'><strong>in</strong></span> <span class='ocrx_word' id='word_1_203' title='bbox 1196 2221 1457 2291; x_wconf 85' lang='lat' dir='ltr'><strong>judicium</strong></span> <span class='ocrx_word' id='word_1_204' title='bbox 1490 2218 1710 2285; x_wconf 89' lang='lat' dir='ltr'><strong>diaboli,</strong></span> <span class='ocrx_word' id='word_1_205' title='bbox 1741 2226 1797 2273; x_wconf 92' lang='lat' dir='ltr'><strong>et</strong></span> 
     </span>
    </p>
   </div>
   <div class='ocr_carea' id='block_1_23' title="bbox 210 2310 1791 2386">
    <p class='ocr_par' dir='ltr' id='par_1_23' title="bbox 210 2310 1791 2386">
     <span class='ocr_line' id='line_1_23' title="bbox 210 2310 1791 2386; baseline -0.003 -16"><span class='ocrx_word' id='word_1_206' title='bbox 210 2310 426 2385; x_wconf 64' lang='grc'>1413</span> <span class='ocrx_word' id='word_1_207' title='bbox 452 2314 573 2368; x_wconf 91' lang='lat' dir='ltr'><strong>ideo</strong></span> <span class='ocrx_word' id='word_1_208' title='bbox 598 2313 723 2383; x_wconf 85' lang='lat' dir='ltr'><strong>quia</strong></span> <span class='ocrx_word' id='word_1_209' title='bbox 747 2314 884 2369; x_wconf 81' lang='lat' dir='ltr'><strong>beati</strong></span> <span class='ocrx_word' id='word_1_210' title='bbox 913 2331 1166 2386; x_wconf 82' lang='lat' dir='ltr'><strong>pauperes</strong></span> <span class='ocrx_word' id='word_1_211' title='bbox 1188 2315 1377 2386; x_wconf 83' lang='lat' dir='ltr'><strong>spiritu</strong></span> <span class='ocrx_word' id='word_1_212' title='bbox 1407 2312 1791 2385; x_wconf 64' lang='lat' dir='ltr'><strong>praedicantur.</strong></span> 
     </span>
    </p>
   </div>
   <div class='ocr_carea' id='block_1_24' title="bbox 201 2404 1797 2479">
    <p class='ocr_par' dir='ltr' id='par_1_24' title="bbox 201 2404 1797 2479">
     <span class='ocr_line' id='line_1_24' title="bbox 201 2404 1797 2479; baseline 0.002 -20"><span class='ocrx_word' id='word_1_213' title='bbox 201 2404 354 2461; x_wconf 84' lang='lat' dir='ltr'><strong>Bene</strong></span> <span class='ocrx_word' id='word_1_214' title='bbox 374 2407 595 2476; x_wconf 85' lang='lat' dir='ltr'><strong>spiritus</strong></span> <span class='ocrx_word' id='word_1_215' title='bbox 631 2407 870 2472; x_wconf 87' lang='lat' dir='ltr'><strong>humilis,</strong></span> <span class='ocrx_word' id='word_1_216' title='bbox 897 2408 989 2479; x_wconf 90' lang='lat' dir='ltr'><strong>qui</strong></span> <span class='ocrx_word' id='word_1_217' title='bbox 1017 2408 1167 2464; x_wconf 89' lang='lat' dir='ltr'><strong>novit</strong></span> <span class='ocrx_word' id='word_1_218' title='bbox 1211 2423 1275 2463; x_wconf 89' lang='lat' dir='ltr'><strong>ea</strong></span> <span class='ocrx_word' id='word_1_219' title='bbox 1314 2423 1434 2478; x_wconf 75' lang='lat' dir='ltr'><strong>quae</strong></span> <span class='ocrx_word' id='word_1_220' title='bbox 1463 2414 1590 2463; x_wconf 91' lang='lat' dir='ltr'><strong>sunt</strong></span> <span class='ocrx_word' id='word_1_221' title='bbox 1618 2408 1671 2462; x_wconf 92' lang='lat' dir='ltr'><strong>in</strong></span> <span class='ocrx_word' id='word_1_222' title='bbox 1702 2407 1797 2462; x_wconf 83' lang='lat' dir='ltr'><strong>hu-</strong></span> 
     </span>
    </p>
   </div>
   <div class='ocr_carea' id='block_1_25' title="bbox 200 2497 1794 2573">
    <p class='ocr_par' dir='ltr' id='par_1_25' title="bbox 200 2497 1794 2573">
     <span class='ocr_line' id='line_1_25' title="bbox 200 2497 1794 2573; baseline 0.002 -22"><span class='ocrx_word' id='word_1_223' title='bbox 200 2497 756 2570; x_wconf 89' lang='lat' dir='ltr'><strong>minc,paupertatem</strong></span> <span class='ocrx_word' id='word_1_224' title='bbox 783 2516 935 2556; x_wconf 90' lang='lat' dir='ltr'><strong>suam</strong></span> <span class='ocrx_word' id='word_1_225' title='bbox 962 2502 1380 2573; x_wconf 88' lang='lat' dir='ltr'><strong>sempervidens</strong></span> <span class='ocrx_word' id='word_1_226' title='bbox 1404 2501 1794 2565; x_wconf 90' lang='lat' dir='ltr'><strong>contremiscit,</strong></span> 
     </span>
    </p>
   </div>
   <div class='ocr_carea' id='block_1_26' title="bbox 201 2589 1796 2666">
    <p class='ocr_par' dir='ltr' id='par_1_26' title="bbox 201 2589 1796 2666">
     <span class='ocr_line' id='line_1_26' title="bbox 201 2589 1796 2666; baseline 0.002 -22"><span class='ocrx_word' id='word_1_227' title='bbox 201 2589 332 2644; x_wconf 93' lang='lat' dir='ltr'><strong>dum</strong></span> <span class='ocrx_word' id='word_1_228' title='bbox 377 2606 438 2645; x_wconf 88' lang='lat' dir='ltr'><strong>se</strong></span> <span class='ocrx_word' id='word_1_229' title='bbox 486 2592 663 2647; x_wconf 82' lang='lat' dir='ltr'><strong>adhuc</strong></span> <span class='ocrx_word' id='word_1_230' title='bbox 702 2593 907 2648; x_wconf 89' lang='lat' dir='ltr'><strong>versari</strong></span> <span class='ocrx_word' id='word_1_231' title='bbox 955 2594 1056 2650; x_wconf 90' lang='lat' dir='ltr'><strong>sub</strong></span> <span class='ocrx_word' id='word_1_232' title='bbox 1100 2594 1249 2666; x_wconf 89' lang='lat' dir='ltr'><strong>virga</strong></span> <span class='ocrx_word' id='word_1_233' title='bbox 1286 2592 1672 2664; x_wconf 85' lang='lat' dir='ltr'><strong>indignationis</strong></span> <span class='ocrx_word' id='word_1_234' title='bbox 1699 2592 1796 2648; x_wconf 89' lang='lat' dir='ltr'><strong>Dei</strong></span> 
     </span>
    </p>
   </div>
   <div class='ocr_carea' id='block_1_27' title="bbox 202 2680 1793 2756">
    <p class='ocr_par' dir='ltr' id='par_1_27' title="bbox 202 2680 1793 2756">
     <span class='ocr_line' id='line_1_27' title="bbox 202 2680 1793 2756; baseline 0.003 -22"><span class='ocrx_word' id='word_1_235' title='bbox 202 2694 312 2734; x_wconf 89' lang='lat' dir='ltr'><strong>non</strong></span> <span class='ocrx_word' id='word_1_236' title='bbox 365 2680 613 2753; x_wconf 90' lang='lat' dir='ltr'><strong>ambigit.</strong></span> <span class='ocrx_word' id='word_1_237' title='bbox 661 2680 869 2749; x_wconf 85' lang='lat' dir='ltr'><strong>Quibus</strong></span> <span class='ocrx_word' id='word_1_238' title='bbox 919 2683 1161 2756; x_wconf 84' lang='lat' dir='ltr'><strong>profectu</strong></span> <span class='ocrx_word' id='word_1_239' title='bbox 1210 2684 1382 2756; x_wconf 79' lang='lat' dir='ltr'><strong>plagis</strong></span> <span class='ocrx_word' id='word_1_240' title='bbox 1420 2684 1793 2750; x_wconf 88' lang='lat' dir='ltr'><strong>correctionis,</strong></span> 
     </span>
    </p>
   </div>
   <div class='ocr_carea' id='block_1_28' title="bbox 204 2772 1798 2844">
    <p class='ocr_par' dir='ltr' id='par_1_28' title="bbox 204 2772 1798 2844">
     <span class='ocr_line' id='line_1_28' title="bbox 204 2772 1798 2844; baseline 0.003 -18"><span class='ocrx_word' id='word_1_241' title='bbox 204 2772 388 2827; x_wconf 90' lang='lat' dir='ltr'><strong>anima</strong></span> <span class='ocrx_word' id='word_1_242' title='bbox 418 2774 573 2844; x_wconf 89' lang='lat' dir='ltr'><strong>quasi</strong></span> <span class='ocrx_word' id='word_1_243' title='bbox 613 2774 874 2830; x_wconf 88' lang='lat' dir='ltr'><strong>minatam</strong></span> <span class='ocrx_word' id='word_1_244' title='bbox 904 2792 963 2832; x_wconf 89' lang='lat' dir='ltr'><strong>se</strong></span> <span class='ocrx_word' id='word_1_245' title='bbox 990 2784 1045 2830; x_wconf 91' lang='lat' dir='ltr'><strong>et</strong></span> <span class='ocrx_word' id='word_1_246' title='bbox 1100 2776 1387 2832; x_wconf 89' lang='lat' dir='ltr'><strong>adductam</strong></span> <span class='ocrx_word' id='word_1_247' title='bbox 1427 2785 1486 2830; x_wconf 92' lang='lat' dir='ltr'><strong>ut</strong></span> <span class='ocrx_word' id='word_1_248' title='bbox 1510 2777 1577 2831; x_wconf 89' lang='lat' dir='ltr'><strong>ad</strong></span> <span class='ocrx_word' id='word_1_249' title='bbox 1621 2791 1680 2831; x_wconf 91' lang='lat' dir='ltr'><strong>se</strong></span> <span class='ocrx_word' id='word_1_250' title='bbox 1710 2791 1798 2830; x_wconf 91' lang='lat' dir='ltr'><strong>re-</strong></span> 
     </span>
    </p>
   </div>
   <div class='ocr_carea' id='block_1_29' title="bbox 200 2862 1797 2938">
    <p class='ocr_par' dir='ltr' id='par_1_29' title="bbox 200 2862 1797 2938">
     <span class='ocr_line' id='line_1_29' title="bbox 200 2862 1797 2938; baseline 0.001 -19"><span class='ocrx_word' id='word_1_251' title='bbox 200 2863 346 2920; x_wconf 89' lang='lat' dir='ltr'><strong>diret</strong></span> <span class='ocrx_word' id='word_1_252' title='bbox 376 2862 501 2935; x_wconf 87' lang='lat' dir='ltr'><strong>jure</strong></span> <span class='ocrx_word' id='word_1_253' title='bbox 535 2865 822 2938; x_wconf 80' lang='lat' dir='ltr'><strong>intelligit:</strong></span> <span class='ocrx_word' id='word_1_254' title='bbox 856 2875 912 2921; x_wconf 92' lang='lat' dir='ltr'><strong>et</strong></span> <span class='ocrx_word' id='word_1_255' title='bbox 939 2868 1052 2924; x_wconf 69' lang='lat' dir='ltr'><strong>haec</strong></span> <span class='ocrx_word' id='word_1_256' title='bbox 1102 2866 1205 2924; x_wconf 81' lang='lat' dir='ltr'><strong>est&#39;</strong></span> <span class='ocrx_word' id='word_1_257' title='bbox 1238 2867 1506 2933; x_wconf 88' lang='lat' dir='ltr'><strong>doctrina,</strong></span> <span class='ocrx_word' id='word_1_258' title='bbox 1551 2882 1671 2936; x_wconf 69' lang='lat' dir='ltr'><strong>quae</strong></span> <span class='ocrx_word' id='word_1_259' title='bbox 1700 2882 1797 2937; x_wconf 90' lang='lat' dir='ltr'><strong>per</strong></span> 
     </span>
    </p>
   </div>
   <div class='ocr_carea' id='block_1_30' title="bbox 199 2938 1797 3028">
    <p class='ocr_par' dir='ltr' id='par_1_30' title="bbox 199 2938 1797 3028">
     <span class='ocr_line' id='line_1_30' title="bbox 199 2938 1797 3028; baseline 0.001 -19"><span class='ocrx_word' id='word_1_260' title='bbox 199 2953 376 3024; x_wconf 80' lang='lat' dir='ltr'><strong>Aleph</strong></span> <span class='ocrx_word' id='word_1_261' title='bbox 410 2954 555 3011; x_wconf 89' lang='lat' dir='ltr'><strong>intus</strong></span> <span class='ocrx_word' id='word_1_262' title='bbox 586 2956 640 3011; x_wconf 91' lang='lat' dir='ltr'><strong>in</strong></span> <span class='ocrx_word' id='word_1_263' title='bbox 664 2938 844 3012; x_wconf 75' lang='lat' dir='ltr'><strong>anima</strong></span> <span class='ocrx_word' id='word_1_264' title='bbox 873 2968 1150 3028; x_wconf 87' lang='lat' dir='ltr'><strong>operatur,</strong></span> <span class='ocrx_word' id='word_1_265' title='bbox 1183 2965 1241 3013; x_wconf 88' lang='lat' dir='ltr'><strong>ut</strong></span> <span class='ocrx_word' id='word_1_266' title='bbox 1271 2971 1488 3028; x_wconf 84' lang='lat' dir='ltr'><strong>semper</strong></span> <span class='ocrx_word' id='word_1_267' title='bbox 1517 2958 1569 3012; x_wconf 88' lang='lat' dir='ltr'><strong>in</strong></span> <span class='ocrx_word' id='word_1_268' title='bbox 1596 2972 1654 3012; x_wconf 90' lang='lat' dir='ltr'><strong>sc</strong></span> <span class='ocrx_word' id='word_1_269' title='bbox 1675 2973 1797 3012; x_wconf 79' lang='lat' dir='ltr'><strong>ver-</strong></span> 
     </span>
    </p>
   </div>
   <div class='ocr_carea' id='block_1_31' title="bbox 200 3049 1794 3121">
    <p class='ocr_par' dir='ltr' id='par_1_31' title="bbox 200 3049 1794 3121">
     <span class='ocr_line' id='line_1_31' title="bbox 200 3049 1794 3121; baseline 0.002 -20"><span class='ocrx_word' id='word_1_270' title='bbox 200 3053 375 3111; x_wconf 86' lang='lat' dir='ltr'><strong>setur,</strong></span> <span class='ocrx_word' id='word_1_271' title='bbox 394 3062 450 3103; x_wconf 90' lang='lat' dir='ltr'><strong>se</strong></span> <span class='ocrx_word' id='word_1_272' title='bbox 479 3063 683 3119; x_wconf 90' lang='lat' dir='ltr'><strong>suaque</strong></span> <span class='ocrx_word' id='word_1_273' title='bbox 708 3059 962 3105; x_wconf 82' lang='lat' dir='ltr'><strong>retexens</strong></span> <span class='ocrx_word' id='word_1_274' title='bbox 992 3049 1189 3121; x_wconf 86' lang='lat' dir='ltr'><strong>lugeat,</strong></span> <span class='ocrx_word' id='word_1_275' title='bbox 1217 3051 1386 3105; x_wconf 85' lang='lat' dir='ltr'><strong>donec</strong></span> <span class='ocrx_word' id='word_1_276' title='bbox 1418 3051 1647 3105; x_wconf 90' lang='lat' dir='ltr'><strong>illustret</strong></span> <span class='ocrx_word' id='word_1_277' title='bbox 1672 3065 1794 3106; x_wconf 88' lang='lat' dir='ltr'><strong>eam</strong></span> 
     </span>
    </p>
   </div>
   <div class='ocr_carea' id='block_1_32' title="bbox 146 3139 1795 3212">
    <p class='ocr_par' dir='ltr' id='par_1_32' title="bbox 146 3139 1795 3212">
     <span class='ocr_line' id='line_1_32' title="bbox 146 3139 1795 3212; baseline 0.004 -21"><span class='ocrx_word' id='word_1_278' title='bbox 146 3158 171 3168; x_wconf 51' lang='grc' dir='ltr'><em>α</em></span> <span class='ocrx_word' id='word_1_279' title='bbox 200 3139 380 3193; x_wconf 86' lang='lat' dir='ltr'><strong>oriens</strong></span> <span class='ocrx_word' id='word_1_280' title='bbox 408 3155 473 3193; x_wconf 66' lang='lat' dir='ltr'><strong>ex</strong></span> <span class='ocrx_word' id='word_1_281' title='bbox 508 3139 638 3207; x_wconf 86' lang='lat' dir='ltr'><strong>alto,</strong></span> <span class='ocrx_word' id='word_1_282' title='bbox 673 3142 762 3211; x_wconf 89' lang='lat' dir='ltr'><strong>qui</strong></span> <span class='ocrx_word' id='word_1_283' title='bbox 795 3143 943 3197; x_wconf 80' lang='lat' dir='ltr'><strong>venit</strong></span> <span class='ocrx_word' id='word_1_284' title='bbox 973 3141 1265 3197; x_wconf 88' lang='lat' dir='ltr'><strong>illuminari</strong></span> <span class='ocrx_word' id='word_1_285' title='bbox 1293 3143 1358 3197; x_wconf 92' lang='lat' dir='ltr'><strong>iis</strong></span> <span class='ocrx_word' id='word_1_286' title='bbox 1396 3143 1485 3212; x_wconf 86' lang='lat' dir='ltr'><strong>qui</strong></span> <span class='ocrx_word' id='word_1_287' title='bbox 1513 3144 1691 3197; x_wconf 88' lang='lat' dir='ltr'><strong>sedent</strong></span> <span class='ocrx_word' id='word_1_288' title='bbox 1738 3143 1795 3197; x_wconf 88' lang='lat' dir='ltr'><strong>in</strong></span> 
     </span>
    </p>
   </div>
   <div class='ocr_carea' id='block_1_33' title="bbox 200 3229 1796 3306">
    <p class='ocr_par' dir='ltr' id='par_1_33' title="bbox 200 3229 1796 3306">
     <span class='ocr_line' id='line_1_33' title="bbox 200 3229 1796 3306; baseline 0.003 -21"><span class='ocrx_word' id='word_1_289' title='bbox 200 3229 429 3285; x_wconf 75' lang='lat' dir='ltr'><strong>tenebris</strong></span> <span class='ocrx_word' id='word_1_290' title='bbox 463 3240 513 3286; x_wconf 92' lang='lat' dir='ltr'><strong>et</strong></span> <span class='ocrx_word' id='word_1_291' title='bbox 546 3232 733 3288; x_wconf 84' lang='lat' dir='ltr'><strong>umbra</strong></span> <span class='ocrx_word' id='word_1_292' title='bbox 754 3232 937 3288; x_wconf 81' lang='lat' dir='ltr'><strong>mortis</strong></span> <span class='ocrx_word' id='word_1_293' title='bbox 960 3231 1121 3303; x_wconf 89' lang='lat' dir='ltr'><strong>(Luc.</strong></span> <span class='ocrx_word' id='word_1_294' title='bbox 1152 3235 1223 3306; x_wconf 85' lang='grc' dir='ltr'><strong>ι).</strong></span> <span class='ocrx_word' id='word_1_295' title='bbox 1249 3234 1539 3304; x_wconf 85' lang='lat' dir='ltr'><strong>Sequitur:</strong></span> <span class='ocrx_word' id='word_1_296' title='bbox 1569 3234 1796 3289; x_wconf 85' lang='lat' dir='ltr'><strong>Tantum</strong></span> 
     </span>
    </p>
   </div>
   <div class='ocr_carea' id='block_1_34' title="bbox 198 3320 1798 3389">
    <p class='ocr_par' dir='ltr' id='par_1_34' title="bbox 198 3320 1798 3389">
     <span class='ocr_line' id='line_1_34' title="bbox 198 3320 1798 3389; baseline 0.004 -14"><span class='ocrx_word' id='word_1_297' title='bbox 198 3320 255 3375; x_wconf 85' lang='lat' dir='ltr'><strong>in</strong></span> <span class='ocrx_word' id='word_1_298' title='bbox 271 3338 355 3376; x_wconf 89' lang='lat' dir='ltr'><strong>me</strong></span> <span class='ocrx_word' id='word_1_299' title='bbox 372 3325 544 3389; x_wconf 81' lang='lat' dir='ltr'><strong>vertit,</strong></span> <span class='ocrx_word' id='word_1_300' title='bbox 558 3333 606 3380; x_wconf 85' lang='lat' dir='ltr'><strong>et</strong></span> <span class='ocrx_word' id='word_1_301' title='bbox 627 3325 874 3380; x_wconf 80' lang='lat' dir='ltr'><strong>convertit</strong></span> <span class='ocrx_word' id='word_1_302' title='bbox 891 3340 1107 3380; x_wconf 84' lang='lat' dir='ltr'><strong>manum</strong></span> <span class='ocrx_word' id='word_1_303' title='bbox 1123 3343 1274 3381; x_wconf 87' lang='lat' dir='ltr'><strong>suam</strong></span> <span class='ocrx_word' id='word_1_304' title='bbox 1293 3336 1401 3381; x_wconf 88' lang='lat' dir='ltr'><strong>tota</strong></span> <span class='ocrx_word' id='word_1_305' title='bbox 1424 3328 1525 3382; x_wconf 86' lang='lat' dir='ltr'><strong>die.</strong></span> <span class='ocrx_word' id='word_1_306' title='bbox 1552 3326 1798 3382; x_wconf 89' lang='lat' dir='ltr'><strong>Materno</strong></span> 
     </span>
    </p>
   </div>
   <div class='ocr_carea' id='block_1_35' title="bbox 197 3420 1794 3493">
    <p class='ocr_par' dir='ltr' id='par_1_35' title="bbox 197 3420 1794 3493">
     <span class='ocr_line' id='line_1_35' title="bbox 197 3420 1794 3493; baseline 0 -18"><span class='ocrx_word' id='word_1_307' title='bbox 197 3421 423 3492; x_wconf 88' lang='lat' dir='ltr'><strong>quidem</strong></span> <span class='ocrx_word' id='word_1_308' title='bbox 442 3420 637 3477; x_wconf 73' lang='lat' dir='ltr'><strong>affectu</strong></span> <span class='ocrx_word' id='word_1_309' title='bbox 677 3422 820 3478; x_wconf 89' lang='lat' dir='ltr'><strong>Deus</strong></span> <span class='ocrx_word' id='word_1_310' title='bbox 842 3422 1133 3493; x_wconf 84' lang='lat' dir='ltr'><strong>aliquando</strong></span> <span class='ocrx_word' id='word_1_311' title='bbox 1155 3422 1391 3478; x_wconf 90' lang='lat' dir='ltr'><strong>animam</strong></span> <span class='ocrx_word' id='word_1_312' title='bbox 1422 3422 1644 3493; x_wconf 81' lang='lat' dir='ltr'><strong>exponit</strong></span> <span class='ocrx_word' id='word_1_313' title='bbox 1674 3428 1794 3476; x_wconf 91' lang='lat' dir='ltr'><strong>ten-</strong></span> 
     </span>
    </p>
   </div>
   <div class='ocr_carea' id='block_1_36' title="bbox 198 3514 1797 3588">
    <p class='ocr_par' dir='ltr' id='par_1_36' title="bbox 198 3514 1797 3588">
     <span class='ocr_line' id='line_1_36' title="bbox 198 3514 1797 3588; baseline -0.001 -17"><span class='ocrx_word' id='word_1_314' title='bbox 198 3515 505 3571; x_wconf 85' lang='lat' dir='ltr'><strong>tationibus</strong></span> <span class='ocrx_word' id='word_1_315' title='bbox 535 3524 591 3572; x_wconf 90' lang='lat' dir='ltr'><strong>et</strong></span> <span class='ocrx_word' id='word_1_316' title='bbox 619 3514 821 3584; x_wconf 90' lang='lat' dir='ltr'><strong>abjicit,</strong></span> <span class='ocrx_word' id='word_1_317' title='bbox 859 3517 1148 3588; x_wconf 87' lang='lat' dir='ltr'><strong>aliquando</strong></span> <span class='ocrx_word' id='word_1_318' title='bbox 1193 3517 1257 3571; x_wconf 90' lang='lat' dir='ltr'><strong>ad</strong></span> <span class='ocrx_word' id='word_1_319' title='bbox 1301 3532 1359 3571; x_wconf 91' lang='lat' dir='ltr'><strong>se</strong></span> <span class='ocrx_word' id='word_1_320' title='bbox 1407 3516 1710 3587; x_wconf 89' lang='lat' dir='ltr'><strong>plorantem</strong></span> <span class='ocrx_word' id='word_1_321' title='bbox 1734 3530 1797 3570; x_wconf 89' lang='lat' dir='ltr'><strong>ac</strong></span> 
     </span>
    </p>
   </div>
   <div class='ocr_carea' id='block_1_37' title="bbox 198 3606 1795 3669">
    <p class='ocr_par' dir='ltr' id='par_1_37' title="bbox 198 3606 1795 3669">
     <span class='ocr_line' id='line_1_37' title="bbox 198 3606 1795 3669; baseline -0.001 -7"><span class='ocrx_word' id='word_1_322' title='bbox 198 3606 478 3663; x_wconf 86' lang='lat' dir='ltr'><strong>dolentem</strong></span> <span class='ocrx_word' id='word_1_323' title='bbox 502 3608 649 3664; x_wconf 91' lang='lat' dir='ltr'><strong>intus</strong></span> <span class='ocrx_word' id='word_1_324' title='bbox 676 3610 729 3664; x_wconf 92' lang='lat' dir='ltr'><strong>in</strong></span> <span class='ocrx_word' id='word_1_325' title='bbox 758 3609 936 3665; x_wconf 90' lang='lat' dir='ltr'><strong>sinum</strong></span> <span class='ocrx_word' id='word_1_326' title='bbox 956 3629 958 3632; x_wconf 50' lang='grc' dir='ltr'>ν</span> <span class='ocrx_word' id='word_1_327' title='bbox 978 3608 1225 3669; x_wconf 89' lang='lat' dir='ltr'><strong>retrahit.</strong></span> <span class='ocrx_word' id='word_1_328' title='bbox 1256 3617 1311 3663; x_wconf 93' lang='lat' dir='ltr'><strong>et</strong></span> <span class='ocrx_word' id='word_1_329' title='bbox 1335 3607 1418 3663; x_wconf 90' lang='lat' dir='ltr'><strong>lac</strong></span> <span class='ocrx_word' id='word_1_330' title='bbox 1448 3608 1709 3663; x_wconf 68' lang='lat' dir='ltr'><strong>doctrina:</strong></span> <span class='ocrx_word' id='word_1_331' title='bbox 1741 3607 1795 3661; x_wconf 93' lang='lat' dir='ltr'><strong>in</strong></span> 
     </span>
    </p>
   </div>
   <div class='ocr_carea' id='block_1_38' title="bbox 198 3699 1793 3773">
    <p class='ocr_par' dir='ltr' id='par_1_38' title="bbox 198 3699 1793 3773">
     <span class='ocr_line' id='line_1_38' title="bbox 198 3699 1793 3773; baseline -0.002 -17"><span class='ocrx_word' id='word_1_332' title='bbox 198 3699 368 3756; x_wconf 80' lang='lat' dir='ltr'><strong>corde</strong></span> <span class='ocrx_word' id='word_1_333' title='bbox 393 3700 656 3773; x_wconf 88' lang='lat' dir='ltr'><strong>suggerit,</strong></span> <span class='ocrx_word' id='word_1_334' title='bbox 688 3716 895 3772; x_wconf 84' lang='lat' dir='ltr'><strong>suaque</strong></span> <span class='ocrx_word' id='word_1_335' title='bbox 931 3700 1320 3757; x_wconf 88' lang='lat' dir='ltr'><strong>consolationis</strong></span> <span class='ocrx_word' id='word_1_336' title='bbox 1346 3700 1511 3754; x_wconf 88' lang='lat' dir='ltr'><strong>verba</strong></span> <span class='ocrx_word' id='word_1_337' title='bbox 1546 3699 1793 3770; x_wconf 88' lang='lat' dir='ltr'><strong>inspirat,</strong></span> 
     </span>
    </p>
   </div>
   <div class='ocr_carea' id='block_1_39' title="bbox 198 3792 1797 3863">
    <p class='ocr_par' dir='ltr' id='par_1_39' title="bbox 198 3792 1797 3863">
     <span class='ocr_line' id='line_1_39' title="bbox 198 3792 1797 3863; baseline -0.001 -17"><span class='ocrx_word' id='word_1_338' title='bbox 198 3799 256 3847; x_wconf 91' lang='lat' dir='ltr'><strong>et</strong></span> <span class='ocrx_word' id='word_1_339' title='bbox 280 3792 615 3862; x_wconf 87' lang='lat' dir='ltr'><strong>sempiterna</strong></span> <span class='ocrx_word' id='word_1_340' title='bbox 635 3793 923 3863; x_wconf 87' lang='lat' dir='ltr'><strong>promittit.</strong></span> <span class='ocrx_word' id='word_1_341' title='bbox 945 3792 1007 3849; x_wconf 85' lang='lat' dir='ltr'><strong>Et</strong></span> <span class='ocrx_word' id='word_1_342' title='bbox 1036 3792 1139 3848; x_wconf 90' lang='lat' dir='ltr'><strong>hoc</strong></span> <span class='ocrx_word' id='word_1_343' title='bbox 1158 3801 1242 3848; x_wconf 91' lang='lat' dir='ltr'><strong>est</strong></span> <span class='ocrx_word' id='word_1_344' title='bbox 1270 3792 1471 3855; x_wconf 89' lang='lat' dir='ltr'><strong>dicere,</strong></span> <span class='ocrx_word' id='word_1_345' title='bbox 1502 3792 1557 3845; x_wconf 91' lang='lat' dir='ltr'><strong>in</strong></span> <span class='ocrx_word' id='word_1_346' title='bbox 1579 3808 1660 3845; x_wconf 89' lang='lat' dir='ltr'><strong>me</strong></span> <span class='ocrx_word' id='word_1_347' title='bbox 1682 3807 1797 3846; x_wconf 86' lang='lat' dir='ltr'><strong>ver-</strong></span> 
     </span>
    </p>
   </div>
   <div class='ocr_carea' id='block_1_40' title="bbox 198 3879 1797 3948">
    <p class='ocr_par' dir='ltr' id='par_1_40' title="bbox 198 3879 1797 3948">
     <span class='ocr_line' id='line_1_40' title="bbox 198 3879 1797 3948; baseline 0.001 -13"><span class='ocrx_word' id='word_1_348' title='bbox 198 3882 262 3937; x_wconf 85' lang='lat' dir='ltr'><strong>tit</strong></span> <span class='ocrx_word' id='word_1_349' title='bbox 297 3892 348 3938; x_wconf 84' lang='lat' dir='ltr'><strong>et</strong></span> <span class='ocrx_word' id='word_1_350' title='bbox 373 3885 622 3939; x_wconf 81' lang='lat' dir='ltr'><strong>convertit</strong></span> <span class='ocrx_word' id='word_1_351' title='bbox 648 3900 863 3939; x_wconf 77' lang='lat' dir='ltr'><strong>manum</strong></span> <span class='ocrx_word' id='word_1_352' title='bbox 890 3879 1047 3938; x_wconf 82' lang='lat' dir='ltr'><strong>suam</strong></span> <span class='ocrx_word' id='word_1_353' title='bbox 1072 3894 1180 3938; x_wconf 88' lang='lat' dir='ltr'><strong>tota</strong></span> <span class='ocrx_word' id='word_1_354' title='bbox 1215 3883 1318 3948; x_wconf 85' lang='lat' dir='ltr'><strong>die,</strong></span> <span class='ocrx_word' id='word_1_355' title='bbox 1351 3883 1476 3939; x_wconf 92' lang='lat' dir='ltr'><strong>dum</strong></span> <span class='ocrx_word' id='word_1_356' title='bbox 1503 3896 1622 3937; x_wconf 88' lang='lat' dir='ltr'><strong>eam</strong></span> <span class='ocrx_word' id='word_1_357' title='bbox 1649 3882 1797 3937; x_wconf 91' lang='lat' dir='ltr'><strong>omni</strong></span> 
     </span>
    </p>
   </div>
   <div class='ocr_carea' id='block_1_41' title="bbox 202 3976 1819 4051">
    <p class='ocr_par' dir='ltr' id='par_1_41' title="bbox 202 3976 1819 4051">
     <span class='ocr_line' id='line_1_41' title="bbox 202 3976 1819 4051; baseline 0 -18"><span class='ocrx_word' id='word_1_358' title='bbox 202 3986 451 4046; x_wconf 88' lang='lat' dir='ltr'><strong>tempore</strong></span> <span class='ocrx_word' id='word_1_359' title='bbox 488 3977 774 4050; x_wconf 82' lang='lat' dir='ltr'><strong>praesentis</strong></span> <span class='ocrx_word' id='word_1_360' title='bbox 801 3977 927 4032; x_wconf 84' lang='lat' dir='ltr'><strong>vitae</strong></span> <span class='ocrx_word' id='word_1_361' title='bbox 976 3993 1122 4032; x_wconf 91' lang='lat' dir='ltr'><strong>nunc</strong></span> <span class='ocrx_word' id='word_1_362' title='bbox 1157 3976 1319 4033; x_wconf 84' lang='lat' dir='ltr'><strong>minis</strong></span> <span class='ocrx_word' id='word_1_363' title='bbox 1368 3986 1425 4033; x_wconf 91' lang='lat' dir='ltr'><strong>et</strong></span> <span class='ocrx_word' id='word_1_364' title='bbox 1472 3977 1819 4051; x_wconf 72' lang='lat' dir='ltr'><strong>terroribus,</strong></span> 
     </span>
    </p>
   </div>
   <div class='ocr_carea' id='block_1_42' title="bbox 199 4058 1795 4141">
    <p class='ocr_par' dir='ltr' id='par_1_42' title="bbox 199 4058 1795 4141">
     <span class='ocr_line' id='line_1_42' title="bbox 199 4058 1795 4141; baseline -0.001 -16"><span class='ocrx_word' id='word_1_365' title='bbox 199 4083 348 4125; x_wconf 89' lang='lat' dir='ltr'><strong>nunc</strong></span> <span class='ocrx_word' id='word_1_366' title='bbox 407 4068 794 4124; x_wconf 87' lang='lat' dir='ltr'><strong>tentationihus</strong></span> <span class='ocrx_word' id='word_1_367' title='bbox 830 4078 886 4124; x_wconf 91' lang='lat' dir='ltr'><strong>et</strong></span> <span class='ocrx_word' id='word_1_368' title='bbox 930 4058 1222 4141; x_wconf 74' lang='lat' dir='ltr'><strong>pressaris,</strong></span> <span class='ocrx_word' id='word_1_369' title='bbox 1271 4069 1436 4125; x_wconf 90' lang='lat' dir='ltr'><strong>etiam</strong></span> <span class='ocrx_word' id='word_1_370' title='bbox 1476 4068 1795 4124; x_wconf 90' lang='lat' dir='ltr'><strong>delictorum</strong></span> 
     </span>
    </p>
   </div>
   <div class='ocr_carea' id='block_1_43' title="bbox 198 4162 1798 4235">
    <p class='ocr_par' dir='ltr' id='par_1_43' title="bbox 198 4162 1798 4235">
     <span class='ocr_line' id='line_1_43' title="bbox 198 4162 1798 4235; baseline -0.001 -15"><span class='ocrx_word' id='word_1_371' title='bbox 198 4163 373 4220; x_wconf 80' lang='lat' dir='ltr'><strong>afﬁcit</strong></span> <span class='ocrx_word' id='word_1_372' title='bbox 416 4163 607 4235; x_wconf 74' lang='lat' dir='ltr'><strong>Spinis,</strong></span> <span class='ocrx_word' id='word_1_373' title='bbox 653 4179 797 4219; x_wconf 89' lang='lat' dir='ltr'><strong>nunc</strong></span> <span class='ocrx_word' id='word_1_374' title='bbox 826 4178 957 4218; x_wconf 91' lang='lat' dir='ltr'><strong>vero</strong></span> <span class='ocrx_word' id='word_1_375' title='bbox 987 4162 1344 4235; x_wconf 86' lang='lat' dir='ltr'><strong>inspiratione</strong></span> <span class='ocrx_word' id='word_1_376' title='bbox 1382 4164 1562 4219; x_wconf 89' lang='lat' dir='ltr'><strong>divina</strong></span> <span class='ocrx_word' id='word_1_377' title='bbox 1602 4174 1658 4220; x_wconf 93' lang='lat' dir='ltr'><strong>et</strong></span> <span class='ocrx_word' id='word_1_378' title='bbox 1710 4178 1798 4219; x_wconf 88' lang='lat' dir='ltr'><strong>re-</strong></span> 
     </span>
    </p>
   </div>
   <div class='ocr_carea' id='block_1_44' title="bbox 197 4256 1821 4323">
    <p class='ocr_par' dir='ltr' id='par_1_44' title="bbox 197 4256 1821 4323">
     <span class='ocr_line' id='line_1_44' title="bbox 197 4256 1821 4323; baseline -0.004 -8"><span class='ocrx_word' id='word_1_379' title='bbox 197 4258 401 4315; x_wconf 85' lang='lat' dir='ltr'><strong>mediis</strong></span> <span class='ocrx_word' id='word_1_380' title='bbox 424 4256 490 4312; x_wconf 91' lang='lat' dir='ltr'><strong>ad</strong></span> <span class='ocrx_word' id='word_1_381' title='bbox 531 4271 591 4313; x_wconf 90' lang='lat' dir='ltr'><strong>se</strong></span> <span class='ocrx_word' id='word_1_382' title='bbox 638 4258 898 4323; x_wconf 90' lang='lat' dir='ltr'><strong>invitans,</strong></span> <span class='ocrx_word' id='word_1_383' title='bbox 951 4256 1234 4313; x_wconf 83' lang='lat' dir='ltr'><strong>beneﬁciis</strong></span> <span class='ocrx_word' id='word_1_384' title='bbox 1280 4257 1604 4313; x_wconf 84' lang='lat' dir='ltr'><strong>exhortatur</strong></span> <span class='ocrx_word' id='word_1_385' title='bbox 1644 4258 1821 4312; x_wconf 49' lang='lat' dir='ltr'><strong>innu-</strong></span> 
     </span>
    </p>
   </div>
   <div class='ocr_carea' id='block_1_45' title="bbox 198 4340 1800 4421">
    <p class='ocr_par' dir='ltr' id='par_1_45' title="bbox 198 4340 1800 4421">
     <span class='ocr_line' id='line_1_45' title="bbox 198 4340 1800 4421; baseline -0.001 -15"><span class='ocrx_word' id='word_1_386' title='bbox 198 4340 709 4421; x_wconf 80' lang='lat' dir='ltr'><strong>meriszquatenus</strong></span> <span class='ocrx_word' id='word_1_387' title='bbox 752 4350 805 4405; x_wconf 94' lang='lat' dir='ltr'><strong>in</strong></span> <span class='ocrx_word' id='word_1_388' title='bbox 838 4348 982 4405; x_wconf 93' lang='lat' dir='ltr'><strong>nullo</strong></span> <span class='ocrx_word' id='word_1_389' title='bbox 1020 4349 1326 4415; x_wconf 88' lang='lat' dir='ltr'><strong>insolescat,</strong></span> <span class='ocrx_word' id='word_1_390' title='bbox 1371 4350 1424 4404; x_wconf 92' lang='lat' dir='ltr'><strong>in</strong></span> <span class='ocrx_word' id='word_1_391' title='bbox 1473 4349 1618 4405; x_wconf 93' lang='lat' dir='ltr'><strong>nullo</strong></span> <span class='ocrx_word' id='word_1_392' title='bbox 1645 4348 1800 4405; x_wconf 86' lang='lat' dir='ltr'><strong>frau-</strong></span> 
     </span>
    </p>
   </div>
   <div class='ocr_carea' id='block_1_46' title="bbox 197 4442 1798 4518">
    <p class='ocr_par' dir='ltr' id='par_1_46' title="bbox 197 4442 1798 4518">
     <span class='ocr_line' id='line_1_46' title="bbox 197 4442 1798 4518; baseline -0.002 -17"><span class='ocrx_word' id='word_1_393' title='bbox 197 4456 368 4518; x_wconf 88' lang='lat' dir='ltr'><strong>gatur</strong></span> <span class='ocrx_word' id='word_1_394' title='bbox 389 4444 726 4510; x_wconf 89' lang='lat' dir='ltr'><strong>discrimine,</strong></span> <span class='ocrx_word' id='word_1_395' title='bbox 753 4444 847 4499; x_wconf 90' lang='lat' dir='ltr'><strong>sed</strong></span> <span class='ocrx_word' id='word_1_396' title='bbox 876 4442 1119 4515; x_wconf 88' lang='lat' dir='ltr'><strong>subjecta</strong></span> <span class='ocrx_word' id='word_1_397' title='bbox 1154 4443 1206 4498; x_wconf 88' lang='lat' dir='ltr'><strong>itt</strong></span> <span class='ocrx_word' id='word_1_398' title='bbox 1236 4444 1507 4511; x_wconf 90' lang='lat' dir='ltr'><strong>omnibus,</strong></span> <span class='ocrx_word' id='word_1_399' title='bbox 1537 4442 1798 4514; x_wconf 87' lang='lat' dir='ltr'><strong>quidquid</strong></span> 
     </span>
    </p>
   </div>
   <div class='ocr_carea' id='block_1_47' title="bbox 196 4534 1794 4609">
    <p class='ocr_par' dir='ltr' id='par_1_47' title="bbox 196 4534 1794 4609">
     <span class='ocr_line' id='line_1_47' title="bbox 196 4534 1794 4609; baseline -0.001 -16"><span class='ocrx_word' id='word_1_400' title='bbox 196 4537 493 4601; x_wconf 89' lang='lat' dir='ltr'><strong>acciderit,</strong></span> <span class='ocrx_word' id='word_1_401' title='bbox 523 4535 591 4591; x_wconf 91' lang='lat' dir='ltr'><strong>ad</strong></span> <span class='ocrx_word' id='word_1_402' title='bbox 622 4536 837 4591; x_wconf 89' lang='lat' dir='ltr'><strong>laudem</strong></span> <span class='ocrx_word' id='word_1_403' title='bbox 886 4543 940 4591; x_wconf 89' lang='lat' dir='ltr'><strong>et</strong></span> <span class='ocrx_word' id='word_1_404' title='bbox 968 4534 1193 4609; x_wconf 85' lang='lat' dir='ltr'><strong>gloriam</strong></span> <span class='ocrx_word' id='word_1_405' title='bbox 1240 4535 1475 4592; x_wconf 87' lang='lat' dir='ltr'><strong>nominis</strong></span> <span class='ocrx_word' id='word_1_406' title='bbox 1506 4535 1602 4593; x_wconf 90' lang='lat' dir='ltr'><strong>Dei</strong></span> <span class='ocrx_word' id='word_1_407' title='bbox 1659 4551 1794 4592; x_wconf 89' lang='lat' dir='ltr'><strong>con—</strong></span> 
     </span>
    </p>
   </div>
   <div class='ocr_carea' id='block_1_48' title="bbox 193 4627 619 4687">
    <p class='ocr_par' dir='ltr' id='par_1_48' title="bbox 193 4627 619 4687">
     <span class='ocr_line' id='line_1_48' title="bbox 193 4627 619 4687; baseline -0.005 -3"><span class='ocrx_word' id='word_1_408' title='bbox 193 4645 363 4687; x_wconf 85' lang='lat' dir='ltr'><strong>versa</strong></span> <span class='ocrx_word' id='word_1_409' title='bbox 397 4627 619 4686; x_wconf 77' lang='lat' dir='ltr'><strong>referat.</strong></span> 
     </span>
    </p>
   </div>
   <div class='ocr_carea' id='block_1_49' title="bbox 925 4714 1086 4756">
    <p class='ocr_par' dir='ltr' id='par_1_49' title="bbox 925 4714 1086 4756">
     <span class='ocr_line' id='line_1_49' title="bbox 925 4714 1086 4756; baseline -0.019 0"><span class='ocrx_word' id='word_1_410' title='bbox 925 4714 1086 4756; x_wconf 72' lang='lat' dir='ltr'><strong>BETH.</strong></span> 
     </span>
    </p>
   </div>
   <div class='ocr_carea' id='block_1_50' title="bbox 282 4810 1801 4883">
    <p class='ocr_par' dir='ltr' id='par_1_50' title="bbox 282 4810 1801 4883">
     <span class='ocr_line' id='line_1_50' title="bbox 282 4810 1801 4883; baseline 0 -15"><span class='ocrx_word' id='word_1_411' title='bbox 282 4811 582 4879; x_wconf 82' lang='lat' dir='ltr'><strong>Vetustam,</strong></span> <span class='ocrx_word' id='word_1_412' title='bbox 634 4812 831 4882; x_wconf 89' lang='lat' dir='ltr'><strong>inquit,</strong></span> <span class='ocrx_word' id='word_1_413' title='bbox 889 4813 1013 4883; x_wconf 74' lang='lat' dir='ltr'><strong>fecit</strong></span> <span class='ocrx_word' id='word_1_414' title='bbox 1058 4810 1243 4883; x_wconf 84' lang='lat' dir='ltr'><strong>pellem</strong></span> <span class='ocrx_word' id='word_1_415' title='bbox 1286 4828 1457 4867; x_wconf 87' lang='lat' dir='ltr'><strong>meam</strong></span> <span class='ocrx_word' id='word_1_416' title='bbox 1494 4821 1543 4867; x_wconf 85' lang='lat' dir='ltr'><strong>et</strong></span> <span class='ocrx_word' id='word_1_417' title='bbox 1586 4830 1801 4873; x_wconf 77' lang='lat' dir='ltr'><strong>carnem</strong></span> 
     </span>
    </p>
   </div>
   <div class='ocr_carea' id='block_1_51' title="bbox 193 4906 1802 4978">
    <p class='ocr_par' dir='ltr' id='par_1_51' title="bbox 193 4906 1802 4978">
     <span class='ocr_line' id='line_1_51' title="bbox 193 4906 1802 4978; baseline 0 -16"><span class='ocrx_word' id='word_1_418' title='bbox 193 4923 399 4972; x_wconf 68' lang='lat' dir='ltr'><strong>meam,</strong></span> <span class='ocrx_word' id='word_1_419' title='bbox 424 4907 667 4961; x_wconf 80' lang='lat' dir='ltr'><strong>contrivit</strong></span> <span class='ocrx_word' id='word_1_420' title='bbox 718 4923 837 4961; x_wconf 87' lang='lat' dir='ltr'><strong>ossa</strong></span> <span class='ocrx_word' id='word_1_421' title='bbox 880 4923 1014 4965; x_wconf 88' lang='lat' dir='ltr'><strong>mea.</strong></span> <span class='ocrx_word' id='word_1_422' title='bbox 1064 4906 1191 4962; x_wconf 73' lang='lat' dir='ltr'><strong>liter:</strong></span> <span class='ocrx_word' id='word_1_423' title='bbox 1241 4922 1476 4977; x_wconf 88' lang='lat' dir='ltr'><strong>namque</strong></span> <span class='ocrx_word' id='word_1_424' title='bbox 1503 4923 1608 4962; x_wconf 79' lang='lat' dir='ltr'><strong>vox</strong></span> <span class='ocrx_word' id='word_1_425' title='bbox 1649 4907 1802 4978; x_wconf 91' lang='lat' dir='ltr'><strong>plan-</strong></span> 
     </span>
    </p>
   </div>
   <div class='ocr_carea' id='block_1_52' title="bbox 195 4998 1802 5072">
    <p class='ocr_par' dir='ltr' id='par_1_52' title="bbox 195 4998 1802 5072">
     <span class='ocr_line' id='line_1_52' title="bbox 195 4998 1802 5072; baseline -0.001 -16"><span class='ocrx_word' id='word_1_426' title='bbox 195 5000 416 5072; x_wconf 87' lang='lat' dir='ltr'><strong>gentis,</strong></span> <span class='ocrx_word' id='word_1_427' title='bbox 468 4999 593 5056; x_wconf 88' lang='lat' dir='ltr'><strong>licet</strong></span> <span class='ocrx_word' id='word_1_428' title='bbox 618 4998 813 5071; x_wconf 91' lang='lat' dir='ltr'><strong>capitis</strong></span> <span class='ocrx_word' id='word_1_429' title='bbox 864 5014 986 5054; x_wconf 88' lang='lat' dir='ltr'><strong>esse</strong></span> <span class='ocrx_word' id='word_1_430' title='bbox 1032 4999 1299 5067; x_wconf 89' lang='lat' dir='ltr'><strong>videatur,</strong></span> <span class='ocrx_word' id='word_1_431' title='bbox 1345 5000 1601 5057; x_wconf 76' lang='lat' dir='ltr'><strong>Ecclesic</strong></span> <span class='ocrx_word' id='word_1_432' title='bbox 1623 5009 1802 5072; x_wconf 79' lang='lat' dir='ltr'><strong>potest</strong></span> 
     </span>
    </p>
   </div>
   <div class='ocr_carea' id='block_1_53' title="bbox 195 5089 1798 5164">
    <p class='ocr_par' dir='ltr' id='par_1_53' title="bbox 195 5089 1798 5164">
     <span class='ocr_line' id='line_1_53' title="bbox 195 5089 1798 5164; baseline -0.002 -16"><span class='ocrx_word' id='word_1_433' title='bbox 195 5107 509 5164; x_wconf 88' lang='lat' dir='ltr'><strong>congruere</strong></span> <span class='ocrx_word' id='word_1_434' title='bbox 544 5110 556 5145; x_wconf 92' lang='lat'><strong>:</strong></span> <span class='ocrx_word' id='word_1_435' title='bbox 589 5108 694 5147; x_wconf 91' lang='lat' dir='ltr'><strong>nou</strong></span> <span class='ocrx_word' id='word_1_436' title='bbox 741 5091 884 5161; x_wconf 90' lang='lat' dir='ltr'><strong>quod</strong></span> <span class='ocrx_word' id='word_1_437' title='bbox 932 5089 1182 5147; x_wconf 85' lang='lat' dir='ltr'><strong>Christus</strong></span> <span class='ocrx_word' id='word_1_438' title='bbox 1235 5100 1524 5159; x_wconf 89' lang='lat' dir='ltr'><strong>vetustate,</strong></span> <span class='ocrx_word' id='word_1_439' title='bbox 1577 5100 1636 5146; x_wconf 87' lang='lat' dir='ltr'><strong>ut</strong></span> <span class='ocrx_word' id='word_1_440' title='bbox 1687 5091 1798 5161; x_wconf 88' lang='lat' dir='ltr'><strong>jam</strong></span> 
     </span>
    </p>
   </div>
   <div class='ocr_carea' id='block_1_54' title="bbox 197 5181 1801 5255">
    <p class='ocr_par' dir='ltr' id='par_1_54' title="bbox 197 5181 1801 5255">
     <span class='ocr_line' id='line_1_54' title="bbox 197 5181 1801 5255; baseline -0.002 -14"><span class='ocrx_word' id='word_1_441' title='bbox 197 5200 375 5255; x_wconf 81' lang='lat' dir='ltr'><strong>supra</strong></span> <span class='ocrx_word' id='word_1_442' title='bbox 410 5183 543 5249; x_wconf 82' lang='lat' dir='ltr'><strong>dixi,</strong></span> <span class='ocrx_word' id='word_1_443' title='bbox 577 5181 802 5239; x_wconf 75' lang='lat' dir='ltr'><strong>affectus</strong></span> <span class='ocrx_word' id='word_1_444' title='bbox 849 5182 920 5238; x_wconf 88' lang='lat' dir='ltr'><strong>sit</strong></span> <span class='ocrx_word' id='word_1_445' title='bbox 948 5183 1179 5253; x_wconf 88' lang='lat' dir='ltr'><strong>peccati,</strong></span> <span class='ocrx_word' id='word_1_446' title='bbox 1228 5183 1323 5238; x_wconf 91' lang='lat' dir='ltr'><strong>sed</strong></span> <span class='ocrx_word' id='word_1_447' title='bbox 1361 5184 1486 5253; x_wconf 88' lang='lat' dir='ltr'><strong>quia</strong></span> <span class='ocrx_word' id='word_1_448' title='bbox 1512 5192 1637 5238; x_wconf 91' lang='lat' dir='ltr'><strong>sunt</strong></span> <span class='ocrx_word' id='word_1_449' title='bbox 1660 5181 1801 5238; x_wconf 85' lang='lat' dir='ltr'><strong>infra</strong></span> 
     </span>
    </p>
   </div>
   <div class='ocr_carea' id='block_1_55' title="bbox 197 5275 1801 5347">
    <p class='ocr_par' dir='ltr' id='par_1_55' title="bbox 197 5275 1801 5347">
     <span class='ocr_line' id='line_1_55' title="bbox 197 5275 1801 5347; baseline -0.002 -15"><span class='ocrx_word' id='word_1_450' title='bbox 197 5275 329 5347; x_wconf 86' lang='lat' dir='ltr'><strong>ejus</strong></span> <span class='ocrx_word' id='word_1_451' title='bbox 360 5291 581 5345; x_wconf 88' lang='lat' dir='ltr'><strong>corpus,</strong></span> <span class='ocrx_word' id='word_1_452' title='bbox 623 5290 854 5346; x_wconf 90' lang='lat' dir='ltr'><strong>quorum</strong></span> <span class='ocrx_word' id='word_1_453' title='bbox 904 5275 1013 5328; x_wconf 87' lang='lat' dir='ltr'><strong>vita</strong></span> <span class='ocrx_word' id='word_1_454' title='bbox 1067 5275 1278 5330; x_wconf 88' lang='lat' dir='ltr'><strong>actibus</strong></span> <span class='ocrx_word' id='word_1_455' title='bbox 1325 5275 1619 5330; x_wconf 91' lang='lat' dir='ltr'><strong>inveterata</strong></span> <span class='ocrx_word' id='word_1_456' title='bbox 1674 5289 1801 5329; x_wconf 87' lang='lat' dir='ltr'><strong>cor-</strong></span> 
     </span>
    </p>
   </div>
   <div class='ocr_carea' id='block_1_56' title="bbox 197 5367 1800 5440">
    <p class='ocr_par' dir='ltr' id='par_1_56' title="bbox 197 5367 1800 5440">
     <span class='ocr_line' id='line_1_56' title="bbox 197 5367 1800 5440; baseline -0.003 -15"><span class='ocrx_word' id='word_1_457' title='bbox 197 5368 502 5439; x_wconf 82' lang='lat' dir='ltr'><strong>rumpitur,</strong></span> <span class='ocrx_word' id='word_1_458' title='bbox 529 5383 628 5440; x_wconf 84' lang='lat' dir='ltr'><strong>pro</strong></span> <span class='ocrx_word' id='word_1_459' title='bbox 685 5368 881 5438; x_wconf 85' lang='lat' dir='ltr'><strong>quibus</strong></span> <span class='ocrx_word' id='word_1_460' title='bbox 926 5367 1094 5438; x_wconf 85' lang='lat' dir='ltr'><strong>gemit</strong></span> <span class='ocrx_word' id='word_1_461' title='bbox 1137 5376 1285 5422; x_wconf 89' lang='lat' dir='ltr'><strong>recte</strong></span> <span class='ocrx_word' id='word_1_462' title='bbox 1327 5375 1488 5437; x_wconf 90' lang='lat' dir='ltr'><strong>caput</strong></span> <span class='ocrx_word' id='word_1_463' title='bbox 1534 5374 1800 5432; x_wconf 89' lang='lat' dir='ltr'><strong>nostrum,</strong></span> 
     </span>
    </p>
   </div>
   <div class='ocr_carea' id='block_1_57' title="bbox 196 5456 1825 5537">
    <p class='ocr_par' dir='ltr' id='par_1_57' title="bbox 196 5456 1825 5537">
     <span class='ocr_line' id='line_1_57' title="bbox 196 5456 1825 5537; baseline -0.004 -20"><span class='ocrx_word' id='word_1_464' title='bbox 196 5470 434 5533; x_wconf 67' lang='lat' dir='ltr'><strong>gemunt</strong></span> <span class='ocrx_word' id='word_1_465' title='bbox 459 5471 512 5515; x_wconf 90' lang='lat' dir='ltr'><strong>et</strong></span> <span class='ocrx_word' id='word_1_466' title='bbox 531 5461 648 5531; x_wconf 87' lang='lat' dir='ltr'><strong>ejus</strong></span> <span class='ocrx_word' id='word_1_467' title='bbox 669 5460 851 5515; x_wconf 90' lang='lat' dir='ltr'><strong>omnia</strong></span> <span class='ocrx_word' id='word_1_468' title='bbox 881 5458 1162 5515; x_wconf 84' lang='lat' dir='ltr'><strong>electionis</strong></span> <span class='ocrx_word' id='word_1_469' title='bbox 1203 5459 1478 5513; x_wconf 89' lang='lat' dir='ltr'><strong>membra:</strong></span> <span class='ocrx_word' id='word_1_470' title='bbox 1505 5458 1629 5527; x_wconf 87' lang='lat' dir='ltr'><strong>quia</strong></span> <span class='ocrx_word' id='word_1_471' title='bbox 1660 5456 1825 5537; x_wconf 12' lang='lat' dir='ltr'><strong>ntul-r</strong></span> 
     </span>
    </p>
   </div>
   <div class='ocr_carea' id='block_1_58' title="bbox 202 5550 1804 5610">
    <p class='ocr_par' dir='ltr' id='par_1_58' title="bbox 202 5550 1804 5610">
     <span class='ocr_line' id='line_1_58' title="bbox 202 5550 1804 5610; baseline -0.005 0"><span class='ocrx_word' id='word_1_472' title='bbox 202 5566 295 5610; x_wconf 90' lang='lat' dir='ltr'><strong>tos</strong></span> <span class='ocrx_word' id='word_1_473' title='bbox 323 5553 508 5608; x_wconf 89' lang='lat' dir='ltr'><strong>vident</strong></span> <span class='ocrx_word' id='word_1_474' title='bbox 538 5550 675 5607; x_wconf 81' lang='lat' dir='ltr'><strong>infra</strong></span> <span class='ocrx_word' id='word_1_475' title='bbox 705 5552 999 5608; x_wconf 76' lang='lat' dir='ltr'><strong>Ecclesium</strong></span> <span class='ocrx_word' id='word_1_476' title='bbox 1029 5550 1346 5605; x_wconf 89' lang='lat' dir='ltr'><strong>delictorum</strong></span> <span class='ocrx_word' id='word_1_477' title='bbox 1379 5557 1647 5604; x_wconf 81' lang='lat' dir='ltr'><strong>vetustate</strong></span> <span class='ocrx_word' id='word_1_478' title='bbox 1675 5564 1804 5603; x_wconf 90' lang='lat' dir='ltr'><strong>cou-</strong></span> 
     </span>
    </p>
   </div>
   <div class='ocr_carea' id='block_1_59' title="bbox 200 5642 1805 5717">
    <p class='ocr_par' dir='ltr' id='par_1_59' title="bbox 200 5642 1805 5717">
     <span class='ocr_line' id='line_1_59' title="bbox 200 5642 1805 5717; baseline -0.004 -14"><span class='ocrx_word' id='word_1_479' title='bbox 200 5654 477 5717; x_wconf 79' lang='lat' dir='ltr'><strong>sumptos.</strong></span> <span class='ocrx_word' id='word_1_480' title='bbox 512 5643 668 5702; x_wconf 88' lang='lat' dir='ltr'><strong>Unde</strong></span> <span class='ocrx_word' id='word_1_481' title='bbox 718 5643 888 5700; x_wconf 87' lang='lat' dir='ltr'><strong>David</strong></span> <span class='ocrx_word' id='word_1_482' title='bbox 939 5643 1159 5715; x_wconf 89' lang='lat' dir='ltr'><strong>plorans</strong></span> <span class='ocrx_word' id='word_1_483' title='bbox 1202 5643 1355 5714; x_wconf 87' lang='lat' dir='ltr'><strong>quasi</strong></span> <span class='ocrx_word' id='word_1_484' title='bbox 1398 5657 1502 5696; x_wconf 89' lang='lat' dir='ltr'><strong>una</strong></span> <span class='ocrx_word' id='word_1_485' title='bbox 1541 5644 1607 5698; x_wconf 87' lang='lat' dir='ltr'><strong>de</strong></span> <span class='ocrx_word' id='word_1_486' title='bbox 1630 5642 1805 5699; x_wconf 88' lang='lat' dir='ltr'><strong>sacris</strong></span> 
     </span>
    </p>
   </div>
   <div class='ocr_carea' id='block_1_60' title="bbox 199 5737 1847 5815">
    <p class='ocr_par' dir='ltr' id='par_1_60' title="bbox 199 5737 1847 5815">
     <span class='ocr_line' id='line_1_60' title="bbox 199 5737 1847 5815; baseline -0.001 -21"><span class='ocrx_word' id='word_1_487' title='bbox 199 5740 444 5815; x_wconf 85' lang='lat' dir='ltr'><strong>pellibus</strong></span> <span class='ocrx_word' id='word_1_488' title='bbox 476 5756 490 5792; x_wconf 89' lang='lat'>:</span> <span class='ocrx_word' id='word_1_489' title='bbox 521 5738 815 5795; x_wconf 82' lang='lat' dir='ltr'><strong>Inveteravi</strong></span> <span class='ocrx_word' id='word_1_490' title='bbox 839 5779 856 5805; x_wconf 89' lang='lat'><strong>,</strong></span> <span class='ocrx_word' id='word_1_491' title='bbox 900 5737 1077 5809; x_wconf 89' lang='lat' dir='ltr'><strong>inquit</strong></span> <span class='ocrx_word' id='word_1_492' title='bbox 1102 5780 1115 5806; x_wconf 91' lang='lat'><strong>,</strong></span> <span class='ocrx_word' id='word_1_493' title='bbox 1164 5739 1298 5793; x_wconf 87' lang='lat' dir='ltr'><strong>inter</strong></span> <span class='ocrx_word' id='word_1_494' title='bbox 1340 5754 1516 5793; x_wconf 87' lang='lat' dir='ltr'><strong>omnes</strong></span> <span class='ocrx_word' id='word_1_495' title='bbox 1561 5737 1800 5793; x_wconf 85' lang='lat' dir='ltr'><strong>inimicos</strong></span> <span class='ocrx_word' id='word_1_496' title='bbox 1841 5764 1847 5773; x_wconf 84' lang='lat'><strong>~</strong></span> 
     </span>
    </p>
   </div>
   <div class='ocr_carea' id='block_1_61' title="bbox 1897 642 3492 716">
    <p class='ocr_par' dir='ltr' id='par_1_61' title="bbox 1897 642 3492 716">
     <span class='ocr_line' id='line_1_61' title="bbox 1897 642 3492 716; baseline 0.001 -18"><span class='ocrx_word' id='word_1_497' title='bbox 1897 642 2009 699; x_wconf 92' lang='lat' dir='ltr'><strong>lum</strong></span> <span class='ocrx_word' id='word_1_498' title='bbox 2037 660 2216 709; x_wconf 89' lang='lat' dir='ltr'><strong>suum,</strong></span> <span class='ocrx_word' id='word_1_499' title='bbox 2251 644 2484 701; x_wconf 90' lang='lat' dir='ltr'><strong>habetet</strong></span> <span class='ocrx_word' id='word_1_500' title='bbox 2513 644 2892 716; x_wconf 85' lang='lat' dir='ltr'><strong>hyacinthinas</strong></span> <span class='ocrx_word' id='word_1_501' title='bbox 2918 645 2986 699; x_wconf 87' lang='lat' dir='ltr'><strong>ad</strong></span> <span class='ocrx_word' id='word_1_502' title='bbox 3020 643 3270 701; x_wconf 85' lang='lat' dir='ltr'><strong>decorem</strong></span> <span class='ocrx_word' id='word_1_503' title='bbox 3290 652 3348 701; x_wconf 91' lang='lat' dir='ltr'><strong>et</strong></span> <span class='ocrx_word' id='word_1_504' title='bbox 3371 643 3492 700; x_wconf 85' lang='lat' dir='ltr'><strong>lau-</strong></span> 
     </span>
    </p>
   </div>
   <div class='ocr_carea' id='block_1_62' title="bbox 1898 724 3497 810">
    <p class='ocr_par' dir='ltr' id='par_1_62' title="bbox 1898 724 3497 810">
     <span class='ocr_line' id='line_1_62' title="bbox 1898 724 3497 810; baseline 0.002 -17"><span class='ocrx_word' id='word_1_505' title='bbox 1898 738 2022 793; x_wconf 90' lang='lat' dir='ltr'><strong>dem</strong></span> <span class='ocrx_word' id='word_1_506' title='bbox 2073 738 2307 793; x_wconf 91' lang='lat' dir='ltr'><strong>nominis</strong></span> <span class='ocrx_word' id='word_1_507' title='bbox 2354 737 2437 793; x_wconf 92' lang='lat' dir='ltr'><strong>sui</strong></span> <span class='ocrx_word' id='word_1_508' title='bbox 2463 734 2662 808; x_wconf 76' lang='lat' dir='ltr'><strong>(Exod.</strong></span> <span class='ocrx_word' id='word_1_509' title='bbox 2713 753 2822 793; x_wconf 79' lang='lat' dir='ltr'><strong>xxv</strong></span> <span class='ocrx_word' id='word_1_510' title='bbox 2854 748 2904 791; x_wconf 84' lang='lat' dir='ltr'><strong>et</strong></span> <span class='ocrx_word' id='word_1_511' title='bbox 2933 736 3120 810; x_wconf 77' lang='lat' dir='ltr'><strong>xxvr).</strong></span> <span class='ocrx_word' id='word_1_512' title='bbox 3152 735 3261 795; x_wconf 89' lang='lat' dir='ltr'><strong>Sed</strong></span> <span class='ocrx_word' id='word_1_513' title='bbox 3289 737 3345 793; x_wconf 92' lang='lat' dir='ltr'><strong>in</strong></span> <span class='ocrx_word' id='word_1_514' title='bbox 3372 724 3497 796; x_wconf 69' lang='lat' dir='ltr'><strong>istis</strong></span> 
     </span>
    </p>
   </div>
   <div class='ocr_carea' id='block_1_63' title="bbox 1896 826 3498 901">
    <p class='ocr_par' dir='ltr' id='par_1_63' title="bbox 1896 826 3498 901">
     <span class='ocr_line' id='line_1_63' title="bbox 1896 826 3498 901; baseline 0.002 -18"><span class='ocrx_word' id='word_1_515' title='bbox 1896 843 2123 901; x_wconf 88' lang='lat' dir='ltr'><strong>pauper,</strong></span> <span class='ocrx_word' id='word_1_516' title='bbox 2152 845 2275 900; x_wconf 66' lang='lat' dir='ltr'><strong>qua:</strong></span> <span class='ocrx_word' id='word_1_517' title='bbox 2305 837 2577 885; x_wconf 84' lang='lat' dir='ltr'><strong>vetustate</strong></span> <span class='ocrx_word' id='word_1_518' title='bbox 2611 826 2919 885; x_wconf 75' lang='lat' dir='ltr'><strong>afﬁciuntur</strong></span> <span class='ocrx_word' id='word_1_519' title='bbox 2950 845 2965 883; x_wconf 86' lang='lat'><strong>:</strong></span> <span class='ocrx_word' id='word_1_520' title='bbox 3006 828 3061 883; x_wconf 87' lang='lat' dir='ltr'><strong>itt</strong></span> <span class='ocrx_word' id='word_1_521' title='bbox 3109 827 3215 885; x_wconf 90' lang='lat' dir='ltr'><strong>illis</strong></span> <span class='ocrx_word' id='word_1_522' title='bbox 3242 843 3373 885; x_wconf 88' lang='lat' dir='ltr'><strong>vero</strong></span> <span class='ocrx_word' id='word_1_523' title='bbox 3414 828 3498 886; x_wconf 88' lang='lat' dir='ltr'><strong>di-</strong></span> 
     </span>
    </p>
   </div>
   <div class='ocr_carea' id='block_1_64' title="bbox 1895 921 3499 995">
    <p class='ocr_par' dir='ltr' id='par_1_64' title="bbox 1895 921 3499 995">
     <span class='ocr_line' id='line_1_64' title="bbox 1895 921 3499 995; baseline 0.002 -18"><span class='ocrx_word' id='word_1_524' title='bbox 1895 937 2009 987; x_wconf 90' lang='lat' dir='ltr'><strong>ves,</strong></span> <span class='ocrx_word' id='word_1_525' title='bbox 2046 938 2166 993; x_wconf 71' lang='lat' dir='ltr'><strong>quae</strong></span> <span class='ocrx_word' id='word_1_526' title='bbox 2192 924 2258 979; x_wconf 90' lang='lat' dir='ltr'><strong>ad</strong></span> <span class='ocrx_word' id='word_1_527' title='bbox 2287 923 2539 979; x_wconf 88' lang='lat' dir='ltr'><strong>decorem</strong></span> <span class='ocrx_word' id='word_1_528' title='bbox 2581 923 2818 979; x_wconf 89' lang='lat' dir='ltr'><strong>nominis</strong></span> <span class='ocrx_word' id='word_1_529' title='bbox 2863 921 3002 993; x_wconf 88' lang='lat' dir='ltr'><strong>ejus,</strong></span> <span class='ocrx_word' id='word_1_530' title='bbox 3055 924 3315 995; x_wconf 90' lang='lat' dir='ltr'><strong>sanguine</strong></span> <span class='ocrx_word' id='word_1_531' title='bbox 3367 939 3499 995; x_wconf 86' lang='lat' dir='ltr'><strong>pro-</strong></span> 
     </span>
    </p>
   </div>
   <div class='ocr_carea' id='block_1_65' title="bbox 1896 1000 3505 1086">
    <p class='ocr_par' dir='ltr' id='par_1_65' title="bbox 1896 1000 3505 1086">
     <span class='ocr_line' id='line_1_65' title="bbox 1896 1000 3505 1086; baseline 0.002 -19"><span class='ocrx_word' id='word_1_532' title='bbox 1896 1012 2017 1084; x_wconf 92' lang='lat' dir='ltr'><strong>prio</strong></span> <span class='ocrx_word' id='word_1_533' title='bbox 2046 1014 2414 1078; x_wconf 90' lang='lat' dir='ltr'><strong>rubricantur,</strong></span> <span class='ocrx_word' id='word_1_534' title='bbox 2462 1021 2558 1068; x_wconf 91' lang='lat' dir='ltr'><strong>aut</strong></span> <span class='ocrx_word' id='word_1_535' title='bbox 2605 1012 2727 1069; x_wconf 78' lang='lat' dir='ltr'><strong>eteli</strong></span> <span class='ocrx_word' id='word_1_536' title='bbox 2772 1012 3045 1069; x_wconf 90' lang='lat' dir='ltr'><strong>coloribus</strong></span> <span class='ocrx_word' id='word_1_537' title='bbox 3088 1000 3505 1086; x_wconf 84' lang='lat' dir='ltr'><strong>comparantur.</strong></span> 
     </span>
    </p>
   </div>
   <div class='ocr_carea' id='block_1_66' title="bbox 1898 1106 3497 1179">
    <p class='ocr_par' dir='ltr' id='par_1_66' title="bbox 1898 1106 3497 1179">
     <span class='ocr_line' id='line_1_66' title="bbox 1898 1106 3497 1179; baseline 0.002 -18"><span class='ocrx_word' id='word_1_538' title='bbox 1898 1106 2067 1162; x_wconf 89' lang='lat' dir='ltr'><strong>Porro</strong></span> <span class='ocrx_word' id='word_1_539' title='bbox 2088 1108 2257 1178; x_wconf 87' lang='lat' dir='ltr'><strong>pelles</strong></span> <span class='ocrx_word' id='word_1_540' title='bbox 2291 1108 2521 1162; x_wconf 89' lang='lat' dir='ltr'><strong>arietum</strong></span> <span class='ocrx_word' id='word_1_541' title='bbox 2559 1108 2853 1164; x_wconf 72' lang='lat' dir='ltr'><strong>rubricata:</strong></span> <span class='ocrx_word' id='word_1_542' title='bbox 2872 1123 3100 1179; x_wconf 89' lang='lat' dir='ltr'><strong>corpora</strong></span> <span class='ocrx_word' id='word_1_543' title='bbox 3131 1117 3261 1163; x_wconf 91' lang='lat' dir='ltr'><strong>sunt</strong></span> <span class='ocrx_word' id='word_1_544' title='bbox 3285 1117 3497 1164; x_wconf 88' lang='lat' dir='ltr'><strong>sancto-</strong></span> 
     </span>
    </p>
   </div>
   <div class='ocr_carea' id='block_1_67' title="bbox 1899 1199 3491 1274">
    <p class='ocr_par' dir='ltr' id='par_1_67' title="bbox 1899 1199 3491 1274">
     <span class='ocr_line' id='line_1_67' title="bbox 1899 1199 3491 1274; baseline 0.001 -19"><span class='ocrx_word' id='word_1_545' title='bbox 1899 1216 2020 1255; x_wconf 88' lang='lat' dir='ltr'><strong>rum</strong></span> <span class='ocrx_word' id='word_1_546' title='bbox 2051 1200 2314 1271; x_wconf 86' lang='lat' dir='ltr'><strong>martyrio</strong></span> <span class='ocrx_word' id='word_1_547' title='bbox 2347 1199 2564 1274; x_wconf 62' lang='grc' dir='ltr'><strong>1414Ι</strong></span> <span class='ocrx_word' id='word_1_548' title='bbox 2590 1201 2837 1256; x_wconf 88' lang='lat' dir='ltr'><strong>dedicata</strong></span> <span class='ocrx_word' id='word_1_549' title='bbox 2860 1242 2876 1267; x_wconf 91' lang='lat'><strong>,</strong></span> <span class='ocrx_word' id='word_1_550' title='bbox 2907 1202 2973 1256; x_wconf 90' lang='lat' dir='ltr'><strong>de</strong></span> <span class='ocrx_word' id='word_1_551' title='bbox 3000 1201 3198 1273; x_wconf 90' lang='lat' dir='ltr'><strong>quibus</strong></span> <span class='ocrx_word' id='word_1_552' title='bbox 3241 1201 3491 1257; x_wconf 88' lang='lat' dir='ltr'><strong>canitur:</strong></span> 
     </span>
    </p>
   </div>
   <div class='ocr_carea' id='block_1_68' title="bbox 1897 1293 3494 1365">
    <p class='ocr_par' dir='ltr' id='par_1_68' title="bbox 1897 1293 3494 1365">
     <span class='ocr_line' id='line_1_68' title="bbox 1897 1293 3494 1365; baseline 0.001 -17"><span class='ocrx_word' id='word_1_553' title='bbox 1897 1293 2094 1365; x_wconf 73' lang='lat' dir='ltr'><strong>Aﬂ&#39;erte</strong></span> <span class='ocrx_word' id='word_1_554' title='bbox 2114 1294 2354 1360; x_wconf 88' lang='lat' dir='ltr'><strong>Domino,</strong></span> <span class='ocrx_word' id='word_1_555' title='bbox 2376 1294 2478 1365; x_wconf 76' lang='lat' dir='ltr'><strong>ﬁlii</strong></span> <span class='ocrx_word' id='word_1_556' title='bbox 2502 1294 2623 1360; x_wconf 86' lang='lat' dir='ltr'><strong>Dei,</strong></span> <span class='ocrx_word' id='word_1_557' title='bbox 2642 1294 2831 1364; x_wconf 70' lang='lat' dir='ltr'><strong>aﬂ‘erte</strong></span> <span class='ocrx_word' id='word_1_558' title='bbox 2850 1293 3077 1349; x_wconf 86' lang='lat' dir='ltr'><strong>Domino</strong></span> <span class='ocrx_word' id='word_1_559' title='bbox 3096 1294 3239 1365; x_wconf 82' lang='lat' dir='ltr'><strong>ﬁlios</strong></span> <span class='ocrx_word' id='word_1_560' title='bbox 3266 1295 3494 1349; x_wconf 83' lang='lat' dir='ltr'><strong>arietum</strong></span> 
     </span>
    </p>
   </div>
   <div class='ocr_carea' id='block_1_69' title="bbox 1899 1388 3496 1462">
    <p class='ocr_par' dir='ltr' id='par_1_69' title="bbox 1899 1388 3496 1462">
     <span class='ocr_line' id='line_1_69' title="bbox 1899 1388 3496 1462; baseline 0.002 -20"><span class='ocrx_word' id='word_1_561' title='bbox 1899 1388 2087 1462; x_wconf 87' lang='lat' dir='ltr'><strong>(Psal.</strong></span> <span class='ocrx_word' id='word_1_562' title='bbox 2120 1389 2347 1461; x_wconf 83' lang='lat' dir='ltr'><strong>xxvtu).</strong></span> <span class='ocrx_word' id='word_1_563' title='bbox 2390 1388 2763 1461; x_wconf 76' lang='lat' dir='ltr'><strong>liyacinthiuae</strong></span> <span class='ocrx_word' id='word_1_564' title='bbox 2791 1403 2922 1444; x_wconf 91' lang='lat' dir='ltr'><strong>vero</strong></span> <span class='ocrx_word' id='word_1_565' title='bbox 2951 1397 3079 1445; x_wconf 89' lang='lat' dir='ltr'><strong>sunt</strong></span> <span class='ocrx_word' id='word_1_566' title='bbox 3115 1405 3307 1445; x_wconf 91' lang='lat' dir='ltr'><strong>eorum</strong></span> <span class='ocrx_word' id='word_1_567' title='bbox 3356 1403 3496 1460; x_wconf 91' lang='lat' dir='ltr'><strong>quos</strong></span> 
     </span>
    </p>
   </div>
   <div class='ocr_carea' id='block_1_70' title="bbox 1897 1480 3493 1553">
    <p class='ocr_par' dir='ltr' id='par_1_70' title="bbox 1897 1480 3493 1553">
     <span class='ocr_line' id='line_1_70' title="bbox 1897 1480 3493 1553; baseline 0.003 -20"><span class='ocrx_word' id='word_1_568' title='bbox 1897 1480 2182 1552; x_wconf 87' lang='lat' dir='ltr'><strong>virginitas</strong></span> <span class='ocrx_word' id='word_1_569' title='bbox 2198 1482 2267 1536; x_wconf 90' lang='lat' dir='ltr'><strong>ad</strong></span> <span class='ocrx_word' id='word_1_570' title='bbox 2286 1480 2408 1537; x_wconf 86' lang='lat' dir='ltr'><strong>coeli</strong></span> <span class='ocrx_word' id='word_1_571' title='bbox 2432 1482 2668 1552; x_wconf 91' lang='lat' dir='ltr'><strong>speciem</strong></span> <span class='ocrx_word' id='word_1_572' title='bbox 2693 1482 2975 1551; x_wconf 79' lang='lat' dir='ltr'><strong>provexit:</strong></span> <span class='ocrx_word' id='word_1_573' title='bbox 3004 1481 3132 1553; x_wconf 90' lang='lat' dir='ltr'><strong>quia</strong></span> <span class='ocrx_word' id='word_1_574' title='bbox 3157 1481 3291 1538; x_wconf 89' lang='lat' dir='ltr'><strong>tales</strong></span> <span class='ocrx_word' id='word_1_575' title='bbox 3316 1497 3493 1553; x_wconf 90' lang='lat' dir='ltr'><strong>neque</strong></span> 
     </span>
    </p>
   </div>
   <div class='ocr_carea' id='block_1_71' title="bbox 1899 1573 3495 1647">
    <p class='ocr_par' dir='ltr' id='par_1_71' title="bbox 1899 1573 3495 1647">
     <span class='ocr_line' id='line_1_71' title="bbox 1899 1573 3495 1647; baseline 0.001 -19"><span class='ocrx_word' id='word_1_576' title='bbox 1899 1576 2104 1629; x_wconf 84' lang='lat' dir='ltr'><strong>nubent</strong></span> <span class='ocrx_word' id='word_1_577' title='bbox 2135 1591 2309 1644; x_wconf 87' lang='lat' dir='ltr'><strong>neque</strong></span> <span class='ocrx_word' id='word_1_578' title='bbox 2341 1573 2614 1630; x_wconf 73' lang='lat' dir='ltr'><strong>turbentur</strong></span> <span class='ocrx_word' id='word_1_579' title='bbox 2642 1573 2967 1647; x_wconf 81' lang='lat' dir='ltr'><strong>(Evangelio</strong></span> <span class='ocrx_word' id='word_1_580' title='bbox 2998 1573 3192 1646; x_wconf 87' lang='lat' dir='ltr'><strong>teste),</strong></span> <span class='ocrx_word' id='word_1_581' title='bbox 3221 1575 3317 1631; x_wconf 89' lang='lat' dir='ltr'><strong>sed</strong></span> <span class='ocrx_word' id='word_1_582' title='bbox 3364 1582 3495 1631; x_wconf 89' lang='lat' dir='ltr'><strong>sunt</strong></span> 
     </span>
    </p>
   </div>
   <div class='ocr_carea' id='block_1_72' title="bbox 1899 1665 3493 1738">
    <p class='ocr_par' dir='ltr' id='par_1_72' title="bbox 1899 1665 3493 1738">
     <span class='ocr_line' id='line_1_72' title="bbox 1899 1665 3493 1738; baseline -0.001 -16"><span class='ocrx_word' id='word_1_583' title='bbox 1899 1667 2235 1738; x_wconf 90' lang='lat' dir='ltr'><strong>sicutangeli</strong></span> <span class='ocrx_word' id='word_1_584' title='bbox 2262 1667 2315 1721; x_wconf 91' lang='lat' dir='ltr'><strong>in</strong></span> <span class='ocrx_word' id='word_1_585' title='bbox 2342 1666 2480 1723; x_wconf 84' lang='lat' dir='ltr'><strong>coelo</strong></span> <span class='ocrx_word' id='word_1_586' title='bbox 2516 1665 2679 1738; x_wconf 87' lang='lat' dir='ltr'><strong>(Luc.</strong></span> <span class='ocrx_word' id='word_1_587' title='bbox 2708 1666 2833 1736; x_wconf 82' lang='lat' dir='ltr'><strong>xx).</strong></span> <span class='ocrx_word' id='word_1_588' title='bbox 2864 1666 3020 1723; x_wconf 90' lang='lat' dir='ltr'><strong>Unde</strong></span> <span class='ocrx_word' id='word_1_589' title='bbox 3058 1676 3114 1723; x_wconf 87' lang='lat' dir='ltr'><strong>et</strong></span> <span class='ocrx_word' id='word_1_590' title='bbox 3152 1668 3206 1722; x_wconf 91' lang='lat' dir='ltr'><strong>in</strong></span> <span class='ocrx_word' id='word_1_591' title='bbox 3238 1668 3493 1722; x_wconf 89' lang='lat' dir='ltr'><strong>taberna-</strong></span> 
     </span>
    </p>
   </div>
   <div class='ocr_carea' id='block_1_73' title="bbox 1896 1758 3493 1830">
    <p class='ocr_par' dir='ltr' id='par_1_73' title="bbox 1896 1758 3493 1830">
     <span class='ocr_line' id='line_1_73' title="bbox 1896 1758 3493 1830; baseline -0.001 -14"><span class='ocrx_word' id='word_1_592' title='bbox 1896 1760 2018 1816; x_wconf 93' lang='lat' dir='ltr'><strong>culo</strong></span> <span class='ocrx_word' id='word_1_593' title='bbox 2047 1759 2405 1830; x_wconf 83' lang='lat' dir='ltr'><strong>proxitniores</strong></span> <span class='ocrx_word' id='word_1_594' title='bbox 2436 1759 2577 1815; x_wconf 86' lang='lat' dir='ltr'><strong>caelo</strong></span> <span class='ocrx_word' id='word_1_595' title='bbox 2605 1759 2759 1813; x_wconf 81' lang='lat' dir='ltr'><strong>fiunt.</strong></span> <span class='ocrx_word' id='word_1_596' title='bbox 2810 1759 3107 1830; x_wconf 87' lang='lat' dir='ltr'><strong>Propterea</strong></span> <span class='ocrx_word' id='word_1_597' title='bbox 3151 1769 3206 1816; x_wconf 87' lang='lat' dir='ltr'><strong>et</strong></span> <span class='ocrx_word' id='word_1_598' title='bbox 3251 1758 3493 1815; x_wconf 87' lang='lat' dir='ltr'><strong>Ecclesia</strong></span> 
     </span>
    </p>
   </div>
   <div class='ocr_carea' id='block_1_74' title="bbox 1898 1851 3494 1925">
    <p class='ocr_par' dir='ltr' id='par_1_74' title="bbox 1898 1851 3494 1925">
     <span class='ocr_line' id='line_1_74' title="bbox 1898 1851 3494 1925; baseline -0.001 -17"><span class='ocrx_word' id='word_1_599' title='bbox 1898 1853 2121 1924; x_wconf 90' lang='lat' dir='ltr'><strong>loquens</strong></span> <span class='ocrx_word' id='word_1_600' title='bbox 2167 1853 2231 1907; x_wconf 90' lang='lat' dir='ltr'><strong>de</strong></span> <span class='ocrx_word' id='word_1_601' title='bbox 2275 1867 2333 1908; x_wconf 91' lang='lat' dir='ltr'><strong>se</strong></span> <span class='ocrx_word' id='word_1_602' title='bbox 2379 1851 2432 1906; x_wconf 93' lang='lat' dir='ltr'><strong>in</strong></span> <span class='ocrx_word' id='word_1_603' title='bbox 2480 1852 2722 1908; x_wconf 85' lang='lat' dir='ltr'><strong>Canticis</strong></span> <span class='ocrx_word' id='word_1_604' title='bbox 2753 1871 2766 1906; x_wconf 91' lang='lat'><strong>:</strong></span> <span class='ocrx_word' id='word_1_605' title='bbox 2803 1851 2975 1923; x_wconf 88' lang='lat' dir='ltr'><strong>Nigra</strong></span> <span class='ocrx_word' id='word_1_606' title='bbox 3012 1870 3148 1919; x_wconf 87' lang='lat' dir='ltr'><strong>sum,</strong></span> <span class='ocrx_word' id='word_1_607' title='bbox 3176 1854 3369 1925; x_wconf 90' lang='lat' dir='ltr'><strong>inquit,</strong></span> <span class='ocrx_word' id='word_1_608' title='bbox 3401 1852 3494 1907; x_wconf 82' lang='lat' dir='ltr'><strong>sed</strong></span> 
     </span>
    </p>
   </div>
   <div class='ocr_carea' id='block_1_75' title="bbox 1896 1944 3492 2017">
    <p class='ocr_par' dir='ltr' id='par_1_75' title="bbox 1896 1944 3492 2017">
     <span class='ocr_line' id='line_1_75' title="bbox 1896 1944 3492 2017; baseline -0.002 -16"><span class='ocrx_word' id='word_1_609' title='bbox 1896 1946 2149 2017; x_wconf 76' lang='lat' dir='ltr'><strong>formosa,</strong></span> <span class='ocrx_word' id='word_1_610' title='bbox 2182 1945 2310 2015; x_wconf 69' lang='lat' dir='ltr'><strong>ﬁlia’</strong></span> <span class='ocrx_word' id='word_1_611' title='bbox 2357 1944 2679 2010; x_wconf 82' lang='lat' dir='ltr'><strong>Jerusalem,</strong></span> <span class='ocrx_word' id='word_1_612' title='bbox 2727 1944 2862 1998; x_wconf 78' lang='lat' dir='ltr'><strong>sicut</strong></span> <span class='ocrx_word' id='word_1_613' title='bbox 2908 1945 3251 2000; x_wconf 87' lang='lat' dir='ltr'><strong>tabernacula</strong></span> <span class='ocrx_word' id='word_1_614' title='bbox 3298 1945 3492 2011; x_wconf 83' lang='lat' dir='ltr'><strong>Cedar,</strong></span> 
     </span>
    </p>
   </div>
   <div class='ocr_carea' id='block_1_76' title="bbox 1896 2024 3496 2111">
    <p class='ocr_par' dir='ltr' id='par_1_76' title="bbox 1896 2024 3496 2111">
     <span class='ocr_line' id='line_1_76' title="bbox 1896 2024 3496 2111; baseline -0.001 -16"><span class='ocrx_word' id='word_1_615' title='bbox 1896 2042 2031 2095; x_wconf 87' lang='lat' dir='ltr'><strong>sicut</strong></span> <span class='ocrx_word' id='word_1_616' title='bbox 2063 2039 2211 2111; x_wconf 84' lang='lat' dir='ltr'><strong>pellis</strong></span> <span class='ocrx_word' id='word_1_617' title='bbox 2246 2038 2547 2095; x_wconf 85' lang='lat' dir='ltr'><strong>Salomonis</strong></span> <span class='ocrx_word' id='word_1_618' title='bbox 2572 2036 2751 2111; x_wconf 83' lang='lat' dir='ltr'><strong>(Cant.</strong></span> <span class='ocrx_word' id='word_1_619' title='bbox 2783 2037 2846 2110; x_wconf 87' lang='grc' dir='ltr'><strong>ι).</strong></span> <span class='ocrx_word' id='word_1_620' title='bbox 2875 2038 2990 2094; x_wconf 83' lang='grc' dir='ltr'><strong>Νοη</strong></span> <span class='ocrx_word' id='word_1_621' title='bbox 3017 2039 3161 2094; x_wconf 86' lang='lat' dir='ltr'><strong>enim</strong></span> <span class='ocrx_word' id='word_1_622' title='bbox 3190 2041 3255 2095; x_wconf 90' lang='lat' dir='ltr'><strong>de</strong></span> <span class='ocrx_word' id='word_1_623' title='bbox 3284 2024 3373 2094; x_wconf 90' lang='lat' dir='ltr'><strong>illo</strong></span> <span class='ocrx_word' id='word_1_624' title='bbox 3397 2037 3496 2094; x_wconf 88' lang='lat' dir='ltr'><strong>Sa-</strong></span> 
     </span>
    </p>
   </div>
   <div class='ocr_carea' id='block_1_77' title="bbox 1898 2127 3496 2200">
    <p class='ocr_par' dir='ltr' id='par_1_77' title="bbox 1898 2127 3496 2200">
     <span class='ocr_line' id='line_1_77' title="bbox 1898 2127 3496 2200; baseline -0.001 -13"><span class='ocrx_word' id='word_1_625' title='bbox 1898 2132 2135 2197; x_wconf 90' lang='lat' dir='ltr'><strong>lomone,</strong></span> <span class='ocrx_word' id='word_1_626' title='bbox 2181 2131 2275 2187; x_wconf 87' lang='lat' dir='ltr'><strong>sed</strong></span> <span class='ocrx_word' id='word_1_627' title='bbox 2327 2131 2393 2186; x_wconf 92' lang='lat' dir='ltr'><strong>de</strong></span> <span class='ocrx_word' id='word_1_628' title='bbox 2443 2129 2659 2185; x_wconf 88' lang='lat' dir='ltr'><strong>Christo</strong></span> <span class='ocrx_word' id='word_1_629' title='bbox 2720 2138 2869 2184; x_wconf 89' lang='lat' dir='ltr'><strong>recte</strong></span> <span class='ocrx_word' id='word_1_630' title='bbox 2917 2127 3496 2200; x_wconf 83' lang='lat' dir='ltr'><strong>accipiendum,cujus</strong></span> 
     </span>
    </p>
   </div>
   <div class='ocr_carea' id='block_1_78' title="bbox 1896 2222 3497 2297">
    <p class='ocr_par' dir='ltr' id='par_1_78' title="bbox 1896 2222 3497 2297">
     <span class='ocr_line' id='line_1_78' title="bbox 1896 2222 3497 2297; baseline -0.002 -16"><span class='ocrx_word' id='word_1_631' title='bbox 1896 2225 2065 2297; x_wconf 89' lang='lat' dir='ltr'><strong>pelles</strong></span> <span class='ocrx_word' id='word_1_632' title='bbox 2088 2234 2212 2280; x_wconf 89' lang='lat' dir='ltr'><strong>sunt</strong></span> <span class='ocrx_word' id='word_1_633' title='bbox 2230 2240 2420 2280; x_wconf 91' lang='lat' dir='ltr'><strong>omnes</strong></span> <span class='ocrx_word' id='word_1_634' title='bbox 2446 2224 2645 2288; x_wconf 90' lang='lat' dir='ltr'><strong>sancti,</strong></span> <span class='ocrx_word' id='word_1_635' title='bbox 2672 2223 2844 2292; x_wconf 89' lang='lat' dir='ltr'><strong>quise</strong></span> <span class='ocrx_word' id='word_1_636' title='bbox 2876 2222 3343 2279; x_wconf 79' lang='lat' dir='ltr'><strong>mortiﬁcaverunt</strong></span> <span class='ocrx_word' id='word_1_637' title='bbox 3371 2238 3497 2278; x_wconf 88' lang='lat' dir='ltr'><strong>cru-</strong></span> 
     </span>
    </p>
   </div>
   <div class='ocr_carea' id='block_1_79' title="bbox 1898 2313 3499 2388">
    <p class='ocr_par' dir='ltr' id='par_1_79' title="bbox 1898 2313 3499 2388">
     <span class='ocr_line' id='line_1_79' title="bbox 1898 2313 3499 2388; baseline -0.003 -16"><span class='ocrx_word' id='word_1_638' title='bbox 1898 2317 2163 2388; x_wconf 83' lang='lat' dir='ltr'><strong>ciﬁgendo</strong></span> <span class='ocrx_word' id='word_1_639' title='bbox 2189 2332 2310 2371; x_wconf 90' lang='lat' dir='ltr'><strong>cum</strong></span> <span class='ocrx_word' id='word_1_640' title='bbox 2336 2314 2555 2371; x_wconf 88' lang='lat' dir='ltr'><strong>Christo</strong></span> <span class='ocrx_word' id='word_1_641' title='bbox 2584 2330 2803 2370; x_wconf 89' lang='lat' dir='ltr'><strong>carnem</strong></span> <span class='ocrx_word' id='word_1_642' title='bbox 2854 2330 3032 2380; x_wconf 91' lang='lat' dir='ltr'><strong>suam,</strong></span> <span class='ocrx_word' id='word_1_643' title='bbox 3079 2313 3148 2369; x_wconf 90' lang='lat' dir='ltr'><strong>ad</strong></span> <span class='ocrx_word' id='word_1_644' title='bbox 3177 2314 3352 2370; x_wconf 89' lang='lat' dir='ltr'><strong>instar</strong></span> <span class='ocrx_word' id='word_1_645' title='bbox 3383 2313 3499 2385; x_wconf 88' lang='lat' dir='ltr'><strong>pel-</strong></span> 
     </span>
    </p>
   </div>
   <div class='ocr_carea' id='block_1_80' title="bbox 1898 2406 3497 2479">
    <p class='ocr_par' dir='ltr' id='par_1_80' title="bbox 1898 2406 3497 2479">
     <span class='ocr_line' id='line_1_80' title="bbox 1898 2406 3497 2479; baseline -0.002 -14"><span class='ocrx_word' id='word_1_646' title='bbox 1898 2410 2028 2465; x_wconf 90' lang='lat' dir='ltr'><strong>lium</strong></span> <span class='ocrx_word' id='word_1_647' title='bbox 2080 2418 2441 2473; x_wconf 91' lang='lat' dir='ltr'><strong>mortuorum,</strong></span> <span class='ocrx_word' id='word_1_648' title='bbox 2473 2408 2573 2464; x_wconf 85' lang='lat' dir='ltr'><strong>sub</strong></span> <span class='ocrx_word' id='word_1_649' title='bbox 2597 2407 2795 2479; x_wconf 87' lang='lat' dir='ltr'><strong>quibus</strong></span> <span class='ocrx_word' id='word_1_650' title='bbox 2824 2415 3077 2477; x_wconf 91' lang='lat' dir='ltr'><strong>teguntur</strong></span> <span class='ocrx_word' id='word_1_651' title='bbox 3104 2406 3285 2461; x_wconf 84' lang='lat' dir='ltr'><strong>vitalia</strong></span> <span class='ocrx_word' id='word_1_652' title='bbox 3330 2408 3497 2462; x_wconf 88' lang='lat' dir='ltr'><strong>totius</strong></span> 
     </span>
    </p>
   </div>
   <div class='ocr_carea' id='block_1_81' title="bbox 1898 2499 3498 2572">
    <p class='ocr_par' dir='ltr' id='par_1_81' title="bbox 1898 2499 3498 2572">
     <span class='ocr_line' id='line_1_81' title="bbox 1898 2499 3498 2572; baseline -0.001 -15"><span class='ocrx_word' id='word_1_653' title='bbox 1898 2502 2143 2572; x_wconf 91' lang='lat' dir='ltr'><strong>corporis</strong></span> <span class='ocrx_word' id='word_1_654' title='bbox 2194 2503 2458 2565; x_wconf 88' lang='lat' dir='ltr'><strong>membra,</strong></span> <span class='ocrx_word' id='word_1_655' title='bbox 2506 2510 2773 2571; x_wconf 86' lang='lat' dir='ltr'><strong>quatenus</strong></span> <span class='ocrx_word' id='word_1_656' title='bbox 2828 2500 3040 2571; x_wconf 89' lang='lat' dir='ltr'><strong>possint</strong></span> <span class='ocrx_word' id='word_1_657' title='bbox 3084 2499 3141 2555; x_wconf 92' lang='lat' dir='ltr'><strong>in</strong></span> <span class='ocrx_word' id='word_1_658' title='bbox 3189 2516 3248 2556; x_wconf 91' lang='lat' dir='ltr'><strong>se</strong></span> <span class='ocrx_word' id='word_1_659' title='bbox 3291 2499 3498 2557; x_wconf 85' lang='lat' dir='ltr'><strong>Christi</strong></span> 
     </span>
    </p>
   </div>
   <div class='ocr_carea' id='block_1_82' title="bbox 1897 2592 3496 2671">
    <p class='ocr_par' dir='ltr' id='par_1_82' title="bbox 1897 2592 3496 2671">
     <span class='ocr_line' id='line_1_82' title="bbox 1897 2592 3496 2671; baseline -0.001 -20"><span class='ocrx_word' id='word_1_660' title='bbox 1897 2606 2119 2667; x_wconf 90' lang='lat' dir='ltr'><strong>portare</strong></span> <span class='ocrx_word' id='word_1_661' title='bbox 2148 2595 2558 2650; x_wconf 88' lang='lat' dir='ltr'><strong>similitudinem</strong></span> <span class='ocrx_word' id='word_1_662' title='bbox 2603 2593 2892 2664; x_wconf 90' lang='lat' dir='ltr'><strong>passionis.</strong></span> <span class='ocrx_word' id='word_1_663' title='bbox 2924 2592 2979 2647; x_wconf 85' lang='lat' dir='ltr'><strong>lu</strong></span> <span class='ocrx_word' id='word_1_664' title='bbox 3008 2592 3192 2671; x_wconf 85' lang='lat' dir='ltr'><strong>cujus</strong></span> <span class='ocrx_word' id='word_1_665' title='bbox 3238 2593 3496 2650; x_wconf 90' lang='lat' dir='ltr'><strong>nimirum</strong></span> 
     </span>
    </p>
   </div>
   <div class='ocr_carea' id='block_1_83' title="bbox 1896 2670 3495 2758">
    <p class='ocr_par' dir='ltr' id='par_1_83' title="bbox 1896 2670 3495 2758">
     <span class='ocr_line' id='line_1_83' title="bbox 1896 2670 3495 2758; baseline -0.003 -14"><span class='ocrx_word' id='word_1_666' title='bbox 1896 2702 2130 2758; x_wconf 87' lang='lat' dir='ltr'><strong>persona</strong></span> <span class='ocrx_word' id='word_1_667' title='bbox 2161 2686 2525 2741; x_wconf 90' lang='lat' dir='ltr'><strong>introducitur</strong></span> <span class='ocrx_word' id='word_1_668' title='bbox 2554 2684 2829 2749; x_wconf 85' lang='lat' dir='ltr'><strong>Salomon,</strong></span> <span class='ocrx_word' id='word_1_669' title='bbox 2876 2684 2969 2755; x_wconf 89' lang='lat' dir='ltr'><strong>qui</strong></span> <span class='ocrx_word' id='word_1_670' title='bbox 3006 2670 3279 2756; x_wconf 80' lang='lat' dir='ltr'><strong>pacificus</strong></span> <span class='ocrx_word' id='word_1_671' title='bbox 3321 2684 3495 2741; x_wconf 84' lang='lat' dir='ltr'><strong>inter-</strong></span> 
     </span>
    </p>
   </div>
   <div class='ocr_carea' id='block_1_84' title="bbox 1897 2776 3498 2851">
    <p class='ocr_par' dir='ltr' id='par_1_84' title="bbox 1897 2776 3498 2851">
     <span class='ocr_line' id='line_1_84' title="bbox 1897 2776 3498 2851; baseline -0.002 -16"><span class='ocrx_word' id='word_1_672' title='bbox 1897 2789 2162 2851; x_wconf 87' lang='lat' dir='ltr'><strong>pretatur,</strong></span> <span class='ocrx_word' id='word_1_673' title='bbox 2186 2779 2341 2851; x_wconf 87' lang='lat' dir='ltr'><strong>cujus</strong></span> <span class='ocrx_word' id='word_1_674' title='bbox 2365 2778 2670 2850; x_wconf 89' lang='lat' dir='ltr'><strong>quicunque</strong></span> <span class='ocrx_word' id='word_1_675' title='bbox 2697 2777 2854 2848; x_wconf 91' lang='lat' dir='ltr'><strong>pellis</strong></span> <span class='ocrx_word' id='word_1_676' title='bbox 2876 2778 2997 2832; x_wconf 79' lang='lat' dir='ltr'><strong>esSe</strong></span> <span class='ocrx_word' id='word_1_677' title='bbox 3030 2776 3317 2842; x_wconf 89' lang='lat' dir='ltr'><strong>meruerit,</strong></span> <span class='ocrx_word' id='word_1_678' title='bbox 3367 2792 3498 2848; x_wconf 83' lang='lat' dir='ltr'><strong>pro-</strong></span> 
     </span>
    </p>
   </div>
   <div class='ocr_carea' id='block_1_85' title="bbox 1898 2868 3496 2937">
    <p class='ocr_par' dir='ltr' id='par_1_85' title="bbox 1898 2868 3496 2937">
     <span class='ocr_line' id='line_1_85' title="bbox 1898 2868 3496 2937; baseline -0.005 -3"><span class='ocrx_word' id='word_1_679' title='bbox 1898 2878 1985 2934; x_wconf 92' lang='lat' dir='ltr'><strong>cul</strong></span> <span class='ocrx_word' id='word_1_680' title='bbox 2014 2878 2176 2932; x_wconf 91' lang='lat' dir='ltr'><strong>dubio</strong></span> <span class='ocrx_word' id='word_1_681' title='bbox 2206 2874 2510 2931; x_wconf 88' lang='lat' dir='ltr'><strong>continebit</strong></span> <span class='ocrx_word' id='word_1_682' title='bbox 2532 2874 2586 2928; x_wconf 92' lang='lat' dir='ltr'><strong>in</strong></span> <span class='ocrx_word' id='word_1_683' title='bbox 2637 2871 2942 2928; x_wconf 61' lang='lat' dir='ltr'><strong>recessibus</strong></span> <span class='ocrx_word' id='word_1_684' title='bbox 2985 2870 3201 2937; x_wconf 71' lang='lat' dir='ltr'><strong>animae,</strong></span> <span class='ocrx_word' id='word_1_685' title='bbox 3235 2870 3313 2925; x_wconf 92' lang='lat' dir='ltr'><strong>uti</strong></span> <span class='ocrx_word' id='word_1_686' title='bbox 3346 2868 3496 2926; x_wconf 87' lang='lat' dir='ltr'><strong>infra</strong></span> 
     </span>
    </p>
   </div>
   <div class='ocr_carea' id='block_1_86' title="bbox 1899 2960 3500 3034">
    <p class='ocr_par' dir='ltr' id='par_1_86' title="bbox 1899 2960 3500 3034">
     <span class='ocr_line' id='line_1_86' title="bbox 1899 2960 3500 3034; baseline -0.004 -10"><span class='ocrx_word' id='word_1_687' title='bbox 1899 2964 2086 3024; x_wconf 83' lang='lat' dir='ltr'><strong>sancta</strong></span> <span class='ocrx_word' id='word_1_688' title='bbox 2114 2975 2427 3023; x_wconf 91' lang='lat' dir='ltr'><strong>sanctorum</strong></span> <span class='ocrx_word' id='word_1_689' title='bbox 2452 2964 2634 3019; x_wconf 86' lang='lat' dir='ltr'><strong>divina</strong></span> <span class='ocrx_word' id='word_1_690' title='bbox 2672 2963 2868 3019; x_wconf 89' lang='lat' dir='ltr'><strong>summi</strong></span> <span class='ocrx_word' id='word_1_691' title='bbox 2916 2962 3061 3034; x_wconf 90' lang='lat' dir='ltr'><strong>regis</strong></span> <span class='ocrx_word' id='word_1_692' title='bbox 3087 2961 3366 3032; x_wconf 84' lang='lat' dir='ltr'><strong>mysteria.</strong></span> <span class='ocrx_word' id='word_1_693' title='bbox 3398 2960 3500 3018; x_wconf 85' lang='lat' dir='ltr'><strong>Est</strong></span> 
     </span>
    </p>
   </div>
   <div class='ocr_carea' id='block_1_87' title="bbox 1898 3040 3498 3125">
    <p class='ocr_par' dir='ltr' id='par_1_87' title="bbox 1898 3040 3498 3125">
     <span class='ocr_line' id='line_1_87' title="bbox 1898 3040 3498 3125; baseline -0.003 -11"><span class='ocrx_word' id='word_1_694' title='bbox 1898 3072 2077 3114; x_wconf 90' lang='lat' dir='ltr'><strong>autem</strong></span> <span class='ocrx_word' id='word_1_695' title='bbox 2106 3058 2345 3114; x_wconf 90' lang='lat' dir='ltr'><strong>Ecclesia</strong></span> <span class='ocrx_word' id='word_1_696' title='bbox 2376 3065 2432 3110; x_wconf 91' lang='lat' dir='ltr'><strong>ut</strong></span> <span class='ocrx_word' id='word_1_697' title='bbox 2463 3054 2810 3111; x_wconf 89' lang='lat' dir='ltr'><strong>tabernacula</strong></span> <span class='ocrx_word' id='word_1_698' title='bbox 2832 3040 3024 3118; x_wconf 88' lang='lat' dir='ltr'><strong>Cedar,</strong></span> <span class='ocrx_word' id='word_1_699' title='bbox 3058 3053 3151 3125; x_wconf 90' lang='lat' dir='ltr'><strong>qui</strong></span> <span class='ocrx_word' id='word_1_700' title='bbox 3175 3054 3498 3110; x_wconf 87' lang='lat' dir='ltr'><strong>tenebrosus</strong></span> 
     </span>
    </p>
   </div>
   <div class='ocr_carea' id='block_1_88' title="bbox 1882 3145 3497 3233">
    <p class='ocr_par' dir='ltr' id='par_1_88' title="bbox 1882 3145 3497 3233">
     <span class='ocr_line' id='line_1_88' title="bbox 1882 3145 3497 3233; baseline -0.005 -26"><span class='ocrx_word' id='word_1_701' title='bbox 1882 3166 2106 3233; x_wconf 29' lang='lat' dir='ltr'><strong>(mceror</strong></span> <span class='ocrx_word' id='word_1_702' title='bbox 2131 3152 2542 3220; x_wconf 87' lang='lat' dir='ltr'><strong>interpretatur,</strong></span> <span class='ocrx_word' id='word_1_703' title='bbox 2563 3148 2781 3219; x_wconf 89' lang='lat' dir='ltr'><strong>quando</strong></span> <span class='ocrx_word' id='word_1_704' title='bbox 2806 3160 2903 3201; x_wconf 92' lang='lat' dir='ltr'><strong>eos</strong></span> <span class='ocrx_word' id='word_1_705' title='bbox 2931 3146 3024 3216; x_wconf 91' lang='lat' dir='ltr'><strong>qui</strong></span> <span class='ocrx_word' id='word_1_706' title='bbox 3053 3146 3121 3200; x_wconf 91' lang='lat' dir='ltr'><strong>de</strong></span> <span class='ocrx_word' id='word_1_707' title='bbox 3144 3145 3384 3201; x_wconf 89' lang='lat' dir='ltr'><strong>tenebris</strong></span> <span class='ocrx_word' id='word_1_708' title='bbox 3408 3160 3497 3201; x_wconf 85' lang='lat' dir='ltr'><strong>er-</strong></span> 
     </span>
    </p>
   </div>
   <div class='ocr_carea' id='block_1_89' title="bbox 1900 3238 3499 3306">
    <p class='ocr_par' dir='ltr' id='par_1_89' title="bbox 1900 3238 3499 3306">
     <span class='ocr_line' id='line_1_89' title="bbox 1900 3238 3499 3306; baseline -0.006 -5"><span class='ocrx_word' id='word_1_709' title='bbox 1900 3261 2085 3301; x_wconf 89' lang='lat' dir='ltr'><strong>rorum</strong></span> <span class='ocrx_word' id='word_1_710' title='bbox 2113 3249 2505 3298; x_wconf 90' lang='lat' dir='ltr'><strong>convertuntur</strong></span> <span class='ocrx_word' id='word_1_711' title='bbox 2525 3256 2637 3296; x_wconf 82' lang='lat' dir='ltr'><strong>suae</strong></span> <span class='ocrx_word' id='word_1_712' title='bbox 2659 3238 3048 3296; x_wconf 89' lang='lat' dir='ltr'><strong>consolationis</strong></span> <span class='ocrx_word' id='word_1_713' title='bbox 3076 3238 3349 3306; x_wconf 90' lang='lat' dir='ltr'><strong>doctrina,</strong></span> <span class='ocrx_word' id='word_1_714' title='bbox 3365 3251 3499 3293; x_wconf 70' lang='lat' dir='ltr'><strong>mte-</strong></span> 
     </span>
    </p>
   </div>
   <div class='ocr_carea' id='block_1_90' title="bbox 1900 3331 3500 3403">
    <p class='ocr_par' dir='ltr' id='par_1_90' title="bbox 1900 3331 3500 3403">
     <span class='ocr_line' id='line_1_90' title="bbox 1900 3331 3500 3403; baseline -0.004 -10"><span class='ocrx_word' id='word_1_715' title='bbox 1900 3346 2082 3395; x_wconf 92' lang='lat' dir='ltr'><strong>rentes</strong></span> <span class='ocrx_word' id='word_1_716' title='bbox 2122 3337 2222 3392; x_wconf 92' lang='lat' dir='ltr'><strong>sub</strong></span> <span class='ocrx_word' id='word_1_717' title='bbox 2262 3336 2361 3389; x_wconf 91' lang='lat' dir='ltr'><strong>aiis</strong></span> <span class='ocrx_word' id='word_1_718' title='bbox 2408 3335 2520 3389; x_wconf 90' lang='lat' dir='ltr'><strong>suis</strong></span> <span class='ocrx_word' id='word_1_719' title='bbox 2550 3333 2778 3403; x_wconf 87' lang='lat' dir='ltr'><strong>suscipit</strong></span> <span class='ocrx_word' id='word_1_720' title='bbox 2821 3332 3170 3403; x_wconf 78' lang='lat' dir='ltr'><strong>ptenitentes.</strong></span> <span class='ocrx_word' id='word_1_721' title='bbox 3225 3331 3319 3387; x_wconf 88' lang='lat' dir='ltr'><strong>Est</strong></span> <span class='ocrx_word' id='word_1_722' title='bbox 3354 3339 3411 3386; x_wconf 88' lang='lat' dir='ltr'><strong>et</strong></span> <span class='ocrx_word' id='word_1_723' title='bbox 3436 3338 3500 3387; x_wconf 80' lang='lat' dir='ltr'><strong>ut</strong></span> 
     </span>
    </p>
   </div>
   <div class='ocr_carea' id='block_1_91' title="bbox 1897 3421 3499 3503">
    <p class='ocr_par' dir='ltr' id='par_1_91' title="bbox 1897 3421 3499 3503">
     <span class='ocr_line' id='line_1_91' title="bbox 1897 3421 3499 3503; baseline -0.007 -15"><span class='ocrx_word' id='word_1_724' title='bbox 1897 3431 2055 3503; x_wconf 88' lang='lat' dir='ltr'><strong>pellis</strong></span> <span class='ocrx_word' id='word_1_725' title='bbox 2081 3428 2404 3487; x_wconf 88' lang='lat' dir='ltr'><strong>Salomonis.</strong></span> <span class='ocrx_word' id='word_1_726' title='bbox 2431 3426 2646 3496; x_wconf 89' lang='lat' dir='ltr'><strong>quando</strong></span> <span class='ocrx_word' id='word_1_727' title='bbox 2672 3426 2814 3479; x_wconf 91' lang='lat' dir='ltr'><strong>intra</strong></span> <span class='ocrx_word' id='word_1_728' title='bbox 2862 3439 2922 3479; x_wconf 92' lang='lat' dir='ltr'><strong>se</strong></span> <span class='ocrx_word' id='word_1_729' title='bbox 2963 3423 3297 3480; x_wconf 80' lang='lat' dir='ltr'><strong>orthodoxos</strong></span> <span class='ocrx_word' id='word_1_730' title='bbox 3323 3421 3499 3479; x_wconf 87' lang='lat' dir='ltr'><strong>conti-</strong></span> 
     </span>
    </p>
   </div>
   <div class='ocr_carea' id='block_1_92' title="bbox 1900 3513 3505 3585">
    <p class='ocr_par' dir='ltr' id='par_1_92' title="bbox 1900 3513 3505 3585">
     <span class='ocr_line' id='line_1_92' title="bbox 1900 3513 3505 3585; baseline -0.006 -9"><span class='ocrx_word' id='word_1_731' title='bbox 1900 3532 1992 3577; x_wconf 89' lang='lat' dir='ltr'><strong>net</strong></span> <span class='ocrx_word' id='word_1_732' title='bbox 2022 3521 2187 3585; x_wconf 91' lang='lat' dir='ltr'><strong>viros,</strong></span> <span class='ocrx_word' id='word_1_733' title='bbox 2234 3528 2291 3574; x_wconf 92' lang='lat' dir='ltr'><strong>et</strong></span> <span class='ocrx_word' id='word_1_734' title='bbox 2334 3517 2518 3579; x_wconf 88' lang='lat' dir='ltr'><strong>omnia</strong></span> <span class='ocrx_word' id='word_1_735' title='bbox 2566 3514 2657 3571; x_wconf 90' lang='lat' dir='ltr'><strong>illa</strong></span> <span class='ocrx_word' id='word_1_736' title='bbox 2686 3530 2806 3585; x_wconf 85' lang='lat' dir='ltr'><strong>quae</strong></span> <span class='ocrx_word' id='word_1_737' title='bbox 2854 3515 2910 3569; x_wconf 91' lang='lat' dir='ltr'><strong>in</strong></span> <span class='ocrx_word' id='word_1_738' title='bbox 2960 3513 3313 3571; x_wconf 88' lang='lat' dir='ltr'><strong>tabernaculo</strong></span> <span class='ocrx_word' id='word_1_739' title='bbox 3356 3513 3505 3584; x_wconf 73' lang='lat' dir='ltr'><strong>ligu-</strong></span> 
     </span>
    </p>
   </div>
   <div class='ocr_carea' id='block_1_93' title="bbox 1900 3605 3495 3681">
    <p class='ocr_par' dir='ltr' id='par_1_93' title="bbox 1900 3605 3495 3681">
     <span class='ocr_line' id='line_1_93' title="bbox 1900 3605 3495 3681; baseline -0.004 -13"><span class='ocrx_word' id='word_1_740' title='bbox 1900 3622 2108 3669; x_wconf 91' lang='lat' dir='ltr'><strong>rantur.</strong></span> <span class='ocrx_word' id='word_1_741' title='bbox 2149 3611 2255 3668; x_wconf 85' lang='lat' dir='ltr'><strong>Sed</strong></span> <span class='ocrx_word' id='word_1_742' title='bbox 2309 3610 2433 3681; x_wconf 82' lang='lat' dir='ltr'><strong>quia</strong></span> <span class='ocrx_word' id='word_1_743' title='bbox 2485 3608 2667 3664; x_wconf 90' lang='lat' dir='ltr'><strong>varius</strong></span> <span class='ocrx_word' id='word_1_744' title='bbox 2720 3606 2947 3679; x_wconf 89' lang='lat' dir='ltr'><strong>pellium</strong></span> <span class='ocrx_word' id='word_1_745' title='bbox 2993 3605 3238 3674; x_wconf 84' lang='lat' dir='ltr'><strong>effectus,</strong></span> <span class='ocrx_word' id='word_1_746' title='bbox 3286 3606 3343 3662; x_wconf 93' lang='lat' dir='ltr'><strong>in</strong></span> <span class='ocrx_word' id='word_1_747' title='bbox 3370 3605 3495 3662; x_wconf 87' lang='lat' dir='ltr'><strong>aliis</strong></span> 
     </span>
    </p>
   </div>
   <div class='ocr_carea' id='block_1_94' title="bbox 1900 3696 3496 3777">
    <p class='ocr_par' dir='ltr' id='par_1_94' title="bbox 1900 3696 3496 3777">
     <span class='ocr_line' id='line_1_94' title="bbox 1900 3696 3496 3777; baseline -0.004 -16"><span class='ocrx_word' id='word_1_748' title='bbox 1900 3706 2116 3777; x_wconf 89' lang='lat' dir='ltr'><strong>quidem</strong></span> <span class='ocrx_word' id='word_1_749' title='bbox 2170 3701 2514 3774; x_wconf 87' lang='lat' dir='ltr'><strong>pulchritudo</strong></span> <span class='ocrx_word' id='word_1_750' title='bbox 2565 3699 2839 3764; x_wconf 89' lang='lat' dir='ltr'><strong>laudatur,</strong></span> <span class='ocrx_word' id='word_1_751' title='bbox 2890 3699 2944 3753; x_wconf 93' lang='lat' dir='ltr'><strong>in</strong></span> <span class='ocrx_word' id='word_1_752' title='bbox 2997 3698 3119 3753; x_wconf 88' lang='lat' dir='ltr'><strong>aliis</strong></span> <span class='ocrx_word' id='word_1_753' title='bbox 3151 3696 3496 3768; x_wconf 84' lang='lat' dir='ltr'><strong>profunditas</strong></span> 
     </span>
    </p>
   </div>
   <div class='ocr_carea' id='block_1_95' title="bbox 1899 3790 3497 3873">
    <p class='ocr_par' dir='ltr' id='par_1_95' title="bbox 1899 3790 3497 3873">
     <span class='ocr_line' id='line_1_95' title="bbox 1899 3790 3497 3873; baseline -0.007 -17"><span class='ocrx_word' id='word_1_754' title='bbox 1899 3799 2284 3873; x_wconf 81' lang='lat' dir='ltr'><strong>mysteriorum</strong></span> <span class='ocrx_word' id='word_1_755' title='bbox 2330 3795 2426 3851; x_wconf 87' lang='lat' dir='ltr'><strong>Dei</strong></span> <span class='ocrx_word' id='word_1_756' title='bbox 2470 3802 2727 3865; x_wconf 91' lang='lat' dir='ltr'><strong>cooperta</strong></span> <span class='ocrx_word' id='word_1_757' title='bbox 2761 3793 2982 3873; x_wconf 89' lang='lat' dir='ltr'><strong>tegitur,</strong></span> <span class='ocrx_word' id='word_1_758' title='bbox 3012 3792 3065 3848; x_wconf 94' lang='lat' dir='ltr'><strong>in</strong></span> <span class='ocrx_word' id='word_1_759' title='bbox 3097 3792 3218 3848; x_wconf 89' lang='lat' dir='ltr'><strong>aliis</strong></span> <span class='ocrx_word' id='word_1_760' title='bbox 3275 3790 3497 3847; x_wconf 81' lang='lat' dir='ltr'><strong>defensa</strong></span> 
     </span>
    </p>
   </div>
   <div class='ocr_carea' id='block_1_96' title="bbox 1900 3883 3498 3949">
    <p class='ocr_par' dir='ltr' id='par_1_96' title="bbox 1900 3883 3498 3949">
     <span class='ocr_line' id='line_1_96' title="bbox 1900 3883 3498 3949; baseline -0.006 0"><span class='ocrx_word' id='word_1_761' title='bbox 1900 3891 2101 3949; x_wconf 90' lang='lat' dir='ltr'><strong>Christi</strong></span> <span class='ocrx_word' id='word_1_762' title='bbox 2129 3888 2371 3946; x_wconf 87' lang='lat' dir='ltr'><strong>Ecclesia</strong></span> <span class='ocrx_word' id='word_1_763' title='bbox 2399 3896 2455 3944; x_wconf 91' lang='lat' dir='ltr'><strong>et</strong></span> <span class='ocrx_word' id='word_1_764' title='bbox 2498 3887 2705 3941; x_wconf 89' lang='lat' dir='ltr'><strong>munita</strong></span> <span class='ocrx_word' id='word_1_765' title='bbox 2746 3886 2988 3941; x_wconf 84' lang='lat' dir='ltr'><strong>exterius</strong></span> <span class='ocrx_word' id='word_1_766' title='bbox 3014 3894 3074 3939; x_wconf 95' lang='lat' dir='ltr'><strong>ut</strong></span> <span class='ocrx_word' id='word_1_767' title='bbox 3108 3883 3276 3941; x_wconf 90' lang='lat' dir='ltr'><strong>Satan</strong></span> <span class='ocrx_word' id='word_1_768' title='bbox 3305 3884 3384 3939; x_wconf 91' lang='lat' dir='ltr'><strong>ait</strong></span> <span class='ocrx_word' id='word_1_769' title='bbox 3427 3883 3498 3940; x_wconf 91' lang='lat' dir='ltr'><strong>ad</strong></span> 
     </span>
    </p>
   </div>
   <div class='ocr_carea' id='block_1_97' title="bbox 1905 3975 3497 4049">
    <p class='ocr_par' dir='ltr' id='par_1_97' title="bbox 1905 3975 3497 4049">
     <span class='ocr_line' id='line_1_97' title="bbox 1905 3975 3497 4049; baseline -0.004 -11"><span class='ocrx_word' id='word_1_770' title='bbox 1905 3979 2548 4047; x_wconf 75' lang='lat' dir='ltr'><strong>Dominum,&#39;ostenditur</strong></span> <span class='ocrx_word' id='word_1_771' title='bbox 2574 3993 2588 4033; x_wconf 88' lang='lat'><strong>:</strong></span> <span class='ocrx_word' id='word_1_772' title='bbox 2628 3976 2829 4033; x_wconf 86' lang='lat' dir='ltr'><strong>Pellem</strong></span> <span class='ocrx_word' id='word_1_773' title='bbox 2854 3994 2950 4049; x_wconf 81' lang='lat' dir='ltr'><strong>pro</strong></span> <span class='ocrx_word' id='word_1_774' title='bbox 2977 3975 3132 4049; x_wconf 84' lang='lat' dir='ltr'><strong>pelle,</strong></span> <span class='ocrx_word' id='word_1_775' title='bbox 3163 3985 3211 4031; x_wconf 90' lang='lat' dir='ltr'><strong>et</strong></span> <span class='ocrx_word' id='word_1_776' title='bbox 3255 3978 3497 4031; x_wconf 77' lang='lat' dir='ltr'><strong>universa</strong></span> 
     </span>
    </p>
   </div>
   <div class='ocr_carea' id='block_1_98' title="bbox 1899 4063 3500 4146">
    <p class='ocr_par' dir='ltr' id='par_1_98' title="bbox 1899 4063 3500 4146">
     <span class='ocr_line' id='line_1_98' title="bbox 1899 4063 3500 4146; baseline -0.004 -18"><span class='ocrx_word' id='word_1_777' title='bbox 1899 4090 2017 4146; x_wconf 74' lang='lat' dir='ltr'><strong>quae</strong></span> <span class='ocrx_word' id='word_1_778' title='bbox 2039 4072 2190 4126; x_wconf 83' lang='lat' dir='ltr'><strong>habet</strong></span> <span class='ocrx_word' id='word_1_779' title='bbox 2217 4071 2393 4135; x_wconf 86' lang='lat' dir='ltr'><strong>homo,</strong></span> <span class='ocrx_word' id='word_1_780' title='bbox 2435 4069 2580 4123; x_wconf 85' lang='lat' dir='ltr'><strong>dabit</strong></span> <span class='ocrx_word' id='word_1_781' title='bbox 2612 4085 2707 4140; x_wconf 81' lang='lat' dir='ltr'><strong>pro</strong></span> <span class='ocrx_word' id='word_1_782' title='bbox 2734 4068 2913 4121; x_wconf 84' lang='lat' dir='ltr'><strong>anima</strong></span> <span class='ocrx_word' id='word_1_783' title='bbox 2933 4083 3034 4122; x_wconf 86' lang='lat' dir='ltr'><strong>sua</strong></span> <span class='ocrx_word' id='word_1_784' title='bbox 3069 4063 3205 4136; x_wconf 79' lang='lat' dir='ltr'><strong>(Job</strong></span> <span class='ocrx_word' id='word_1_785' title='bbox 3239 4065 3313 4136; x_wconf 84' lang='grc' dir='ltr'><strong>ι).</strong></span> <span class='ocrx_word' id='word_1_786' title='bbox 3360 4064 3500 4132; x_wconf 85' lang='lat' dir='ltr'><strong>Quia</strong></span> 
     </span>
    </p>
   </div>
   <div class='ocr_carea' id='block_1_99' title="bbox 1901 4157 3498 4241">
    <p class='ocr_par' dir='ltr' id='par_1_99' title="bbox 1901 4157 3498 4241">
     <span class='ocr_line' id='line_1_99' title="bbox 1901 4157 3498 4241; baseline -0.004 -21"><span class='ocrx_word' id='word_1_787' title='bbox 1901 4163 2145 4237; x_wconf 88' lang='lat' dir='ltr'><strong>profecto</strong></span> <span class='ocrx_word' id='word_1_788' title='bbox 2190 4164 2474 4218; x_wconf 83' lang='lat' dir='ltr'><strong>universos</strong></span> <span class='ocrx_word' id='word_1_789' title='bbox 2501 4169 2721 4217; x_wconf 91' lang='lat' dir='ltr'><strong>sanctos</strong></span> <span class='ocrx_word' id='word_1_790' title='bbox 2740 4175 2879 4241; x_wconf 12' lang='lat' dir='ltr'><strong>{suos</strong></span> <span class='ocrx_word' id='word_1_791' title='bbox 2932 4161 3101 4215; x_wconf 90' lang='lat' dir='ltr'><strong>Deum</strong></span> <span class='ocrx_word' id='word_1_792' title='bbox 3148 4158 3216 4214; x_wconf 89' lang='lat' dir='ltr'><strong>ad</strong></span> <span class='ocrx_word' id='word_1_793' title='bbox 3253 4158 3357 4213; x_wconf 90' lang='lat' dir='ltr'><strong>hoc</strong></span> <span class='ocrx_word' id='word_1_794' title='bbox 3398 4157 3498 4214; x_wconf 89' lang='lat' dir='ltr'><strong>de-</strong></span> 
     </span>
    </p>
   </div>
   <div class='ocr_carea' id='block_1_100' title="bbox 1903 4251 3501 4328">
    <p class='ocr_par' dir='ltr' id='par_1_100' title="bbox 1903 4251 3501 4328">
     <span class='ocr_line' id='line_1_100' title="bbox 1903 4251 3501 4328; baseline -0.007 -11"><span class='ocrx_word' id='word_1_795' title='bbox 1903 4261 2050 4317; x_wconf 89' lang='lat' dir='ltr'><strong>disse</strong></span> <span class='ocrx_word' id='word_1_796' title='bbox 2090 4267 2307 4314; x_wconf 91' lang='lat' dir='ltr'><strong>constat</strong></span> <span class='ocrx_word' id='word_1_797' title='bbox 2352 4258 2405 4311; x_wconf 91' lang='lat' dir='ltr'><strong>in</strong></span> <span class='ocrx_word' id='word_1_798' title='bbox 2452 4256 2735 4328; x_wconf 87' lang='lat' dir='ltr'><strong>passiones</strong></span> <span class='ocrx_word' id='word_1_799' title='bbox 2764 4262 2817 4310; x_wconf 90' lang='lat' dir='ltr'><strong>et</strong></span> <span class='ocrx_word' id='word_1_800' title='bbox 2847 4268 3133 4325; x_wconf 88' lang='lat' dir='ltr'><strong>pressuras</strong></span> <span class='ocrx_word' id='word_1_801' title='bbox 3176 4251 3324 4319; x_wconf 68' lang='lat' dir='ltr'><strong>vitae,</strong></span> <span class='ocrx_word' id='word_1_802' title='bbox 3355 4257 3501 4308; x_wconf 88' lang='lat' dir='ltr'><strong>utet</strong></span> 
     </span>
    </p>
   </div>
   <div class='ocr_carea' id='block_1_101' title="bbox 1903 4346 3499 4427">
    <p class='ocr_par' dir='ltr' id='par_1_101' title="bbox 1903 4346 3499 4427">
     <span class='ocr_line' id='line_1_101' title="bbox 1903 4346 3499 4427; baseline -0.007 -17"><span class='ocrx_word' id='word_1_803' title='bbox 1903 4356 2144 4427; x_wconf 89' lang='lat' dir='ltr'><strong>ipsorum</strong></span> <span class='ocrx_word' id='word_1_804' title='bbox 2192 4359 2355 4421; x_wconf 89' lang='lat' dir='ltr'><strong>atque</strong></span> <span class='ocrx_word' id='word_1_805' title='bbox 2400 4351 2643 4406; x_wconf 90' lang='lat' dir='ltr'><strong>omnium</strong></span> <span class='ocrx_word' id='word_1_806' title='bbox 2699 4347 2895 4403; x_wconf 79' lang='lat' dir='ltr'><strong>animae</strong></span> <span class='ocrx_word' id='word_1_807' title='bbox 2953 4346 3317 4412; x_wconf 88' lang='lat' dir='ltr'><strong>salvarentur,</strong></span> <span class='ocrx_word' id='word_1_808' title='bbox 3376 4359 3499 4415; x_wconf 68' lang='lat' dir='ltr'><strong>quae</strong></span> 
     </span>
    </p>
   </div>
   <div class='ocr_carea' id='block_1_102' title="bbox 1821 4430 3499 4533">
    <p class='ocr_par' dir='ltr' id='par_1_102' title="bbox 1821 4430 3499 4533">
     <span class='ocr_line' id='line_1_102' title="bbox 1821 4430 3499 4533; baseline -0.007 -32"><span class='ocrx_word' id='word_1_809' title='bbox 1821 4470 1877 4533; x_wconf 71' lang='grc' dir='ltr'><strong>Β</strong></span> <span class='ocrx_word' id='word_1_810' title='bbox 1901 4451 2062 4501; x_wconf 88' lang='lat' dir='ltr'><strong>erant</strong></span> <span class='ocrx_word' id='word_1_811' title='bbox 2113 4456 2301 4497; x_wconf 88' lang='lat' dir='ltr'><strong>eorum</strong></span> <span class='ocrx_word' id='word_1_812' title='bbox 2348 4438 2593 4495; x_wconf 90' lang='lat' dir='ltr'><strong>doctrina</strong></span> <span class='ocrx_word' id='word_1_813' title='bbox 2622 4446 2679 4492; x_wconf 92' lang='lat' dir='ltr'><strong>et</strong></span> <span class='ocrx_word' id='word_1_814' title='bbox 2702 4436 2965 4506; x_wconf 84' lang='lat' dir='ltr'><strong>exemplis</strong></span> <span class='ocrx_word' id='word_1_815' title='bbox 2990 4434 3301 4491; x_wconf 68' lang='lat' dir='ltr'><strong>crediturae.</strong></span> <span class='ocrx_word' id='word_1_816' title='bbox 3332 4430 3424 4489; x_wconf 54' lang='lat' dir='ltr'><strong>&quot;Ac</strong></span> <span class='ocrx_word' id='word_1_817' title='bbox 3449 4433 3499 4490; x_wconf 89' lang='lat' dir='ltr'><strong>si</strong></span> 
     </span>
    </p>
   </div>
   <div class='ocr_carea' id='block_1_103' title="bbox 1906 4524 3500 4604">
    <p class='ocr_par' dir='ltr' id='par_1_103' title="bbox 1906 4524 3500 4604">
     <span class='ocr_line' id='line_1_103' title="bbox 1906 4524 3500 4604; baseline -0.009 -11"><span class='ocrx_word' id='word_1_818' title='bbox 1906 4536 2152 4600; x_wconf 89' lang='lat' dir='ltr'><strong>diceret,</strong></span> <span class='ocrx_word' id='word_1_819' title='bbox 2196 4530 2415 4604; x_wconf 89' lang='lat' dir='ltr'><strong>quando</strong></span> <span class='ocrx_word' id='word_1_820' title='bbox 2462 4536 2712 4585; x_wconf 87' lang='lat' dir='ltr'><strong>sanctum</strong></span> <span class='ocrx_word' id='word_1_821' title='bbox 2769 4528 3060 4599; x_wconf 88' lang='lat' dir='ltr'><strong>appetebat</strong></span> <span class='ocrx_word' id='word_1_822' title='bbox 3109 4527 3308 4583; x_wconf 89' lang='lat' dir='ltr'><strong>virum.</strong></span> <span class='ocrx_word' id='word_1_823' title='bbox 3357 4524 3500 4594; x_wconf 87' lang='lat' dir='ltr'><strong>Quid</strong></span> 
     </span>
    </p>
   </div>
   <div class='ocr_carea' id='block_1_104' title="bbox 1906 4618 3499 4699">
    <p class='ocr_par' dir='ltr' id='par_1_104' title="bbox 1906 4618 3499 4699">
     <span class='ocr_line' id='line_1_104' title="bbox 1906 4618 3499 4699; baseline -0.008 -14"><span class='ocrx_word' id='word_1_824' title='bbox 1906 4630 2070 4686; x_wconf 89' lang='lat' dir='ltr'><strong>istum</strong></span> <span class='ocrx_word' id='word_1_825' title='bbox 2099 4625 2337 4699; x_wconf 87' lang='lat' dir='ltr'><strong>passioni</strong></span> <span class='ocrx_word' id='word_1_826' title='bbox 2369 4639 2432 4679; x_wconf 90' lang='lat' dir='ltr'><strong>ac</strong></span> <span class='ocrx_word' id='word_1_827' title='bbox 2467 4620 2857 4677; x_wconf 87' lang='lat' dir='ltr'><strong>tentationibus</strong></span> <span class='ocrx_word' id='word_1_828' title='bbox 2885 4621 3017 4694; x_wconf 89' lang='lat' dir='ltr'><strong>dare</strong></span> <span class='ocrx_word' id='word_1_829' title='bbox 3061 4618 3320 4685; x_wconf 88' lang='lat' dir='ltr'><strong>retrahis,</strong></span> <span class='ocrx_word' id='word_1_830' title='bbox 3374 4631 3499 4673; x_wconf 85' lang='lat' dir='ltr'><strong>eum</strong></span> 
     </span>
    </p>
   </div>
   <div class='ocr_carea' id='block_1_105' title="bbox 1906 4710 3517 4784">
    <p class='ocr_par' dir='ltr' id='par_1_105' title="bbox 1906 4710 3517 4784">
     <span class='ocr_line' id='line_1_105' title="bbox 1906 4710 3517 4784; baseline -0.007 -9"><span class='ocrx_word' id='word_1_831' title='bbox 1906 4720 2192 4775; x_wconf 89' lang='lat' dir='ltr'><strong>universos</strong></span> <span class='ocrx_word' id='word_1_832' title='bbox 2219 4725 2436 4773; x_wconf 90' lang='lat' dir='ltr'><strong>sanctos</strong></span> <span class='ocrx_word' id='word_1_833' title='bbox 2466 4724 2603 4776; x_wconf 89' lang='lat' dir='ltr'><strong>tuos,</strong></span> <span class='ocrx_word' id='word_1_834' title='bbox 2630 4712 2787 4782; x_wconf 87' lang='lat' dir='ltr'><strong>quasi</strong></span> <span class='ocrx_word' id='word_1_835' title='bbox 2812 4711 3005 4784; x_wconf 91' lang='lat' dir='ltr'><strong>pellem</strong></span> <span class='ocrx_word' id='word_1_836' title='bbox 3033 4726 3133 4782; x_wconf 92' lang='lat' dir='ltr'><strong>pro</strong></span> <span class='ocrx_word' id='word_1_837' title='bbox 3156 4710 3294 4781; x_wconf 91' lang='lat' dir='ltr'><strong>pelle</strong></span> <span class='ocrx_word' id='word_1_838' title='bbox 3320 4724 3517 4780; x_wconf 86' lang='lat' dir='ltr'><strong>quan-_</strong></span> 
     </span>
    </p>
   </div>
   <div class='ocr_carea' id='block_1_106' title="bbox 1907 4804 3501 4884">
    <p class='ocr_par' dir='ltr' id='par_1_106' title="bbox 1907 4804 3501 4884">
     <span class='ocr_line' id='line_1_106' title="bbox 1907 4804 3501 4884; baseline -0.008 -13"><span class='ocrx_word' id='word_1_839' title='bbox 1907 4814 2084 4884; x_wconf 90' lang='lat' dir='ltr'><strong>doque</strong></span> <span class='ocrx_word' id='word_1_840' title='bbox 2129 4813 2356 4868; x_wconf 91' lang='lat' dir='ltr'><strong>daturus</strong></span> <span class='ocrx_word' id='word_1_841' title='bbox 2384 4816 2467 4865; x_wconf 86' lang='lat' dir='ltr'><strong>est</strong></span> <span class='ocrx_word' id='word_1_842' title='bbox 2510 4807 2565 4863; x_wconf 94' lang='lat' dir='ltr'><strong>in</strong></span> <span class='ocrx_word' id='word_1_843' title='bbox 2617 4806 2950 4878; x_wconf 89' lang='lat' dir='ltr'><strong>passionem,</strong></span> <span class='ocrx_word' id='word_1_844' title='bbox 2978 4813 3034 4860; x_wconf 89' lang='lat' dir='ltr'><strong>et</strong></span> <span class='ocrx_word' id='word_1_845' title='bbox 3073 4804 3325 4860; x_wconf 88' lang='lat' dir='ltr'><strong>universa</strong></span> <span class='ocrx_word' id='word_1_846' title='bbox 3377 4816 3501 4873; x_wconf 77' lang='lat' dir='ltr'><strong>qua:</strong></span> 
     </span>
    </p>
   </div>
   <div class='ocr_carea' id='block_1_107' title="bbox 1907 4894 3501 4976">
    <p class='ocr_par' dir='ltr' id='par_1_107' title="bbox 1907 4894 3501 4976">
     <span class='ocr_line' id='line_1_107' title="bbox 1907 4894 3501 4976; baseline -0.008 -15"><span class='ocrx_word' id='word_1_847' title='bbox 1907 4905 2111 4962; x_wconf 90' lang='lat' dir='ltr'><strong>habent</strong></span> <span class='ocrx_word' id='word_1_848' title='bbox 2136 4919 2236 4976; x_wconf 90' lang='lat' dir='ltr'><strong>pro</strong></span> <span class='ocrx_word' id='word_1_849' title='bbox 2260 4901 2547 4957; x_wconf 87' lang='lat' dir='ltr'><strong>animabus</strong></span> <span class='ocrx_word' id='word_1_850' title='bbox 2574 4898 2801 4956; x_wconf 85' lang='lat' dir='ltr'><strong>eorum?</strong></span> <span class='ocrx_word' id='word_1_851' title='bbox 2822 4897 2975 4955; x_wconf 89' lang='lat' dir='ltr'><strong>Unde</strong></span> <span class='ocrx_word' id='word_1_852' title='bbox 3001 4896 3126 4968; x_wconf 89' lang='lat' dir='ltr'><strong>quia</strong></span> <span class='ocrx_word' id='word_1_853' title='bbox 3149 4903 3296 4971; x_wconf 85' lang='lat' dir='ltr'><strong>tanta</strong></span> <span class='ocrx_word' id='word_1_854' title='bbox 3325 4894 3501 4966; x_wconf 90' lang='lat' dir='ltr'><strong>gloria</strong></span> 
     </span>
    </p>
   </div>
   <div class='ocr_carea' id='block_1_108' title="bbox 1902 4992 3501 5071">
    <p class='ocr_par' dir='ltr' id='par_1_108' title="bbox 1902 4992 3501 5071">
     <span class='ocr_line' id='line_1_108' title="bbox 1902 4992 3501 5071; baseline -0.008 -16"><span class='ocrx_word' id='word_1_855' title='bbox 1902 4999 2123 5071; x_wconf 91' lang='lat' dir='ltr'><strong>pellium</strong></span> <span class='ocrx_word' id='word_1_856' title='bbox 2155 4996 2500 5069; x_wconf 75' lang='lat' dir='ltr'><strong>pnedicatur,</strong></span> <span class='ocrx_word' id='word_1_857' title='bbox 2555 4993 2724 5067; x_wconf 87' lang='lat' dir='ltr'><strong>gemit</strong></span> <span class='ocrx_word' id='word_1_858' title='bbox 2775 4993 2860 5048; x_wconf 88' lang='lat' dir='ltr'><strong>vir</strong></span> <span class='ocrx_word' id='word_1_859' title='bbox 2895 4992 3084 5049; x_wconf 91' lang='lat' dir='ltr'><strong>videns</strong></span> <span class='ocrx_word' id='word_1_860' title='bbox 3122 4997 3501 5063; x_wconf 86' lang='lat' dir='ltr'><strong>paupertatem</strong></span> 
     </span>
    </p>
   </div>
   <div class='ocr_carea' id='block_1_109' title="bbox 1906 5082 3503 5158">
    <p class='ocr_par' dir='ltr' id='par_1_109' title="bbox 1906 5082 3503 5158">
     <span class='ocr_line' id='line_1_109' title="bbox 1906 5082 3503 5158; baseline -0.006 -8"><span class='ocrx_word' id='word_1_861' title='bbox 1906 5109 2082 5158; x_wconf 88' lang='lat' dir='ltr'><strong>suam,</strong></span> <span class='ocrx_word' id='word_1_862' title='bbox 2112 5090 2364 5147; x_wconf 88' lang='lat' dir='ltr'><strong>Christus</strong></span> <span class='ocrx_word' id='word_1_863' title='bbox 2383 5090 2639 5146; x_wconf 89' lang='lat' dir='ltr'><strong>videlicet</strong></span> <span class='ocrx_word' id='word_1_864' title='bbox 2666 5098 2721 5146; x_wconf 91' lang='lat' dir='ltr'><strong>et</strong></span> <span class='ocrx_word' id='word_1_865' title='bbox 2771 5088 3013 5145; x_wconf 86' lang='lat' dir='ltr'><strong>Ecclesia</strong></span> <span class='ocrx_word' id='word_1_866' title='bbox 3045 5105 3060 5142; x_wconf 88' lang='lat'><strong>:</strong></span> <span class='ocrx_word' id='word_1_867' title='bbox 3092 5085 3216 5157; x_wconf 88' lang='lat' dir='ltr'><strong>quia</strong></span> <span class='ocrx_word' id='word_1_868' title='bbox 3245 5082 3503 5155; x_wconf 81' lang='lat' dir='ltr'><strong>nonnulli</strong></span> 
     </span>
    </p>
   </div>
   <div class='ocr_carea' id='block_1_110' title="bbox 1908 5177 3502 5252">
    <p class='ocr_par' dir='ltr' id='par_1_110' title="bbox 1908 5177 3502 5252">
     <span class='ocr_line' id='line_1_110' title="bbox 1908 5177 3502 5252; baseline -0.006 -11"><span class='ocrx_word' id='word_1_869' title='bbox 1908 5184 2217 5241; x_wconf 76' lang='lat' dir='ltr'><strong>adiciuntur</strong></span> <span class='ocrx_word' id='word_1_870' title='bbox 2245 5198 2313 5238; x_wconf 83' lang='lat' dir='ltr'><strong>ex</strong></span> <span class='ocrx_word' id='word_1_871' title='bbox 2342 5183 2605 5238; x_wconf 89' lang='lat' dir='ltr'><strong>membris</strong></span> <span class='ocrx_word' id='word_1_872' title='bbox 2651 5181 2767 5251; x_wconf 91' lang='lat' dir='ltr'><strong>ejus</strong></span> <span class='ocrx_word' id='word_1_873' title='bbox 2820 5188 3089 5236; x_wconf 88' lang='lat' dir='ltr'><strong>vetustate</strong></span> <span class='ocrx_word' id='word_1_874' title='bbox 3132 5178 3361 5252; x_wconf 82' lang='lat' dir='ltr'><strong>peccati,</strong></span> <span class='ocrx_word' id='word_1_875' title='bbox 3389 5177 3502 5233; x_wconf 91' lang='lat' dir='ltr'><strong>imo</strong></span> 
     </span>
    </p>
   </div>
   <div class='ocr_carea' id='block_1_111' title="bbox 1908 5260 3501 5349">
    <p class='ocr_par' dir='ltr' id='par_1_111' title="bbox 1908 5260 3501 5349">
     <span class='ocr_line' id='line_1_111' title="bbox 1908 5260 3501 5349; baseline -0.006 -15"><span class='ocrx_word' id='word_1_876' title='bbox 1908 5277 2238 5349; x_wconf 89' lang='lat' dir='ltr'><strong>generaliter</strong></span> <span class='ocrx_word' id='word_1_877' title='bbox 2282 5276 2769 5347; x_wconf 62' lang='lat' dir='ltr'><strong>impraesentiarum</strong></span> <span class='ocrx_word' id='word_1_878' title='bbox 2818 5272 2997 5330; x_wconf 89' lang='lat' dir='ltr'><strong>cuncti</strong></span> <span class='ocrx_word' id='word_1_879' title='bbox 3041 5260 3324 5342; x_wconf 87' lang='lat' dir='ltr'><strong>tinguntur</strong></span> <span class='ocrx_word' id='word_1_880' title='bbox 3377 5285 3501 5326; x_wconf 84' lang='lat' dir='ltr'><strong>sor-</strong></span> 
     </span>
    </p>
   </div>
   <div class='ocr_carea' id='block_1_112' title="bbox 1912 5359 3503 5439">
    <p class='ocr_par' dir='ltr' id='par_1_112' title="bbox 1912 5359 3503 5439">
     <span class='ocr_line' id='line_1_112' title="bbox 1912 5359 3503 5439; baseline -0.006 -15"><span class='ocrx_word' id='word_1_881' title='bbox 1912 5370 2070 5425; x_wconf 90' lang='lat' dir='ltr'><strong>dibus</strong></span> <span class='ocrx_word' id='word_1_882' title='bbox 2110 5367 2339 5439; x_wconf 88' lang='lat' dir='ltr'><strong>peccati.</strong></span> <span class='ocrx_word' id='word_1_883' title='bbox 2384 5366 2538 5423; x_wconf 91' lang='lat' dir='ltr'><strong>Unde</strong></span> <span class='ocrx_word' id='word_1_884' title='bbox 2574 5359 2865 5436; x_wconf 83' lang='lat' dir='ltr'><strong>Apostolus</strong></span> <span class='ocrx_word' id='word_1_885' title='bbox 2890 5361 3007 5422; x_wconf 79' lang='lat' dir='ltr'><strong>:.Si</strong></span> <span class='ocrx_word' id='word_1_886' title='bbox 3035 5362 3346 5428; x_wconf 75' lang='lat' dir='ltr'><strong>dixerimus,</strong></span> <span class='ocrx_word' id='word_1_887' title='bbox 3375 5360 3503 5432; x_wconf 82' lang='lat' dir='ltr'><strong>quia</strong></span> 
     </span>
    </p>
   </div>
   <div class='ocr_carea' id='block_1_113' title="bbox 1909 5453 3502 5531">
    <p class='ocr_par' dir='ltr' id='par_1_113' title="bbox 1909 5453 3502 5531">
     <span class='ocr_line' id='line_1_113' title="bbox 1909 5453 3502 5531; baseline -0.006 -16"><span class='ocrx_word' id='word_1_888' title='bbox 1909 5469 2180 5531; x_wconf 86' lang='lat' dir='ltr'><strong>peccatum</strong></span> <span class='ocrx_word' id='word_1_889' title='bbox 2213 5476 2317 5514; x_wconf 87' lang='lat' dir='ltr'><strong>non</strong></span> <span class='ocrx_word' id='word_1_890' title='bbox 2342 5459 2615 5523; x_wconf 81' lang='lat' dir='ltr'><strong>habemus,</strong></span> <span class='ocrx_word' id='word_1_891' title='bbox 2645 5458 2744 5527; x_wconf 80' lang='lat' dir='ltr'><strong>ipsi</strong></span> <span class='ocrx_word' id='word_1_892' title='bbox 2774 5474 2866 5511; x_wconf 84' lang='lat' dir='ltr'><strong>nos</strong></span> <span class='ocrx_word' id='word_1_893' title='bbox 2887 5455 3202 5517; x_wconf 83' lang='lat' dir='ltr'><strong>seducimus,</strong></span> <span class='ocrx_word' id='word_1_894' title='bbox 3221 5464 3267 5508; x_wconf 86' lang='lat' dir='ltr'><strong>et</strong></span> <span class='ocrx_word' id='word_1_895' title='bbox 3310 5453 3502 5509; x_wconf 77' lang='lat' dir='ltr'><strong>veritas</strong></span> 
     </span>
    </p>
   </div>
   <div class='ocr_carea' id='block_1_114' title="bbox 1910 5546 3516 5621">
    <p class='ocr_par' dir='ltr' id='par_1_114' title="bbox 1910 5546 3516 5621">
     <span class='ocr_line' id='line_1_114' title="bbox 1910 5546 3516 5621; baseline -0.006 -14"><span class='ocrx_word' id='word_1_896' title='bbox 1910 5554 1966 5607; x_wconf 88' lang='lat' dir='ltr'><strong>in</strong></span> <span class='ocrx_word' id='word_1_897' title='bbox 1999 5552 2144 5608; x_wconf 87' lang='lat' dir='ltr'><strong>nobis</strong></span> <span class='ocrx_word' id='word_1_898' title='bbox 2173 5566 2276 5607; x_wconf 87' lang='lat' dir='ltr'><strong>non</strong></span> <span class='ocrx_word' id='word_1_899' title='bbox 2298 5560 2373 5604; x_wconf 91' lang='lat' dir='ltr'><strong>est</strong></span> <span class='ocrx_word' id='word_1_900' title='bbox 2401 5549 2464 5621; x_wconf 95' lang='lat' dir='ltr'><strong>(I</strong></span> <span class='ocrx_word' id='word_1_901' title='bbox 2489 5548 2651 5603; x_wconf 84' lang='lat' dir='ltr'><strong>Joan.</strong></span> <span class='ocrx_word' id='word_1_902' title='bbox 2681 5548 2752 5621; x_wconf 87' lang='lat' dir='ltr'><strong>l).</strong></span> <span class='ocrx_word' id='word_1_903' title='bbox 2780 5547 2918 5615; x_wconf 89' lang='lat' dir='ltr'><strong>Quid</strong></span> <span class='ocrx_word' id='word_1_904' title='bbox 2942 5546 3089 5601; x_wconf 87' lang='lat' dir='ltr'><strong>enim</strong></span> <span class='ocrx_word' id='word_1_905' title='bbox 3106 5546 3251 5615; x_wconf 91' lang='lat' dir='ltr'><strong>quod</strong></span> <span class='ocrx_word' id='word_1_906' title='bbox 3279 5551 3516 5615; x_wconf 36' lang='lat' dir='ltr'><strong>peccato,</strong></span> 
     </span>
    </p>
   </div>
   <div class='ocr_carea' id='block_1_115' title="bbox 1911 5636 3505 5711">
    <p class='ocr_par' dir='ltr' id='par_1_115' title="bbox 1911 5636 3505 5711">
     <span class='ocr_line' id='line_1_115' title="bbox 1911 5636 3505 5711; baseline -0.006 -11"><span class='ocrx_word' id='word_1_907' title='bbox 1911 5658 1971 5700; x_wconf 90' lang='lat' dir='ltr'><strong>se</strong></span> <span class='ocrx_word' id='word_1_908' title='bbox 1999 5638 2600 5704; x_wconf 83' lang='lat' dir='ltr'><strong>infectumcoufitctur,</strong></span> <span class='ocrx_word' id='word_1_909' title='bbox 2626 5637 2837 5711; x_wconf 64' lang='grc'>1415</span> <span class='ocrx_word' id='word_1_910' title='bbox 2880 5637 2983 5694; x_wconf 88' lang='lat' dir='ltr'><strong>nisi</strong></span> <span class='ocrx_word' id='word_1_911' title='bbox 3008 5647 3276 5695; x_wconf 84' lang='lat' dir='ltr'><strong>vetustate</strong></span> <span class='ocrx_word' id='word_1_912' title='bbox 3298 5636 3505 5693; x_wconf 77' lang='lat' dir='ltr'><strong>saucia—</strong></span> 
     </span>
    </p>
   </div>
   <div class='ocr_carea' id='block_1_116' title="bbox 1911 5729 3505 5803">
    <p class='ocr_par' dir='ltr' id='par_1_116' title="bbox 1911 5729 3505 5803">
     <span class='ocr_line' id='line_1_116' title="bbox 1911 5729 3505 5803; baseline -0.004 -12"><span class='ocrx_word' id='word_1_913' title='bbox 1911 5743 2026 5791; x_wconf 90' lang='lat' dir='ltr'><strong>tum</strong></span> <span class='ocrx_word' id='word_1_914' title='bbox 2056 5749 2116 5791; x_wconf 90' lang='lat' dir='ltr'><strong>se</strong></span> <span class='ocrx_word' id='word_1_915' title='bbox 2137 5731 2477 5803; x_wconf 82' lang='lat' dir='ltr'><strong>ingemiscit?</strong></span> <span class='ocrx_word' id='word_1_916' title='bbox 2501 5729 2723 5788; x_wconf 86' lang='lat' dir='ltr'><strong>Cunctis</strong></span> <span class='ocrx_word' id='word_1_917' title='bbox 2744 5731 2909 5803; x_wconf 86' lang='lat' dir='ltr'><strong>igitur</strong></span> <span class='ocrx_word' id='word_1_918' title='bbox 2928 5730 3098 5802; x_wconf 86' lang='lat' dir='ltr'><strong>liquet</strong></span> <span class='ocrx_word' id='word_1_919' title='bbox 3129 5729 3505 5802; x_wconf 85' lang='lat' dir='ltr'><strong>peccantibus,</strong></span> 
     </span>
    </p>
   </div>
  </div>
