4078 6348
213 325 371 383 1149⁷

943 323 1305 383 EXPOSITIO
1339 325 1405 381 IN
1444 325 2030 386 LAMENTATIONES
2066 332 2402 390 JEREMIAE.
2444 367 2513 377 —
2538 335 2664 391 LIB.
2691 337 2750 393 ll.

3369 334 3521 406 nso“

213 453 301 502 est
326 443 453 500 felle
494 441 879 497 amaritudinis
918 451 974 497 et
1002 442 1188 497 labore
1240 443 1626 500 tribulationis.
1660 444 1816 500 Unde
1843 450 1889 508 Α
1919 451 2205 518 pbctarum
2256 471 2320 507 ex
2369 470 2464 509 sua
2501 455 2751 525 passione
2803 459 2929 511 lacti
2976 457 3135 529 hujus
3186 460 3505 518 vaticinium

213 536 353 593 etin
391 534 690 591 Psalmista
731 548 746 587 :
779 532 1065 598 Dederuul,
1098 534 1294 604 inquit,
1328 536 1383 589 in
1431 552 1604 589 escam
1646 552 1816 589 meam

212 627 307 699 fel,
330 638 382 682 et
405 627 460 681 in
479 625 568 681 siti
592 634 906 697 potaverunt
927 641 1008 679 me
1030 635 1178 679 aceto
1200 622 1375 696 (Psal.
1392 634 1606 696 vam).
1623 625 1727 679 Per
1748 624 1820 679 fel

211 722 418 795 quippe
445 719 632 778 omnis
660 717 968 773 amaritudo
995 718 1266 788 passionis
1312 718 1543 773 interius
1573 718 1821 789 designa-

213 825 326 880 tur,
363 823 421 868 et
440 828 539 883 per
582 812 830 867 laborem
857 811 1096 866 exterior
1120 810 1175 865 in
1222 825 1385 865 carne
1414 811 1690 865 tribulatio
1725 826 1821 865 ex-

212 902 517 980 primitur:
552 914 619 960 ut
662 905 875 976 integra
929 904 1109 974 passio
1164 902 1367 959 Christi
1417 905 1469 958 in
1506 917 1732 974 corpore
1764 914 1822 959 et

212 1002 402 1056 anima
432 998 773 1069 intelligatur
804 1014 819 1051 :
848 997 1104 1066 quoniam
1132 1004 1191 1051 et
1235 1012 1334 1068 pro
1366 997 1522 1051 nobis
1549 998 1696 1052 intus
1723 997 1821 1051 doc

211 1096 338 1163 luit,
370 1104 427 1153 et
460 1098 705 1153 exterius
751 1098 806 1152 in
840 1111 1009 1153 carne
1056 1111 1187 1153 vere
1215 1111 1408 1166 passus
1452 1094 1574 1150 fuit.
1610 1095 1819 1163 Quibus

174 1234 182 1249 .
210 1188 467 1261 profecto
485 1189 840 1259 passionibus
870 1190 1049 1244 adhuc
1072 1189 1315 1260 quotidie
1346 1190 1399 1243 in
1429 1204 1594 1244 carne
1618 1205 1713 1245 sua
1763 1199 1817 1245 et

211 1280 269 1336 in
310 1280 579 1337 membris
628 1282 763 1348 suis,
793 1280 1003 1337 scilicet
1044 1280 1099 1335 in
1126 1279 1367 1335 Ecclesia
1412 1281 1655 1350 patitur:
1688 1282 1816 1351 quia

211 1370 282 1426 de
311 1385 502 1438 carne,
526 1386 651 1442 qua:
680 1380 735 1428 et
789 1374 855 1429 de
877 1372 1095 1427 ossibus
1135 1370 1251 1442 ejus
1293 1371 1408 1440 ipsa
1440 1371 1722 1435 formatur,
1758 1379 1818 1426 ut

210 1463 507 1535 compleat,
545 1464 602 1520 in
633 1479 692 1519 se
732 1479 795 1519 ea
841 1479 963 1535 quae
993 1463 1191 1518 desunt
1222 1462 1567 1533 passionibus
1590 1464 1812 1519 Christi.

212 1556 291 1613 Ex
320 1558 521 1627 quibus
550 1558 797 1627 profecto
816 1556 1164 1628 passionibus
1183 1564 1242 1610 et
1270 1558 1564 1626 pressuris,
1590 1556 1814 1626 plangit,

211 1649 444 1706 dicens:
479 1649 793 1719 Elii/ienuit
840 1650 896 1703 in
942 1664 1071 1719 gyro
1107 1663 1245 1713 meo,
1278 1658 1327 1703 et
1361 1649 1700 1703 circumdedit
1735 1665 1817 1702 me

116 1730 129 1735 Ἰ
212 1745 336 1815 felle
384 1754 433 1800 et
465 1745 662 1815 labore,
717 1747 972 1824 quoniam
1019 1744 1530 1817 impraesentiarum,
1564 1744 1815 1797 omnilnts

1920 543 2174 612 explevit.
2210 544 2363 601 Unde
2392 546 2553 607 idem,
2580 545 2688 600 imo
2738 545 2995 603 Dominus
3023 562 3120 619 per
3146 562 3294 615 eum,
3328 553 3382 606 in
3424 563 3505 605 te.

1921 633 2151 688 uebrosis
2182 635 2452 690 collocavit
2500 653 2599 699 me,
2630 637 2819 705 inquit.
2847 637 2999 704 Quod
3047 654 3180 695 sane
3208 640 3503 698 lamentum

1920 726 2091 795 magis
2111 727 2178 780 ad
2202 732 2387 797 caput,
2411 743 2571 797 quatn
2601 728 2666 780 ad
2684 729 2924 782 membra
2955 729 3229 798 pertinere
3255 718 3500 788 videtur:

1920 819 2044 888 quia
2091 834 2189 887 pro
2218 819 2373 873 nobis
2423 831 2668 875 mortuus
2698 829 2797 885 est,
2832 822 2924 875 sed
2976 837 3082 876 non
3133 837 3233 892 pro
3275 826 3505 884 mortuis

1920 910 2139 966 saeculi:
2167 912 2293 981 quia
2314 913 2509 967 mortui
2541 913 2741 979 saeculi,
2773 915 3077 970 mercedem
3110 918 3379 988 recipiunt
3402 919 3504 974 ini-

1921 1004 2147 1073 quitatis
2173 1019 2282 1058 sua:
2310 1013 2365 1060 et
2410 1015 2637 1060 mortem
2670 1007 2773 1061 sibi
2811 1008 3013 1062 ducunt
3042 1024 3106 1063 ex
3137 1013 3340 1080 peccati
3370 1027 3501 1082 pro-

1920 1097 2114 1166 pagine
2149 1114 2161 1150 :
2194 1096 2440 1152 Christus
2484 1113 2614 1153 vero
2641 1099 2789 1153 venit
2837 1099 2891 1154 in
2921 1100 3272 1157 similitudine
3317 1104 3501 1160 carnis

1919 1190 2124 1261 peccati
2159 1189 2329 1260 (Rom.
2370 1192 2508 1263 vui).
2568 1190 2774 1246 Idcirco
2820 1192 3173 1249 similitudine
3202 1193 3505 1250 collocatus

1921 1282 1975 1336 in
2002 1282 2262 1348 tenebris,
2296 1283 2459 1337 traxit
2489 1284 2554 1338 de
2575 1292 2746 1339 morte
2767 1295 3070 1353 peccatum.
3102 1285 3256 1341 Unde
3281 1288 3505 1358 signan-

1918 1380 2004 1428 ter
2049 1374 2160 1428 ait:
2189 1374 2475 1430 Collocavit
2506 1392 2586 1430 me
2636 1379 2693 1431 in
2736 1378 3217 1450 leuebrosis,quasi
3264 1366 3525 1436 mortuos.

1918 1469 2278 1538 sempiternos.
2300 1468 2462 1537 Quasi
2479 1469 2694 1539 quidem
2712 1469 2837 1526 licet
2852 1486 2976 1527 vere
2994 1483 3238 1528 mortuus
3256 1473 3499 1547 :1519

1919 1561 2043 1631 quia
2092 1562 2179 1615 die
2235 1562 2391 1615 tertia
2442 1562 2702 1628 surrexit,
2752 1572 2806 1617 et
2846 1579 2951 1619 non
3006 1565 3059 1619 iu
3110 1566 3501 1635 sempiternum

1919 1651 2113 1719 repulit
2134 1667 2256 1705 eum
2290 1652 2565 1706 Dominus.
2594 1652 2904 1709 Collocatus
2931 1663 3111 1710 autem
3137 1664 3221 1711 est
3264 1657 3317 1711 in
3353 1666 3502 1711 tenes

1918 1742 2121 1805 hebris,
2161 1750 2413 1812 tanquam
2464 1744 2516 1797 in
2543 1743 2777 1822 inferno,
2825 1755 3080 1816 tanquam
3132 1749 3184 1803 in
3224 1748 3498 1819 sepulcro,

212 1837 439 1898 obsessa
489 1845 669 1909 malis,
724 1820 776 1899 i-n
831 1840 1008 1900 medio
1056 1840 1376 1916 impleat-tun
1417 1836 1675 1900 ambulat,
1723 1836 1812 1889 ubi
1845 1820 1889 1878 Β
1921 1844 2175 1903 tamquam
2206 1836 2258 1888 in
2287 1835 2555 1905 passione,
2588 1820 2743 1906 quasi
2777 1840 2970 1893 mortui
3003 1841 3320 1911 sempiterni
3355 1860 3369 1896 :
3402 1842 3500 1897 sed

212 1937 376 1993 sedes
404 1946 492 1991 est
517 1934 752 1991 Satante.
787 1937 923 1991 lliue
951 1946 1034 1992 est
1061 1938 1204 2007 quod
1242 1935 1623 1991 haereticorum
1654 1941 1817 1996 quam.

212 2040 358 2096 saepe
404 2025 637 2080 vallatur
660 2026 961 2092 excercitu,
1006 2034 1061 2079 et
1099 2027 1243 2079 intus
1270 2024 1528 2078 falsorum
1586 2021 1812 2075 fratrum

215 2120 496 2192 afﬂigitur,
540 2133 593 2177 et
643 2122 884 2193 repictur
910 2121 1208 2184 laboribus,
1239 2136 1301 2174 ac
1329 2120 1372 2173 si
1405 2120 1528 2175 felle
1556 2119 1813 2173 amaritu-

214 2214 383 2270 diuis.
401 2215 520 2283 Quo
545 2216 802 2271 nimirum
833 2215 975 2277 felle,
1005 2215 1189 2269 Simon
1218 2214 1309 2270 ille
1333 2215 1517 2285 Magos
1540 2213 1809 2283 perfusus,

218 2305 372 2359 omni
401 2315 699 2361 commotus
728 2306 1028 2377 impietate,
1065 2306 1180 2361 zelo
1229 2306 1442 2361 invidize
1492 2306 1815 2361 moliebatur

215 2395 420 2451 Christi
469 2397 786 2451 subvertere
835 2397 1149 2467 discipulos,
1179 2405 1234 2450 et
1283 2397 1576 2452 Ecclesiam
1608 2398 1813 2452 electo-

215 2503 338 2541 rum
377 2487 593 2560 1418
615 2488 707 2543 Dei
732 2504 1105 2558 corrumpere.
1137 2488 1272 2542 llinc
1297 2503 1511 2557 quoque
1548 2488 1689 2559 quod
1712 2504 1812 2544 ex-

217 2585 461 2631 terorum
506 2586 668 2647 atque
697 2586 1106 2648 persecuturum
1140 2578 1467 2648 opprimitur
1510 2578 1806 2648 suppliciis,

213 2667 344 2722 hinc
365 2668 509 2737 quod
536 2668 949 2723 oblectamentis
980 2669 1159 2724 saeculi
1189 2667 1368 2736 hujus,
1400 2677 1453 2723 et
1480 2684 1662 2724 rerum
1690 2686 1809 2741 per-

215 2757 487 2814 mulcetur
528 2758 826 2823 blanditiis,
859 2769 1123 2829 quatenus
1165 2760 1247 2814 his
1286 2759 1574 2823 oblectata,
1612 2760 1811 2830 sempi-

215 2852 391 2906 ternis
422 2851 708 2907 fraudetur
734 2852 909 2907 bonis.
938 2851 1075 2907 llinc
1104 2852 1240 2907 dolis
1291 2853 1523 2907 hostium
1569 2854 1811 2922 quotidie

214 2945 571 3000 invisibilium
625 2945 974 3016 prepulsatur
1002 2954 1055 3000 et
1087 2945 1386 3011 fraudibus,
1423 2945 1687 3000 intautum
1707 2987 1721 3012 ,
1750 2954 1810 3001 ut

212 3033 339 3088 felle
364 3035 614 3090 videatur
645 3035 840 3106 repleri
884 3023 1166 3100 maeroris,
1197 3044 1250 3089 et
1278 3035 1553 3090 laboribus
1583 3036 1810 3091 tribula-

214 3127 444 3181 tionum.
470 3127 538 3182 Et
569 3129 689 3185 ideo
716 3130 907 3184 videns
934 3144 993 3184 se
1020 3145 1216 3199 sponsa
1249 3129 1451 3185 Christi
1485 3130 1648 3185 tantis
1676 3145 1804 3201 prma

210 3219 388 3289 pediri
421 3219 649 3290 laqueis,
691 3237 915 3292 gemens
969 3196 1101 3276 dicit
1156 3240 1167 3274 :
1215 3220 1550 3289 Aidificavit'
1578 3222 1632 3275 in
1676 3196 1805 3299 'g‘yro
1834 3196 1879 3259 (ἶ

210 3328 350 3375 meo,
400 3323 447 3365 et
492 3314 833 3367 circumdedit
880 3330 962 3368 me
1011 3314 1131 3384 felle
1176 3324 1223 3368 et
1275 3314 1560 3368 laboribus.
1599 3314 1807 3382 Quibus

212 3404 457 3474 undique
485 3405 642 3459 malis
666 3405 917 3459 conclusa
944 3405 1090 3460 intus
1114 3404 1335 3469 ferisve,
1360 3405 1485 3460 alibi
1514 3421 1528 3459 :
1556 3406 1686 3473 Quis
1711 3407 1808 3461 da-

212 3493 312 3557 bit,
337 3494 534 3563 inquit,
583 3496 711 3548 mihi
753 3512 950 3565 pennas
980 3497 1114 3549 sicut
1152 3496 1425 3562 COltlmbR’,
1457 3508 1505 3550 ct
1534 3496 1716 3551 volabo
1758 3507 1807 3553 et

212 3588 580 3658 requiescam?
611 3587 784 3659 (Psul.
818 3589 949 3657 Liv.)
998 3590 1093 3644 His
1127 3590 1292 3660 igitur
1342 3591 1564 3646 obsessa
1606 3591 1810 3645 fraudi-

211 3680 337 3743 bus,
365 3688 421 3734 et
450 3680 789 3735 inimicorum
819 3679 1051 3751 laqueis,
1080 3682 1225 3735 intus
1254 3680 1437 3737 dolore
1481 3682 1810 3736 amaricatur

213 3770 409 3835 animi,
436 3769 571 3826 foris
600 3786 730 3826 vero
771 3779 829 3825 ut
856 3772 1039 3827 vincat
1067 3772 1363 3837 laboribus,
1393 3772 1665 3842 fatigatur.
1701 3771 1808 3830 Sed

212 3864 477 3917 et-anima
509 3862 763 3932 quaelibet
813 3862 1001 3934 lugens
1041 3863 1186 3918 dolet
1228 3864 1371 3933 quod
1415 3864 1714 3919 tedilicatur
1753 3865 1808 3920 in

212 3969 351 4025 gyro
376 3954 513 4025 ejus,
538 3963 592 4008 et
613 3954 955 4009 concluditur
979 3955 1103 4011 felle
1140 3955 1381 4021 malitim,
1414 3956 1705 4027 multisque
1731 3956 1811 4011 fa-

215 4047 419 4118 tigatur
461 4045 768 4113 laboribus,
800 4049 1038 4103 maxime
1080 4049 1296 4120 quando
1342 4063 1401 4104 se
1444 4049 1813 4122 circumspicit

212 4141 456 4211 undique
483 4153 889 4214 coangustatam
909 4183 924 4209 ,
968 4153 1023 4198 et
1067 4143 1213 4198 intus
1252 4144 1364 4199 suis
1399 4158 1457 4200 se
1486 4143 1679 4215 repleri
1708 4145 1812 4200 ini-

211 4224 534 4305 quitatibus.
565 4236 746 4306 Agunt
765 4236 911 4290 enim
934 4235 1303 4291 indesinenter
1324 4237 1543 4308 maligni
1565 4239 1807 4306 spiritus,

209 4324 256 4379 si
310 4324 582 4394 quomodo
635 4325 891 4381 miseram
942 4328 1214 4393 animam,
1268 4330 1620 4399 permittente
1677 4329 1808 4397 Deo,

209 4414 399 4484 pravis
421 4413 697 4469 involvant
726 4415 1154 4483 delectamentis,
1186 4426 1240 4473 et
1288 4419 1540 4489 pessimis
1574 4436 1695 4475 eam
1725 4437 1809 4476 re-

208 4508 403 4580 pleant
441 4510 760 4576 desideriis,
805 4528 1034 4582 quorum
1074 4514 1366 4569 novissima
1414 4514 1543 4569 fiant
1588 4516 1637 4569 ei
1688 4515 1809 4571 felle

208 4604 511 4666 amariora,
536 4602 795 4673 omnique
820 4603 1004 4659 labore
1035 4606 1180 4660 intus
1202 4604 1401 4661 forisve
1422 4606 1659 4660 duriora.
1685 4606 1812 4674 Qui-

209 4696 319 4750 bus
343 4695 602 4749 nimirum
635 4698 844 4767 laqueis
885 4698 1129 4763 obsessa,
1153 4696 1276 4767 jure
1311 4697 1457 4753 dolet
1504 4697 1713 4770 lugens,
1743 4713 1811 4755 eo

206 4786 362 4857 quod
385 4786 789 4843 circumvallato
817 4788 889 4844 sit
914 4788 1165 4861 malignis
1191 4790 1245 4844 in
1266 4805 1423 4862 gyro,
1439 4798 1493 4845 et
1516 4789 1660 4847 intus
1684 4790 1809 4847 felle

208 4877 425 4951 repleta
449 4879 853 4936 amaritudinis.
890 4878 1153 4951 Sequitur
1184 4900 1198 4935 :

922 4991 1086 5032 ΒΕἸἮ.

284 5063 359 5121 In
386 5065 611 5123 tenebris
636 5066 913 5125 collocavit
946 5087 1052 5137 me,
1087 5070 1241 5143 quasi
1273 5079 1507 5125 mortuos
1540 5070 1809 5142 sempiter-

206 5176 329 5218 nos.
361 5158 464 5217 Hic
512 5176 747 5233 namque
771 5178 965 5220 versus
1007 5174 1196 5235 aperte
1240 5162 1490 5220 Ieremia:
1536 5163 1808 5237 congruit,

205 5252 340 5323 quia
394 5261 637 5310 retrusus
666 5254 722 5310 in
757 5255 869 5310 imo
897 5256 1157 5323 carceris,
1199 5257 1366 5311 nimia
1395 5256 1688 5327 asperitate
1716 5274 1810 5313 ex-

207 5351 515 5417 cruciatur,
563 5350 635 5406 ita
666 5366 805 5422 pene
850 5360 911 5407 ut
958 5352 1127 5407 vitam
1175 5353 1440 5419 amiserit,
1488 5352 1642 5424 quasi
1670 5369 1810 5409 unus

205 5457 402 5498 eorum
456 5443 549 5513 qui
601 5459 699 5514 pro
738 5444 979 5500 reatibus
1024 5446 1166 5499 inter
1203 5454 1444 5499 mortuos
1492 5445 1801 5515 deputatur.

210 5535 601 5592 Verumtamen
649 5536 775 5606 quia
816 5538 1204 5607 pr0phetarum
1247 5537 1457 5592 actibus
1500 5536 1804 5592 futurorum

210 5628 281 5683 de
297 5626 520 5683 Christo
550 5628 832 5699 prophetia
856 5629 1082 5694 texitur,
1098 5644 1163 5683 ex
1190 5645 1295 5698 quo
1320 5629 1523 5683 Paulus
1548 5629 1650 5683 ait:
1672 5627 1809 5683 Mul-

208 5720 394 5790 tifarie
439 5729 489 5773 et
530 5721 713 5775 multis
738 5722 906 5776 modis
932 5721 1056 5775 olim
1089 5722 1227 5777 Deus
1274 5723 1477 5777 locutus
1507 5734 1579 5777 est
1606 5724 1656 5777 in
1682 5741 1803 5793 pro-

208 5811 383 5889 phetis
425 5808 612 5895 (Hebr.
638 5810 701 5894 ι).
733 5812 1078 5875 Assimilatus
1105 5814 1159 5872 in
1208 5830 1370 5871 manu
1404 5815 1644 5872 omnium
1678 5816 1809 5875 Pro-

1152 5986 1185 6001 ὕ*

1834 4555 1888 4615 Β

1918 1927 2095 1981 factus
2139 1936 2221 1982 cst
2249 1929 2389 1982 sicut
2434 1930 2595 1983 homo
2634 1931 2750 1983 sine
2774 1930 3039 1998 adjutorio
3075 1933 3219 1987 inter
3260 1942 3507 1990 mortuos

1918 2020 2054 2073 liber
2077 2019 2247 2089 (Psal.
2291 2028 2554 2092 Lxxxvn).
2588 2022 2751 2077 Liber
2781 2023 2997 2091 quidem
3021 2064 3034 2089 ,
3075 2024 3201 2094 quia
3232 2025 3350 2080 sine
3378 2038 3504 2095 pec-

1916 2121 2038 2171 caio
2079 2111 2202 2173 fuit,
2246 2119 2531 2179 propterea
2583 2112 2650 2165 de
2696 2112 2933 2166 tenebris
2961 2114 3070 2167 cito
3100 2113 3167 2166 ad
3196 2113 3363 2167 vitam
3407 2114 3503 2169 lux

1916 2209 2093 2262 rcziiit.
2130 2209 2385 2276 lixptetur
2416 2213 2594 2257 autem
2642 2203 2725 2257 his
2773 2204 2944 2258 tribus
2981 2204 3229 2258 versibus
3254 2205 3386 2259 Deth
3418 2206 3506 2260 lit-

1916 2306 2027 2351 tera
2061 2315 2178 2368 qua:
2205 2299 2497 2351 secundum
2522 2292 2682 2351 etiam
2707 2292 3232 2367 interpretationem,
3261 2295 3503 2369 confusio

1915 2390 2328 2459 interpretatur,
2362 2396 2421 2440 ιιι
2464 2388 2533 2441 sit
2563 2401 2771 2441 sensus.
2820 2386 2972 2453 Quod
2999 2387 3178 2441 omnis
3206 2388 3298 2457 qui
3320 2389 3387 2441 ad
3416 2399 3506 2449 ve:

1918 2490 2173 2537 tustatetn
2199 2479 2425 2543 decidit,
2459 2477 2649 2533 fractis
2674 2477 2900 2542 viribus,
2941 2477 3222 2532 obsidione
3272 2477 3504 2533 vallatur
3560 2504 3568 2521 ι

1915 2575 2119 2645 antiqui
2155 2573 2345 2637 hostis,
2380 2579 2434 2628 et
2460 2571 2583 2627 felle
2612 2572 2759 2625 intus
2814 2569 3050 2639 repletur
3098 2570 3499 2626 amaritudinis.

1914 2669 2121 2736 Quibus
2163 2665 2405 2737 profecto
2435 2664 2713 2719 laboribus
2763 2662 3177 2733 circumseptus,
3222 2677 3331 2732 quo
3371 2661 3504 2718 alibi

1912 2763 2122 2818 locatus
2162 2776 2324 2831 quam
2382 2760 2436 2813 in
2487 2756 2827 2821 confusione,
2881 2757 3090 2811 scilicet
3136 2756 3190 2811 in
3237 2756 3501 2823 tenebris,

1913 2854 2197 2910 versatur?
2224 2852 2427 2907 Idcirco
2458 2851 2583 2922 quia
2605 2866 2704 2920 pro
2732 2849 3049 2905 confusione
3079 2850 3285 2921 plangit
3312 2851 3503 2906 buma-

1913 2947 1967 3001 ni
2016 2946 2251 3017 generis,
2297 2943 2495 2999 merito
2546 2943 2648 2996 sub
2687 2942 2790 2995 hac
2838 2940 3039 3006 littera,
3089 2942 3253 2997 totius
3312 2942 3506 2997 domus

1916 3042 2149 3103 ruinam,
2178 3046 2231 3091 et
2264 3036 2504 3091 maculas
2529 3034 2814 3089 vetustatis
2862 3033 3106 3104 plangit:
3137 3033 3268 3089 Belli
3306 3034 3506 3103 quippe

1914 3133 2076 3187 cliatn
2125 3140 2178 3184 et
2209 3130 2395 3183 dooms
2447 3129 2851 3198 interpretatur.
2880 3125 3010 3194 Qua:
3042 3126 3283 3197 profecto
3312 3127 3505 3183 domus

1911 3242 2009 3297 pro
2037 3223 2356 3279 confusione
2381 3237 2478 3276 sua
2503 3236 2724 3289 gemens
2751 3220 2917 3274 dicit:
2960 3217 3227 3272 Vetustam
3258 3218 3379 3287 fecit
3394 3217 3506 3290 pel-

1910 3319 2011 3370 lem
2056 3330 2246 3378 meam,
2274 3323 2329 3368 et
2378 3322 2573 3367 caetera
2599 3326 2719 3381 qua:
2748 3316 3069 3378 sequuntur.
3117 3306 3304 3362 Potest
3334 3308 3504 3377 siqui-

1911 3411 2030 3465 dem
2058 3407 2246 3463 referri
2278 3416 2330 3461 et
2372 3406 2437 3460 ad
2465 3413 2625 3475 caput
2655 3405 2769 3458 haec
2800 3411 3043 3458 vetustas
3078 3402 3253 3472 pellis,
3281 3411 3507 3474 propter

1911 3477 2153 3556 indutam
2196 3499 2582 3553 mortalitatem
2628 3495 2852 3551 carnis:
2900 3494 3107 3565 reliqua
3134 3509 3267 3548 vero
3317 3494 3501 3550 omnia

1910 3595 2009 3651 sub
2035 3594 2139 3648 hac
2172 3591 2351 3647 littera
2379 3591 2445 3643 de
2479 3590 2677 3659 capite,
2716 3586 2924 3641 scilicet
2952 3587 3016 3641 de
3044 3585 3279 3651 Christo,
3330 3585 3505 3657 magis

1910 3687 2051 3741 dicta
2085 3684 2472 3755 intelliguntur.
2512 3680 2789 3735 Moraliter
2820 3696 2950 3735 vero
3000 3679 3178 3733 anima
3237 3678 3336 3733 sub
3366 3694 3500 3733 con-

1911 3776 2121 3831 fusione
2158 3775 2353 3844 posita,
2397 3772 2481 3828 his
2530 3772 2774 3826 versibus
2802 3770 3067 3841 gradatim
3119 3784 3177 3824 se
3232 3767 3503 3823 ruinosius

1912 3869 2302 3940 deprehensam
2343 3865 2814 3937 lugetzpriutum,
2861 3863 3002 3933 quod
3055 3870 3323 3918 vetustate
3368 3876 3500 3931 pec-

1912 3964 2039 4027 cati,
2092 3961 2276 4015 fractis
2330 3960 2555 4024 viribus,
2581 3965 2836 4028 corrupta
2880 3956 3059 4025 jacet,
3111 3955 3326 4020 deinde,
3359 3955 3503 4025 quod

1913 4051 2317 4109 circumvallato
2350 4050 2541 4105 fraude
2590 4048 2796 4104 inimici
2827 4048 2964 4103 ultra
2999 4047 3148 4103 exire
3179 4048 3245 4101 ad
3279 4046 3501 4101 liberta-

1913 4156 2044 4211 tem,
2078 4146 2379 4201 venundata
2413 4145 2514 4199 sub
2540 4143 2759 4208 delicto,
2790 4159 2894 4197 non
2924 4142 3086 4206 valet,
3113 4151 3166 4195 et
3196 4142 3340 4196 intus
3365 4139 3504 4196 infra

1912 4239 2133 4309 laqueos
2185 4237 2618 4292 adversariorum
2668 4234 2891 4304 repleta,
2942 4250 2970 4287 a
3025 4231 3321 4300 majoribus
3367 4231 3504 4288 fellis

1912 4328 2369 4385 amaritudinibus
2395 4328 2779 4397 circumsepta,
2809 4324 3085 4379 laboribus
3116 4323 3506 4395 concupiscen-

1912 4425 2108 4478 tiarum
2133 4421 2373 4493 fatigata,
2400 4428 2453 4475 et
2478 4419 2806 4490 ponderibus
2832 4432 3052 4471 suorum
3086 4416 3387 4473 facinorum
3410 4418 3505 4471 de-

1916 4516 2180 4588 prehensa
2206 4515 2379 4585 luget;
2428 4514 2649 4584 insuper
2671 4521 2726 4567 et
2753 4511 2954 4566 amisSo
2979 4512 3207 4578 lumine,
3239 4511 3504 4568 collocata

1916 4610 1968 4663 in
1998 4608 2256 4672 tenebris,
2278 4606 2390 4676 jam
2421 4606 2575 4678 quasi
2620 4614 2831 4660 mortua
2858 4606 2911 4659 in
2946 4607 3357 4676 sempiternum,
3401 4620 3502 4663 nec

1912 4716 1972 4756 se
2021 4700 2191 4769 ipsam
2251 4698 2463 4767 qualis,
2522 4714 2682 4768 quam
2750 4699 2993 4765 misera,
3045 4716 3206 4771 quam
3266 4699 3448 4755 infelix
3482 4741 3498 4767 ,

1910 4792 2174 4862 quibusve
2216 4805 2470 4860 oppressa
2527 4789 2705 4855 malis,
2736 4799 2789 4846 et
2820 4792 3019 4846 nudata
3046 4792 3219 4857 bonis,
3255 4790 3367 4863 jam
3414 4790 3498 4845 vi-

1910 4886 2039 4940 dere
2082 4881 2604 4947 valct.Auferuntur
2637 4884 2779 4938 enim
2802 4884 3003 4954 judicia
3059 4885 3149 4940 Dei
3197 4886 3263 4940 ab
3310 4883 3499 4955 hujus-

1910 4979 2055 5034 modi
2106 4977 2306 5041 anima,
2337 4992 2406 5031 ne
2434 4976 2577 5031 ultra
2619 4991 2677 5032 se
2726 4979 2998 5049 respicere
3028 4987 3212 5049 queat,
3243 4988 3303 5033 ut
3331 4981 3383 5033 in
3415 4978 3499 5034 di-

1912 5068 2408 5139 rectojudiciorum
2439 5068 2535 5123 Dei
2566 5068 2746 5123 videat
2791 5071 3043 5140 abyssum
3072 5068 3292 5124 multam
3323 5066 3497 5140 (Psal.

1914 5160 2101 5232 xxxv),
2144 5161 2237 5215 sed
2275 5176 2336 5217 ea
2374 5158 2711 5215 solummodo
2737 5174 2856 5228 qua:
2904 5167 3029 5224 sunt
3055 5157 3333 5222 czecitatis,
3358 5173 3500 5212 sem-

1912 5270 2010 5324 per
2058 5255 2249 5309 orbata
2310 5254 2543 5318 lumine,
2590 5253 2840 5309 conclusa
2894 5252 2995 5306 sub
3043 5250 3359 5307 confusione
3402 5265 3502 5306 sua

1913 5346 2130 5401 sentiat.
2163 5344 2275 5399 Hoc
2318 5360 2533 5414 semper
2574 5344 2826 5398 inimicus
2849 5343 3067 5414 gaudet,
3096 5357 3163 5398 ne
3208 5357 3268 5398 se
3300 5341 3501 5399 misera

1914 5438 2094 5493 anima
2129 5438 2193 5492 de
2217 5438 2453 5491 tenebris
2478 5437 2544 5489 ad
2568 5435 2741 5491 lucem
2762 5434 3032 5505 explicare
3055 5444 3236 5506 queat.
3260 5436 3399 5492 Hinc
3417 5440 3502 5491 est

1913 5532 2054 5603 quod
2077 5530 2375 5585 Pbilistlmi
2402 5536 2559 5597 capto
2591 5528 2821 5581 Samson
2849 5525 3035 5581 oculos
3071 5536 3269 5581 eruunt
3293 5524 3495 5599 (Judic.

1915 5626 2051 5696 xvi),
2090 5640 2152 5677 ac
2176 5623 2368 5677 deinde
2392 5635 2593 5673 mecum
2619 5620 2684 5673 ad
2714 5620 2912 5674 molam
2941 5619 3181 5684 mittunt,
3204 5627 3263 5673 ut
3285 5631 3501 5687 semper

1917 5719 1967 5772 iit
1996 5715 2222 5771 circuitu
2248 5726 2467 5783 gyrans,
2496 5710 2635 5763 viam
2685 5710 2827 5773 vittr,
2878 5710 3091 5781 privato
3113 5710 3333 5773 lumine,
3362 5723 3501 5763 nun-

1914 5827 2077 5885 quam
2114 5805 2369 5863 inveniat.
2403 5801 2538 5860 Hine
2564 5816 2777 5876 quoque
2803 5802 3028 5862 Sedecia
3063 5801 3279 5882 (Ierem.
3305 5797 3503 5887 xxxix)
