4078 6348
599 239 735 301 “Si

1386 233 1445 291 S.
1484 230 1844 290 PASCHASII
1884 224 2235 291 RADBEBTI
2272 224 2563 282 ABBATIS
2599 223 3051 283 CORBEIENSIS

3662 241 3766 301 “5!
3840 278 3849 289 -

601 353 1099 413 Nabuchodonosor
1144 359 1337 422 capto,
1389 349 1623 419 primum
1653 348 1703 403 ei
1747 345 1932 403 eﬂodit
1975 344 2183 409 oculos,
2214 343 2265 404 Α
2294 341 2569 395 adversum
2591 358 2703 405 me,
2732 349 2787 394 ut
2828 356 2931 395 non
2960 339 3214 411 egrediar,
3253 345 3520 414 aggravavit
3540 355 3769 423 compede...

601 446 799 504 deinde
822 446 1065 501 vinctum
1104 445 1157 498 in
1189 457 1353 525 cavea
1381 440 1712 513 Babylonem
1751 439 1918 504 ducit,
1945 453 2014 493 ne
2045 437 2187 491 ultra

594 540 711 614 iam
741 553 997 609 unquam,
1029 535 1246 609 ιω
1274 535 1416 590 intra
1451 531 1823 588 confusionem
1848 530 2086 593 clausus,
2109 528 2187 583 lu-

600 648 720 691 eem
759 632 961 688 videat.
1011 629 1218 685 Tamen
1280 626 1532 699 quaelibet
1577 624 1773 680 talibus
1827 622 2003 678 illecta
2034 619 2209 681 malis,

600 725 781 781 anima
798 724 923 780 dum
946 721 1123 778 adhuc
1148 720 1201 776 in
1229 734 1395 775 carne
1415 717 1666 772 devincta
1690 715 1889 786 plorat,
1906 729 2014 768 non
2039 726 2189 779 vere,

600 813 701 872 sed
726 814 883 885 quasi
910 821 1179 869 mortuam
1202 824 1262 866 se
1280 809 1445 881 luget,
1467 809 1593 863 dum
1629 806 1780 861 locus
1819 804 1885 859 ad
1919 803 2211 875 paenitens

602 906 737 964 tiam
756 907 937 973 datur,
961 913 1252 975 antequam
1269 886 1628 958 absorbeatur
1646 899 1932 973 profundo,
1961 907 2016 953 et
2035 912 2192 968 super

600 1015 726 1060 eam
767 1010 953 1072 urgeat
993 1008 1180 1071 puteus
1237 996 1417 1069 abyssi
1460 1012 1517 1050 os
1566 1010 1720 1049 suum
1770 990 1944 1063 (Psal.
1972 991 2186 1061 vant).

603 1090 741 1161 Quia
769 1107 898 1149 vere
925 1108 1047 1147 cum
1070 1091 1174 1146 hoc
1200 1090 1478 1160 impletum
1514 1087 1678 1143 fuerit
1707 1086 1885 1141 nullus
1912 1099 2190 1155 regressus
2214 1150 2229 1165 ο

604 1184 675 1241 ad
701 1183 1076 1256 paenitentiam
1107 1182 1231 1238 erit.
1263 1179 1484 1236 Interim
1531 1194 1680 1242 vero,
1713 1192 1835 1231 cum
1868 1176 1921 1230 in
1950 1173 2189 1245 peccatis

599 1272 748 1347 jacet
791 1272 1254 1345 prol'undioribus,
1284 1272 1442 1343 quasi
1491 1271 1686 1327 mortui
1718 1271 1770 1326 in
1800 1270 2187 1339 sempiternum

603 1365 858 1424 conclusa
880 1365 1047 1432 dolet,
1083 1366 1175 1421 sed
1218 1380 1380 1435 quam
1415 1378 1556 1434 saepe
1580 1378 1677 1433 per
1697 1362 1895 1417 Christi
1935 1361 2207 1432 gratiam,‘

602 1459 897 1516 miserante
929 1459 1063 1522 Deo,
1112 1457 1181 1513 de
1227 1455 1495 1527 profundo
1549 1454 1848 1525 iniquitatis
1900 1452 1966 1507 ad
2020 1452 2185 1506 vitam

601 1552 761 1610 redit.
776 1551 1036 1623 Sequitur
1055 1550 1229 1607 Gimel
1259 1550 1464 1614 littera,
1480 1564 1600 1619 quae
1622 1548 1891 1602 retributio
1912 1545 1996 1601 vel
2020 1544 2187 1614 pleni-

2298 449 2469 487 meum
2489 431 2560 488 ob
2584 431 2981 487 immanitatem
3012 440 3415 501 tormentorum,
3448 438 3521 494 vel
3543 442 3771 502 multitudi-

2295 537 2417 578 nem
2463 516 2781 593 laqueorum
2802 563 2817 587 ,
2851 537 2948 577 seu
2979 531 3197 594 propter
3243 527 3621 587 condensitatem
3659 540 3773 606 pravi

2294 614 2561 687 dogmatis
2579 657 2594 682 ,
2620 616 2764 687 quod
2801 614 3115 686 frequenter
3148 618 3430 691 contigisse
3455 623 3644 680 minime
3661 614 3775 691 dubi-

2294 715 2462 773 tatur,
2490 708 2564 763 ita
2594 718 2653 762 ut
2683 708 2957 780 generalis
2986 708 3254 776 Ecclesia,
3282 712 3427 781 quasi
3450 730 3545 769 una
3579 718 3705 774 navis
3734 721 3773 777 in

2294 800 2473 856 medio
2495 801 2682 857 collisa
2721 800 2975 856 ﬂuctibus
2992 842 3007 867 ,
3035 800 3302 858 multoties
3341 805 3484 875 quasi
3509 808 3719 864 subversa
3739 820 3778 866 ct

2293 900 2631 963 przegravata
2683 890 2887 946 doleat.
2931 890 3081 946 Inter
3127 908 3245 962 quas
3291 894 3523 951 nimirum
3566 899 3778 967 pericula,

2293 998 2602 1054 quamsarpe
2628 983 2695 1038 ad
2721 983 3098 1054 probationem
3128 985 3245 1052 sui,
3270 1001 3414 1041 suam
3441 1003 3468 1041 a
3502 987 3689 1046 Domino
3708 1008 3777 1048 cx-

2293 1076 2499 1131 clusam
2529 1077 2831 1133 orationem
2873 1078 3170 1148 ingemuit,
3213 1078 3407 1135 habens
3444 1096 3552 1136 cum
3585 1082 3780 1155 Apostolo

2296 1169 2596 1222 anchoram
2643 1184 2797 1223 suam
2830 1167 3020 1239 (Hebr.
3051 1168 3126 1239 vr)
3150 1209 3166 1236 ,
3197 1169 3392 1225 scilicet
3419 1186 3551 1241 spem
3579 1172 3709 1229 lixam
3737 1176 3776 1230 in

2292 1259 2465 1323 cu-lo,
2498 1275 2566 1314 ne
2613 1260 2793 1326 forte,
2836 1260 2979 1330 quod
3011 1261 3188 1325 absit,
3226 1262 3313 1332 qni
3356 1265 3567 1332 praesciti
3606 1276 3707 1321 sunt
3740 1278 3780 1323 et

2290 1352 2670 1424 pmdestinati
2699 1354 3124 1425 submerguntur
3150 1354 3409 1411 ﬂuctibus.
3440 1355 3668 1412 Conclusit
3686 1360 3781 1414 eain

2288 1445 2397 1499 vias
2419 1445 2531 1514 ejus
2547 1445 2808 1516 lapidibus
2823 1447 3061 1517 quadris,
3080 1447 3204 1502 dum
3220 1448 3391 1503 omnia
3406 1457 3668 1504 sanctarum
3680 1450 3782 1506 Scri-

2286 1544 2568 1607 pturarum
2599 1536 2793 1592 itinera
2816 1577 2831 1602 ,
2855 1538 3010 1606 quasi
3025 1538 3247 1607 quadris
3289 1538 3676 1610 philosophorum
3703 1542 3781 1597 elo-

602 1643 730 1698 tudo
759 1643 1181 1712 interpretatur;
1209 1648 1268 1695 ut
1299 1656 1367 1695 ex
1402 1640 1571 1711 ipsius
1603 1638 2070 1708 interpretatione,
2093 1650 2185 1691 co-
2226 1702 2266 1712 _
2293 1628 2437 1698 quiis
2452 1628 2818 1695 obseravit,ne
2831 1639 2983 1685 recto
3000 1631 3217 1686 tramite
3230 1632 3795 1709 pereas,gressibuslidei,

602 1743 830 1805 gnoscat
861 1702 1032 1790 lector
1070 1702 1458 1803 plenitudinem
1497 1702 1886 1785 i‘etributionis.
1931 1729 2062 1797 Qua:
2106 1726 2189 1782 vel

2173 1726 2189 1781 |
2222 1702 2270 1762 Β
2299 1720 2625 1791 quantocius
2651 1721 2717 1776 ad
2745 1721 2979 1792 patriam
3001 1731 3349 1793 properaret,
3372 1732 3425 1778 et
3443 1738 3608 1778 omnes
3624 1724 3781 1779 semitas

601 1822 780 1895 qualis
798 1838 863 1879 ex
887 1824 1222 1895 plenitudine
1243 1823 1562 1878 delictorum
1592 1822 1879 1878 retributio
1909 1829 2189 1891 sequatur,

603 1920 716 1972 tres
743 1922 1036 1985 sequentes
1062 1912 1316 1969 versiculi
1350 1913 1654 1979 insinuant,
1685 1928 1811 1967 cum
1846 1912 2044 1968 dicitur
2069 1931 2082 1967 :

1307 2061 1490 2102 GIIEL.

674 2180 1172 2252 Circumcdiﬁcavit
1223 2182 1500 2237 adversum
1537 2198 1650 2248 me,
1704 2190 1759 2235 ut
1794 2196 1898 2235 non
1931 2180 2192 2251 egrediar,

603 2275 905 2348 aggravavit
939 2274 1231 2346 compedem
1259 2290 1452 2329 meum.
1490 2272 1592 2329 Sed
1618 2283 1666 2329 et
1696 2290 1813 2327 cum
1836 2273 2127 2328 clamavero
2148 2283 2196 2327 et

602 2382 880 2443 rogavero,
922 2366 1142 2421 exclusit
1188 2368 1481 2421 orationem
1531 2383 1722 2421 meam.
1772 2365 2037 2421 Conclusit
2085 2348 2203 2422 vias.

602 2479 748 2519 meus
777 2462 1042 2534 lapidibus
1061 2463 1304 2534 quadris,
1337 2464 1550 2518 semitas
1572 2479 1716 2517 meas
1740 2462 2009 2517 subvertit.
2040 2461 2195 2529 Quod

602 2555 738 2611 satis
794 2555 1057 2627 pmpbeta
1087 2572 1186 2628 pro
1233 2571 1312 2621 se,
1342 2557 1451 2612 imo
1478 2565 1533 2612 et
1560 2572 1658 2627 pro
1704 2558 1904 2627 populo
1938 2555 2194 2628 plangere

602 2647 836 2714 videtur,
868 2648 962 2718 qui
987 2649 1203 2705 vinctus
1229 2648 1282 2704 in
1314 2663 1536 2704 carcere
1557 2649 1907 2719 compedibus
1934 2664 2195 2720 aggrava-

604 2746 709 2801 tus,
736 2737 1056 2793 aediﬁcatam
1084 2739 1349 2795 adversus
1377 2739 1655 2794 civitatem
1679 2747 1735 2793 et
1759 2740 2015 2810 populum
2042 2739 2190 2794 obsi-

603 2828 820 2885 dionem
842 2831 1187 2887 amarissime
1207 2831 1459 2897 deﬂebat,
1485 2847 1552 2889 eo
1577 2833 1720 2903 quod
1751 2834 1820 2889 ab
1844 2834 1945 2889 hac
1975 2833 2193 2889 liberari

602 2933 700 2974 eos
749 2935 856 2974 non
882 2936 1063 2990 posse,
1090 2922 1261 2994 culpis
1304 2923 1663 2994 exigentibus,
1693 2925 1746 2979 in
1774 2927 1967 2995 spiritu
1994 2926 2191 2997 praevi-

601 3008 786 3065 debat.
817 3008 921 3066 Sed
963 3022 1012 3067 et
1051 3029 1170 3067 cum
1211 3012 1528 3081 clamavero,
1568 3015 1764 3085 inquit,
1818 3026 1867 3070 et
1921 3033 2187 3087 rogavero,

2293 1828 2518 1878 eorum,
2550 1813 2765 1869 scilicet
2805 1813 3193 1870 subtilissimas
3233 1815 3518 1870 divinarum
3558 1830 3694 1871 rerum
3722 1817 3778 1870 in-

2294 1904 2660 1977 telligentias,
2691 1904 3066 1969 stecularibus,
3104 1906 3191 1961 vel
3231 1906 3378 1976 pravi
3415 1906 3663 1977 dogmatis,
3690 1906 3776 1960 sub-

2294 2005 2508 2052 vertere
2537 1996 2812 2068 permisit,
2850 1994 3178 2065 disciplinis.
3211 1995 3467 2051 Caaterum
3508 1998 3655 2050 anima
3676 2011 3781 2066 qua-

2294 2090 2456 2151 libet,
2488 2088 2643 2159 cujus
2662 2086 2776 2157 jam
2799 2088 3088 2143 retributio
3114 2086 3189 2142 ob
3210 2088 3570 2159 immanitatem
3594 2085 3783 2141 scelerum

2298 2195 2520 2237 suorum
2552 2154 2847 2244 imminet,
2895 2187 2951 2233 et
2997 2177 3331 2249 plenitudine
3377 2154 3652 2232 delictorum
3694 2175 3781 2228 sub-

2297 2287 2474 2328 mersa
2496 2271 2674 2342 jacet,
2700 2270 2827 2341 quia
2859 2268 3073 2324 Gutum.
3103 2269 3343 2324 litteram
3380 2279 3634 2337 utrumque
3666 2266 3779 2320 inter-

2296 2364 2502 2436 pretari
2542 2363 2781 2417 diximus
2819 2359 2945 2431 jure
2983 2361 3037 2415 in
3067 2376 3127 2416 se
3176 2376 3389 2417 reversa
3422 2356 3580 2415 deﬂet.
3619 2354 3788 2411 Cimm-

2296 2454 2575 2524 a'diﬁcavit
2599 2452 2876 2507 adversum
2898 2469 3000 2513 me,
3024 2460 3080 2507 ut
3104 2470 3213 2507 non
3238 2453 3485 2523 egrediar.
3515 2449 3655 2505 Sicuti
3677 2448 3789 2503 etille

2296 2553 2381 2607 cui
2412 2551 2663 2608 dicebat:
2694 2548 3167 2604 Circumdetlerunt
3199 2565 3280 2604 me
3316 2548 3508 2602 dolores
3529 2545 3704 2609 mortis,
3725 2559 3800 2613 per

2297 2640 2467 2695 ricula
2491 2637 2687 2711 inferni
2707 2641 3013 2694 invenerunt
3042 2655 3123 2693 me
3149 2636 3328 2709 (Psal.
3349 2638 3506 2705 cnv).
3526 2636 3691 2703 Quibus
3706 2648 3788 2705 pro-

2295 2731 2440 2789 fecto
2506 2740 2842 2803 praegravata
2913 2731 3271 2801 compedibus
3332 2730 3591 2793 formidat,
3630 2741 3681 2783 ne
3718 2740 3788 2780 non

2292 2826 2466 2898 possit
2488 2826 2727 2881 evadere
2753 2839 2783 2878 a
2811 2823 3089 2894 suppliciis
3116 2838 3131 2877 :
3168 2823 3298 2894 quia
3328 2832 3382 2878 et
3419 2823 3459 2877 si
3488 2822 3591 2893 ejus
3614 2820 3790 2874 fuitcor-

2294 2936 2485 2987 ruere,
2515 2919 2825 2975 miserantis
2868 2919 2960 2974 Dei
2991 2927 3106 2984 est,
3138 2934 3267 2974 eam
3294 2919 3358 2974 de
3387 2917 3537 2972 tantis
3577 2911 3732 2983 laqueis
3751 2908 3790 2962 li-

2294 3014 2513 3069 berare.
2539 3013 2681 3080 Quid
2704 3021 2886 3067 autem
2914 3012 3285 3068 miserabilius
3312 3026 3427 3067 esse
3471 3018 3623 3081 potest
3656 3006 3790 3060 anima

604 3101 828 3158 exclusit
856 3105 1150 3161 orationem
1192 3121 1382 3161 meum.
1414 3106 1569 3163 Unde
1596 3106 1856 3163 Dominus
1881 3127 1895 3163 :
1926 3108 2009 3163 Ne
2038 3126 2192 3164 assu-
2219 3078 2265 3141 δ
2296 3106 2627 3177 delinquenti
2649 3147 2662 3169 ,
2693 3121 2856 3175 quam
2905 3114 2965 3160 ut
3011 3107 3091 3161 sic
3117 3105 3379 3170 conclusa
3405 3111 3621 3159 teneatur
3637 3108 3791 3154 carcere

606 3211 743 3261 snas,
773 3194 968 3265 inquit,
1016 3195 1228 3251 laudent
1256 3207 1305 3252 et
1346 3198 1634 3253 orationem
1660 3217 1755 3270 pro
1800 3201 1874 3255 eis
1905 3199 2039 3271 (Jer.
2075 3202 2191 3273 vn).

605 3282 744 3352 Quia
766 3284 1013 3357 profecto
1035 3286 1240 3343 clamor
1265 3304 1489 3359 operum
1515 3292 1835 3348 ascenderat
1861 3302 2049 3348 contra
2076 3308 2190 3361 eos,

606 3394 678 3437 ne
702 3381 964 3452 prOpbeta
989 3383 1362 3453 exaudiretur
1406 3399 1602 3455 rogans
1648 3400 1747 3456 pro
1772 3386 1870 3441 eis.
1905 3385 1972 3441 Et
2002 3386 2087 3441 hic
2110 3396 2195 3442 est

606 3471 754 3541 quod
775 3471 855 3527 ait
872 3470 1140 3527 :Exclusit
1164 3474 1453 3528 orationem
1474 3492 1648 3549 (meam
1662 3493 1682 3541 ;
1707 3476 1924 3546 quando
1947 3492 2044 3549 pro
2071 3493 2195 3546 pec-

608 3561 748 3618 catis
771 3577 958 3619 eorum
988 3579 1209 3634 gemens
1229 3580 1293 3621 ac
1334 3566 1542 3632 dolens,
1573 3583 1674 3623 nec
1695 3568 1939 3624 exaudiri
1974 3570 2191 3624 meruit.

608 3650 718 3731 Sed
747 3653 1016 3712 conclusae
1037 3664 1167 3711 sunt
1189 3672 1380 3714 omnes
1400 3673 1590 3714 eorum
1614 3659 1735 3725 viae,
1759 3668 1815 3714 et
1835 3660 1879 3714 si
1912 3675 2009 3732 per
2035 3660 2223 3731 agge-'

609 3730 875 3803 rationem
904 3764 1028 3804 cum
1049 3763 1117 3804 eo
1136 3748 1348 3820 loquar,
1374 3750 1648 3823 lapidibus
1676 3730 1926 3823 quadris,
1957 3730 2192 3807 semita:-

609 3853 715 3913 que
736 3839 1029 3905 subversae,
1058 3855 1127 3896 ne
1163 3839 1302 3897 forte
1343 3842 1577 3914 primam
1608 3852 1701 3898 aut
1733 3841 2026 3899 secundum
2051 3842 2197 3898 obsi-

610 3934 825 3995 dionem
874 3937 1081 4008 possint
1119 3936 1374 4011 eﬂ'ugere.
1444 3938 1510 3994 Et
1558 3939 1854 3995 notandum
1904 3940 2048 4009 quod
2097 3956 2192 3995 sua

516 4072 531 4082 .
609 4028 876 4102 propheta
903 4029 1184 4087 conclusas
1217 4030 1426 4102 plangit
1448 4032 1583 4095 vias,
1615 4031 1947 4101 semitasque
1970 4029 2194 4086 subver-

612 4135 725 4186 sas,
752 4122 881 4178 dum
918 4139 1109 4180 omnes
1128 4125 1308 4180 exitus
1354 4124 1569 4180 misera:
1609 4124 1849 4179 civitatis
1878 4123 2112 4179 hostium
2141 4125 2194 4178 in

615 4213 969 4272 subversione
994 4216 1260 4286 conspicit
1281 4216 1583 4281 abstrusos,
1606 4226 1660 4270 et
1693 4217 1758 4270 ad
1790 4217 2194 4286 persuasionem

614 4304 797 4377 populi
821 4306 1159 4378 illaqueatos.
1174 4309 1442 4364 Caeterum
1465 4308 1692 4363 istorum
1715 4323 1905 4363 sensus
1920 4323 2193 4375 versuum,

610 4413 767 4472 eque
788 4400 856 4457 ad
886 4412 1067 4472 caput,
1099 4416 1251 4471 teque
1291 4408 1349 4455 et
1374 4400 1441 4455 ad
1479 4400 1721 4455 membra
1760 4408 1936 4471 potest
1981 4398 2192 4467 referri,

2295 3199 2546 3270 pessima:
2571 3198 2904 3268 captivitatis
2924 3238 2940 3264 ,
2969 3212 3037 3252 ne
3069 3197 3215 3252 ultra
3248 3198 3426 3271 egredi
3449 3205 3593 3266 queat
3612 3190 3665 3246 ad
3685 3188 3791 3244 liber-

2305 3299 2474 3345 tatem
2502 3288 2657 3344 bona:
2694 3289 2928 3344 actionis
2946 3329 2961 3353 ,
2994 3289 3225 3358 insuper
3250 3297 3305 3342 et
3334 3288 3505 3342 vincta
3531 3279 3789 3351 compedibus

2296 3380 2461 3437 delict
2481 3395 2638 3436 orum
2665 3382 2905 3435 atrocius
2935 3390 3270 3450 aggravatur
3294 3379 3500 3449 ﬂagitiis
3521 3377 3675 3433 saltem
3695 3383 3791 3426 nese

2295 3481 2615 3546 promoveat
2638 3474 2971 3545 paenitentiae
2986 3474 3055 3529 ad
3079 3474 3414 3531 remedium?
3434 3469 3681 3543 Compedes
3694 3464 3789 3521 enim

2297 3568 2467 3638 ipsius
2488 3608 2503 3634 ,
2555 3576 2682 3622 sunt
2711 3568 2893 3623 omnia
2933 3568 3384 3637 concupiscibilia
3427 3557 3790 3627 saculi,etoble-

2296 3668 2571 3715 ctamenta
2594 3661 2799 3725 carnis,
2827 3676 3039 3716 necnon
3071 3668 3128 3715 et
3161 3675 3355 3717 omnes
3377 3658 3563 3715 inimici
3592 3654 3669 3709 doli
3679 3648 3787 3720 ,φί-

2297 3749 2520 3805 buscum
2544 3753 2787 3821 profecto
2809 3752 2976 3821 pedes
2996 3752 3444 3823 constringuntur
3465 3748 3572 3803 ﬁdei
3590 3739 3803 3815 :quoniamt

2297 3841 2351 3915 (Ι
2363 3840 2385 3895 1
2409 3839 2533 3897 Cor.
2561 3854 2611 3912 ν)
2644 3857 2740 3912 per
2763 3842 2919 3899 ﬁdem
2942 3841 3288 3898 ambulamus
3318 3851 3374 3898 et
3399 3856 3499 3896 non
3516 3854 3599 3911 per
3611 3832 3788 3906 speciem.

2297 3944 2573 4007 nequeunt
2614 3936 2784 3991 libere
2825 3939 2894 3991 ad
2923 3952 2986 3991 ea
3018 3952 3140 4007 qua:
3177 3954 3288 3993 non
3324 3936 3561 4011 videntur
3585 3925 3793 4002 1422⁸⁸

2299 4032 2630 4102 sempiterna
2661 4042 2807 4097 sunt,
2842 4030 3143 4087 intendere.
3170 4032 3690 4104 Aggravanturautem
3705 4030 3794 4089 quo-

2298 4127 2615 4197 tiescunque
2632 4127 2969 4198 iniquitatem
2993 4142 3162 4199 super
3186 4128 3520 4198 iniquitatem
3541 4117 3795 4194 apponimsi

2298 4218 2425 4288 quia
2458 4229 2606 4272 recte
2639 4217 2897 4288 iniquitas
2949 4233 3114 4287 super
3145 4218 3409 4273 talentum
3453 4212 3628 4286 plumbi
3665 4206 3796 4263 sedere

2300 4313 2499 4368 dicitur
2531 4310 2719 4382 (Zach.
2752 4313 2829 4382 v).
2863 4312 3005 4384 Ergo
3033 4312 3217 4368 adhuc
3254 4316 3591 4369 connumerat
3622 4299 3799 4360 miseria-

2303 4420 2421 4459 rum
2448 4402 2565 4472 ejus
2596 4404 3026 4469 immanitatem,
3051 4420 3177 4459 cum
3208 4405 3338 4461 dicit
3368 4402 3522 4458 tantis
3548 4396 3797 4471 pratgl'aulla

613 4504 739 4546 cum
782 4488 913 4546 dicit
942 4509 956 4545 :
989 4490 1483 4560 Circumtediﬁcavit
1518 4491 1809 4565 adversum
1862 4508 1945 4546 me
1993 4501 2052 4545 ut
2094 4507 2200 4546 non
2231 4467 2282 4530 θ
2304 4496 2484 4552 malis.
2517 4493 2583 4549 Et
2608 4512 2726 4550 cum
2754 4467 3048 4551 clamavero
3074 4507 3124 4551 et
3167 4514 3439 4569 rogavero,
3462 4467 3800 4550 exclusitoralio-

611 4581 874 4652 egrediar,
922 4597 988 4638 ac
1027 4583 1071 4637 si
1126 4590 1376 4653 patenter
1429 4583 1575 4638 dicat
1622 4601 1636 4637 :
1684 4583 1954 4639 Excitavit
2008 4583 2199 4638 adver-

615 4685 735 4727 sum
807 4686 894 4728 me
959 4672 1125 4729 corda
1174 4672 1516 4740 Iudaeorum,
1585 4681 1637 4730 et
1708 4674 2202 4731 circumtedilicavit

615 4760 856 4834 legiones
898 4772 1060 4835 atque
1108 4765 1363 4821 cohortes
1408 4777 1598 4820 contra
1646 4780 1731 4821 me
1778 4767 2090 4830 saevientes,
2142 4776 2201 4821 ut

616 4870 726 4913 nou
765 4858 1017 4929 egrediar
1044 4858 1111 4914 de
1135 4858 1385 4914 manibus
1429 4873 1639 4925 eorum,
1692 4873 1971 4931 quousque
2004 4859 2196 4914 vadam

614 4946 762 5003 sicut
806 4948 1066 5018 scriptum
1112 4957 1198 5003 est
1226 4948 1294 5003 de
1322 4964 1438 5011 me,
1483 4957 1538 5004 et
1583 4949 1955 5018 compleantur
1986 4949 2194 5022 1421

614 5037 874 5094 vaticinia
928 5040 1336 5110 prophetarum.
1390 5039 1599 5096 Idcirco
1633 5040 1864 5095 exclusit
1899 5042 2200 5097 orationem

616 5128 896 5201 ejus,cum
935 5132 1196 5188 clamaret
1230 5152 1242 5187 :
1281 5130 1464 5196 Pater,
1489 5134 1537 5188 si
1569 5132 1815 5205 possibile
1833 5144 1909 5188 est
1932 5175 1948 5200 ,
1970 5144 2202 5189 transeat

618 5237 653 5276 a
678 5237 762 5278 ate
781 5223 924 5279 calix
966 5225 1077 5291 iste,
1097 5223 1314 5297 (Matth.
1356 5226 1539 5299 xxvi),
1570 5234 1630 5279 ut
1654 5226 1835 5280 omnia
1865 5226 2200 5295 compleren-

620 5319 729 5366 tur.
757 5310 862 5370 Sed
903 5326 959 5371 et
986 5316 1225 5373 Ecclesia
1271 5317 1472 5373 Christi
1518 5316 1793 5373 multolies
1821 5318 2199 5374 bmreticorum

617 5403 873 5460 conclusa
900 5405 1275 5478 dogmatibus,
1315 5419 1467 5465 certe
1506 5419 1601 5464 aut
1639 5418 2048 5479 persecuturum
2085 5411 2199 5466 val-

622 5492 729 5555 lata
758 5498 1067 5569 suppliciis,
1090 5516 1188 5557 usa
1219 5502 1323 5558 hac
1349 5517 1483 5558 voce
1514 5503 1736 5574 plorans
1776 5518 1841 5559 ac
1869 5503 2059 5577 lugens
2079 5547 2093 5570 ,
2124 5515 2206 5561 to-

623 5593 739 5643 tum
783 5588 896 5645 Deo
938 5591 1157 5656 tribuit,
1207 5593 1468 5663 quidquid
1511 5609 1669 5665 passa
1712 5603 1796 5650 est
1825 5594 1893 5648 ab
1921 5594 2204 5661 hostibus,

623 5693 695 5741 ac
725 5682 774 5738 si
811 5686 1029 5759 propria
1077 5701 1208 5743 voce
1250 5687 1438 5744 dolens
1467 5688 1610 5744 dicat
1633 5689 1665 5758 ξε
1707 5688 2205 5760 (Σίγειιιιιιινάίβοαυὶε

2306 4604 2421 4642 nem
2444 4602 2634 4642 meum.
2666 4585 2798 4641 Nam
2830 4588 2972 4642 inter
2995 4587 3261 4657 supplicia
3284 4583 3601 4643 solummodo
3618 4580 3798 4647 lacrytna

2304 4687 2359 4733 et
2385 4694 2576 4750 preces
2619 4677 2684 4732 ad
2715 4677 2959 4747 jndicem
2991 4679 3243 4736 solantur
3274 4695 3426 4745 reas,
3458 4675 3648 4732 tandem
3671 4675 3717 4720 Ill
3743 4659 3800 4717 his

2303 4780 2552 4844 promota
2580 4772 2755 4843 pietas
2783 4772 2997 4827 veniam
3026 4773 3309 4843 impendat
3336 4769 3553 4828 delictis.
3584 4761 3672 4819 Sed
3694 4752 3799 4811 7³14⁸

2304 4862 2360 4917 in
2391 4862 2700 4918 novissimis
2727 4863 3039 4918 contristari
3089 4872 3306 4935 potest,
3352 4860 3556 4933 quando
3592 4865 3714 4910 mens
3736 4857 3797 4900 τα

2303 4955 2383 5011 sic
2401 4955 2570 5009 sentit
2587 4951 2849 5009 oﬂ‘ensum
2868 4955 3130 5025 judicent,
3150 4956 3318 5011 etiam
3339 4952 3504 5023 culpis
3517 4938 3796 5017 exigentibus,

2302 5063 2372 5102 ne
2393 5046 2565 5117 possit
2591 5047 2766 5103 oratio
2796 5048 3061 5113 transire,
3110 5057 3166 5104 et
3217 5046 3286 5103 ad
3340 5045 3533 5103 fontem
3568 5035 3799 5113 pertingit?e

2303 5139 2543 5210 pietatis.
2575 5138 2827 5194 Excludit
2848 5149 3033 5198 autem
3062 5130 3366 5212 supplicum
3388 5150 3565 5211 preces
3589 5126 3796 5187 Dominus.

2302 5234 2520 5305 quando
2547 5250 2647 5291 nos
2675 5234 2754 5291 sic
2783 5250 3009 5307 peccare
3036 5235 3319 5306 permittit.
3348 5234 3502 5289 etiam
3524 5238 3577 5284 ut
3600 5226 3692 5317 ipsa
3711 5228 3800 5317 αξη·

2308 5336 2391 5382 tra
2433 5344 2531 5383 nos
2559 5328 2840 5397 insurgunt
2863 5327 3063 5398 ﬂagitia
3083 5369 3098 5392 ,
3128 5337 3183 5385 et
3220 5326 3539 5384 concludant
3556 5315 3702 5393 omnia
3723 5315 3799 5409 Pl?

2308 5420 2436 5474 tatis
2462 5420 2653 5475 itinera
2679 5419 2886 5475 oﬂ‘enso
2909 5418 3087 5489 judice
3107 5462 3121 5486 ,
3148 5435 3213 5474 ne
3255 5419 3425 5491 possit
3447 5416 3509 5472 ad
3532 5424 3637 5469 eum
3659 5408 3802 5499 per"?

2307 5525 2435 5581 gere
2453 5551 2467 5573 ,
2496 5511 2587 5581 qui
2620 5525 2860 5580 praesens
2883 5511 3083 5581 ubique
3110 5519 3227 5576 est,
3254 5519 3309 5565 et
3334 5509 3478 5565 audit
3508 5501 3689 5561 omnia,
3708 5499 3795 5560 (ιιιι³

2306 5600 2550 5672 profecto
2580 5601 2723 5657 sicut
2751 5602 3012 5671 scriptum
3051 5609 3137 5658 est
3163 5620 3177 5656 :
3205 5600 3312 5668 Qui
3349 5597 3536 5654 claudit
3560 5587 3800 5672 aureas!“

2310 5669 2375 5747 rte
2404 5692 2588 5746 audiat
2637 5691 2823 5763 legem,
2857 5669 3025 5748 oratio
3066 5694 3181 5765 ejus
3216 5692 3317 5746 erit
3344 5681 3644 5747 exsecrabilis
3665 5669 3797 5747 (Ρτονο
