4078 6348
212 266 341 324 “53

887 259 1248 318 EXPOSlTlO
1280 258 1349 314 lN
1388 256 1972 318 LAMENTATIONES
2007 259 2347 317 JEREMUE.
2386 294 2457 304 ——
2494 263 2623 318 LIB.
2663 264 2751 319 lll.
2800 213 2808 230 κ

3346 266 3489 325 “5‘

212 383 415 456 xxvm).
454 381 755 448 Conclusit,
787 380 995 450 inquit,
1040 381 1149 435 vias
1183 395 1325 434 meas
1365 377 1628 449 lapidibus
1655 392 1786 447 qua—
1812 383 2148 450 Antraque,
2214 380 2712 438 Nabuchodonosor
2789 391 2969 448 certe,
3037 393 3132 438 aut
3189 383 3342 442 Titus
3397 387 3487 445 vel

210 477 330 532 dris.
381 476 594 531 Habent
622 475 767 530 cnim
811 473 1016 528 scelera
1044 481 1101 527 et
1138 481 1362 543 peccata
1401 471 1792 542 quadraturam

213 585 387 634 suam,
429 569 571 622 sicut
616 566 837 638 quidam
869 566 1080 634 poetice
1130 564 1250 618 ait:

207 677 210 679 λ
296 673 355 722 Hi
379 675 625 728 metuunt,
653 671 876 730 cupiunt,
901 668 1240 730 gaudentque,
1266 666 1554 732 delentque.

210 755 408 825 Quibus
423 752 668 824 profecto
681 750 906 822 quadris
923 749 1209 820 lapidibus,
1232 751 1672 820 conquadrantur
1685 765 1797 806 om-

209 849 289 904 nia
303 847 433 902 vitia
456 855 768 900 nostrorum
793 843 1078 900 scelerum.
1099 841 1252 898 Unde
1277 845 1491 899 tandem
1507 844 1795 915 aliquando

206 940 385 994 redeat
414 938 482 992 ad
511 952 569 992 se
592 936 779 991 infelix
808 936 1032 990 nimium
1059 935 1264 1001 anima,
1285 935 1793 1003 vetustateinfecta,

205 1030 478 1086 confracta
507 1027 746 1093 viribus,
791 1027 843 1081 in
876 1042 1008 1098 gyro
1037 1027 1105 1082 ab
1148 1027 1384 1082 inimicis
1423 1029 1642 1084 obsessa
1671 1027 1796 1085 felle

205 1122 501 1193 iniquitatis
522 1130 578 1176 et
601 1120 945 1175 miseriarum
991 1118 1218 1185 vallata,
1266 1120 1422 1176 vanis
1465 1120 1686 1192 fatigata
1719 1123 1795 1178 la-

205 1213 440 1274 boribus,
472 1212 527 1267 in
553 1211 794 1267 tenebris
815 1210 1159 1281 ignorantiae,
1187 1219 1236 1264 et
1265 1211 1365 1265 sub
1385 1211 1616 1282 caligine
1639 1215 1795 1270 caeci-

209 1307 328 1362 tatis
349 1306 548 1371 locata,
575 1314 760 1360 contra
791 1320 954 1375 quam
1003 1305 1270 1360 innumeri
1300 1306 1487 1361 hostes
1516 1323 1584 1362 ne
1631 1318 1796 1378 queat

206 1397 404 1469 egredi,
433 1406 490 1452 et
513 1396 641 1452 vitia
663 1396 983 1452 desaeviunt.
1009 1395 1215 1451 Redeat
1235 1397 1414 1452 vincta
1440 1399 1793 1468 compedibus

205 1497 259 1543 et
279 1498 636 1560 przegravata,
655 1489 800 1558 pium
824 1488 1221 1559 rogetjudiccin
1248 1488 1640 1554 indesinenter,
1663 1507 1726 1546 cu
1738 1507 1788 1546 m

204 1581 346 1636 omni
377 1581 726 1652 improbitate
768 1580 1061 1635 clamoris:
1095 1581 1220 1649 quia
1247 1590 1304 1635 et
1347 1581 1391 1636 si
1420 1598 1524 1636 non
1551 1599 1617 1638 eo
1648 1585 1791 1654 quod

205 1673 373 1728 amica
401 1673 505 1740 sit,
537 1682 760 1743 propter
787 1672 1190 1743 improbitatem
1222 1675 1488 1742 petentis,
1528 1676 1796 1746 promittit

1895 472 2261 544 Vespasianus
2305 475 2678 547 designantur,
2722 476 2814 546 qui
2863 477 2990 532 alibi
3037 493 3169 548 aper
3209 491 3262 534 et
3304 481 3491 553 singu-

1895 563 2027 620 laris
2057 564 2203 622 ferus
2235 567 2574 638 appellantur
2609 585 2621 622 :
2659 568 2712 624 in
2740 569 2945 638 quibus
2981 570 3227 640 profecto
3265 573 3359 628 Dei
3402 591 3498 647 po-

1895 663 2064 712 testas
2107 657 2364 713 ultionem
2407 660 2712 729 iniqnornm
2767 668 2822 715 et
2845 661 3140 716 vindictam
3169 663 3269 718 fuit
3299 681 3363 721 ac
3388 680 3490 738 per

1895 747 2000 803 hoc
2030 747 2173 804 Deus
2203 764 2364 804 ursus
2398 749 2482 806 vel
2522 750 2606 805 leo
2643 751 2818 806 factus
2853 752 3151 825 plangitur,
3201 759 3326 826 quia
3366 775 3492 819 cum

1895 840 1969 896 sit
2044 839 2284 897 clemens
2345 857 2410 897 ac
2474 843 2596 912 pius
2660 844 3117 916 indulgentiarum
3185 849 3490 921 Dominus,

1897 930 2070 995 (Psal.
2097 933 2314 1005 uxrx);
2358 932 2507 1003 justo
2551 951 2648 989 suo
2677 937 2902 1001 adduxit
2943 937 3152 1005 judicio
3180 951 3372 999 contra
3403 944 3494 1003 Je-

1895 1025 2150 1089 rusalem,
2180 1027 2270 1096 qui
2301 1042 2420 1082 eam
2447 1029 2593 1082 omni
2623 1028 2941 1086 insidiarum
2966 1046 3164 1102 genere
3192 1022 3490 1104 obsideret,
3566 1097 3573 1109 ,

1895 1129 1952 1173 et
1983 1134 2093 1174 suae
2133 1120 2441 1174 devastaret
2481 1119 2812 1177 fortitudinis
2860 1127 3118 1192 potentia.
3165 1125 3337 1194 Quem
3388 1130 3494 1186 Do-

1894 1211 2074 1266 minus
2122 1227 2338 1266 servum
2389 1227 2546 1267 suum
2590 1223 2645 1267 et
2701 1215 3006 1271 columbam
3061 1230 3221 1274 vocat
3267 1218 3486 1292 (Jerem.

1894 1304 2045 1371 xxv),
2073 1319 2138 1357 eo
2166 1305 2307 1373 quod
2341 1304 2391 1357 in
2419 1304 2622 1360 ultione
2649 1307 3100 1374 praevaricatricis
3131 1310 3487 1366 servieritJe-

1895 1395 2150 1460 rusalem,
2200 1404 2532 1466 exeterasque
2575 1397 2826 1453 civitates
2863 1401 3223 1467 subverterit,
3264 1410 3320 1457 et
3350 1417 3490 1473 prae-

1894 1487 2074 1556 posuit
2123 1501 2243 1540 eam
2287 1487 2581 1542 desolatam
2631 1490 2884 1544 vastitate
2938 1492 3152 1558 hostili,
3203 1493 3347 1548 sicut
3399 1493 3488 1548 hi—

1896 1578 2063 1632 storia
2107 1579 2316 1646 prodit,
2360 1589 2415 1632 et
2465 1587 2721 1650 tanquam
2767 1583 3038 1652 tugurium
3081 1583 3150 1636 in
3180 1599 3494 1637 cucumere-

1899 1668 2000 1733 rio,
2040 1684 2268 1723 vacuam
2314 1655 2432 1724 sine
2467 1671 2692 1726 custode
2734 1671 2952 1742 reliquit
3007 1672 3144 1745 (Isa.
3188 1673 3251 1744 ι).
3307 1672 3496 1729 Posuit

201 1765 430 1829 veritas,
475 1764 843 1834 indignatione
890 1774 1132 1830 remota,
1162 1773 1430 1834 quotquot
1476 1767 1597 1821 vitae
1625 1783 1792 1837 panes
1822 1755 1868 1815 Β
1896 1775 2026 1828 BT30
2073 1775 2194 1814 eam
2237 1761 2498 1814 Dominus
2544 1771 2797 1831 tanquam
2846 1763 3058 1833 signum
3109 1762 3178 1818 ad
3233 1763 3493 1835 sagittam

203 1855 427 1926 pulsans
455 1858 730 1927 rogaverit
764 1859 830 1912 ad
855 1857 1079 1925 januam
1107 1872 1166 1912 se
1191 1857 1321 1911 dare
1360 1856 1509 1928 (Luc.
1542 1859 1618 1923 χ).
1661 1859 1797 1924 Quia

201 1964 354 2017 prope
384 1957 459 2002 est
478 1946 731 2003 Dominus
756 1949 997 2002 omnibus
1012 1948 1374 2003 invocantibus
1395 1966 1532 2014 eum,
1559 1951 1796 2006 omnibus
1849 2007 1852 2010 .

203 2038 288 2107 qui
317 2038 571 2092 invocant
597 2055 715 2093 eum
753 2041 806 2092 in
842 2040 1057 2094 veritate
1096 2037 1267 2112 (Psal.
1297 2043 1500 2108 cxuv).
1545 2041 1796 2113 Alioquin

202 2131 380 2186 anima
399 2173 416 2196 ,
442 2140 497 2186 et
518 2132 563 2186 si
590 2132 674 2187 his
691 2133 945 2188 omnibus
967 2143 1127 2188 exuta
1153 2146 1298 2191 esset
1320 2136 1497 2200 malis,
1523 2138 1795 2206 quomodo

202 2224 320 2278 vias
349 2222 616 2292 lapidibus
645 2225 867 2292 quadris
915 2226 1196 2292 obsessas,
1231 2238 1286 2283 et
1320 2228 1542 2283 semitas
1588 2229 1653 2282 ad
1701 2245 1797 2300 pa-

209 2311 367 2364 triam
390 2311 703 2377 subversas,
723 2314 958 2369 transire
981 2317 1189 2384 posset?
1210 2311 1348 2384 Quid
1371 2318 1514 2372 enim
1545 2317 1687 2372 aliud
1715 2327 1796 2374 est

202 2401 258 2457 in
301 2404 533 2470 mundo,
568 2405 670 2460 nisi
701 2407 1142 2477 concupiscentia
1185 2411 1463 2466 oculorum
1504 2421 1558 2466 et
1607 2427 1796 2482 super-

201 2497 288 2553 bia
336 2499 498 2553 vitae?
541 2498 694 2567 Quod
742 2501 787 2555 si
834 2503 902 2556 ad
933 2501 1247 2573 Scripturas
1279 2514 1494 2560 sanctas
1523 2507 1677 2576 quasi
1727 2506 1795 2561 ad

200 2608 400 2665 pascua
431 2594 556 2649 vita:
586 2610 646 2650 se
673 2597 974 2661 convertit,
1006 2597 1056 2651 in
1085 2599 1281 2667 quibus
1317 2609 1463 2654 recte
1490 2600 1601 2655 vita
1645 2600 1796 2656 inve-

202 2685 348 2739 nitur
362 2693 565 2740 :eterna
589 2684 642 2755 (I
661 2685 822 2740 Joaa.
850 2686 937 2756 ")1,
951 2689 1211 2742 continuo
1224 2690 1475 2759 quadrati
1498 2697 1794 2745 occurrunt

201 2775 408 2848 lapides
428 2776 806 2833 haereticorum
827 2819 841 2842 ,
865 2778 1062 2848 quibus
1089 2781 1308 2836 obsessa
1340 2781 1474 2836 fides
1499 2783 1652 2852 quasi
1677 2797 1794 2836 mu-

200 2867 274 2922 ris
297 2883 365 2922 ne
392 2878 540 2923 recta
572 2868 940 2934 inveniantur,
970 2869 1283 2936 involvitur,
1316 2881 1370 2927 et
1398 2873 1679 2928 subversio
1708 2887 1793 2927 sc-

200 2963 456 3018 mitarum
500 2979 689 3019 eorum
731 2964 938 3035 laqueis
979 2965 1177 3021 ibidem
1229 2965 1445 3040 1423
1493 2983 1590 3038 pro
1647 2967 1794 3022 fonte

200 3066 564 3127 praeparatur.
587 3057 743 3114 Unde
769 3058 917 3113 dicat
939 3057 1112 3114 fidelis
1133 3061 1311 3114 anima
1337 3077 1458 3114 cum
1489 3059 1786 3131 Propheta:

202 3143 334 3211 Quis
379 3147 525 3200 dabit
561 3149 689 3220 mihi
729 3165 926 3219 pennas
962 3151 1096 3203 sicut
1120 3149 1412 3214 columba},
1446 3159 1496 3204 et
1531 3151 1714 3204 volabo
1745 3159 1792 3204 et

198 3241 522 3311 requiescam
539 3240 750 3312 ?(Psal.
775 3242 909 3315 LIV.)
929 3243 994 3298 Et
1015 3259 1137 3298 cum
1161 3243 1419 3314 Apostolo
1446 3260 1458 3295 :
1487 3242 1684 3314 Infelix
1701 3231 1792 3314 ego

199 3334 388 3397 homo,
436 3335 553 3400 quis
598 3350 680 3387 me
721 3333 956 3389 liberabit
997 3336 1062 3390 de
1099 3353 1316 3405 corpore
1362 3337 1543 3390 mortis
1589 3335 1792 3406 hujus?

200 3419 385 3491 (Rom.
412 3425 540 3497 vn.)
566 3423 784 3480 Scilicet
802 3428 971 3494 gratia
1001 3427 1117 3489 Dei,
1147 3436 1204 3481 ut
1229 3428 1464 3482 sciamus
1486 3428 1658 3482 dehis
1678 3443 1793 3482 om-

198 3518 362 3573 nibus
381 3519 528 3588 quod
549 3535 653 3574 non
676 3519 778 3574 nisi
808 3534 906 3589 per
935 3522 1163 3592 gratiam
1192 3520 1506 3575 liberamur.
1540 3521 1794 3590 Propter-

197 3624 262 3665 ea
316 3609 404 3665 his
444 3610 679 3665 excitata
708 3611 1001 3682 angustiis,
1029 3612 1209 3666 anima
1237 3612 1303 3666 ad
1329 3612 1614 3666 Βοιιιὶιιιιιιι
1645 3611 1793 3666 inde-

197 3703 446 3759 sinenter
473 3701 721 3759 deﬂectat
763 3703 1083 3771 articulum,
1132 3712 1187 3759 et
1226 3703 1327 3759 sub
1377 3703 1568 3758 Daleth
1611 3704 1790 3758 littera

197 3795 724 3866 atrociora‘plorans
748 3805 802 3850 et
826 3811 1046 3864 gemens
1089 3796 1270 3851 videat
1311 3811 1432 3865 qua:
1468 3802 1789 3865 sequantur.

197 3884 398 3941 Daleth
450 3902 683 3957 namque
723 3885 878 3956 juxta
923 3887 1213 3956 quamdam
1242 3885 1749 3956 interpretationem
1775 3925 1790 3951 ,

199 3977 444 4030 timorem
468 3976 774 4048 significare
802 3977 1033 4041 videtur,
1062 3977 1188 4032 licet
1213 3972 1464 4048 Superius
1489 3975 1793 4030 tabularum

198 4068 460 4122 dixerim.
491 4068 628 4124 Hinc
650 4077 821 4124 restat
851 4078 910 4123 ut
929 4069 1144 4123 animus
1165 4085 1195 4122 a
1219 4059 1413 4123 timore
1443 4067 1536 4122 Dei
1563 4067 1793 4123 salutem

196 4160 510 4230 concipiat,
540 4161 680 4216 sicut
703 4161 962 4231 scriptum
989 4168 1072 4215 est
1097 4177 1110 4213 :
1137 4160 1178 4213 Α
1203 4161 1387 4213 timore
1411 4169 1518 4221 tuo,
1554 4159 1794 4224 Domine,

195 4251 538 4321 concepimus
571 4264 617 4306 et
642 4253 932 4323 peperimus
973 4251 1214 4322 spiritum
1255 4249 1441 4305 salutis
1471 4249 1608 4320 (lsa.
1638 4251 1793 4321 an).

193 4341 268 4398 Et
296 4341 433 4399 alibi
461 4358 476 4397 :
501 4342 633 4398 Cum
659 4347 844 4399 timore
866 4355 913 4399 et
941 4352 1166 4398 tremore
1185 4342 1409 4398 salutem
1431 4352 1654 4399 vestram
1683 4360 1801 4414 ope-

191 4437 403 4492 mmini
435 4434 660 4510 (Philip.
687 4437 771 4512 ιι).

889 4593 1121 4633 ωιετιι.

269 4707 426 4774 Quid
447 4706 594 4762 enim
627 4707 921 4764 terribilius
948 4708 1055 4763 dici
1097 4715 1313 4779 potest,
1363 4716 1489 4779 post
1521 4717 1630 4764 tam
1679 4708 1797 4763 dira

183 4803 419 4875 peccati
447 4802 738 4874 supplicia,
763 4819 928 4875 quam
969 4812 1030 4858 ut
1061 4805 1162 4859 sub
1207 4805 1308 4859 hac
1355 4803 1535 4860 littera
1575 4805 1642 4859 de
1688 4804 1798 4859 Deo

185 4896 457 4953 dicatur:
484 4894 651 4952 Ursus
674 4897 933 4952 insidians
956 4897 1128 4968 factus
1150 4907 1225 4953 est
1251 4897 1380 4952 mihi
1399 4897 1478 4951 leo
1499 4898 1556 4951 in
1577 4898 1799 4951 abscon-

182 4989 352 5044 ditis.
382 4987 608 5044 Semitas
637 5007 778 5045 meas
813 4991 1093 5054 convertit,
1122 5001 1170 5046 et
1199 4991 1453 5060 confregit
1479 5007 1560 5045 me
1580 5031 1594 5056 ,
1620 4991 1794 5060 posuit

180 5096 276 5134 me
323 5079 642 5135 desolatam.
689 5080 924 5136 Tetendit
965 5098 1146 5136 arcum
1174 5097 1361 5147 suum,
1407 5091 1454 5135 et
1496 5082 1668 5150 posuit
1713 5098 1795 5136 me

181 5170 362 5240 quasi
413 5171 620 5242 signum
679 5173 750 5225 ad
807 5173 1096 5243 sagittam?
1141 5172 1282 5241 Quid
1341 5172 1636 5228 terribilius
1683 5173 1790 5228 dici

183 5262 415 5332 potuit,
470 5278 633 5334 quam
697 5273 755 5320 ut
806 5273 995 5320 auctor
1050 5261 1529 5331 salutis‘nostrae,
1583 5267 1795 5322 dicatur

182 5355 366 5424 quasi
395 5370 555 5410 ursus
583 5356 849 5412 insidians
879 5357 1036 5413 nobis
1077 5356 1281 5422 factus,
1327 5368 1384 5413 et
1423 5357 1573 5413 velut
1616 5357 1699 5411 leo
1741 5358 1794 5411 in

184 5446 577 5501 absconditis?
634 5445 804 5502 Ursus
881 5462 1116 5517 namque
1187 5447 1299 5502 fera
1369 5456 1452 5502 est
1519 5446 1799 5502 fraudibus

183 5537 403 5609 plena,
450 5546 506 5594 et
528 5539 752 5595 nimiam
791 5555 988 5612 gerens
1038 5541 1090 5595 in
1141 5541 1380 5597 brachiis
1425 5540 1797 5596 fortitudinem

186 5643 379 5704 atque
428 5634 484 5688 in
525 5634 745 5691 lumbis.
779 5634 884 5690 Sed
911 5649 1250 5706 nequaquam
1280 5650 1378 5706 per
1406 5649 1465 5689 se
1505 5633 1798 5700 Dominus,

183 5725 309 5781 hoc
361 5724 514 5794 loco,
572 5727 702 5784 hinc
753 5727 942 5784 bestiae
994 5737 1363 5799 comparatur,
1417 5725 1525 5782 imo
1587 5740 1687 5800 per
1727 5739 1793 5781 ea

1898 1852 2085 1922 procul
2124 1854 2326 1908 dubio:
2365 1854 2492 1924 quia
2531 1855 2612 1908 sic
2663 1855 2713 1908 in
2760 1855 2937 1909 medio
2987 1870 3208 1910 suorum
3256 1857 3492 1912 hostium

1897 1946 2072 2016 posita
2099 1956 2199 2012 est,
2241 1956 2300 2001 ut
2329 1961 2394 2002 ex
2433 1947 2578 2002 omni
2620 1955 2775 2016 parte
2810 1940 3265 2015 circumdaretur,
3295 1948 3494 2018 quibus

1898 2037 2208 2107 frequenter
2235 2038 2391 2108 quasi
2431 2039 2642 2110 sagittis
2687 2039 2990 2104 vulnerata,
3032 2041 3221 2097 saltem
3265 2040 3333 2096 ad
3382 2055 3496 2097 meo

1896 2130 2074 2185 dicuin
2144 2132 2347 2186 rediret
2417 2134 2748 2190 necessitate
2800 2136 3096 2206 compulsa.
3157 2135 3303 2204 Quas
3365 2150 3499 2192 sane

1903 2223 2120 2295 1424
2170 2233 2358 2295 gentes
2418 2239 2517 2278 suo
2562 2224 2910 2281 modificante
2945 2225 3184 2294 judicio,
3235 2226 3498 2282 Dominus

1897 2318 2049 2388 quasi
2077 2327 2305 2372 extenso
2333 2333 2460 2370 arcu
2494 2325 2685 2371 contra
2717 2333 2836 2373 eam
2868 2333 3011 2390 saepe
3040 2319 3253 2376 misisse
3274 2319 3494 2390 legitur,

1896 2419 1957 2464 ut
1983 2411 2070 2465 vel
2098 2411 2176 2464 sic
2208 2411 2516 2464 addisceret
2549 2411 2740 2466 timere
2765 2412 2934 2466 Deum
2959 2423 3014 2466 et
3043 2427 3386 2483 propugnare
3413 2425 3490 2477 se,

1897 2518 1965 2558 ne
2005 2502 2074 2556 ab
2118 2501 2328 2556 insidiis
2371 2501 2608 2558 hostium
2654 2518 2908 2569 suorum,
2961 2504 3117 2574 quasi
3166 2505 3489 2575 sagittarum

1895 2593 2274 2648 vulneraretur
2299 2594 2513 2664 jaculis.
2555 2595 2646 2649 llla
2680 2611 2809 2650 vero
2838 2595 3024 2651 relicta
3057 2611 3086 2650 a
3122 2597 3249 2662 Deo,
3274 2595 3398 2666 jure
3429 2611 3489 2652 se

1895 2685 2122 2756 plangit,
2171 2686 2322 2754 quasi
2381 2686 2594 2756 signum
2630 2688 2698 2740 ad
2745 2686 2999 2758 sagittam
3037 2686 3266 2757 positam
3311 2703 3322 2738 :
3364 2685 3492 2756 quia
3585 2679 3594 2686 ’

1889 2777 2037 2848 justo
2066 2786 2258 2848 agente
2289 2776 2516 2846 judicio,
2549 2793 2614 2833 ac
2645 2779 2690 2833 si
2735 2788 2957 2834 extento
2987 2795 3116 2835 areu
3149 2794 3312 2849 quam
3347 2794 3494 2850 saepe

1895 2870 1963 2924 ab
1991 2870 2236 2924 hostibus
2261 2879 2344 2923 est
2372 2869 2676 2924 vulnerata.
2708 2869 2874 2941 Cujus
2899 2879 2954 2924 et
2980 2871 3119 2926 idem
3148 2871 3493 2928 adversarius

1895 2964 2122 3018 semitas
2153 2963 2421 3018 subvertit
2445 2972 2498 3018 et
2521 2964 2807 3036 confregit,
2834 2981 2971 3034 quas
2990 2963 3104 3032 jam
3133 2979 3296 3035 supra
3327 2964 3492 3020 etiam

1897 3071 1955 3111 se
1986 3055 2170 3126 lugere
2213 3071 2272 3111 se
2307 3056 2459 3111 dicit.
2501 3057 2711 3111 Interea
2745 3072 2847 3111 vox
2880 3056 3075 3126 capitis
3101 3065 3184 3111 est
3211 3057 3417 3126 pariter
3438 3064 3496 3112 et

1820 3125 1866 3188 Ο
1899 3148 2166 3218 corporis,
2200 3147 2341 3218 quod
2375 3147 2549 3204 factus
2585 3150 2656 3204 sit
2695 3149 2743 3205 is
2781 3165 2941 3205 ursus
2992 3149 3258 3203 insidians
3289 3150 3362 3213 ei,
3394 3148 3488 3219 qui

1898 3249 1985 3295 est
2023 3240 2484 3295 incommutabilis
2514 3249 2567 3295 et
2590 3241 2954 3310 sempiternus
2979 3239 3124 3294 Deus
3155 3257 3169 3293 :
3203 3255 3310 3294 non
3345 3240 3490 3310 quod

1899 3330 2037 3401 ipse,
2071 3342 2129 3385 ut
2160 3331 2292 3394 dixi,
2335 3347 2493 3386 a-sua
2536 3332 2854 3387 immutetur
2902 3339 3096 3412 natura
3144 3330 3404 3386 bonitatis
3435 3338 3494 3387 et

1897 3423 2145 3493 pietatis,
2200 3423 2294 3477 sed
2338 3433 2563 3493 propter
2612 3423 2930 3479 ellicientias
2976 3437 3189 3487 rerum,
3239 3437 3305 3477 eo
3343 3424 3491 3492 quod

1896 3515 2071 3586 ipsum
2109 3527 2299 3571 contra
2331 3519 2548 3572 unicum
2582 3517 2780 3573 Filium
2815 3534 2997 3582 suum,
3037 3526 3200 3588 caput
3242 3526 3489 3572 nostrum

1895 3609 2147 3666 videlicet
2171 3609 2468 3673 Christum,
2498 3611 2710 3681 erigere
2735 3612 3004 3682 permisit,
3031 3611 3121 3680 qui
3152 3611 3302 3667 velut
3327 3625 3488 3667 ursus

1897 3699 2160 3756 insidians
2186 3701 2376 3757 fraude
2403 3711 2458 3757 et
2484 3701 2801 3756 fortitudine
2831 3718 2926 3758 sua
2960 3703 3229 3773 perimere
3261 3704 3492 3758 tentavit

1896 3808 1961 3850 ac
2014 3796 2442 3866 decipereznon
2490 3797 2669 3852 solum
2723 3812 2847 3851 cum
2894 3811 3056 3851 omne
3103 3810 3301 3866 corpus
3345 3793 3487 3864 ejus,

1896 3885 2104 3940 scilicet
2139 3886 2422 3942 credentes
2462 3887 2514 3941 in
2543 3903 2692 3952 eum,
2721 3888 2790 3942 ab
2823 3887 2977 3943 initio
3012 3889 3190 3943 saeculi
3222 3886 3489 3957 usquead

1897 3979 2060 4034 finem
2103 3980 2356 4034 tentahit.
2404 3980 2471 4034 Et
2499 3983 2640 4036 sicut
2675 3980 2774 4046 leo,
2813 3981 3009 4050 inquit,
3050 3981 3102 4035 in
3143 3980 3490 4035 absconditis.
3532 3981 3536 3986 ’

1897 4071 1955 4126 1η
2005 4072 2203 4142 quibus
2246 4071 2491 4141 profecto
2535 4073 2745 4128 duabus
2801 4073 3012 4139 bestiis,
3062 4071 3239 4127 omnis
3287 4069 3491 4126 diaboli

1897 4158 2107 4219 saevitia
2134 4165 2558 4219 demonstratur.
2589 4165 2744 4221 Unde
2770 4165 3051 4236 signanter
3076 4173 3131 4219 et
3153 4179 3251 4234 per
3278 4163 3490 4218 leonem

1902 4255 2020 4326 ipse
2064 4257 2286 4310 humani
2321 4251 2555 4325 generis
2603 4257 2966 4313 adversarius
2991 4256 3321 4312 describitur
3350 4273 3364 4310 :
3395 4269 3495 4325 per

1902 4363 2092 4402 ursum
2134 4363 2264 4402 vero
2295 4346 2435 4416 ejus,
2463 4349 2644 4404 omnia
2686 4349 2950 4414 membra,
3001 4348 3210 4404 scilicet
3251 4347 3493 4404 haeretici

1905 4450 1961 4495 et
2006 4440 2124 4494 falsi
2165 4439 2376 4502 fratres,
2429 4450 2822 4506 monstrantur,
2865 4441 3121 4511 quoniam
3162 4455 3322 4496 ursus
3367 4439 3496 4495 licet

1906 4529 2042 4586 foris
2067 4531 2138 4586 sit
2165 4532 2390 4595 viribus,
2429 4541 2607 4588 tamen
2643 4532 2918 4587 infirmum
2951 4534 3092 4605 gerit
3119 4541 3302 4604 caput,
3333 4532 3492 4588 sicuti

1907 4632 1964 4676 et
2002 4623 2054 4676 hi
2093 4637 2285 4676 omnes
2312 4622 2608 4688 diabolum,
2642 4623 2732 4692 qui
2765 4638 2982 4692 semper
3031 4625 3084 4678 in
3116 4623 3406 4680 manifesto
3439 4630 3498 4678 et

1908 4715 2253 4779 abscondito,
2300 4716 2365 4770 de
2401 4716 2606 4770 unitate
2635 4717 2884 4787 corporis
2913 4717 3112 4773 Christi
3141 4718 3334 4784 quaerit
3357 4733 3496 4788 quos

1907 4806 2130 4861 devoret
2173 4807 2256 4860 vel
2309 4807 2560 4877 decipiat.
2611 4807 2668 4862 ln
2714 4809 3033 4866 abscondito
3079 4809 3324 4879 quidem,
3367 4809 3496 4880 quia

1908 4894 2030 4954 dolo
2055 4909 2110 4953 et
2139 4897 2330 4954 fraude
2357 4914 2572 4969 semper
2597 4900 2751 4955 saevit
2783 4918 2796 4956 :
2829 4902 2882 4956 in
2927 4899 3215 4956 manifesto
3233 4941 3248 4967 ,
3277 4899 3402 4970 quia
3430 4901 3496 4954 de

1903 4987 2224 5043 fortitudine
2270 5005 2367 5044 sua
2397 4989 2626 5045 multum
2671 4991 2922 5055 conlidit,
2954 5001 3008 5047 et
3032 4991 3283 5046 fiduciam
3332 4989 3497 5046 habet

1902 5082 2045 5151 quod
2070 5079 2260 5136 influat
2282 5076 2537 5138 .Iordanis
2564 5075 2618 5138 in
2650 5098 2712 5139 os
2737 5082 2854 5152 ejus
2885 5081 3008 5155 (Job
3041 5082 3154 5152 ιι).
3185 5081 3323 5136 Hinc
3356 5097 3494 5152 quo-

1903 5181 2008 5243 que
2041 5171 2328 5243 Apostolus
2360 5174 2437 5228 ait
2464 5191 2478 5228 :
2513 5173 2860 5230 Adversarius
2881 5185 3048 5230 uester
3073 5173 3316 5229 diabolus
3335 5214 3351 5236 ,
3381 5186 3498 5228 tan-

1900 5279 2061 5333 quam
2104 5261 2184 5316 leo
2225 5264 2432 5333 rugiens
2469 5264 2690 5330 circuit,
2733 5261 2972 5334 quairens
3006 5279 3160 5334 quem
3197 5263 3407 5317 devoret
3441 5261 3493 5328 (I

1905 5353 2048 5408 Petr.
2092 5353 2169 5426 v).
2209 5355 2462 5424 Alioquin
2510 5356 2611 5410 nisi
2655 5355 2722 5410 de
2768 5371 2864 5410 sua
2917 5356 3228 5412 consideret
3272 5355 3499 5420 virtute,

1903 5462 2182 5519 nunquam
2234 5447 2452 5518 rugiens
2496 5447 2803 5518 indignatus
2833 5456 2889 5502 et
2925 5447 3183 5504 frendens
3233 5449 3356 5513 iret,
3390 5442 3496 5503 nisi

1903 5553 2034 5592 vero
2090 5537 2279 5593 fraude
2333 5537 2672 5592 insidiarum»
2712 5536 2958 5592 incautos
3016 5537 3499 5608 deciperetznun-

1905 5648 2069 5705 quam
2095 5630 2448 5704 (Psalmista)
2478 5629 2764 5684 insidiatur
2793 5630 2847 5684 in
2878 5631 3194 5686 abscondito
3237 5639 3497 5700 tauquam

1906 5725 1991 5781 leo
2029 5724 2082 5781 in
2131 5721 2296 5780 cubili
2341 5735 2472 5788 suo,
2513 5719 2747 5790 diceret,
2794 5721 2888 5780 sed
2914 5723 3044 5795 quia
3081 5723 3289 5782 viribus
3314 5721 3500 5781 omnia
