4078 6348
649 261 791 322 Ηΰδ

1425 249 1486 306 Β.
1523 244 1884 306 PASCHASII
1920 239 2270 298 BADBEltTl
2303 234 2596 292 ABBATIS
2629 228 3082 290 CORBEIENSIS

3699 239 3806 300 1156

649 375 886 445 dejicere
927 389 1034 428 non
1078 367 1363 441 prmvalet,
1394 365 1712 419 insidiarum
1762 358 1981 413 fraudes
2024 355 2244 409 adhibet
2272 357 2318 418 Α
2347 357 2620 406 ctamenta
2664 347 2869 411 saeculi,
2911 353 2967 400 et
2995 353 3178 399 contra
3207 345 3372 399 omnia
3412 347 3584 403 nomini
3621 349 3712 420 eius
3741 355 3809 411 ad.

656 469 829 542 (Psal.
863 469 962 536 ix).
994 465 1100 519 Per
1128 478 1248 532 quae.
1274 460 1526 514 nimiru'r.
1556 457 1662 511 duo
1686 453 1901 507 virtutis
1923 466 2032 504 sua:
2057 463 2240 511 arma,

653 579 764 619 non
799 562 978 614 minus
1006 565 1194 611 contra
1227 563 1418 623 caput,
1451 567 1613 620 quam
1641 549 1808 604 etiam
1841 558 1896 600 et
1922 554 2106 600 contra
2131 557 2247 595 om-

655 657 747 717 nia
795 655 912 725 ejus
957 651 1201 706 membra
1247 655 1468 718 pugnat.
1499 643 1652 711 Quod
1700 655 1922 712 gemens
1948 637 2245 708 propheta,

651 750 765 808 imo
814 746 1066 804 Christus
1111 751 1165 798 et
1211 740 1454 796 Ecclesia
1519 737 1651 791 dicit
1699 753 1712 788 :
1762 731 1932 788 Ursus
1989 731 2246 785 insidians

649 839 829 916 [actus
861 846 936 891 est
967 835 1094 888 mihi
1129 833 1261 885 sicut
1293 830 1371 884 leo
1415 830 1468 882 in
1516 825 1864 888 absconditis,
1905 832 1965 876 ut
2013 838 2108 894 per
2136 821 2249 876 haec

656 928 765 984 duo
795 926 958 989 mala,
1005 923 1269 991 duasque,
1316 927 1376 973 ut
1406 916 1541 982 dixi,
1587 915 1814 978 bestias,
1844 929 2004 968 ontne
2051 926 2249 980 corpus

657 1019 860 1076 diaboli
917 1027 973 1072 et
1023 1023 1185 1085 caput
1244 1027 1414 1081 usque
1467 1009 1536 1063 ad
1598 1006 2018 1067 Antichristum,
2059 1012 2247 1058 contra

656 1115 861 1170 electos
912 1111 1006 1166 Dei
1048 1107 1310 1163 dcsmvire
1349 1103 1472 1172 jure
1513 1100 1876 1172 plangendum
1930 1095 2143 1168 1425
2182 1095 2250 1150 ab

655 1203 910 1262 omnibus
941 1209 1249 1258 censeatur.
1302 1195 1398 1250 Hae
1433 1209 1669 1262 namque
1716 1199 1843 1246 sunt
1879 1189 2084 1250 bestiae,
2132 1201 2253 1256 qua:

657 1297 846 1353 venire
875 1296 1273 1350 consueverant
1300 1282 1698 1342 contra‘David
1730 1290 2000 1351 pastorem
2046 1277 2250 1340 ovium,

655 1399 716 1447 et
763 1389 1048 1458 insurgere
1094 1391 1155 1437 ut
1195 1381 1413 1452 gregeui
1467 1376 1764 1445 diriperent
1816 1371 1867 1443 (1
1914 1369 2042 1439 Reg.
2095 1366 2250 1435 xvu).

658 1480 862 1538 Contra
884 1492 1018 1548 quas
1041 1490 1203 1546 quam
1231 1485 1373 1542 saepe
1398 1469 1539 1524 idem
1565 1465 1830 1529 insiliens,
1853 1460 2080 1516 eruebat
2097 1473 2252 1512 ovem

652 1573 826 1628 etiam
857 1571 925 1624 de
959 1582 1056 1623 ore
1086 1565 1277 1630 leonis,
1314 1572 1370 1618 et
1406 1558 1752 1629 discerpebat
1779 1555 1966 1609 fauces
1993 1553 2046 1606 in
2082 1551 2254 1605 frusta

655 1663 992 1732 brachiaque
1038 1660 1349 1730 superabat.
1393 1655 1501 1711 Iste
1546 1661 1631 1708 est
1676 1664 1911 1719 namque
1955 1645 2122 1702 David
2162 1659 2256 1698 no-

2345 443 2616 498 versautia
2666 439 2841 513 (Psal.
2886 439 3028 509 cm).
3079 437 3222 493 Unde
3262 440 3406 509 quasi
3443 442 3620 512 signent
3658 447 3710 500 ad
3744 463 3810 504 sa.

2346 537 2533 605 gittam
2567 551 2624 590 se
2671 534 2879 606 plangit
2928 533 3182 603 positum,
3227 533 3344 602 quia
3386 549 3478 588 non
3515 537 3662 592 minus
3683 539 3726 595 in
3755 557 3811 607 se,

2347 644 2509 699 quam
2540 635 2594 681 et
2624 627 2681 681 in
2708 627 2821 680 suis
2852 623 3131 687 membris,
3157 623 3221 677 ad
3251 625 3578 693 repellendum
3599 629 3816 698 omniain-

2347 721 2468 778 cula
2506 719 2743 790 suscepit
2783 717 3008 772 inimici.
3057 714 3310 770 Caeterum
3353 716 3445 770 sub
3485 717 3646 773 Daleth
3674 719 3817 783 litters,

2347 815 2531 869 anima
2564 813 2757 867 timore
2801 809 3053 882 perculsa
3095 809 3312 880 plangit,
3343 811 3541 865 dicens:
3567 809 3703 866 Ursus
3728 815 3820 868 insi-

2349 908 2504 963 dians
2533 908 2705 978 factus
2732 915 2807 960 est
2835 905 2989 970 mihi,
3027 913 3076 959 et
3107 902 3184 957 leo
3210 906 3262 958 in
3291 904 3594 970 absconditis,
3615 907 3717 975 quia
3748 923 3822 964 non

2351 1003 2532 1057 minus
2561 1002 2614 1055 in
2659 1011 2846 1070 aperta
2883 999 3125 1069 quotidie
3151 998 3198 1051 vi
3229 999 3548 1068 sagittarum,
3573 1015 3704 1068 quam
3732 1003 3825 1056 etin

2352 1095 2672 1150 abscondito
2719 1093 3038 1147 insidiarum
3081 1090 3198 1158 ejus
3241 1090 3452 1158 suscipit
3483 1089 3691 1155 vulnera,
3729 1100 3828 1148 etis

2354 1187 2551 1241 talibus
2600 1188 2822 1254 decepta
2861 1184 3018 1248 dolis,
3051 1184 3276 1252 positam
3311 1181 3426 1250 jure
3463 1182 3640 1252 plangit
3673 1182 3828 1238 desola-

2355 1291 2486 1334 tam.
2516 1279 2770 1338 Tetendit,
2804 1277 3000 1345 inquit,
3031 1293 3213 1330 arcum
3237 1291 3404 1329 suum.
3432 1274 3524 1329 Per
3549 1290 3702 1329 arcum
3725 1290 3828 1329 ustu-

2355 1384 2461 1438 que
2509 1377 2814 1431 extensum,
2863 1367 2946 1420 vis
2991 1364 3159 1420 divini
3191 1363 3374 1434 judieii
3409 1363 3702 1433 exprimitur.
3727 1362 3830 1430 Quod

2357 1462 2446 1514 ditt
2489 1462 2674 1514 venire
2719 1458 2984 1520 dill‘ertur,
3012 1457 3140 1527 quia
3183 1455 3380 1511 mavult
3405 1455 3626 1511 Christus
3662 1455 3831 1517 invenire

2355 1567 2492 1622 quos
2521 1559 2852 1614 renumeret,
2881 1563 3046 1618 quam
3077 1562 3214 1618 quos
3241 1545 3415 1601 feriat.
3441 1545 3566 1600 Hinc
3589 1545 3724 1598 David
3753 1545 3829 1599 ait:

2359 1643 2566 1697 Dedisti
2601 1641 2948 1696 metuentibus
2985 1649 3034 1694 te
3081 1637 3522 1708 signiﬁcationem,
3563 1645 3610 1690 ut
3641 1635 3831 1704 fugiam

655 1766 792 1821 iter,
821 1755 914 1826 qui
954 1761 1010 1810 et
1037 1765 1167 1806 oves
1197 1764 1324 1804 suas
1374 1744 1622 1818 perducit
1666 1742 1734 1796 ad
1781 1754 1980 1810 pascua
2023 1737 2165 1798 vitm,
2195 1744 2249 1788 et
2279 1725 2326 1786 Β
2354 1735 2493 1805 [acie
2527 1750 2684 1787 arcus
2717 1730 2890 1802 (Psal.
2917 1732 3053 1801 ιλιι).
3105 1729 3372 1785 Fortassis
3417 1743 3536 1798 ergo
3573 1743 3656 1798 per
3689 1741 3832 1788 arcum,

655 1849 804 1906 eruit
829 1862 925 1903 eas
956 1847 1020 1900 de
1047 1859 1146 1899 ore
1169 1841 1360 1906 leonis,
1389 1849 1445 1895 et
1465 1851 1713 1893 ursorum
1736 1833 1960 1890 brachia
1985 1829 2255 1885 constrin-

657 1941 757 2012 git.
791 1939 900 1995 Nos
925 1936 1070 1992 enim
1105 1933 1329 2006 populus
1355 1932 1470 2002 ejus
1494 1938 1542 1984 et
1567 1944 1683 1982 ores
1711 1939 1922 1997 pascure
1943 1921 2055 1991 ejus
2081 1919 2252 1991 (Psal.

659 2011 758 2088 vtu
801 2039 850 2084 et
895 2027 1062 2098 cstv).
1105 2025 1190 2079 Ad
1237 2039 1376 2094 quos
1412 2023 1596 2090 itaque
1644 2033 1804 2088 quam
1859 2031 2002 2085 saepe
2037 2013 2120 2068 leo
2156 2011 2258 2068 iste

657 2133 720 2182 et
751 2139 914 2179 ursus
941 2121 1188 2184 veniunt,
1237 2119 1420 2174 hostes
1456 2113 1665 2169 scilicet
1715 2109 1887 2165 nostri
1937 2105 2258 2170 adversarii,

657 2225 718 2274 et
747 2213 1036 2272 contraria:
1067 2219 1382 2283 potestates,
1413 2207 1716 2274 tolluntque
1744 2201 1908 2256 etiam
1939 2199 2163 2252 arietem
2195 2196 2260 2249 de

661 2307 842 2368 medio
884 2305 1082 2377 gregis.
1125 2303 1206 2357 An
1257 2316 1362 2356 non
1410 2297 1660 2354 eumdem
1697 2295 1872 2364 ipsum
1910 2291 2076 2346 David
2116 2286 2258 2353 tulit,

661 2409 718 2460 et
755 2399 911 2470 quasi
949 2397 1174 2452 arietem
1213 2391 1452 2465 pervasit
1492 2408 1504 2443 :
1551 2403 1713 2458 quem
1762 2386 1806 2441 si
1855 2399 1960 2438 non
2003 2381 2262 2435 Dominus

662 2493 732 2551 de
755 2469 1006 2546 faucibus
1029 2485 1144 2555 ejus
1172 2483 1423 2544 eruisset,
1448 2480 1683 2534 evadere
1703 2491 1810 2530 non
1841 2480 2024 2543 posset
2051 2470 2098 2539 (Ι
2131 2469 2256 2538 Reg.

663 2583 820 2654 svnt).
867 2580 1022 2637 Unde
1055 2580 1106 2633 in
1143 2590 1373 2646 persona
1403 2571 1631 2632 Christi,
1668 2567 1810 2638 quod
1844 2569 2263 2635 persetpicrctur

665 2653 786 2742 eos,
814 2673 1018 2728 dictum
1049 2678 1135 2724 est
1160 2687 1172 2721 :
1207 2663 1572 2719 Percutiebam
1601 2658 1819 2731 (inquit)
1848 2666 1893 2711 et
1923 2655 2167 2710 eruebant
2199 2653 2263 2708 de

665 2781 757 2823 ore
794 2779 978 2818 eorum
1023 2760 1218 2831 (Marc.
1250 2758 1398 2824 xw),
1426 2754 1633 2809 scilicet
1673 2751 1922 2806 Christus
1964 2761 2095 2801 oves
2138 2759 2264 2798 suas

665 2869 949 2928 pervasus,
999 2850 1192 2914 David,
1219 2847 1441 2902 Petrum
1462 2886 1477 2910 ,
1517 2855 1571 2898 et
1603 2857 1792 2898 omnes
1821 2841 1912 2910 qui
1945 2840 1998 2892 in
2029 2837 2145 2908 ejus
2177 2834 2262 2890 fu-

665 2947 884 3019 gierunt
921 2941 1194 3014 passione,
1222 2947 1277 2993 et
1305 2938 1560 3006 deinceps
1595 2946 1949 3004 quoscunque
1985 2930 2126 2985 eruit
2150 2929 2263 2999 jam

663 3053 804 3112 pene
847 3043 1218 3104 consumptos.
1249 3029 1357 3085 Sed
1395 3029 1505 3094 illi,
1552 3028 1697 3082 sicut
1743 3025 2024 3094 Scriptura
2053 3020 2258 3098 refert,

665 3097 1374 3200 consurgebanttadversus
1420 3118 1596 3174 David
1647 3113 1823 3188 (Psal.
1858 3116 1919 3187 ιι)
1954 3131 1967 3168 :
1997 3097 2122 3183 quia
2153 3127 2261 3166 non
2291 3097 2337 3162 C

668 3222 851 3282 minus
871 3221 1134 3276 adversus
1161 3223 1342 3286 caput,
1372 3211 1624 3268 videlicet
1647 3209 1928 3264 Christum
1954 3207 2289 3278 insurgunt“

667 3329 832 3385 quam
875 3321 933 3369 et
973 3312 1236 3366 adversus
1268 3306 1388 3377 ejus
1415 3306 1680 3361 membra.
1715 3302 1884 3358 David
1915 3309 2126 3361 autem,
2160 3297 2266 3369 Αρ-

667 3403 1078 3478 preltendebam,
1105 3387 1302 3470 inquit,
1336 3406 1568 3452 mentum
1612 3410 1793 3449 eorum
1837 3402 1884 3446 et
1914 3389 2262 3461 su/focabam,

665 3477 1146 3566 interﬁciebamque
1167 3509 1254 3546 eos
1272 3488 1324 3562 (I
1341 3488 1470 3558 Reg.
1490 3486 1645 3558 xvn).
1661 3484 1878 3540 Gratias
1909 3477 2265 3552 omnipotenti

669 3589 805 3655 Deo,
849 3587 976 3657 quia
1003 3583 1267 3656 quidquid
1301 3581 1564 3654 propheta
1595 3578 1769 3632 doluit
1794 3591 1889 3631 eos
1917 3573 2267 3645 praevaluisse

670 3680 725 3738 in
756 3691 974 3751 gregem
1003 3671 1229 3738 Christi,
1255 3681 1426 3727 totum
1451 3670 1649 3723 virtute
1682 3668 1778 3721 Dei
1809 3674 2122 3738 superatum
2160 3672 2266 3730 est,

667 3781 883 3829 tantum
913 3784 980 3824 ne
1018 3782 1148 3822 oves
1175 3781 1233 3820 se
1276 3779 1462 3817 eorum
1513 3760 1762 3814 faucibus
1811 3761 2099 3828 ingerunt:
2133 3769 2267 3823 quo-

669 3864 818 3921 niam
865 3869 1040 3916 mortc
1067 3874 1163 3914 sua
1194 3849 1287 3912 eos
1317 3855 1528 3910 leonem
1569 3853 1636 3906 de
1677 3853 1822 3906 tribu
1865 3849 2002 3904 Iuda
2041 3845 2266 3902 interfe-

669 3960 812 4016 cisse
841 3964 1008 4026 patct.
1054 3953 1192 4008 Hinc
1222 3965 1436 4022 quoque
1469 3946 1668 4012 David,
1701 3943 1949 4006 Leonem,
1987 3941 2183 4010 inquit,
2219 3948 2269 3994 et

670 4065 854 4104 ursum
882 4044 1258 4114 interﬁciebam
1288 4059 1380 4112 ego
1425 4056 1602 4093 servus
1651 4047 1772 4090 tuus
1823 4035 2032 4105 (Ibid.).
2081 4032 2274 4101 Sequi-

674 4151 800 4198 tur:
837 4139 1086 4202 Semitas,
1117 4135 1313 4204 inquit,
1342 4149 1484 4186 meas
1503 4129 1750 4184 subvertit
1778 4137 1824 4180 et
1853 4125 2128 4195 confregit.
2160 4124 2272 4180 Hoc

672 4231 908 4301 idipsum
939 4229 1132 4297 repetit
1161 4225 1370 4288 dolens,
1395 4221 1537 4292 quod
1557 4219 1669 4287 jam
1694 4232 1854 4286 supra
1882 4215 2192 4280 defleverat,
2224 4224 2271 4270 et

669 4321 842 4394 posuit
865 4336 946 4374 me
967 4318 1284 4380 desolatam,
1316 4313 1526 4370 scilicet
1547 4309 1906 4370 Hierusalem,
1924 4323 2086 4377 quam
2111 4322 2270 4376 supra

669 4415 941 4485 Propheta
991 4409 1290 4468 desolatam
1341 4407 1533 4461 sedere
1587 4402 1893 4474 plangebat.
1944 4399 2096 4454 Nunc
2144 4413 2274 4453 vero

671 4505 942 4570 fortassis,
961 4503 1074 4572 jam
1102 4503 1156 4556 iu
1183 4500 1414 4569 seipsam
1446 4511 1686 4561 reversa,
1717 4495 1824 4548 imo
1847 4491 2049 4548 Christi
2074 4505 2270 4560 sponsa

673 4601 856 4658 dotata
883 4597 1002 4668 ejus
1031 4593 1314 4665 sanguine,
1344 4592 1511 4663 gemit
1555 4606 1613 4644 se
1642 4587 1874 4659 positam
1911 4583 2208 4639 desolatam
2240 4598 2272 4637 a

673 4692 929 4750 Christo:
962 4690 1086 4760 quia
1113 4659 1238 4742 cum
1269 4659 1574 4740 adulterum
1621 4684 1676 4737 in
1718 4682 2049 4754 quibuslibet
2083 4659 2286 4750 recipit

674 4787 788 4844 Suis
837 4783 1116 4846 membris,
1149 4795 1333 4836 secum
1367 4793 1625 4850 Sponsum
1671 4775 1895 4831 minime
1941 4774 2146 4828 habere
2172 4786 2271 4842 po-

677 4885 804 4934 test.
832 4873 1067 4930 Tetcndtt
1091 4888 1276 4927 arcum
1305 4887 1480 4933 suum,
1503 4878 1550 4922 et
1575 4867 1748 4938 posuit
1778 4882 1857 4919 me
1882 4863 2036 4936 quasi
2062 4864 2271 4934 signum

677 4967 746 5022 ad
791 4965 1058 5036 sagittam.
1107 4961 1326 5016 Positus
1369 4973 1500 5029 ergo
1547 4956 1800 5012 Christus
1839 4969 1870 5009 a
1914 4961 2069 5024 patre
2116 4951 2272 5022 quasi

677 5060 894 5130 signum
931 5057 999 5112 ad
1045 5053 1297 5124 sagittam
1325 5051 1565 5106 dicitur:
1597 5048 1723 5118 quia
1763 5061 1872 5102 non
1917 5045 2097 5099 minus
2134 5044 2272 5115 ipse,

678 5166 841 5222 quam
871 5157 928 5205 et
951 5147 1132 5204 omnis
1160 5146 1277 5218 ejus
1307 5142 1546 5200 Ecclesia
1587 5142 1640 5195 in
1675 5139 1890 5194 titulum
1919 5147 2112 5195 contra
2158 5152 2276 5193 om-

677 5258 778 5298 nes
821 5242 1000 5296 aerias
1045 5247 1370 5310 potestates,
1413 5244 1468 5290 et
1521 5249 1709 5290 eorum
1751 5231 2018 5286 fallaciam
2062 5240 2276 5286 erectus

678 5332 942 5390 cernitur.
977 5329 1130 5386 Unde
1171 5345 1312 5384 unus
1336 5343 1405 5384 ex
1435 5325 1698 5382 militibus
1729 5323 1868 5392 ejus,
1898 5321 2275 5394 spectaculum,

681 5427 882 5500 inquit,
907 5423 1036 5495 facti
1067 5440 1248 5480 sumus
1276 5422 1473 5477 mundo
1498 5431 1546 5474 et
1574 5418 1773 5490 angelis
1797 5418 1912 5488 ejus
1944 5416 1995 5489 (I
2025 5414 2148 5472 Cor.
2177 5417 2276 5487 tv).

684 5518 837 5588 Quod
884 5518 936 5572 in
976 5531 1036 5571 se
1067 5515 1243 5571 solum
1292 5513 1544 5570 Christus
1574 5513 1786 5586 erigere
1834 5511 2080 5574 curavit,
2128 5509 2284 5579 quasi

682 5613 1118 5672 tnonomachiam
1151 5599 1463 5682 expleturos
1491 5620 1682 5668 contra
1712 5625 1905 5666 omnes
1947 5607 2163 5680 1426
2193 5606 2286 5661 be-

685 5705 820 5763 stias
845 5705 1012 5772 silvae,
1041 5713 1341 5776 contraque
1367 5719 1559 5762 earum
1605 5704 1870 5762 saevitiam
1917 5709 2110 5758 contra
2137 5697 2288 5755 oble-

2299 4459 2352 4524 ι)

2359 1829 2668 1899 Scripturas
2713 1836 2931 1882 sanctas
2979 1826 3210 1880 libenter
3265 1823 3574 1894 accipimus,
3609 1819 3831 1890 exquibus

2355 1921 2510 1992 quasi
2541 1919 2857 1974 fortitudine
2889 1917 3022 1972 Novi
3052 1914 3409 1979 Testameuti,
3435 1923 3487 1969 et
3513 1926 3656 1968 nervo
3671 1909 3832 1980 quodam

2357 2014 2555 2070 duritia
2585 2013 2789 2066 veteris
2815 2009 3070 2081 perplexa
3093 2018 3152 2064 et
3177 2008 3406 2063 edomita
3431 2021 3543 2061 esse
3571 2004 3770 2066 creditur,
3787 2015 3833 2056 ex

2359 2105 2557 2175 quibus
2615 2112 2874 2172 tanquam
2935 2103 3146 2173 sagittae
3199 2099 3478 2154 mittuntur
3518 2095 3578 2152 ad
3628 2093 3837 2150 feriendam

2361 2202 2544 2258 cordis
2576 2202 2852 2255 duritiam.
2884 2199 3020 2266 Quia
3059 2198 3208 2252 enim
3237 2197 3340 2250 alia
3364 2195 3546 2265 sagitta
3569 2194 3838 2262 percussam

2363 2296 2568 2360 anima,
2601 2311 2721 2364 qum
2747 2293 2914 2348 dicit':
2950 2292 3197 2346 inducite
3241 2290 3295 2343 in
3328 2288 3536 2342 domum
3566 2283 3679 2346 vini,
3706 2279 3840 2336 couti-

2363 2398 2485 2458 pate
2514 2403 2600 2443 me
2637 2389 2779 2442 inter
2808 2395 3108 2456 unguenta.
3135 2384 3438 2452 constipate
3466 2394 3544 2434 me
3568 2377 3688 2432 inter
3707 2370 3837 2426 mella:

2363 2481 2618 2551 quoniam
2652 2479 2934 2536 vulnerata
2971 2477 3188 2546 sagittis
3211 2472 3492 2530 cbaritatis
3513 2483 3605 2540 ego
3627 2481 3746 2531 sum;
3764 2462 3843 2533 quia

2366 2589 2544 2627 amore
2571 2570 2812 2640 langueo.
2846 2570 3018 2623 Habet
3041 2567 3192 2622 enim
3235 2581 3304 2620 ex
3345 2563 3444 2618 hoc
3469 2577 3585 2616 arcu
3606 2555 3842 2627 judiciomtl

2369 2665 2461 2720 Dei
2505 2662 2755 2718 Christus
2800 2661 2936 2715 alias
2973 2659 3273 2712 it'nmiltere
3314 2653 3532 2724 sagittas
3565 2648 3624 2705 ad
3655 2645 3844 2717 penna.

2367 2758 2494 2811 dum
2532 2756 2659 2808 vitia
2699 2764 2754 2809 et
2789 2761 3009 2822 peccata
3046 2769 3063 2806 :
3097 2750 3240 2805 alias
3293 2762 3420 2802 vero
3465 2745 3528 2799 ad
3577 2735 3846 2796 volueramus

2367 2851 2577 2903 animas
2606 2864 2791 2902 amore
2828 2843 3140 2901 charitatis-
3171 2843 3317 2896 Inter
3342 2855 3459 2908 qua:
3487 2834 3707 2891 nimirum
3729 2824 3849 2883 omnia

2368 2942 2550 2996 anima
2599 2941 2890 2994 constituta
2928 2945 3010 2992 est
3043 2935 3207 3005 quasi
3245 2933 3456 3004 signum
3503 2929 3563 2984 ad
3593 2923 3850 2995 sagittam!

2369 3032 2499 3086 hinc
2554 3029 2814 3100 suscipiat
2878 3028 3102 3081 vulnera
3167 3022 3482 3086 ebaritatis,
3529 3017 3660 3074 illinc
3705 3006 3852 3079 ηνειιίι

2368 3122 2552 3177 omnia
2590 3120 2768 3191 jacula
2821 3119 3053 3182 inimici,
3098 3126 3381 3187 quatenus
3414 3112 3521 3168 suis
3563 3103 3788 3173 triumphet
3811 3095 3852 3147 de

2367 3187 2648 3279 hostibus,
2697 3222 2750 3267 et
2795 3211 2990 3267 victrix
3043 3225 3180 3266 cum
3227 3221 3432 3264 corona
3472 3199 3674 3272 recipiat
3707 3187 3852 3266 paradi-

2367 3323 2510 3362 sum.

2440 3400 2698 3469 Sequitur
2724 3398 2802 3454 lle
2832 3399 3036 3462 littera,
3063 3411 3196 3466 qua:
3222 3396 3335 3451 rivo
3357 3391 3442 3448 vel
3462 3397 3530 3446 est
3551 3384 3852 3469 interpretatur:

2366 3492 2410 3547 A
2449 3462 2713 3562 principio
2743 3491 2888 3546 enim
2923 3462 3417 3558 hujus-alphabeti,
3446 3474 3703 3538 exinanitio
3723 3462 3852 3562 Christi

2369 3551 2692 3646 ostenditur,
2720 3583 2860 3636 sicut
2880 3582 2956 3635 ait
2980 3551 3316 3650 Apostolus:
3343 3575 3446 3642 Qui
3469 3587 3576 3627 cum
3595 3569 3640 3622 in
3659 3564 3780 3635 fama
3795 3551 3858 3650 liti

2369 3686 2532 3742 esset,
2574 3692 2678 3729 non
2715 3675 2956 3744 rapinam
3004 3673 3306 3726 arbitratus
3336 3678 3434 3732 est,
3479 3679 3580 3718 esse
3613 3674 3658 3712 se
3686 3646 3855 3744 αψιίεξ

2369 3770 2501 3834 Deo,
2543 3769 2632 3822 sed
2663 3766 2995 3836 semetipsum
3029 3763 3328 3817 exinanivit
3350 3802 3363 3822 ,
3406 3758 3616 3829 formam
3643 3743 3736 3803 serti
3759 3735 3856 3792 πά·

2368 3863 2536 3934 piens,
2573 3871 2618 3916 et
2646 3834 3097 3914 Itabiluvim'entus
3136 3867 3194 3912 ut
3234 3857 3412 3916 homo,
3437 3857 3628 3924 propter
3657 3834 3860 3934 (μιοά

2374 3921 2461 4009 nia
2509 3952 2672 4022 proba
2714 3961 2762 4006 et
2804 3951 3074 4021 passiones
3123 3964 3295 4018 usque
3335 3945 3404 4000 ad
3438 3921 3649 3998 mortem
3693 3921 3862 4022 ιιςιὶιξκ

2375 4009 2596 4116 (ΡΙιὶξίρ.
2626 4043 2710 4117 ιι).
2747 4009 2902 4099 Unde
2943 4056 3176 4096 necesse
3204 4009 3354 4102 'fuit,
3393 4037 3490 4092 sub
3518 4035 3607 4088 hac
3630 4026 3766 4117 littera
3795 4009 3864 4117 Ch:

2376 4095 2595 4116 \"“"r'
2626 4095 2709 4117 vr
2757 4095 2825 4099 -—-
2879 4095 2896 4097 —
2994 4095 3001 4096 κ
3158 4095 3166 4096 κ
3342 4095 3352 4102 ,

2376 4150 2590 4190 reseere
2637 4135 2778 4188 inter
2808 4148 3010 4202 agones
3051 4139 3104 4184 et
3156 4129 3466 4186 certamina
3503 4113 3743 4195 passionis,

2377 4228 2441 4292 is,
2467 4228 2558 4296 qui
2581 4227 2928 4296 semetipsum
2952 4224 3228 4278 intantum
3250 4218 3562 4276 exinanivit,
3585 4217 3757 4274 semper

2377 4328 2480 4384 est,
2513 4328 2568 4372 et
2597 4290 3119 4374 incomiuutabiliter
3157 4322 3244 4369 est
3264 4354 3279 4378 ,
3309 4321 3362 4367 et
3398 4309 3488 4380 qui
3523 4313 3627 4366 est,
3654 4297 3794 4363 utique
3817 4290 3868 4384 τῖς

2377 4411 2478 4474 vit,
2507 4410 2647 4464 sicut
2674 4417 2730 4462 et
2762 4407 2853 4478 qui
2887 4407 3017 4460 vivit
3045 4413 3164 4468 est,
3214 4419 3283 4458 ac
3321 4379 3425 4472 per
3463 4400 3560 4456 hoc
3598 4403 3691 4446 una
3725 4379 3871 4436 mal
3962 4393 3963 4468 ι

2377 4499 2748 4564 credentium,
2780 4477 2970 4551 etiam
3026 4497 3175 4551 inter
3233 4491 3501 4566 supplicia
3545 4477 3868 4566 tormentorum
3962 4505 3963 4510 η

2377 4591 2503 4644 dum
2554 4589 2756 4642 dicitur
2800 4585 3014 4658 1427
3063 4586 3273 4640 animae
3304 4557 3529 4645 nostrai,
3559 4591 3654 4631 non
3687 4576 3751 4624 est
3781 4557 3872 4616 salt!s

2377 4681 2454 4736 illi
2487 4681 2544 4734 in
2578 4682 2686 4735 Deo
2713 4677 2830 4748 ejus
2857 4656 3032 4746 (Psal.
3065 4681 3177 4748 ut).
3212 4675 3338 4741 Est,
3363 4673 3493 4746 quia
3519 4665 3712 4726 omnino
3733 4656 3872 4720 εοιιιετ

2376 4771 2518 4827 idem
2545 4781 2600 4825 et
2625 4747 2830 4838 ubique
2854 4775 2957 4831 est,
2985 4767 3076 4836 qui
3105 4781 3388 4837 nusquam
3419 4780 3451 4818 a
3478 4761 3602 4822 suis,
3625 4765 3674 4810 et
3696 4747 3874 4838 ιιιιψ
3962 4821 3963 4824 η

2376 4863 2534 4934 longe
2573 4833 2758 4918 abest:
2785 4859 2850 4914 Et
2897 4833 3254 4914 hoe-solum—
3276 4845 3754 4913 incommutabiliter

2379 4926 2516 5009 fide's
2537 4951 2796 5008 Ecclesia:
2827 4950 3068 5013 omnino,
3095 4951 3234 5020 quia
3261 4957 3369 5005 est.
3410 4947 3500 5002 llle
3531 4955 3648 5000 vero
3664 4937 3762 5008 jam
3780 4926 3878 4980 (⁸⁸³⁸
3962 4945 3963 5020 ἦ

2378 5045 2454 5102 ita
2485 5042 2798 5106 ﬁdentibus,
2827 5041 2952 5099 licet
2999 5056 3096 5112 pro
3126 5040 3297 5096 nobis
3327 5046 3570 5096 mortuus
3593 5023 3880 5112 credam»?

2381 5139 2610 5211 spondet
2647 5151 2865 5206 semper
2907 5145 2965 5191 et
2993 5107 3198 5206 ubique
3240 5138 3388 5190 vivo.
3423 5133 3568 5189 Unde
3603 5127 3738 5183 etiam
3771 5109 3881 5168 ddi”

2380 5209 2671 5302 quentibus
2721 5229 2954 5296 clamat,
3004 5229 3242 5284 dicens:
3289 5223 3418 5281 Viro
3455 5240 3567 5295 ego,
3608 5214 3710 5274 ιιοιθ
3737 5209 3880 5302 ΜΨ

2384 5323 2693 5395 peccatoris,
2720 5321 2810 5376 sed
2848 5331 2904 5376 ut
2938 5331 3287 5376 convertatur
3321 5332 3370 5374 et
3407 5290 3536 5374 viret
3563 5290 3880 5382 (Eam-XVI"):

2388 5416 2748 5473 Convertatur
2775 5423 2957 5469 autem
3007 5413 3074 5467 ad
3123 5413 3306 5468 vitam
3338 5431 3350 5465 :
3391 5409 3517 5481 quia
3555 5405 3655 5459 vita
3695 5389 3882 5458 ιιιιιηυθιι

2393 5509 2506 5563 vult
2547 5517 2798 5572 mortem,
2832 5507 2927 5562 sed
2957 5514 3018 5560 ut
3051 5520 3253 5562 omnes
3279 5477 3632 5562 vita-vivant,
3668 5501 3716 5547 et
3738 5485 3885 5541 00⁸³⁸⁷⁸³⁵³

2396 5609 2580 5658 tantur
2623 5599 2692 5654 de
2740 5609 2914 5655 morte
2953 5599 3019 5656 ad
3064 5598 3268 5653 vitam.
3321 5598 3446 5655 Haec
3485 5599 3700 5660 namque

2403 5711 2504 5750 vox
2544 5703 2628 5750 est
2656 5692 2840 5764 sponsi
2871 5707 2935 5748 ac
2974 5704 3214 5763 sponsae,
3269 5701 3330 5748 ut
3362 5689 3453 5746 illa
3480 5683 3760 5743 conﬁteatur
3785 5654 3889 5720 (ωδ
