  <div class='ocr_page' id='page_1' title='image "/cluster/home/n/w/nwhite01/storage/ocr_20150623/120/hvd.32044015466923/584.png"; bbox 0 0 4078 6348; ppageno 0'>
   <div class='ocr_carea' id='block_1_1' title="bbox 223 292 355 355">
    <p class='ocr_par' dir='ltr' id='par_1_1' title="bbox 223 292 355 355">
     <span class='ocr_line' id='line_1_1' title="bbox 223 292 355 355; baseline -0.008 -1"><span class='ocrx_word' id='word_1_1' title='bbox 223 292 355 355; x_wconf 76' lang='lat' dir='ltr'><strong>ll5&#39;l</strong></span> 
     </span>
    </p>
   </div>
   <div class='ocr_carea' id='block_1_2' title="bbox 960 286 2786 350">
    <p class='ocr_par' dir='ltr' id='par_1_2' title="bbox 960 286 2786 350">
     <span class='ocr_line' id='line_1_2' title="bbox 960 286 2786 350; baseline -0.001 -1"><span class='ocrx_word' id='word_1_2' title='bbox 960 290 1321 350; x_wconf 82' lang='lat' dir='ltr'><strong>EXPOSITIO</strong></span> <span class='ocrx_word' id='word_1_3' title='bbox 1350 289 1415 346; x_wconf 79' lang='lat' dir='ltr'><strong>1N</strong></span> <span class='ocrx_word' id='word_1_4' title='bbox 1454 286 2032 346; x_wconf 75' lang='lat' dir='ltr'><strong>LAMENTATIONES</strong></span> <span class='ocrx_word' id='word_1_5' title='bbox 2066 289 2405 349; x_wconf 60' lang='lat' dir='ltr'><strong>JEREMIIE.</strong></span> <span class='ocrx_word' id='word_1_6' title='bbox 2437 322 2503 334; x_wconf 91' lang='grc'><strong>--</strong></span> <span class='ocrx_word' id='word_1_7' title='bbox 2532 291 2658 348; x_wconf 85' lang='lat' dir='ltr'><strong>LIB.</strong></span> <span class='ocrx_word' id='word_1_8' title='bbox 2698 291 2786 348; x_wconf 69' lang='grc' dir='ltr'><strong>ιιι,</strong></span> 
     </span>
    </p>
   </div>
   <div class='ocr_carea' id='block_1_3' title="bbox 3358 290 3499 355">
    <p class='ocr_par' dir='ltr' id='par_1_3' title="bbox 3358 290 3499 355">
     <span class='ocr_line' id='line_1_3' title="bbox 3358 290 3499 355; baseline 0.043 -6"><span class='ocrx_word' id='word_1_9' title='bbox 3358 290 3499 355; x_wconf 68' lang='grc'><strong>1158</strong></span> 
     </span>
    </p>
   </div>
   <div class='ocr_carea' id='block_1_4' title="bbox 219 402 3500 481">
    <p class='ocr_par' dir='ltr' id='par_1_4' title="bbox 219 402 3500 481">
     <span class='ocr_line' id='line_1_4' title="bbox 219 402 3500 481; baseline -0.003 -11"><span class='ocrx_word' id='word_1_10' title='bbox 219 412 271 470; x_wconf 80' lang='lat' dir='ltr'><strong>et</strong></span> <span class='ocrx_word' id='word_1_11' title='bbox 307 427 416 478; x_wconf 90' lang='lat' dir='ltr'><strong>ore,</strong></span> <span class='ocrx_word' id='word_1_12' title='bbox 445 425 569 481; x_wconf 79' lang='lat' dir='ltr'><strong>quia</strong></span> <span class='ocrx_word' id='word_1_13' title='bbox 600 417 700 464; x_wconf 90' lang='lat' dir='ltr'><strong>est.</strong></span> <span class='ocrx_word' id='word_1_14' title='bbox 734 407 976 479; x_wconf 85' lang='lat' dir='ltr'><strong>Sponsus</strong></span> <span class='ocrx_word' id='word_1_15' title='bbox 1009 417 1186 461; x_wconf 89' lang='lat' dir='ltr'><strong>autem</strong></span> <span class='ocrx_word' id='word_1_16' title='bbox 1216 406 1265 460; x_wconf 91' lang='lat' dir='ltr'><strong>ei</strong></span> <span class='ocrx_word' id='word_1_17' title='bbox 1298 421 1421 461; x_wconf 78' lang='lat' dir='ltr'><strong>mox</strong></span> <span class='ocrx_word' id='word_1_18' title='bbox 1456 403 1798 471; x_wconf 83' lang='lat' dir='ltr'><strong>respondeat,</strong></span> <span class='ocrx_word' id='word_1_19' title='bbox 1828 412 1879 468; x_wconf 74' lang='grc' dir='ltr'><strong>Α</strong></span> <span class='ocrx_word' id='word_1_20' title='bbox 1906 404 2132 472; x_wconf 75' lang='lat' dir='ltr'><strong>sagittas</strong></span> <span class='ocrx_word' id='word_1_21' title='bbox 2174 405 2448 475; x_wconf 78' lang='lat' dir='ltr'><strong>plagarum</strong></span> <span class='ocrx_word' id='word_1_22' title='bbox 2497 405 2699 474; x_wconf 83' lang='lat' dir='ltr'><strong>excipit</strong></span> <span class='ocrx_word' id='word_1_23' title='bbox 2742 402 2983 474; x_wconf 73' lang='lat' dir='ltr'><strong>quotidie</strong></span> <span class='ocrx_word' id='word_1_24' title='bbox 3027 402 3229 459; x_wconf 77' lang='lat' dir='ltr'><strong>Christi</strong></span> <span class='ocrx_word' id='word_1_25' title='bbox 3277 417 3500 474; x_wconf 74' lang='lat' dir='ltr'><strong>corpus.</strong></span> 
     </span>
    </p>
   </div>
   <div class='ocr_carea' id='block_1_5' title="bbox 219 492 1800 573">
    <p class='ocr_par' dir='ltr' id='par_1_5' title="bbox 219 492 1800 573">
     <span class='ocr_line' id='line_1_5' title="bbox 219 492 1800 573; baseline -0.009 -14"><span class='ocrx_word' id='word_1_26' title='bbox 219 506 335 559; x_wconf 88' lang='lat' dir='ltr'><strong>vivo</strong></span> <span class='ocrx_word' id='word_1_27' title='bbox 363 520 374 557; x_wconf 93' lang='lat'>:</span> <span class='ocrx_word' id='word_1_28' title='bbox 400 511 665 573; x_wconf 79' lang='lat' dir='ltr'><strong>quatenus</strong></span> <span class='ocrx_word' id='word_1_29' title='bbox 694 500 746 554; x_wconf 91' lang='lat' dir='ltr'><strong>in</strong></span> <span class='ocrx_word' id='word_1_30' title='bbox 776 497 920 552; x_wconf 91' lang='lat' dir='ltr'><strong>nullo</strong></span> <span class='ocrx_word' id='word_1_31' title='bbox 948 497 1194 551; x_wconf 90' lang='lat' dir='ltr'><strong>dubitare</strong></span> <span class='ocrx_word' id='word_1_32' title='bbox 1223 504 1387 565; x_wconf 88' lang='lat' dir='ltr'><strong>queat</strong></span> <span class='ocrx_word' id='word_1_33' title='bbox 1414 494 1479 547; x_wconf 90' lang='lat' dir='ltr'><strong>de</strong></span> <span class='ocrx_word' id='word_1_34' title='bbox 1509 494 1616 547; x_wconf 65' lang='lat' dir='ltr'><strong>illo.</strong></span> <span class='ocrx_word' id='word_1_35' title='bbox 1650 492 1800 547; x_wconf 87' lang='lat' dir='ltr'><strong>Unde</strong></span> 
     </span>
    </p>
   </div>
   <div class='ocr_carea' id='block_1_6' title="bbox 222 587 1802 664">
    <p class='ocr_par' dir='ltr' id='par_1_6' title="bbox 222 587 1802 664">
     <span class='ocr_line' id='line_1_6' title="bbox 222 587 1802 664; baseline -0.009 -12"><span class='ocrx_word' id='word_1_36' title='bbox 222 597 358 652; x_wconf 73' lang='lat' dir='ltr'><strong>idem</strong></span> <span class='ocrx_word' id='word_1_37' title='bbox 386 604 508 664; x_wconf 87' lang='lat' dir='ltr'><strong>post</strong></span> <span class='ocrx_word' id='word_1_38' title='bbox 541 602 793 653; x_wconf 83' lang='lat' dir='ltr'><strong>mortem,</strong></span> <span class='ocrx_word' id='word_1_39' title='bbox 819 591 927 644; x_wconf 77' lang='lat' dir='ltr'><strong>into</strong></span> <span class='ocrx_word' id='word_1_40' title='bbox 958 597 1083 642; x_wconf 92' lang='lat' dir='ltr'><strong>ante</strong></span> <span class='ocrx_word' id='word_1_41' title='bbox 1108 599 1358 651; x_wconf 87' lang='lat' dir='ltr'><strong>mortem,</strong></span> <span class='ocrx_word' id='word_1_42' title='bbox 1385 587 1470 639; x_wconf 88' lang='lat' dir='ltr'><strong>vel</strong></span> <span class='ocrx_word' id='word_1_43' title='bbox 1506 599 1719 653; x_wconf 78' lang='lat' dir='ltr'><strong>semper</strong></span> <span class='ocrx_word' id='word_1_44' title='bbox 1746 591 1802 637; x_wconf 93' lang='lat' dir='ltr'><strong>et</strong></span> 
     </span>
    </p>
   </div>
   <div class='ocr_carea' id='block_1_7' title="bbox 219 681 1799 757">
    <p class='ocr_par' dir='ltr' id='par_1_7' title="bbox 219 681 1799 757">
     <span class='ocr_line' id='line_1_7' title="bbox 219 681 1799 757; baseline -0.007 -15"><span class='ocrx_word' id='word_1_45' title='bbox 219 688 411 757; x_wconf 81' lang='lat' dir='ltr'><strong>ubique</strong></span> <span class='ocrx_word' id='word_1_46' title='bbox 442 687 560 741; x_wconf 87' lang='lat' dir='ltr'><strong>sine</strong></span> <span class='ocrx_word' id='word_1_47' title='bbox 588 694 791 748; x_wconf 89' lang='lat' dir='ltr'><strong>morte;</strong></span> <span class='ocrx_word' id='word_1_48' title='bbox 822 682 1114 745; x_wconf 79' lang='lat' dir='ltr'><strong>resurrexi,</strong></span> <span class='ocrx_word' id='word_1_49' title='bbox 1145 691 1199 735; x_wconf 88' lang='lat' dir='ltr'><strong>et</strong></span> <span class='ocrx_word' id='word_1_50' title='bbox 1241 681 1418 735; x_wconf 90' lang='lat' dir='ltr'><strong>adhuc</strong></span> <span class='ocrx_word' id='word_1_51' title='bbox 1451 690 1624 734; x_wconf 80' lang='lat' dir='ltr'><strong>tecum</strong></span> <span class='ocrx_word' id='word_1_52' title='bbox 1656 694 1799 743; x_wconf 89' lang='lat' dir='ltr'><strong>sum,</strong></span> 
     </span>
    </p>
   </div>
   <div class='ocr_carea' id='block_1_8' title="bbox 217 770 1796 849">
    <p class='ocr_par' dir='ltr' id='par_1_8' title="bbox 217 770 1796 849">
     <span class='ocr_line' id='line_1_8' title="bbox 217 770 1796 849; baseline -0.006 -19"><span class='ocrx_word' id='word_1_53' title='bbox 217 778 304 849; x_wconf 87' lang='lat' dir='ltr'><strong>qui</strong></span> <span class='ocrx_word' id='word_1_54' title='bbox 341 790 616 845; x_wconf 90' lang='lat' dir='ltr'><strong>nunquam</strong></span> <span class='ocrx_word' id='word_1_55' title='bbox 662 773 842 834; x_wconf 79' lang='lat' dir='ltr'><strong>ablui,</strong></span> <span class='ocrx_word' id='word_1_56' title='bbox 873 772 963 826; x_wconf 89' lang='lat' dir='ltr'><strong>sed</strong></span> <span class='ocrx_word' id='word_1_57' title='bbox 1004 786 1220 842; x_wconf 81' lang='lat' dir='ltr'><strong>semper</strong></span> <span class='ocrx_word' id='word_1_58' title='bbox 1268 780 1482 834; x_wconf 81' lang='lat' dir='ltr'><strong>tecum,</strong></span> <span class='ocrx_word' id='word_1_59' title='bbox 1531 778 1584 824; x_wconf 91' lang='lat' dir='ltr'><strong>et</strong></span> <span class='ocrx_word' id='word_1_60' title='bbox 1630 770 1683 823; x_wconf 92' lang='lat' dir='ltr'><strong>in</strong></span> <span class='ocrx_word' id='word_1_61' title='bbox 1728 776 1796 830; x_wconf 90' lang='lat' dir='ltr'><strong>te,</strong></span> 
     </span>
    </p>
   </div>
   <div class='ocr_carea' id='block_1_9' title="bbox 216 863 1798 931">
    <p class='ocr_par' dir='ltr' id='par_1_9' title="bbox 216 863 1798 931">
     <span class='ocr_line' id='line_1_9' title="bbox 216 863 1798 931; baseline -0.008 -4"><span class='ocrx_word' id='word_1_62' title='bbox 216 871 367 928; x_wconf 87' lang='lat' dir='ltr'><strong>sicuti</strong></span> <span class='ocrx_word' id='word_1_63' title='bbox 400 878 453 923; x_wconf 89' lang='lat' dir='ltr'><strong>tu</strong></span> <span class='ocrx_word' id='word_1_64' title='bbox 482 877 535 923; x_wconf 86' lang='lat' dir='ltr'><strong>et</strong></span> <span class='ocrx_word' id='word_1_65' title='bbox 564 868 616 921; x_wconf 92' lang='lat' dir='ltr'><strong>in</strong></span> <span class='ocrx_word' id='word_1_66' title='bbox 650 882 757 931; x_wconf 89' lang='lat' dir='ltr'><strong>me,</strong></span> <span class='ocrx_word' id='word_1_67' title='bbox 787 865 881 918; x_wconf 84' lang='lat' dir='ltr'><strong>fui.</strong></span> <span class='ocrx_word' id='word_1_68' title='bbox 927 863 1078 931; x_wconf 83' lang='lat' dir='ltr'><strong>Quod</strong></span> <span class='ocrx_word' id='word_1_69' title='bbox 1109 874 1190 919; x_wconf 84' lang='lat' dir='ltr'><strong>est</strong></span> <span class='ocrx_word' id='word_1_70' title='bbox 1219 864 1436 917; x_wconf 89' lang='lat' dir='ltr'><strong>dicere:</strong></span> <span class='ocrx_word' id='word_1_71' title='bbox 1473 863 1605 918; x_wconf 79' lang='lat' dir='ltr'><strong>Vivo</strong></span> <span class='ocrx_word' id='word_1_72' title='bbox 1634 864 1686 916; x_wconf 90' lang='lat' dir='ltr'><strong>in</strong></span> <span class='ocrx_word' id='word_1_73' title='bbox 1726 871 1798 927; x_wconf 91' lang='lat' dir='ltr'><strong>te,</strong></span> 
     </span>
    </p>
   </div>
   <div class='ocr_carea' id='block_1_10' title="bbox 215 954 1797 1034">
    <p class='ocr_par' dir='ltr' id='par_1_10' title="bbox 215 954 1797 1034">
     <span class='ocr_line' id='line_1_10' title="bbox 215 954 1797 1034; baseline -0.004 -18"><span class='ocrx_word' id='word_1_74' title='bbox 215 963 336 1034; x_wconf 89' lang='lat' dir='ltr'><strong>quia</strong></span> <span class='ocrx_word' id='word_1_75' title='bbox 364 973 417 1016; x_wconf 89' lang='lat' dir='ltr'><strong>et</strong></span> <span class='ocrx_word' id='word_1_76' title='bbox 447 970 501 1014; x_wconf 93' lang='lat' dir='ltr'><strong>tu</strong></span> <span class='ocrx_word' id='word_1_77' title='bbox 530 959 583 1014; x_wconf 91' lang='lat' dir='ltr'><strong>in</strong></span> <span class='ocrx_word' id='word_1_78' title='bbox 614 976 699 1013; x_wconf 90' lang='lat' dir='ltr'><strong>me</strong></span> <span class='ocrx_word' id='word_1_79' title='bbox 725 957 885 1019; x_wconf 89' lang='lat' dir='ltr'><strong>vivis,</strong></span> <span class='ocrx_word' id='word_1_80' title='bbox 915 965 973 1011; x_wconf 90' lang='lat' dir='ltr'><strong>ut</strong></span> <span class='ocrx_word' id='word_1_81' title='bbox 999 971 1189 1011; x_wconf 89' lang='lat' dir='ltr'><strong>omnes</strong></span> <span class='ocrx_word' id='word_1_82' title='bbox 1218 958 1439 1010; x_wconf 78' lang='lat' dir='ltr'><strong>audiant</strong></span> <span class='ocrx_word' id='word_1_83' title='bbox 1466 956 1608 1025; x_wconf 89' lang='lat' dir='ltr'><strong>quod</strong></span> <span class='ocrx_word' id='word_1_84' title='bbox 1656 954 1797 1021; x_wconf 89' lang='lat' dir='ltr'><strong>vivo,</strong></span> 
     </span>
    </p>
   </div>
   <div class='ocr_carea' id='block_1_11' title="bbox 213 1042 1802 1117">
    <p class='ocr_par' dir='ltr' id='par_1_11' title="bbox 213 1042 1802 1117">
     <span class='ocr_line' id='line_1_11' title="bbox 213 1042 1802 1117; baseline -0.006 -10"><span class='ocrx_word' id='word_1_85' title='bbox 213 1064 267 1107; x_wconf 90' lang='lat' dir='ltr'><strong>et</strong></span> <span class='ocrx_word' id='word_1_86' title='bbox 298 1054 656 1107; x_wconf 80' lang='lat' dir='ltr'><strong>conﬁteantur</strong></span> <span class='ocrx_word' id='word_1_87' title='bbox 680 1047 1138 1117; x_wconf 86' lang='lat' dir='ltr'><strong>interrogantibus</strong></span> <span class='ocrx_word' id='word_1_88' title='bbox 1172 1065 1185 1100; x_wconf 92' lang='lat'>:</span> <span class='ocrx_word' id='word_1_89' title='bbox 1224 1043 1322 1100; x_wconf 84' lang='lat' dir='ltr'><strong>Ubi</strong></span> <span class='ocrx_word' id='word_1_90' title='bbox 1358 1055 1432 1099; x_wconf 77' lang='lat' dir='ltr'><strong>est</strong></span> <span class='ocrx_word' id='word_1_91' title='bbox 1468 1045 1608 1099; x_wconf 84' lang='lat' dir='ltr'><strong>Deus</strong></span> <span class='ocrx_word' id='word_1_92' title='bbox 1639 1042 1802 1097; x_wconf 75' lang='lat' dir='ltr'><strong>tuus!</strong></span> 
     </span>
    </p>
   </div>
   <div class='ocr_carea' id='block_1_12' title="bbox 214 1134 1798 1212">
    <p class='ocr_par' dir='ltr' id='par_1_12' title="bbox 214 1134 1798 1212">
     <span class='ocr_line' id='line_1_12' title="bbox 214 1134 1798 1212; baseline -0.005 -17"><span class='ocrx_word' id='word_1_93' title='bbox 214 1142 383 1212; x_wconf 82' lang='lat' dir='ltr'><strong>(Psal.</strong></span> <span class='ocrx_word' id='word_1_94' title='bbox 434 1150 548 1209; x_wconf 78' lang='lat' dir='ltr'><strong>xu)</strong></span> <span class='ocrx_word' id='word_1_95' title='bbox 597 1142 921 1209; x_wconf 77' lang='lat' dir='ltr'><strong>dicuntque,</strong></span> <span class='ocrx_word' id='word_1_96' title='bbox 966 1145 1070 1192; x_wconf 87' lang='lat' dir='ltr'><strong>est.</strong></span> <span class='ocrx_word' id='word_1_97' title='bbox 1118 1136 1213 1192; x_wconf 86' lang='lat' dir='ltr'><strong>Est</strong></span> <span class='ocrx_word' id='word_1_98' title='bbox 1260 1146 1441 1191; x_wconf 90' lang='lat' dir='ltr'><strong>autem</strong></span> <span class='ocrx_word' id='word_1_99' title='bbox 1490 1135 1709 1204; x_wconf 91' lang='lat' dir='ltr'><strong>ubique,</strong></span> <span class='ocrx_word' id='word_1_100' title='bbox 1745 1134 1798 1187; x_wconf 89' lang='lat' dir='ltr'><strong>in</strong></span> 
     </span>
    </p>
   </div>
   <div class='ocr_carea' id='block_1_13' title="bbox 213 1224 1802 1297">
    <p class='ocr_par' dir='ltr' id='par_1_13' title="bbox 213 1224 1802 1297">
     <span class='ocr_line' id='line_1_13' title="bbox 213 1224 1802 1297; baseline -0.008 -8"><span class='ocrx_word' id='word_1_101' title='bbox 213 1235 369 1297; x_wconf 72' lang='lat' dir='ltr'><strong>c0310,</strong></span> <span class='ocrx_word' id='word_1_102' title='bbox 397 1234 450 1287; x_wconf 92' lang='lat' dir='ltr'><strong>in</strong></span> <span class='ocrx_word' id='word_1_103' title='bbox 485 1243 648 1297; x_wconf 87' lang='lat' dir='ltr'><strong>terra,</strong></span> <span class='ocrx_word' id='word_1_104' title='bbox 690 1230 829 1284; x_wconf 88' lang='lat' dir='ltr'><strong>intra</strong></span> <span class='ocrx_word' id='word_1_105' title='bbox 856 1228 1057 1292; x_wconf 84' lang='lat' dir='ltr'><strong>omnia,</strong></span> <span class='ocrx_word' id='word_1_106' title='bbox 1104 1238 1158 1282; x_wconf 93' lang='lat' dir='ltr'><strong>et</strong></span> <span class='ocrx_word' id='word_1_107' title='bbox 1186 1236 1341 1281; x_wconf 77' lang='lat' dir='ltr'><strong>extra</strong></span> <span class='ocrx_word' id='word_1_108' title='bbox 1385 1226 1588 1280; x_wconf 84' lang='lat' dir='ltr'><strong>omnia.</strong></span> <span class='ocrx_word' id='word_1_109' title='bbox 1618 1224 1713 1278; x_wconf 88' lang='lat' dir='ltr'><strong>Est</strong></span> <span class='ocrx_word' id='word_1_110' title='bbox 1747 1230 1802 1277; x_wconf 90' lang='lat' dir='ltr'><strong>et</strong></span> 
     </span>
    </p>
   </div>
   <div class='ocr_carea' id='block_1_14' title="bbox 211 1315 1792 1393">
    <p class='ocr_par' dir='ltr' id='par_1_14' title="bbox 211 1315 1792 1393">
     <span class='ocr_line' id='line_1_14' title="bbox 211 1315 1792 1393; baseline -0.008 -12"><span class='ocrx_word' id='word_1_111' title='bbox 211 1326 266 1382; x_wconf 84' lang='lat' dir='ltr'><strong>in</strong></span> <span class='ocrx_word' id='word_1_112' title='bbox 310 1326 471 1381; x_wconf 90' lang='lat' dir='ltr'><strong>corde</strong></span> <span class='ocrx_word' id='word_1_113' title='bbox 516 1338 638 1377; x_wconf 86' lang='lat' dir='ltr'><strong>meo</strong></span> <span class='ocrx_word' id='word_1_114' title='bbox 669 1336 765 1393; x_wconf 86' lang='lat' dir='ltr'><strong>per</strong></span> <span class='ocrx_word' id='word_1_115' title='bbox 797 1320 977 1384; x_wconf 76' lang='lat' dir='ltr'><strong>ﬁdem,</strong></span> <span class='ocrx_word' id='word_1_116' title='bbox 1015 1319 1068 1373; x_wconf 91' lang='lat' dir='ltr'><strong>in</strong></span> <span class='ocrx_word' id='word_1_117' title='bbox 1099 1334 1193 1375; x_wconf 92' lang='lat' dir='ltr'><strong>ore</strong></span> <span class='ocrx_word' id='word_1_118' title='bbox 1230 1334 1329 1387; x_wconf 87' lang='lat' dir='ltr'><strong>per</strong></span> <span class='ocrx_word' id='word_1_119' title='bbox 1361 1315 1792 1372; x_wconf 80' lang='lat' dir='ltr'><strong>confessionem:</strong></span> 
     </span>
    </p>
   </div>
   <div class='ocr_carea' id='block_1_15' title="bbox 213 1405 1797 1488">
    <p class='ocr_par' dir='ltr' id='par_1_15' title="bbox 213 1405 1797 1488">
     <span class='ocr_line' id='line_1_15' title="bbox 213 1405 1797 1488; baseline -0.009 -15"><span class='ocrx_word' id='word_1_120' title='bbox 213 1432 273 1473; x_wconf 90' lang='lat' dir='ltr'><strong>ac</strong></span> <span class='ocrx_word' id='word_1_121' title='bbox 301 1432 394 1488; x_wconf 91' lang='lat' dir='ltr'><strong>per</strong></span> <span class='ocrx_word' id='word_1_122' title='bbox 422 1416 524 1470; x_wconf 89' lang='lat' dir='ltr'><strong>hoc</strong></span> <span class='ocrx_word' id='word_1_123' title='bbox 571 1415 686 1483; x_wconf 89' lang='lat' dir='ltr'><strong>ipse</strong></span> <span class='ocrx_word' id='word_1_124' title='bbox 731 1413 783 1466; x_wconf 91' lang='lat' dir='ltr'><strong>in</strong></span> <span class='ocrx_word' id='word_1_125' title='bbox 818 1426 903 1465; x_wconf 90' lang='lat' dir='ltr'><strong>me</strong></span> <span class='ocrx_word' id='word_1_126' title='bbox 928 1419 1032 1475; x_wconf 88' lang='lat' dir='ltr'><strong>est,</strong></span> <span class='ocrx_word' id='word_1_127' title='bbox 1059 1418 1118 1464; x_wconf 91' lang='lat' dir='ltr'><strong>ut</strong></span> <span class='ocrx_word' id='word_1_128' title='bbox 1147 1423 1247 1478; x_wconf 80' lang='lat' dir='ltr'><strong>ego</strong></span> <span class='ocrx_word' id='word_1_129' title='bbox 1272 1408 1372 1463; x_wconf 91' lang='lat' dir='ltr'><strong>sim</strong></span> <span class='ocrx_word' id='word_1_130' title='bbox 1408 1409 1459 1461; x_wconf 91' lang='lat' dir='ltr'><strong>in</strong></span> <span class='ocrx_word' id='word_1_131' title='bbox 1493 1408 1628 1477; x_wconf 85' lang='lat' dir='ltr'><strong>ipso,</strong></span> <span class='ocrx_word' id='word_1_132' title='bbox 1657 1405 1797 1460; x_wconf 87' lang='lat' dir='ltr'><strong>sicut</strong></span> 
     </span>
    </p>
   </div>
   <div class='ocr_carea' id='block_1_16' title="bbox 211 1499 1796 1582">
    <p class='ocr_par' dir='ltr' id='par_1_16' title="bbox 211 1499 1796 1582">
     <span class='ocr_line' id='line_1_16' title="bbox 211 1499 1796 1582; baseline -0.008 -17"><span class='ocrx_word' id='word_1_133' title='bbox 211 1511 323 1582; x_wconf 89' lang='lat' dir='ltr'><strong>ipse</strong></span> <span class='ocrx_word' id='word_1_134' title='bbox 352 1508 419 1563; x_wconf 83' lang='lat' dir='ltr'><strong>ad</strong></span> <span class='ocrx_word' id='word_1_135' title='bbox 457 1507 676 1561; x_wconf 87' lang='lat' dir='ltr'><strong>Patrem</strong></span> <span class='ocrx_word' id='word_1_136' title='bbox 708 1505 821 1559; x_wconf 89' lang='lat' dir='ltr'><strong>ait:</strong></span> <span class='ocrx_word' id='word_1_137' title='bbox 864 1501 994 1557; x_wconf 79' lang='lat' dir='ltr'><strong>Volo</strong></span> <span class='ocrx_word' id='word_1_138' title='bbox 1041 1499 1224 1567; x_wconf 87' lang='lat' dir='ltr'><strong>Pater,</strong></span> <span class='ocrx_word' id='word_1_139' title='bbox 1255 1513 1310 1555; x_wconf 86' lang='lat' dir='ltr'><strong>ut</strong></span> <span class='ocrx_word' id='word_1_140' title='bbox 1348 1510 1395 1555; x_wconf 87' lang='lat' dir='ltr'><strong>et</strong></span> <span class='ocrx_word' id='word_1_141' title='bbox 1425 1500 1522 1569; x_wconf 88' lang='lat' dir='ltr'><strong>ipsi</strong></span> <span class='ocrx_word' id='word_1_142' title='bbox 1552 1501 1605 1551; x_wconf 88' lang='lat' dir='ltr'><strong>in</strong></span> <span class='ocrx_word' id='word_1_143' title='bbox 1650 1499 1796 1553; x_wconf 87' lang='lat' dir='ltr'><strong>nobis</strong></span> 
     </span>
    </p>
   </div>
   <div class='ocr_carea' id='block_1_17' title="bbox 209 1589 1798 1671">
    <p class='ocr_par' dir='ltr' id='par_1_17' title="bbox 209 1589 1798 1671">
     <span class='ocr_line' id='line_1_17' title="bbox 209 1589 1798 1671; baseline -0.008 -16"><span class='ocrx_word' id='word_1_144' title='bbox 209 1616 370 1655; x_wconf 82' lang='lat' dir='ltr'><strong>unum</strong></span> <span class='ocrx_word' id='word_1_145' title='bbox 404 1600 508 1655; x_wconf 87' lang='lat' dir='ltr'><strong>sint</strong></span> <span class='ocrx_word' id='word_1_146' title='bbox 548 1597 730 1671; x_wconf 81' lang='lat' dir='ltr'><strong>(Joan.</strong></span> <span class='ocrx_word' id='word_1_147' title='bbox 759 1593 918 1667; x_wconf 79' lang='lat' dir='ltr'><strong>xvn).</strong></span> <span class='ocrx_word' id='word_1_148' title='bbox 944 1590 1063 1648; x_wconf 77' lang='lat' dir='ltr'><strong>lam</strong></span> <span class='ocrx_word' id='word_1_149' title='bbox 1090 1593 1216 1664; x_wconf 86' lang='lat' dir='ltr'><strong>quid</strong></span> <span class='ocrx_word' id='word_1_150' title='bbox 1248 1593 1362 1662; x_wconf 88' lang='lat' dir='ltr'><strong>ipse</strong></span> <span class='ocrx_word' id='word_1_151' title='bbox 1390 1591 1639 1662; x_wconf 87' lang='lat' dir='ltr'><strong>planctus</strong></span> <span class='ocrx_word' id='word_1_152' title='bbox 1666 1589 1798 1643; x_wconf 88' lang='lat' dir='ltr'><strong>insi-</strong></span> 
     </span>
    </p>
   </div>
   <div class='ocr_carea' id='block_1_18' title="bbox 207 1692 660 1750">
    <p class='ocr_par' dir='ltr' id='par_1_18' title="bbox 207 1692 660 1750">
     <span class='ocr_line' id='line_1_18' title="bbox 207 1692 660 1750; baseline -0.018 0"><span class='ocrx_word' id='word_1_153' title='bbox 207 1702 335 1750; x_wconf 89' lang='lat' dir='ltr'><strong>nuet</strong></span> <span class='ocrx_word' id='word_1_154' title='bbox 362 1692 660 1747; x_wconf 78' lang='lat' dir='ltr'><strong>videamus.</strong></span> 
     </span>
    </p>
   </div>
   <div class='ocr_carea' id='block_1_19' title="bbox 277 1867 1793 1945">
    <p class='ocr_par' dir='ltr' id='par_1_19' title="bbox 277 1867 1793 1945">
     <span class='ocr_line' id='line_1_19' title="bbox 277 1867 1793 1945; baseline -0.008 -10"><span class='ocrx_word' id='word_1_155' title='bbox 277 1878 423 1935; x_wconf 74' lang='lat' dir='ltr'><strong>Misit</strong></span> <span class='ocrx_word' id='word_1_156' title='bbox 455 1879 509 1933; x_wconf 88' lang='lat' dir='ltr'><strong>in</strong></span> <span class='ocrx_word' id='word_1_157' title='bbox 541 1877 750 1932; x_wconf 81' lang='lat' dir='ltr'><strong>renibus</strong></span> <span class='ocrx_word' id='word_1_158' title='bbox 776 1876 903 1931; x_wconf 91' lang='lat' dir='ltr'><strong>meis</strong></span> <span class='ocrx_word' id='word_1_159' title='bbox 940 1874 1081 1945; x_wconf 79' lang='lat' dir='ltr'><strong>ﬁlias</strong></span> <span class='ocrx_word' id='word_1_160' title='bbox 1120 1874 1379 1945; x_wconf 67' lang='lat' dir='ltr'><strong>pharetra?</strong></span> <span class='ocrx_word' id='word_1_161' title='bbox 1420 1888 1546 1925; x_wconf 61' lang='lat' dir='ltr'><strong>suae.</strong></span> <span class='ocrx_word' id='word_1_162' title='bbox 1594 1867 1793 1923; x_wconf 78' lang='lat' dir='ltr'><strong>Factus</strong></span> 
     </span>
    </p>
   </div>
   <div class='ocr_carea' id='block_1_20' title="bbox 202 1961 1791 2035">
    <p class='ocr_par' dir='ltr' id='par_1_20' title="bbox 202 1961 1791 2035">
     <span class='ocr_line' id='line_1_20' title="bbox 202 1961 1791 2035; baseline -0.008 -11"><span class='ocrx_word' id='word_1_163' title='bbox 202 1964 316 2025; x_wconf 76' lang='lat' dir='ltr'><strong>sum</strong></span> <span class='ocrx_word' id='word_1_164' title='bbox 361 1969 412 2022; x_wconf 89' lang='lat' dir='ltr'><strong>in</strong></span> <span class='ocrx_word' id='word_1_165' title='bbox 456 1966 687 2021; x_wconf 87' lang='lat' dir='ltr'><strong>derisum</strong></span> <span class='ocrx_word' id='word_1_166' title='bbox 720 1967 860 2019; x_wconf 89' lang='lat' dir='ltr'><strong>omni</strong></span> <span class='ocrx_word' id='word_1_167' title='bbox 903 1963 1094 2035; x_wconf 88' lang='lat' dir='ltr'><strong>populo</strong></span> <span class='ocrx_word' id='word_1_168' title='bbox 1126 1980 1259 2025; x_wconf 89' lang='lat' dir='ltr'><strong>meo,</strong></span> <span class='ocrx_word' id='word_1_169' title='bbox 1308 1961 1568 2015; x_wconf 77' lang='lat' dir='ltr'><strong>canticum</strong></span> <span class='ocrx_word' id='word_1_170' title='bbox 1612 1975 1791 2014; x_wconf 83' lang='lat' dir='ltr'><strong>eorum</strong></span> 
     </span>
    </p>
   </div>
   <div class='ocr_carea' id='block_1_21' title="bbox 204 2052 1795 2130">
    <p class='ocr_par' dir='ltr' id='par_1_21' title="bbox 204 2052 1795 2130">
     <span class='ocr_line' id='line_1_21' title="bbox 204 2052 1795 2130; baseline -0.006 -15"><span class='ocrx_word' id='word_1_171' title='bbox 204 2071 308 2115; x_wconf 84' lang='lat' dir='ltr'><strong>tota</strong></span> <span class='ocrx_word' id='word_1_172' title='bbox 348 2060 451 2114; x_wconf 84' lang='lat' dir='ltr'><strong>die.</strong></span> <span class='ocrx_word' id='word_1_173' title='bbox 500 2058 729 2130; x_wconf 64' lang='lat' dir='ltr'><strong>Iieplet&#39;it</strong></span> <span class='ocrx_word' id='word_1_174' title='bbox 768 2074 849 2111; x_wconf 88' lang='lat' dir='ltr'><strong>me</strong></span> <span class='ocrx_word' id='word_1_175' title='bbox 890 2054 1356 2119; x_wconf 83' lang='lat' dir='ltr'><strong>amaritudinibus,</strong></span> <span class='ocrx_word' id='word_1_176' title='bbox 1405 2052 1675 2107; x_wconf 70' lang='lat' dir='ltr'><strong>inebriavit</strong></span> <span class='ocrx_word' id='word_1_177' title='bbox 1714 2067 1795 2106; x_wconf 84' lang='lat' dir='ltr'><strong>me</strong></span> 
     </span>
    </p>
   </div>
   <div class='ocr_carea' id='block_1_22' title="bbox 207 2140 1795 2221">
    <p class='ocr_par' dir='ltr' id='par_1_22' title="bbox 207 2140 1795 2221">
     <span class='ocr_line' id='line_1_22' title="bbox 207 2140 1795 2221; baseline -0.007 -16"><span class='ocrx_word' id='word_1_178' title='bbox 207 2149 501 2221; x_wconf 81' lang='lat' dir='ltr'><strong>absymhio.</strong></span> <span class='ocrx_word' id='word_1_179' title='bbox 536 2146 688 2216; x_wconf 83' lang='lat' dir='ltr'><strong>Quod</strong></span> <span class='ocrx_word' id='word_1_180' title='bbox 719 2148 851 2203; x_wconf 84' lang='lat' dir='ltr'><strong>satis</strong></span> <span class='ocrx_word' id='word_1_181' title='bbox 895 2145 1232 2201; x_wconf 89' lang='lat' dir='ltr'><strong>Hierusalem</strong></span> <span class='ocrx_word' id='word_1_182' title='bbox 1272 2143 1538 2198; x_wconf 86' lang='lat' dir='ltr'><strong>accidisse</strong></span> <span class='ocrx_word' id='word_1_183' title='bbox 1565 2140 1795 2196; x_wconf 81' lang='lat' dir='ltr'><strong>manife-</strong></span> 
     </span>
    </p>
   </div>
   <div class='ocr_carea' id='block_1_23' title="bbox 206 2234 1794 2311">
    <p class='ocr_par' dir='ltr' id='par_1_23' title="bbox 206 2234 1794 2311">
     <span class='ocr_line' id='line_1_23' title="bbox 206 2234 1794 2311; baseline -0.007 -12"><span class='ocrx_word' id='word_1_184' title='bbox 206 2254 349 2299; x_wconf 91' lang='lat' dir='ltr'><strong>stum</strong></span> <span class='ocrx_word' id='word_1_185' title='bbox 385 2252 484 2309; x_wconf 88' lang='lat' dir='ltr'><strong>est,</strong></span> <span class='ocrx_word' id='word_1_186' title='bbox 522 2257 648 2298; x_wconf 91' lang='lat' dir='ltr'><strong>cum</strong></span> <span class='ocrx_word' id='word_1_187' title='bbox 676 2240 935 2297; x_wconf 88' lang='lat' dir='ltr'><strong>Dominus</strong></span> <span class='ocrx_word' id='word_1_188' title='bbox 960 2241 1109 2311; x_wconf 88' lang='lat' dir='ltr'><strong>justo</strong></span> <span class='ocrx_word' id='word_1_189' title='bbox 1144 2253 1241 2294; x_wconf 91' lang='lat' dir='ltr'><strong>suo</strong></span> <span class='ocrx_word' id='word_1_190' title='bbox 1281 2237 1510 2309; x_wconf 87' lang='lat' dir='ltr'><strong>judicio,</strong></span> <span class='ocrx_word' id='word_1_191' title='bbox 1540 2235 1695 2306; x_wconf 90' lang='lat' dir='ltr'><strong>quasi</strong></span> <span class='ocrx_word' id='word_1_192' title='bbox 1726 2234 1794 2289; x_wconf 89' lang='lat' dir='ltr'><strong>de</strong></span> 
     </span>
    </p>
   </div>
   <div class='ocr_carea' id='block_1_24' title="bbox 208 2324 1795 2404">
    <p class='ocr_par' dir='ltr' id='par_1_24' title="bbox 208 2324 1795 2404">
     <span class='ocr_line' id='line_1_24' title="bbox 208 2324 1795 2404; baseline -0.006 -13"><span class='ocrx_word' id='word_1_193' title='bbox 208 2352 336 2392; x_wconf 87' lang='lat' dir='ltr'><strong>areu</strong></span> <span class='ocrx_word' id='word_1_194' title='bbox 374 2338 458 2391; x_wconf 88' lang='lat' dir='ltr'><strong>diu</strong></span> <span class='ocrx_word' id='word_1_195' title='bbox 485 2344 753 2393; x_wconf 79' lang='lat' dir='ltr'><strong>extenso:</strong></span> <span class='ocrx_word' id='word_1_196' title='bbox 787 2335 913 2404; x_wconf 88' lang='lat' dir='ltr'><strong>quia</strong></span> <span class='ocrx_word' id='word_1_197' title='bbox 959 2324 1266 2404; x_wconf 61' lang='lat' dir='ltr'><strong>praacavere</strong></span> <span class='ocrx_word' id='word_1_198' title='bbox 1296 2330 1469 2385; x_wconf 89' lang='lat' dir='ltr'><strong>noluit</strong></span> <span class='ocrx_word' id='word_1_199' title='bbox 1497 2343 1565 2383; x_wconf 90' lang='lat' dir='ltr'><strong>ne</strong></span> <span class='ocrx_word' id='word_1_200' title='bbox 1604 2328 1795 2383; x_wconf 82' lang='lat' dir='ltr'><strong>ferire-</strong></span> 
     </span>
    </p>
   </div>
   <div class='ocr_carea' id='block_1_25' title="bbox 205 2421 1794 2497">
    <p class='ocr_par' dir='ltr' id='par_1_25' title="bbox 205 2421 1794 2497">
     <span class='ocr_line' id='line_1_25' title="bbox 205 2421 1794 2497; baseline -0.007 -14"><span class='ocrx_word' id='word_1_201' title='bbox 205 2438 308 2492; x_wconf 89' lang='lat' dir='ltr'><strong>tur,</strong></span> <span class='ocrx_word' id='word_1_202' title='bbox 348 2426 685 2497; x_wconf 72' lang='lat' dir='ltr'><strong>fulgurantes</strong></span> <span class='ocrx_word' id='word_1_203' title='bbox 724 2424 907 2481; x_wconf 87' lang='lat' dir='ltr'><strong>emisit</strong></span> <span class='ocrx_word' id='word_1_204' title='bbox 934 2424 1161 2494; x_wconf 82' lang='lat' dir='ltr'><strong>sagittas</strong></span> <span class='ocrx_word' id='word_1_205' title='bbox 1192 2421 1332 2476; x_wconf 89' lang='lat' dir='ltr'><strong>ﬁlias</strong></span> <span class='ocrx_word' id='word_1_206' title='bbox 1369 2421 1640 2490; x_wconf 76' lang='lat' dir='ltr'><strong>pharetra:</strong></span> <span class='ocrx_word' id='word_1_207' title='bbox 1682 2433 1794 2473; x_wconf 65' lang='lat' dir='ltr'><strong>suae</strong></span> 
     </span>
    </p>
   </div>
   <div class='ocr_carea' id='block_1_26' title="bbox 204 2512 1792 2591">
    <p class='ocr_par' dir='ltr' id='par_1_26' title="bbox 204 2512 1792 2591">
     <span class='ocr_line' id='line_1_26' title="bbox 204 2512 1792 2591; baseline -0.008 -13"><span class='ocrx_word' id='word_1_208' title='bbox 204 2525 255 2579; x_wconf 88' lang='lat' dir='ltr'><strong>in</strong></span> <span class='ocrx_word' id='word_1_209' title='bbox 289 2523 507 2578; x_wconf 79' lang='lat' dir='ltr'><strong>renibus</strong></span> <span class='ocrx_word' id='word_1_210' title='bbox 537 2522 673 2591; x_wconf 87' lang='lat' dir='ltr'><strong>ejus,</strong></span> <span class='ocrx_word' id='word_1_211' title='bbox 702 2529 760 2575; x_wconf 89' lang='lat' dir='ltr'><strong>ut</strong></span> <span class='ocrx_word' id='word_1_212' title='bbox 788 2519 859 2575; x_wconf 88' lang='lat' dir='ltr'><strong>ibi</strong></span> <span class='ocrx_word' id='word_1_213' title='bbox 896 2520 1208 2588; x_wconf 82' lang='lat' dir='ltr'><strong>exciperent</strong></span> <span class='ocrx_word' id='word_1_214' title='bbox 1233 2515 1466 2586; x_wconf 88' lang='lat' dir='ltr'><strong>primum</strong></span> <span class='ocrx_word' id='word_1_215' title='bbox 1498 2512 1792 2567; x_wconf 73' lang='lat' dir='ltr'><strong>vindictam</strong></span> 
     </span>
    </p>
   </div>
   <div class='ocr_carea' id='block_1_27' title="bbox 197 2604 1790 2682">
    <p class='ocr_par' dir='ltr' id='par_1_27' title="bbox 197 2604 1790 2682">
     <span class='ocr_line' id='line_1_27' title="bbox 197 2604 1790 2682; baseline -0.004 -17"><span class='ocrx_word' id='word_1_216' title='bbox 197 2608 520 2682; x_wconf 78' lang='lat' dir='ltr'><strong>iudiciorum</strong></span> <span class='ocrx_word' id='word_1_217' title='bbox 574 2611 670 2666; x_wconf 87' lang='lat' dir='ltr'><strong>Dei</strong></span> <span class='ocrx_word' id='word_1_218' title='bbox 720 2624 827 2681; x_wconf 91' lang='lat' dir='ltr'><strong>quo</strong></span> <span class='ocrx_word' id='word_1_219' title='bbox 875 2610 1047 2680; x_wconf 87' lang='lat' dir='ltr'><strong>magis</strong></span> <span class='ocrx_word' id='word_1_220' title='bbox 1092 2614 1472 2678; x_wconf 84' lang='lat' dir='ltr'><strong>peccaverant.</strong></span> <span class='ocrx_word' id='word_1_221' title='bbox 1524 2604 1790 2671; x_wconf 89' lang='lat' dir='ltr'><strong>Quoniam</strong></span> 
     </span>
    </p>
   </div>
   <div class='ocr_carea' id='block_1_28' title="bbox 203 2696 1791 2773">
    <p class='ocr_par' dir='ltr' id='par_1_28' title="bbox 203 2696 1791 2773">
     <span class='ocr_line' id='line_1_28' title="bbox 203 2696 1791 2773; baseline -0.007 -13"><span class='ocrx_word' id='word_1_222' title='bbox 203 2705 336 2760; x_wconf 89' lang='lat' dir='ltr'><strong>sicut</strong></span> <span class='ocrx_word' id='word_1_223' title='bbox 380 2704 526 2758; x_wconf 86' lang='lat' dir='ltr'><strong>idem</strong></span> <span class='ocrx_word' id='word_1_224' title='bbox 558 2711 788 2759; x_wconf 86' lang='lat' dir='ltr'><strong>testatur</strong></span> <span class='ocrx_word' id='word_1_225' title='bbox 833 2702 1132 2773; x_wconf 82' lang='lat' dir='ltr'><strong>propheta:</strong></span> <span class='ocrx_word' id='word_1_226' title='bbox 1169 2698 1533 2769; x_wconf 84' lang='lat' dir='ltr'><strong>Unusquisque</strong></span> <span class='ocrx_word' id='word_1_227' title='bbox 1560 2696 1791 2751; x_wconf 85' lang='lat' dir='ltr'><strong>intrabat</strong></span> 
     </span>
    </p>
   </div>
   <div class='ocr_carea' id='block_1_29' title="bbox 202 2788 1792 2865">
    <p class='ocr_par' dir='ltr' id='par_1_29' title="bbox 202 2788 1792 2865">
     <span class='ocr_line' id='line_1_29' title="bbox 202 2788 1792 2865; baseline -0.006 -16"><span class='ocrx_word' id='word_1_228' title='bbox 202 2796 268 2848; x_wconf 83' lang='lat' dir='ltr'><strong>ad</strong></span> <span class='ocrx_word' id='word_1_229' title='bbox 306 2811 523 2849; x_wconf 73' lang='lat' dir='ltr'><strong>uxorem</strong></span> <span class='ocrx_word' id='word_1_230' title='bbox 568 2794 793 2865; x_wconf 76' lang='lat' dir='ltr'><strong>proximi</strong></span> <span class='ocrx_word' id='word_1_231' title='bbox 845 2793 928 2846; x_wconf 84' lang='lat' dir='ltr'><strong>sui</strong></span> <span class='ocrx_word' id='word_1_232' title='bbox 976 2792 1191 2862; x_wconf 80' lang='lat' dir='ltr'><strong>(Jerem.</strong></span> <span class='ocrx_word' id='word_1_233' title='bbox 1216 2789 1293 2861; x_wconf 87' lang='lat' dir='ltr'><strong>v).</strong></span> <span class='ocrx_word' id='word_1_234' title='bbox 1329 2788 1435 2844; x_wconf 90' lang='lat' dir='ltr'><strong>Per</strong></span> <span class='ocrx_word' id='word_1_235' title='bbox 1478 2788 1792 2858; x_wconf 85' lang='lat' dir='ltr'><strong>pharetram</strong></span> 
     </span>
    </p>
   </div>
   <div class='ocr_carea' id='block_1_30' title="bbox 203 2877 1793 2957">
    <p class='ocr_par' dir='ltr' id='par_1_30' title="bbox 203 2877 1793 2957">
     <span class='ocr_line' id='line_1_30' title="bbox 203 2877 1793 2957; baseline -0.007 -16"><span class='ocrx_word' id='word_1_236' title='bbox 203 2902 453 2956; x_wconf 77' lang='lat' dir='ltr'><strong>namque,</strong></span> <span class='ocrx_word' id='word_1_237' title='bbox 485 2888 712 2957; x_wconf 85' lang='lat' dir='ltr'><strong>abyssus</strong></span> <span class='ocrx_word' id='word_1_238' title='bbox 738 2893 791 2939; x_wconf 91' lang='lat' dir='ltr'><strong>et</strong></span> <span class='ocrx_word' id='word_1_239' title='bbox 832 2882 1170 2955; x_wconf 83' lang='lat' dir='ltr'><strong>profunditas</strong></span> <span class='ocrx_word' id='word_1_240' title='bbox 1196 2879 1526 2950; x_wconf 80' lang='lat' dir='ltr'><strong>iudiciorum</strong></span> <span class='ocrx_word' id='word_1_241' title='bbox 1573 2878 1667 2933; x_wconf 87' lang='lat' dir='ltr'><strong>Dei</strong></span> <span class='ocrx_word' id='word_1_242' title='bbox 1698 2877 1793 2931; x_wconf 89' lang='lat' dir='ltr'><strong>de-</strong></span> 
     </span>
    </p>
   </div>
   <div class='ocr_carea' id='block_1_31' title="bbox 199 2970 1793 3052">
    <p class='ocr_par' dir='ltr' id='par_1_31' title="bbox 199 2970 1793 3052">
     <span class='ocr_line' id='line_1_31' title="bbox 199 2970 1793 3052; baseline -0.007 -17"><span class='ocrx_word' id='word_1_243' title='bbox 199 2983 464 3052; x_wconf 79' lang='lat' dir='ltr'><strong>signatur.</strong></span> <span class='ocrx_word' id='word_1_244' title='bbox 498 2979 573 3034; x_wconf 89' lang='lat' dir='ltr'><strong>De</strong></span> <span class='ocrx_word' id='word_1_245' title='bbox 601 2994 707 3049; x_wconf 89' lang='lat' dir='ltr'><strong>qua</strong></span> <span class='ocrx_word' id='word_1_246' title='bbox 752 2976 1007 3035; x_wconf 90' lang='lat' dir='ltr'><strong>nimirum</strong></span> <span class='ocrx_word' id='word_1_247' title='bbox 1045 2976 1265 3046; x_wconf 87' lang='lat' dir='ltr'><strong>abysso,</strong></span> <span class='ocrx_word' id='word_1_248' title='bbox 1297 2970 1793 3027; x_wconf 78' lang='lat' dir='ltr'><strong>Nabuchodonosor</strong></span> 
     </span>
    </p>
   </div>
   <div class='ocr_carea' id='block_1_32' title="bbox 200 3061 1788 3140">
    <p class='ocr_par' dir='ltr' id='par_1_32' title="bbox 200 3061 1788 3140">
     <span class='ocr_line' id='line_1_32' title="bbox 200 3061 1788 3140; baseline -0.008 -16"><span class='ocrx_word' id='word_1_249' title='bbox 200 3072 283 3125; x_wconf 88' lang='lat' dir='ltr'><strong>vel</strong></span> <span class='ocrx_word' id='word_1_250' title='bbox 309 3071 501 3140; x_wconf 84' lang='lat' dir='ltr'><strong>reliqui</strong></span> <span class='ocrx_word' id='word_1_251' title='bbox 519 3084 705 3124; x_wconf 87' lang='lat' dir='ltr'><strong>omnes</strong></span> <span class='ocrx_word' id='word_1_252' title='bbox 727 3076 915 3122; x_wconf 91' lang='lat' dir='ltr'><strong>contra</strong></span> <span class='ocrx_word' id='word_1_253' title='bbox 932 3064 1419 3137; x_wconf 66' lang='lat' dir='ltr'><strong>praevaricatricem</strong></span> <span class='ocrx_word' id='word_1_254' title='bbox 1433 3061 1788 3125; x_wconf 81' lang='lat' dir='ltr'><strong>Hierusalem,</strong></span> 
     </span>
    </p>
   </div>
   <div class='ocr_carea' id='block_1_33' title="bbox 1905 496 3501 570">
    <p class='ocr_par' dir='ltr' id='par_1_33' title="bbox 1905 496 3501 570">
     <span class='ocr_line' id='line_1_33' title="bbox 1905 496 3501 570; baseline 0.003 -21"><span class='ocrx_word' id='word_1_255' title='bbox 1905 514 2042 567; x_wconf 86' lang='lat' dir='ltr'><strong>quas</strong></span> <span class='ocrx_word' id='word_1_256' title='bbox 2065 513 2119 553; x_wconf 87' lang='lat' dir='ltr'><strong>et</strong></span> <span class='ocrx_word' id='word_1_257' title='bbox 2150 501 2262 570; x_wconf 86' lang='lat' dir='ltr'><strong>ipse</strong></span> <span class='ocrx_word' id='word_1_258' title='bbox 2290 500 2342 553; x_wconf 92' lang='lat' dir='ltr'><strong>in</strong></span> <span class='ocrx_word' id='word_1_259' title='bbox 2376 515 2538 554; x_wconf 87' lang='lat' dir='ltr'><strong>carne</strong></span> <span class='ocrx_word' id='word_1_260' title='bbox 2577 514 2768 568; x_wconf 87' lang='lat' dir='ltr'><strong>passus</strong></span> <span class='ocrx_word' id='word_1_261' title='bbox 2811 499 2960 569; x_wconf 89' lang='lat' dir='ltr'><strong>prior</strong></span> <span class='ocrx_word' id='word_1_262' title='bbox 2987 497 3210 566; x_wconf 88' lang='lat' dir='ltr'><strong>pertulit</strong></span> <span class='ocrx_word' id='word_1_263' title='bbox 3239 497 3360 553; x_wconf 89' lang='lat' dir='ltr'><strong>sine</strong></span> <span class='ocrx_word' id='word_1_264' title='bbox 3388 496 3501 555; x_wconf 84' lang='lat' dir='ltr'><strong>vul-</strong></span> 
     </span>
    </p>
   </div>
   <div class='ocr_carea' id='block_1_34' title="bbox 1905 588 3502 659">
    <p class='ocr_par' dir='ltr' id='par_1_34' title="bbox 1905 588 3502 659">
     <span class='ocr_line' id='line_1_34' title="bbox 1905 588 3502 659; baseline 0.003 -17"><span class='ocrx_word' id='word_1_265' title='bbox 1905 604 2035 643; x_wconf 73' lang='lat' dir='ltr'><strong>nere</strong></span> <span class='ocrx_word' id='word_1_266' title='bbox 2078 590 2305 659; x_wconf 87' lang='lat' dir='ltr'><strong>peccati.</strong></span> <span class='ocrx_word' id='word_1_267' title='bbox 2335 589 2506 644; x_wconf 72' lang='lat' dir='ltr'><strong>Variae</strong></span> <span class='ocrx_word' id='word_1_268' title='bbox 2535 591 2752 659; x_wconf 85' lang='lat' dir='ltr'><strong>quidem</strong></span> <span class='ocrx_word' id='word_1_269' title='bbox 2780 588 3102 643; x_wconf 89' lang='lat' dir='ltr'><strong>emittuntur</strong></span> <span class='ocrx_word' id='word_1_270' title='bbox 3131 588 3199 643; x_wconf 90' lang='lat' dir='ltr'><strong>de</strong></span> <span class='ocrx_word' id='word_1_271' title='bbox 3243 588 3502 657; x_wconf 62' lang='lat' dir='ltr'><strong>pharetra</strong></span> 
     </span>
    </p>
   </div>
   <div class='ocr_carea' id='block_1_35' title="bbox 1904 680 3500 752">
    <p class='ocr_par' dir='ltr' id='par_1_35' title="bbox 1904 680 3500 752">
     <span class='ocr_line' id='line_1_35' title="bbox 1904 680 3500 752; baseline 0.002 -17"><span class='ocrx_word' id='word_1_272' title='bbox 1904 680 2310 751; x_wconf 83' lang='lat' dir='ltr'><strong>Scripturarum</strong></span> <span class='ocrx_word' id='word_1_273' title='bbox 2357 682 2600 752; x_wconf 73' lang='lat' dir='ltr'><strong>sagitue,</strong></span> <span class='ocrx_word' id='word_1_274' title='bbox 2631 696 2767 751; x_wconf 89' lang='lat' dir='ltr'><strong>quas</strong></span> <span class='ocrx_word' id='word_1_275' title='bbox 2809 695 3194 749; x_wconf 83' lang='lat' dir='ltr'><strong>nonnunquam</strong></span> <span class='ocrx_word' id='word_1_276' title='bbox 3246 680 3500 738; x_wconf 74' lang='lat' dir='ltr'><strong>ardentes</strong></span> 
     </span>
    </p>
   </div>
   <div class='ocr_carea' id='block_1_36' title="bbox 1902 769 3495 845">
    <p class='ocr_par' dir='ltr' id='par_1_36' title="bbox 1902 769 3495 845">
     <span class='ocr_line' id='line_1_36' title="bbox 1902 769 3495 845; baseline 0.001 -18"><span class='ocrx_word' id='word_1_277' title='bbox 1902 772 2065 838; x_wconf 80' lang='lat' dir='ltr'><strong>facit,</strong></span> <span class='ocrx_word' id='word_1_278' title='bbox 2111 783 2170 827; x_wconf 91' lang='lat' dir='ltr'><strong>ut</strong></span> <span class='ocrx_word' id='word_1_279' title='bbox 2203 775 2365 828; x_wconf 88' lang='lat' dir='ltr'><strong>corda</strong></span> <span class='ocrx_word' id='word_1_280' title='bbox 2413 773 2641 845; x_wconf 84' lang='lat' dir='ltr'><strong>lrigida,</strong></span> <span class='ocrx_word' id='word_1_281' title='bbox 2686 772 2868 828; x_wconf 88' lang='lat' dir='ltr'><strong>calore</strong></span> <span class='ocrx_word' id='word_1_282' title='bbox 2911 772 3197 827; x_wconf 79' lang='lat' dir='ltr'><strong>cbaritatis</strong></span> <span class='ocrx_word' id='word_1_283' title='bbox 3240 769 3495 829; x_wconf 63' lang='lat' dir='ltr'><strong>concaleo</strong></span> 
     </span>
    </p>
   </div>
   <div class='ocr_carea' id='block_1_37' title="bbox 1903 861 3496 934">
    <p class='ocr_par' dir='ltr' id='par_1_37' title="bbox 1903 861 3496 934">
     <span class='ocr_line' id='line_1_37' title="bbox 1903 861 3496 934; baseline -0.001 -13"><span class='ocrx_word' id='word_1_284' title='bbox 1903 875 2077 931; x_wconf 81' lang='lat' dir='ltr'><strong>scunt,</strong></span> <span class='ocrx_word' id='word_1_285' title='bbox 2111 876 2166 921; x_wconf 92' lang='lat' dir='ltr'><strong>ct</strong></span> <span class='ocrx_word' id='word_1_286' title='bbox 2192 881 2376 921; x_wconf 86' lang='lat' dir='ltr'><strong>amore</strong></span> <span class='ocrx_word' id='word_1_287' title='bbox 2405 866 2705 920; x_wconf 89' lang='lat' dir='ltr'><strong>vulnerent.</strong></span> <span class='ocrx_word' id='word_1_288' title='bbox 2740 865 2817 918; x_wconf 72' lang='lat' dir='ltr'><strong>Ex</strong></span> <span class='ocrx_word' id='word_1_289' title='bbox 2840 878 2950 934; x_wconf 74' lang='lat' dir='ltr'><strong>qua</strong></span> <span class='ocrx_word' id='word_1_290' title='bbox 2977 863 3143 917; x_wconf 88' lang='lat' dir='ltr'><strong>etiam</strong></span> <span class='ocrx_word' id='word_1_291' title='bbox 3171 872 3225 918; x_wconf 90' lang='lat' dir='ltr'><strong>et</strong></span> <span class='ocrx_word' id='word_1_292' title='bbox 3252 861 3496 927; x_wconf 74' lang='lat' dir='ltr'><strong>haeretici</strong></span> 
     </span>
    </p>
   </div>
   <div class='ocr_carea' id='block_1_38' title="bbox 1903 954 3498 1029">
    <p class='ocr_par' dir='ltr' id='par_1_38' title="bbox 1903 954 3498 1029">
     <span class='ocr_line' id='line_1_38' title="bbox 1903 954 3498 1029; baseline -0.001 -17"><span class='ocrx_word' id='word_1_293' title='bbox 1903 960 2126 1028; x_wconf 82' lang='lat' dir='ltr'><strong>sagittas</strong></span> <span class='ocrx_word' id='word_1_294' title='bbox 2165 959 2446 1029; x_wconf 82' lang='lat' dir='ltr'><strong>pravitatis</strong></span> <span class='ocrx_word' id='word_1_295' title='bbox 2485 973 2595 1011; x_wconf 70' lang='lat' dir='ltr'><strong>sum</strong></span> <span class='ocrx_word' id='word_1_296' title='bbox 2639 956 2792 1027; x_wconf 91' lang='lat' dir='ltr'><strong>quasi</strong></span> <span class='ocrx_word' id='word_1_297' title='bbox 2821 955 2888 1009; x_wconf 89' lang='lat' dir='ltr'><strong>de</strong></span> <span class='ocrx_word' id='word_1_298' title='bbox 2914 955 3169 1025; x_wconf 88' lang='lat' dir='ltr'><strong>pharetra</strong></span> <span class='ocrx_word' id='word_1_299' title='bbox 3201 954 3498 1021; x_wconf 74' lang='lat' dir='ltr'><strong>toxicatas,</strong></span> 
     </span>
    </p>
   </div>
   <div class='ocr_carea' id='block_1_39' title="bbox 1904 1048 3498 1121">
    <p class='ocr_par' dir='ltr' id='par_1_39' title="bbox 1904 1048 3498 1121">
     <span class='ocr_line' id='line_1_39' title="bbox 1904 1048 3498 1121; baseline -0.001 -16"><span class='ocrx_word' id='word_1_300' title='bbox 1904 1068 2109 1105; x_wconf 88' lang='lat' dir='ltr'><strong>veneno</strong></span> <span class='ocrx_word' id='word_1_301' title='bbox 2154 1053 2485 1106; x_wconf 75' lang='lat' dir='ltr'><strong>inﬁdelitatis</strong></span> <span class='ocrx_word' id='word_1_302' title='bbox 2515 1052 2842 1121; x_wconf 86' lang='lat' dir='ltr'><strong>producunt,</strong></span> <span class='ocrx_word' id='word_1_303' title='bbox 2870 1059 2928 1103; x_wconf 92' lang='lat' dir='ltr'><strong>et</strong></span> <span class='ocrx_word' id='word_1_304' title='bbox 2968 1049 3134 1103; x_wconf 88' lang='lat' dir='ltr'><strong>corda</strong></span> <span class='ocrx_word' id='word_1_305' title='bbox 3168 1048 3371 1104; x_wconf 73' lang='lat' dir='ltr'><strong>feriunt</strong></span> <span class='ocrx_word' id='word_1_306' title='bbox 3416 1050 3498 1104; x_wconf 84' lang='lat' dir='ltr'><strong>in-</strong></span> 
     </span>
    </p>
   </div>
   <div class='ocr_carea' id='block_1_40' title="bbox 1901 1127 3500 1210">
    <p class='ocr_par' dir='ltr' id='par_1_40' title="bbox 1901 1127 3500 1210">
     <span class='ocr_line' id='line_1_40' title="bbox 1901 1127 3500 1210; baseline -0.003 -15"><span class='ocrx_word' id='word_1_307' title='bbox 1901 1153 2210 1196; x_wconf 89' lang='lat' dir='ltr'><strong>nocentum.</strong></span> <span class='ocrx_word' id='word_1_308' title='bbox 2258 1127 2561 1196; x_wconf 82' lang='lat' dir='ltr'><strong>Sumuntur</strong></span> <span class='ocrx_word' id='word_1_309' title='bbox 2604 1148 2787 1194; x_wconf 89' lang='lat' dir='ltr'><strong>autem</strong></span> <span class='ocrx_word' id='word_1_310' title='bbox 2828 1155 2897 1195; x_wconf 79' lang='lat' dir='ltr'><strong>ex</strong></span> <span class='ocrx_word' id='word_1_311' title='bbox 2938 1140 3051 1210; x_wconf 87' lang='lat' dir='ltr'><strong>ipsa</strong></span> <span class='ocrx_word' id='word_1_312' title='bbox 3109 1136 3409 1208; x_wconf 77' lang='lat' dir='ltr'><strong>Scriptura</strong></span> <span class='ocrx_word' id='word_1_313' title='bbox 3443 1146 3500 1191; x_wconf 90' lang='lat' dir='ltr'><strong>et</strong></span> 
     </span>
    </p>
   </div>
   <div class='ocr_carea' id='block_1_41' title="bbox 1900 1230 3495 1306">
    <p class='ocr_par' dir='ltr' id='par_1_41' title="bbox 1900 1230 3495 1306">
     <span class='ocr_line' id='line_1_41' title="bbox 1900 1230 3495 1306; baseline -0.003 -15"><span class='ocrx_word' id='word_1_314' title='bbox 1900 1236 2108 1306; x_wconf 65' lang='lat' dir='ltr'><strong>sagitta:</strong></span> <span class='ocrx_word' id='word_1_315' title='bbox 2138 1234 2464 1306; x_wconf 85' lang='lat' dir='ltr'><strong>judiciorum</strong></span> <span class='ocrx_word' id='word_1_316' title='bbox 2510 1234 2624 1298; x_wconf 89' lang='lat' dir='ltr'><strong>Dei,</strong></span> <span class='ocrx_word' id='word_1_317' title='bbox 2655 1235 2852 1304; x_wconf 86' lang='lat' dir='ltr'><strong>quibus</strong></span> <span class='ocrx_word' id='word_1_318' title='bbox 2898 1233 3138 1288; x_wconf 77' lang='lat' dir='ltr'><strong>exterior</strong></span> <span class='ocrx_word' id='word_1_319' title='bbox 3182 1233 3343 1287; x_wconf 89' lang='lat' dir='ltr'><strong>homo</strong></span> <span class='ocrx_word' id='word_1_320' title='bbox 3377 1230 3495 1287; x_wconf 81' lang='lat' dir='ltr'><strong>alii-</strong></span> 
     </span>
    </p>
   </div>
   <div class='ocr_carea' id='block_1_42' title="bbox 1899 1325 3495 1396">
    <p class='ocr_par' dir='ltr' id='par_1_42' title="bbox 1899 1325 3495 1396">
     <span class='ocr_line' id='line_1_42' title="bbox 1899 1325 3495 1396; baseline 0 -15"><span class='ocrx_word' id='word_1_321' title='bbox 1899 1328 2059 1383; x_wconf 89' lang='lat' dir='ltr'><strong>citur.</strong></span> <span class='ocrx_word' id='word_1_322' title='bbox 2126 1326 2276 1382; x_wconf 84' lang='lat' dir='ltr'><strong>Unde</strong></span> <span class='ocrx_word' id='word_1_323' title='bbox 2337 1327 2620 1381; x_wconf 87' lang='lat' dir='ltr'><strong>Psalmista</strong></span> <span class='ocrx_word' id='word_1_324' title='bbox 2671 1344 2683 1379; x_wconf 90' lang='lat'><strong>:</strong></span> <span class='ocrx_word' id='word_1_325' title='bbox 2743 1325 2991 1395; x_wconf 70' lang='lat' dir='ltr'><strong>Con/iga,</strong></span> <span class='ocrx_word' id='word_1_326' title='bbox 3039 1326 3253 1396; x_wconf 80' lang='lat' dir='ltr'><strong>,inquit,</strong></span> <span class='ocrx_word' id='word_1_327' title='bbox 3310 1340 3495 1385; x_wconf 67' lang='lat' dir='ltr'><strong>carnes</strong></span> 
     </span>
    </p>
   </div>
   <div class='ocr_carea' id='block_1_43' title="bbox 1900 1415 3495 1487">
    <p class='ocr_par' dir='ltr' id='par_1_43' title="bbox 1900 1415 3495 1487">
     <span class='ocr_line' id='line_1_43' title="bbox 1900 1415 3495 1487; baseline 0.001 -18"><span class='ocrx_word' id='word_1_328' title='bbox 1900 1434 2041 1471; x_wconf 86' lang='lat' dir='ltr'><strong>meas</strong></span> <span class='ocrx_word' id='word_1_329' title='bbox 2070 1436 2102 1471; x_wconf 91' lang='lat' dir='ltr'><strong>a</strong></span> <span class='ocrx_word' id='word_1_330' title='bbox 2145 1420 2329 1471; x_wconf 86' lang='lat' dir='ltr'><strong>timore</strong></span> <span class='ocrx_word' id='word_1_331' title='bbox 2358 1428 2470 1480; x_wconf 87' lang='lat' dir='ltr'><strong>tuo,</strong></span> <span class='ocrx_word' id='word_1_332' title='bbox 2511 1417 2727 1471; x_wconf 86' lang='lat' dir='ltr'><strong>Domine</strong></span> <span class='ocrx_word' id='word_1_333' title='bbox 2759 1417 2931 1487; x_wconf 80' lang='lat' dir='ltr'><strong>(Psal.</strong></span> <span class='ocrx_word' id='word_1_334' title='bbox 2958 1419 3131 1481; x_wconf 68' lang='lat' dir='ltr'><strong>cun).</strong></span> <span class='ocrx_word' id='word_1_335' title='bbox 3165 1415 3300 1471; x_wconf 77' lang='lat' dir='ltr'><strong>Nam</strong></span> <span class='ocrx_word' id='word_1_336' title='bbox 3349 1416 3495 1486; x_wconf 84' lang='lat' dir='ltr'><strong>quod</strong></span> 
     </span>
    </p>
   </div>
   <div class='ocr_carea' id='block_1_44' title="bbox 1899 1508 3491 1580">
    <p class='ocr_par' dir='ltr' id='par_1_44' title="bbox 1899 1508 3491 1580">
     <span class='ocr_line' id='line_1_44' title="bbox 1899 1508 3491 1580; baseline 0.001 -17"><span class='ocrx_word' id='word_1_337' title='bbox 1899 1511 1974 1563; x_wconf 85' lang='lat' dir='ltr'><strong>ait</strong></span> <span class='ocrx_word' id='word_1_338' title='bbox 2002 1527 2014 1562; x_wconf 90' lang='lat'><strong>:</strong></span> <span class='ocrx_word' id='word_1_339' title='bbox 2048 1508 2189 1563; x_wconf 81' lang='lat' dir='ltr'><strong>Misit</strong></span> <span class='ocrx_word' id='word_1_340' title='bbox 2219 1511 2279 1563; x_wconf 83' lang='lat' dir='ltr'><strong>in&#39;</strong></span> <span class='ocrx_word' id='word_1_341' title='bbox 2304 1512 2512 1563; x_wconf 82' lang='lat' dir='ltr'><strong>renibus</strong></span> <span class='ocrx_word' id='word_1_342' title='bbox 2556 1510 2684 1562; x_wconf 85' lang='lat' dir='ltr'><strong>meis</strong></span> <span class='ocrx_word' id='word_1_343' title='bbox 2713 1509 2855 1577; x_wconf 79' lang='lat' dir='ltr'><strong>ﬁlias</strong></span> <span class='ocrx_word' id='word_1_344' title='bbox 2898 1510 3159 1580; x_wconf 77' lang='lat' dir='ltr'><strong>pharetra:</strong></span> <span class='ocrx_word' id='word_1_345' title='bbox 3193 1525 3328 1575; x_wconf 68' lang='lat' dir='ltr'><strong>sum,</strong></span> <span class='ocrx_word' id='word_1_346' title='bbox 3355 1508 3491 1566; x_wconf 75' lang='lat' dir='ltr'><strong>alle-</strong></span> 
     </span>
    </p>
   </div>
   <div class='ocr_carea' id='block_1_45' title="bbox 1898 1598 3492 1670">
    <p class='ocr_par' dir='ltr' id='par_1_45' title="bbox 1898 1598 3492 1670">
     <span class='ocr_line' id='line_1_45' title="bbox 1898 1598 3492 1670; baseline 0.001 -16"><span class='ocrx_word' id='word_1_347' title='bbox 1898 1600 2106 1654; x_wconf 90' lang='lat' dir='ltr'><strong>ctiones</strong></span> <span class='ocrx_word' id='word_1_348' title='bbox 2132 1599 2300 1652; x_wconf 88' lang='lat' dir='ltr'><strong>divini</strong></span> <span class='ocrx_word' id='word_1_349' title='bbox 2329 1599 2530 1653; x_wconf 88' lang='lat' dir='ltr'><strong>amoris</strong></span> <span class='ocrx_word' id='word_1_350' title='bbox 2576 1598 2659 1652; x_wconf 85' lang='lat' dir='ltr'><strong>vel</strong></span> <span class='ocrx_word' id='word_1_351' title='bbox 2695 1599 2903 1654; x_wconf 90' lang='lat' dir='ltr'><strong>timoris</strong></span> <span class='ocrx_word' id='word_1_352' title='bbox 2952 1599 3212 1665; x_wconf 83' lang='lat' dir='ltr'><strong>insinuat,</strong></span> <span class='ocrx_word' id='word_1_353' title='bbox 3241 1613 3307 1654; x_wconf 80' lang='lat' dir='ltr'><strong>ex</strong></span> <span class='ocrx_word' id='word_1_354' title='bbox 3356 1600 3492 1670; x_wconf 77' lang='lat' dir='ltr'><strong>ipsls</strong></span> 
     </span>
    </p>
   </div>
   <div class='ocr_carea' id='block_1_46' title="bbox 1898 1690 3490 1761">
    <p class='ocr_par' dir='ltr' id='par_1_46' title="bbox 1898 1690 3490 1761">
     <span class='ocr_line' id='line_1_46' title="bbox 1898 1690 3490 1761; baseline 0.001 -16"><span class='ocrx_word' id='word_1_355' title='bbox 1898 1691 2304 1761; x_wconf 86' lang='lat' dir='ltr'><strong>Scripturarum</strong></span> <span class='ocrx_word' id='word_1_356' title='bbox 2350 1690 2581 1760; x_wconf 80' lang='lat' dir='ltr'><strong>sagittis,</strong></span> <span class='ocrx_word' id='word_1_357' title='bbox 2611 1690 2762 1757; x_wconf 85' lang='lat' dir='ltr'><strong>quasi</strong></span> <span class='ocrx_word' id='word_1_358' title='bbox 2795 1690 2847 1744; x_wconf 92' lang='lat' dir='ltr'><strong>in</strong></span> <span class='ocrx_word' id='word_1_359' title='bbox 2898 1691 3189 1760; x_wconf 78' lang='lat' dir='ltr'><strong>propagine</strong></span> <span class='ocrx_word' id='word_1_360' title='bbox 3239 1690 3490 1747; x_wconf 79' lang='lat' dir='ltr'><strong>emissos.</strong></span> 
     </span>
    </p>
   </div>
   <div class='ocr_carea' id='block_1_47' title="bbox 1819 1779 3488 1851">
    <p class='ocr_par' dir='ltr' id='par_1_47' title="bbox 1819 1779 3488 1851">
     <span class='ocr_line' id='line_1_47' title="bbox 1819 1779 3488 1851; baseline -0.001 -14"><span class='ocrx_word' id='word_1_361' title='bbox 1819 1788 1867 1849; x_wconf 78' lang='grc' dir='ltr'><strong>Β</strong></span> <span class='ocrx_word' id='word_1_362' title='bbox 1894 1782 2140 1851; x_wconf 83' lang='lat' dir='ltr'><strong>Propago</strong></span> <span class='ocrx_word' id='word_1_363' title='bbox 2173 1782 2370 1851; x_wconf 85' lang='lat' dir='ltr'><strong>quippe</strong></span> <span class='ocrx_word' id='word_1_364' title='bbox 2414 1780 2650 1835; x_wconf 78' lang='lat' dir='ltr'><strong>ﬁdelium</strong></span> <span class='ocrx_word' id='word_1_365' title='bbox 2696 1779 2824 1848; x_wconf 87' lang='lat' dir='ltr'><strong>jure</strong></span> <span class='ocrx_word' id='word_1_366' title='bbox 2878 1796 3036 1839; x_wconf 83' lang='lat' dir='ltr'><strong>renes</strong></span> <span class='ocrx_word' id='word_1_367' title='bbox 3087 1781 3430 1850; x_wconf 81' lang='lat' dir='ltr'><strong>accipiuntur</strong></span> <span class='ocrx_word' id='word_1_368' title='bbox 3471 1798 3488 1836; x_wconf 86' lang='lat'><strong>:</strong></span> 
     </span>
    </p>
   </div>
   <div class='ocr_carea' id='block_1_48' title="bbox 1894 1871 3493 1945">
    <p class='ocr_par' dir='ltr' id='par_1_48' title="bbox 1894 1871 3493 1945">
     <span class='ocr_line' id='line_1_48' title="bbox 1894 1871 3493 1945; baseline -0.001 -16"><span class='ocrx_word' id='word_1_369' title='bbox 1894 1876 2019 1945; x_wconf 85' lang='lat' dir='ltr'><strong>quia</strong></span> <span class='ocrx_word' id='word_1_370' title='bbox 2052 1877 2192 1929; x_wconf 88' lang='lat' dir='ltr'><strong>sicut</strong></span> <span class='ocrx_word' id='word_1_371' title='bbox 2238 1874 2292 1927; x_wconf 92' lang='lat' dir='ltr'><strong>in</strong></span> <span class='ocrx_word' id='word_1_372' title='bbox 2327 1871 2546 1928; x_wconf 83' lang='lat' dir='ltr'><strong>renibus</strong></span> <span class='ocrx_word' id='word_1_373' title='bbox 2572 1886 2813 1943; x_wconf 76' lang='lat' dir='ltr'><strong>propago</strong></span> <span class='ocrx_word' id='word_1_374' title='bbox 2841 1871 3067 1927; x_wconf 83' lang='lat' dir='ltr'><strong>seminis</strong></span> <span class='ocrx_word' id='word_1_375' title='bbox 3103 1886 3226 1929; x_wconf 76' lang='lat' dir='ltr'><strong>esse</strong></span> <span class='ocrx_word' id='word_1_376' title='bbox 3263 1872 3493 1943; x_wconf 58' lang='lat' dir='ltr'><strong>(ﬁcitur,</strong></span> 
     </span>
    </p>
   </div>
   <div class='ocr_carea' id='block_1_49' title="bbox 1894 1961 3493 2032">
    <p class='ocr_par' dir='ltr' id='par_1_49' title="bbox 1894 1961 3493 2032">
     <span class='ocr_line' id='line_1_49' title="bbox 1894 1961 3493 2032; baseline -0.002 -13"><span class='ocrx_word' id='word_1_377' title='bbox 1894 1966 1971 2019; x_wconf 88' lang='lat' dir='ltr'><strong>ita</strong></span> <span class='ocrx_word' id='word_1_378' title='bbox 1999 1966 2053 2019; x_wconf 92' lang='lat' dir='ltr'><strong>in</strong></span> <span class='ocrx_word' id='word_1_379' title='bbox 2085 1965 2189 2019; x_wconf 82' lang='lat' dir='ltr'><strong>ﬁde</strong></span> <span class='ocrx_word' id='word_1_380' title='bbox 2211 1972 2268 2017; x_wconf 94' lang='lat' dir='ltr'><strong>et</strong></span> <span class='ocrx_word' id='word_1_381' title='bbox 2296 1978 2393 2032; x_wconf 87' lang='lat' dir='ltr'><strong>per</strong></span> <span class='ocrx_word' id='word_1_382' title='bbox 2423 1962 2583 2017; x_wconf 86' lang='lat' dir='ltr'><strong>tidem</strong></span> <span class='ocrx_word' id='word_1_383' title='bbox 2616 1962 2670 2015; x_wconf 91' lang='lat' dir='ltr'><strong>in</strong></span> <span class='ocrx_word' id='word_1_384' title='bbox 2701 1962 3066 2026; x_wconf 85' lang='lat' dir='ltr'><strong>credentibus,</strong></span> <span class='ocrx_word' id='word_1_385' title='bbox 3104 1961 3285 2017; x_wconf 83' lang='lat' dir='ltr'><strong>omnia</strong></span> <span class='ocrx_word' id='word_1_386' title='bbox 3318 1961 3493 2016; x_wconf 85' lang='lat' dir='ltr'><strong>virtu-</strong></span> 
     </span>
    </p>
   </div>
   <div class='ocr_carea' id='block_1_50' title="bbox 1895 2050 3488 2125">
    <p class='ocr_par' dir='ltr' id='par_1_50' title="bbox 1895 2050 3488 2125">
     <span class='ocr_line' id='line_1_50' title="bbox 1895 2050 3488 2125; baseline -0.004 -12"><span class='ocrx_word' id='word_1_387' title='bbox 1895 2069 2007 2113; x_wconf 91' lang='lat' dir='ltr'><strong>tum</strong></span> <span class='ocrx_word' id='word_1_388' title='bbox 2038 2058 2247 2112; x_wconf 89' lang='lat' dir='ltr'><strong>semina</strong></span> <span class='ocrx_word' id='word_1_389' title='bbox 2297 2061 2686 2125; x_wconf 87' lang='lat' dir='ltr'><strong>propagantur.</strong></span> <span class='ocrx_word' id='word_1_390' title='bbox 2733 2051 2888 2108; x_wconf 88' lang='lat' dir='ltr'><strong>Unde</strong></span> <span class='ocrx_word' id='word_1_391' title='bbox 2935 2052 3230 2123; x_wconf 75' lang='lat' dir='ltr'><strong>posteritas</strong></span> <span class='ocrx_word' id='word_1_392' title='bbox 3260 2050 3488 2117; x_wconf 85' lang='lat' dir='ltr'><strong>Christi,</strong></span> 
     </span>
    </p>
   </div>
   <div class='ocr_carea' id='block_1_51' title="bbox 1894 2142 3493 2215">
    <p class='ocr_par' dir='ltr' id='par_1_51' title="bbox 1894 2142 3493 2215">
     <span class='ocr_line' id='line_1_51' title="bbox 1894 2142 3493 2215; baseline -0.005 -10"><span class='ocrx_word' id='word_1_393' title='bbox 1894 2166 1957 2205; x_wconf 88' lang='lat' dir='ltr'><strong>ac</strong></span> <span class='ocrx_word' id='word_1_394' title='bbox 1986 2152 2030 2205; x_wconf 89' lang='lat' dir='ltr'><strong>si</strong></span> <span class='ocrx_word' id='word_1_395' title='bbox 2059 2150 2125 2204; x_wconf 91' lang='lat' dir='ltr'><strong>de</strong></span> <span class='ocrx_word' id='word_1_396' title='bbox 2154 2148 2375 2202; x_wconf 82' lang='lat' dir='ltr'><strong>renibus</strong></span> <span class='ocrx_word' id='word_1_397' title='bbox 2405 2145 2524 2215; x_wconf 85' lang='lat' dir='ltr'><strong>ejus</strong></span> <span class='ocrx_word' id='word_1_398' title='bbox 2547 2153 2857 2201; x_wconf 89' lang='lat' dir='ltr'><strong>enascatur.</strong></span> <span class='ocrx_word' id='word_1_399' title='bbox 2902 2143 3077 2199; x_wconf 76' lang='lat' dir='ltr'><strong>Habet</strong></span> <span class='ocrx_word' id='word_1_400' title='bbox 3102 2143 3307 2200; x_wconf 88' lang='lat' dir='ltr'><strong>etenim</strong></span> <span class='ocrx_word' id='word_1_401' title='bbox 3335 2142 3493 2198; x_wconf 61' lang='lat' dir='ltr'><strong>Chriv</strong></span> 
     </span>
    </p>
   </div>
   <div class='ocr_carea' id='block_1_52' title="bbox 1894 2236 3491 2312">
    <p class='ocr_par' dir='ltr' id='par_1_52' title="bbox 1894 2236 3491 2312">
     <span class='ocr_line' id='line_1_52' title="bbox 1894 2236 3491 2312; baseline -0.004 -14"><span class='ocrx_word' id='word_1_402' title='bbox 1894 2252 2011 2298; x_wconf 87' lang='lat' dir='ltr'><strong>stus</strong></span> <span class='ocrx_word' id='word_1_403' title='bbox 2035 2244 2089 2297; x_wconf 89' lang='lat' dir='ltr'><strong>in</strong></span> <span class='ocrx_word' id='word_1_404' title='bbox 2119 2241 2433 2312; x_wconf 76' lang='lat' dir='ltr'><strong>integritate</strong></span> <span class='ocrx_word' id='word_1_405' title='bbox 2455 2239 2638 2294; x_wconf 89' lang='lat' dir='ltr'><strong>omnia</strong></span> <span class='ocrx_word' id='word_1_406' title='bbox 2670 2239 2753 2294; x_wconf 88' lang='lat' dir='ltr'><strong>sui</strong></span> <span class='ocrx_word' id='word_1_407' title='bbox 2781 2239 3024 2309; x_wconf 88' lang='lat' dir='ltr'><strong>corporis</strong></span> <span class='ocrx_word' id='word_1_408' title='bbox 3046 2239 3312 2301; x_wconf 83' lang='lat' dir='ltr'><strong>membra,</strong></span> <span class='ocrx_word' id='word_1_409' title='bbox 3347 2236 3491 2292; x_wconf 89' lang='lat' dir='ltr'><strong>inter</strong></span> 
     </span>
    </p>
   </div>
   <div class='ocr_carea' id='block_1_53' title="bbox 1894 2330 3487 2407">
    <p class='ocr_par' dir='ltr' id='par_1_53' title="bbox 1894 2330 3487 2407">
     <span class='ocr_line' id='line_1_53' title="bbox 1894 2330 3487 2407; baseline -0.004 -16"><span class='ocrx_word' id='word_1_410' title='bbox 1894 2352 2013 2407; x_wconf 76' lang='lat' dir='ltr'><strong>quae</strong></span> <span class='ocrx_word' id='word_1_411' title='bbox 2047 2336 2209 2390; x_wconf 88' lang='lat' dir='ltr'><strong>habet</strong></span> <span class='ocrx_word' id='word_1_412' title='bbox 2234 2344 2292 2390; x_wconf 90' lang='lat' dir='ltr'><strong>et</strong></span> <span class='ocrx_word' id='word_1_413' title='bbox 2330 2349 2509 2397; x_wconf 87' lang='lat' dir='ltr'><strong>renes,</strong></span> <span class='ocrx_word' id='word_1_414' title='bbox 2550 2334 2615 2387; x_wconf 90' lang='lat' dir='ltr'><strong>de</strong></span> <span class='ocrx_word' id='word_1_415' title='bbox 2664 2346 2894 2403; x_wconf 91' lang='lat' dir='ltr'><strong>quorum</strong></span> <span class='ocrx_word' id='word_1_416' title='bbox 2926 2332 3052 2387; x_wconf 89' lang='lat' dir='ltr'><strong>ﬁdei</strong></span> <span class='ocrx_word' id='word_1_417' title='bbox 3101 2330 3309 2386; x_wconf 88' lang='lat' dir='ltr'><strong>semine</strong></span> <span class='ocrx_word' id='word_1_418' title='bbox 3356 2346 3487 2399; x_wconf 89' lang='lat' dir='ltr'><strong>pro-</strong></span> 
     </span>
    </p>
   </div>
   <div class='ocr_carea' id='block_1_54' title="bbox 1896 2425 3487 2502">
    <p class='ocr_par' dir='ltr' id='par_1_54' title="bbox 1896 2425 3487 2502">
     <span class='ocr_line' id='line_1_54' title="bbox 1896 2425 3487 2502; baseline -0.003 -18"><span class='ocrx_word' id='word_1_419' title='bbox 1896 2439 2185 2502; x_wconf 85' lang='lat' dir='ltr'><strong>pagantur,</strong></span> <span class='ocrx_word' id='word_1_420' title='bbox 2224 2438 2278 2483; x_wconf 88' lang='lat' dir='ltr'><strong>et</strong></span> <span class='ocrx_word' id='word_1_421' title='bbox 2316 2428 2420 2483; x_wconf 85' lang='lat' dir='ltr'><strong>alia</strong></span> <span class='ocrx_word' id='word_1_422' title='bbox 2466 2443 2535 2482; x_wconf 79' lang='lat' dir='ltr'><strong>ex</strong></span> <span class='ocrx_word' id='word_1_423' title='bbox 2576 2438 2729 2482; x_wconf 88' lang='lat' dir='ltr'><strong>utero</strong></span> <span class='ocrx_word' id='word_1_424' title='bbox 2775 2434 2943 2482; x_wconf 68' lang='lat' dir='ltr'><strong>casta:</strong></span> <span class='ocrx_word' id='word_1_425' title='bbox 2980 2426 3171 2480; x_wconf 87' lang='lat' dir='ltr'><strong>matris</strong></span> <span class='ocrx_word' id='word_1_426' title='bbox 3210 2425 3487 2480; x_wconf 65' lang='lat' dir='ltr'><strong>Ecclesiae.</strong></span> 
     </span>
    </p>
   </div>
   <div class='ocr_carea' id='block_1_55' title="bbox 1899 2516 3485 2593">
    <p class='ocr_par' dir='ltr' id='par_1_55' title="bbox 1899 2516 3485 2593">
     <span class='ocr_line' id='line_1_55' title="bbox 1899 2516 3485 2593; baseline -0.004 -16"><span class='ocrx_word' id='word_1_427' title='bbox 1899 2519 2114 2593; x_wconf 65' lang='lat'><strong>1429</strong></span> <span class='ocrx_word' id='word_1_428' title='bbox 2129 2519 2192 2573; x_wconf 77' lang='lat' dir='ltr'><strong>Et</strong></span> <span class='ocrx_word' id='word_1_429' title='bbox 2214 2520 2377 2581; x_wconf 85' lang='lat' dir='ltr'><strong>misit,</strong></span> <span class='ocrx_word' id='word_1_430' title='bbox 2400 2518 2590 2587; x_wconf 87' lang='lat' dir='ltr'><strong>inquit,</strong></span> <span class='ocrx_word' id='word_1_431' title='bbox 2612 2517 2750 2571; x_wconf 83' lang='lat' dir='ltr'><strong>ﬁlias</strong></span> <span class='ocrx_word' id='word_1_432' title='bbox 2770 2517 3037 2586; x_wconf 56' lang='lat' dir='ltr'><strong>pharetrae</strong></span> <span class='ocrx_word' id='word_1_433' title='bbox 3056 2531 3169 2571; x_wconf 82' lang='lat' dir='ltr'><strong>suae</strong></span> <span class='ocrx_word' id='word_1_434' title='bbox 3191 2517 3244 2570; x_wconf 90' lang='lat' dir='ltr'><strong>in</strong></span> <span class='ocrx_word' id='word_1_435' title='bbox 3260 2516 3485 2571; x_wconf 76' lang='lat' dir='ltr'><strong>renibus</strong></span> 
     </span>
    </p>
   </div>
   <div class='ocr_carea' id='block_1_56' title="bbox 1896 2608 3486 2681">
    <p class='ocr_par' dir='ltr' id='par_1_56' title="bbox 1896 2608 3486 2681">
     <span class='ocr_line' id='line_1_56' title="bbox 1896 2608 3486 2681; baseline -0.003 -13"><span class='ocrx_word' id='word_1_436' title='bbox 1896 2615 2055 2678; x_wconf 82' lang='lat' dir='ltr'><strong>meis,</strong></span> <span class='ocrx_word' id='word_1_437' title='bbox 2086 2612 2299 2667; x_wconf 85' lang='lat' dir='ltr'><strong>scilicet</strong></span> <span class='ocrx_word' id='word_1_438' title='bbox 2321 2611 2570 2681; x_wconf 78' lang='lat' dir='ltr'><strong>sagittas,</strong></span> <span class='ocrx_word' id='word_1_439' title='bbox 2599 2609 2794 2679; x_wconf 87' lang='lat' dir='ltr'><strong>quibus</strong></span> <span class='ocrx_word' id='word_1_440' title='bbox 2810 2608 3083 2665; x_wconf 67' lang='lat' dir='ltr'><strong>animiead</strong></span> <span class='ocrx_word' id='word_1_441' title='bbox 3102 2621 3346 2663; x_wconf 88' lang='lat' dir='ltr'><strong>amorem</strong></span> <span class='ocrx_word' id='word_1_442' title='bbox 3364 2608 3486 2665; x_wconf 77' lang='lat' dir='ltr'><strong>vul-</strong></span> 
     </span>
    </p>
   </div>
   <div class='ocr_carea' id='block_1_57' title="bbox 1894 2698 3479 2771">
    <p class='ocr_par' dir='ltr' id='par_1_57' title="bbox 1894 2698 3479 2771">
     <span class='ocr_line' id='line_1_57' title="bbox 1894 2698 3479 2771; baseline -0.005 -11"><span class='ocrx_word' id='word_1_443' title='bbox 1894 2714 2171 2767; x_wconf 89' lang='lat' dir='ltr'><strong>nerentur,</strong></span> <span class='ocrx_word' id='word_1_444' title='bbox 2222 2714 2318 2757; x_wconf 83' lang='lat' dir='ltr'><strong>aut</strong></span> <span class='ocrx_word' id='word_1_445' title='bbox 2352 2703 2417 2756; x_wconf 88' lang='lat' dir='ltr'><strong>ad</strong></span> <span class='ocrx_word' id='word_1_446' title='bbox 2443 2702 2692 2757; x_wconf 85' lang='lat' dir='ltr'><strong>timorem</strong></span> <span class='ocrx_word' id='word_1_447' title='bbox 2719 2718 2732 2753; x_wconf 89' lang='lat'><strong>:</strong></span> <span class='ocrx_word' id='word_1_448' title='bbox 2765 2709 3039 2771; x_wconf 86' lang='lat' dir='ltr'><strong>quatenus</strong></span> <span class='ocrx_word' id='word_1_449' title='bbox 3059 2714 3129 2755; x_wconf 77' lang='lat' dir='ltr'><strong>ex</strong></span> <span class='ocrx_word' id='word_1_450' title='bbox 3159 2699 3247 2756; x_wconf 87' lang='lat' dir='ltr'><strong>his</strong></span> <span class='ocrx_word' id='word_1_451' title='bbox 3265 2709 3323 2755; x_wconf 90' lang='lat' dir='ltr'><strong>et</strong></span> <span class='ocrx_word' id='word_1_452' title='bbox 3344 2698 3479 2765; x_wconf 63' lang='lat' dir='ltr'><strong>vitia</strong></span> 
     </span>
    </p>
   </div>
   <div class='ocr_carea' id='block_1_58' title="bbox 1894 2794 3479 2870">
    <p class='ocr_par' dir='ltr' id='par_1_58' title="bbox 1894 2794 3479 2870">
     <span class='ocr_line' id='line_1_58' title="bbox 1894 2794 3479 2870; baseline -0.003 -18"><span class='ocrx_word' id='word_1_453' title='bbox 1894 2800 2253 2870; x_wconf 89' lang='lat' dir='ltr'><strong>perimantur,</strong></span> <span class='ocrx_word' id='word_1_454' title='bbox 2277 2806 2333 2851; x_wconf 92' lang='lat' dir='ltr'><strong>et</strong></span> <span class='ocrx_word' id='word_1_455' title='bbox 2355 2797 2583 2850; x_wconf 81' lang='lat' dir='ltr'><strong>virtutes</strong></span> <span class='ocrx_word' id='word_1_456' title='bbox 2605 2794 2786 2850; x_wconf 84' lang='lat' dir='ltr'><strong>calore</strong></span> <span class='ocrx_word' id='word_1_457' title='bbox 2814 2794 3120 2850; x_wconf 89' lang='lat' dir='ltr'><strong>dilectionis</strong></span> <span class='ocrx_word' id='word_1_458' title='bbox 3151 2795 3479 2850; x_wconf 80' lang='lat' dir='ltr'><strong>adurantur.</strong></span> 
     </span>
    </p>
   </div>
   <div class='ocr_carea' id='block_1_59' title="bbox 1898 2887 3487 2957">
    <p class='ocr_par' dir='ltr' id='par_1_59' title="bbox 1898 2887 3487 2957">
     <span class='ocr_line' id='line_1_59' title="bbox 1898 2887 3487 2957; baseline -0.002 -11"><span class='ocrx_word' id='word_1_459' title='bbox 1898 2891 2051 2947; x_wconf 86' lang='lat' dir='ltr'><strong>Unde</strong></span> <span class='ocrx_word' id='word_1_460' title='bbox 2078 2890 2248 2945; x_wconf 87' lang='lat' dir='ltr'><strong>David</strong></span> <span class='ocrx_word' id='word_1_461' title='bbox 2288 2907 2301 2942; x_wconf 90' lang='lat'>:</span> <span class='ocrx_word' id='word_1_462' title='bbox 2345 2887 2470 2952; x_wconf 70' lang='lat' dir='ltr'><strong>Uro,</strong></span> <span class='ocrx_word' id='word_1_463' title='bbox 2526 2888 2723 2957; x_wconf 89' lang='lat' dir='ltr'><strong>inquit,</strong></span> <span class='ocrx_word' id='word_1_464' title='bbox 2754 2902 2900 2941; x_wconf 83' lang='lat' dir='ltr'><strong>renes</strong></span> <span class='ocrx_word' id='word_1_465' title='bbox 2938 2901 3082 2941; x_wconf 72' lang='lat' dir='ltr'><strong>uicos</strong></span> <span class='ocrx_word' id='word_1_466' title='bbox 3105 2893 3153 2939; x_wconf 85' lang='lat' dir='ltr'><strong>et</strong></span> <span class='ocrx_word' id='word_1_467' title='bbox 3194 2901 3285 2940; x_wconf 89' lang='lat' dir='ltr'><strong>cor</strong></span> <span class='ocrx_word' id='word_1_468' title='bbox 3314 2901 3487 2943; x_wconf 68' lang='lat' dir='ltr'><strong>meum</strong></span> 
     </span>
    </p>
   </div>
   <div class='ocr_carea' id='block_1_60' title="bbox 1896 2978 3484 3058">
    <p class='ocr_par' dir='ltr' id='par_1_60' title="bbox 1896 2978 3484 3058">
     <span class='ocr_line' id='line_1_60' title="bbox 1896 2978 3484 3058; baseline -0.001 -21"><span class='ocrx_word' id='word_1_469' title='bbox 1896 2984 2069 3058; x_wconf 83' lang='lat' dir='ltr'><strong>(Psal.</strong></span> <span class='ocrx_word' id='word_1_470' title='bbox 2112 2981 2263 3054; x_wconf 77' lang='lat' dir='ltr'><strong>xxv).</strong></span> <span class='ocrx_word' id='word_1_471' title='bbox 2307 2980 2463 3036; x_wconf 86' lang='lat' dir='ltr'><strong>Nulla</strong></span> <span class='ocrx_word' id='word_1_472' title='bbox 2516 2982 2684 3050; x_wconf 78' lang='lat' dir='ltr'><strong>igitur</strong></span> <span class='ocrx_word' id='word_1_473' title='bbox 2703 2980 2885 3034; x_wconf 83' lang='lat' dir='ltr'><strong>anima</strong></span> <span class='ocrx_word' id='word_1_474' title='bbox 2903 2994 3025 3048; x_wconf 70' lang='lat' dir='ltr'><strong>qum</strong></span> <span class='ocrx_word' id='word_1_475' title='bbox 3055 2993 3163 3034; x_wconf 84' lang='lat' dir='ltr'><strong>non</strong></span> <span class='ocrx_word' id='word_1_476' title='bbox 3191 2992 3256 3033; x_wconf 76' lang='lat' dir='ltr'><strong>ex</strong></span> <span class='ocrx_word' id='word_1_477' title='bbox 3274 2978 3484 3048; x_wconf 81' lang='lat' dir='ltr'><strong>judicio</strong></span> 
     </span>
    </p>
   </div>
   <div class='ocr_carea' id='block_1_61' title="bbox 1897 3071 3487 3150">
    <p class='ocr_par' dir='ltr' id='par_1_61' title="bbox 1897 3071 3487 3150">
     <span class='ocr_line' id='line_1_61' title="bbox 1897 3071 3487 3150; baseline -0.004 -18"><span class='ocrx_word' id='word_1_478' title='bbox 1897 3078 1990 3132; x_wconf 86' lang='lat' dir='ltr'><strong>Dei</strong></span> <span class='ocrx_word' id='word_1_479' title='bbox 2021 3078 2175 3150; x_wconf 88' lang='lat' dir='ltr'><strong>quasi</strong></span> <span class='ocrx_word' id='word_1_480' title='bbox 2204 3092 2271 3131; x_wconf 79' lang='lat' dir='ltr'><strong>ex</strong></span> <span class='ocrx_word' id='word_1_481' title='bbox 2299 3090 2428 3130; x_wconf 90' lang='lat' dir='ltr'><strong>arcu</strong></span> <span class='ocrx_word' id='word_1_482' title='bbox 2464 3083 2746 3145; x_wconf 89' lang='lat' dir='ltr'><strong>protenso,</strong></span> <span class='ocrx_word' id='word_1_483' title='bbox 2778 3073 2863 3128; x_wconf 89' lang='lat' dir='ltr'><strong>bis</strong></span> <span class='ocrx_word' id='word_1_484' title='bbox 2896 3072 2992 3127; x_wconf 85' lang='lat' dir='ltr'><strong>Dei</strong></span> <span class='ocrx_word' id='word_1_485' title='bbox 3019 3080 3112 3126; x_wconf 91' lang='lat' dir='ltr'><strong>aut</strong></span> <span class='ocrx_word' id='word_1_486' title='bbox 3139 3072 3208 3126; x_wconf 84' lang='lat' dir='ltr'><strong>ad</strong></span> <span class='ocrx_word' id='word_1_487' title='bbox 3230 3071 3361 3126; x_wconf 81' lang='lat' dir='ltr'><strong>vitia</strong></span> <span class='ocrx_word' id='word_1_488' title='bbox 3391 3079 3487 3126; x_wconf 84' lang='lat' dir='ltr'><strong>aut</strong></span> 
     </span>
    </p>
   </div>
   <div class='ocr_carea' id='block_1_62' title="bbox 199 3154 3487 3240">
    <p class='ocr_par' dir='ltr' id='par_1_62' title="bbox 199 3154 3487 3240">
     <span class='ocr_line' id='line_1_62' title="bbox 199 3154 3487 3240; baseline 0.001 -22"><span class='ocrx_word' id='word_1_489' title='bbox 199 3180 260 3218; x_wconf 86' lang='lat' dir='ltr'><strong>ac</strong></span> <span class='ocrx_word' id='word_1_490' title='bbox 288 3163 330 3217; x_wconf 88' lang='lat' dir='ltr'><strong>si</strong></span> <span class='ocrx_word' id='word_1_491' title='bbox 354 3162 564 3233; x_wconf 76' lang='lat' dir='ltr'><strong>sagitta:</strong></span> <span class='ocrx_word' id='word_1_492' title='bbox 586 3162 653 3214; x_wconf 86' lang='lat' dir='ltr'><strong>ab</strong></span> <span class='ocrx_word' id='word_1_493' title='bbox 676 3174 802 3215; x_wconf 90' lang='lat' dir='ltr'><strong>arcu</strong></span> <span class='ocrx_word' id='word_1_494' title='bbox 825 3158 1014 3213; x_wconf 90' lang='lat' dir='ltr'><strong>directi</strong></span> <span class='ocrx_word' id='word_1_495' title='bbox 1045 3154 1626 3221; x_wconf 89' lang='lat' dir='ltr'><strong>sunt,utvulnerarcnt</strong></span> <span class='ocrx_word' id='word_1_496' title='bbox 1648 3167 1789 3218; x_wconf 88' lang='lat' dir='ltr'><strong>eam,</strong></span> <span class='ocrx_word' id='word_1_497' title='bbox 1820 3164 1865 3229; x_wconf 70' lang='grc' dir='ltr'>ρ</span> <span class='ocrx_word' id='word_1_498' title='bbox 1898 3174 1965 3228; x_wconf 65' lang='lat' dir='ltr'><strong>ad</strong></span> <span class='ocrx_word' id='word_1_499' title='bbox 2008 3173 2238 3227; x_wconf 63' lang='lat' dir='ltr'><strong>vmmeg</strong></span> <span class='ocrx_word' id='word_1_500' title='bbox 2264 3170 2577 3225; x_wconf 62' lang='lat' dir='ltr'><strong>vulneretur</strong></span> <span class='ocrx_word' id='word_1_501' title='bbox 2616 3168 2847 3240; x_wconf 67' lang='lat' dir='ltr'><strong>sagittis.</strong></span> <span class='ocrx_word' id='word_1_502' title='bbox 2896 3167 2970 3223; x_wconf 87' lang='lat' dir='ltr'><strong>De</strong></span> <span class='ocrx_word' id='word_1_503' title='bbox 3016 3168 3215 3237; x_wconf 77' lang='lat' dir='ltr'><strong>quibus</strong></span> <span class='ocrx_word' id='word_1_504' title='bbox 3241 3165 3487 3237; x_wconf 78' lang='lat' dir='ltr'><strong>proiecto</strong></span> 
     </span>
    </p>
   </div>
   <div class='ocr_carea' id='block_1_63' title="bbox 195 3241 1788 3322">
    <p class='ocr_par' dir='ltr' id='par_1_63' title="bbox 195 3241 1788 3322">
     <span class='ocr_line' id='line_1_63' title="bbox 195 3241 1788 3322; baseline -0.008 -14"><span class='ocrx_word' id='word_1_505' title='bbox 195 3253 495 3322; x_wconf 76' lang='lat' dir='ltr'><strong>expositam</strong></span> <span class='ocrx_word' id='word_1_506' title='bbox 522 3267 551 3303; x_wconf 90' lang='lat' dir='ltr'><strong>a</strong></span> <span class='ocrx_word' id='word_1_507' title='bbox 576 3250 803 3305; x_wconf 86' lang='lat' dir='ltr'><strong>Domino</strong></span> <span class='ocrx_word' id='word_1_508' title='bbox 829 3249 981 3318; x_wconf 88' lang='lat' dir='ltr'><strong>quasi</strong></span> <span class='ocrx_word' id='word_1_509' title='bbox 1006 3248 1218 3318; x_wconf 86' lang='lat' dir='ltr'><strong>signum</strong></span> <span class='ocrx_word' id='word_1_510' title='bbox 1241 3246 1307 3300; x_wconf 89' lang='lat' dir='ltr'><strong>ad</strong></span> <span class='ocrx_word' id='word_1_511' title='bbox 1339 3244 1614 3315; x_wconf 74' lang='lat' dir='ltr'><strong>sagittam.</strong></span> <span class='ocrx_word' id='word_1_512' title='bbox 1640 3241 1788 3309; x_wconf 87' lang='lat' dir='ltr'><strong>Quos</strong></span> 
     </span>
    </p>
   </div>
   <div class='ocr_carea' id='block_1_64' title="bbox 194 3335 1788 3411">
    <p class='ocr_par' dir='ltr' id='par_1_64' title="bbox 194 3335 1788 3411">
     <span class='ocr_line' id='line_1_64' title="bbox 194 3335 1788 3411; baseline -0.005 -14"><span class='ocrx_word' id='word_1_513' title='bbox 194 3360 316 3397; x_wconf 88' lang='lat' dir='ltr'><strong>cum</strong></span> <span class='ocrx_word' id='word_1_514' title='bbox 358 3341 620 3411; x_wconf 88' lang='lat' dir='ltr'><strong>propheta</strong></span> <span class='ocrx_word' id='word_1_515' title='bbox 652 3340 956 3408; x_wconf 87' lang='lat' dir='ltr'><strong>increparet</strong></span> <span class='ocrx_word' id='word_1_516' title='bbox 980 3338 1174 3392; x_wconf 85' lang='lat' dir='ltr'><strong>saltem</strong></span> <span class='ocrx_word' id='word_1_517' title='bbox 1198 3345 1257 3391; x_wconf 91' lang='lat' dir='ltr'><strong>ut</strong></span> <span class='ocrx_word' id='word_1_518' title='bbox 1278 3336 1392 3404; x_wconf 88' lang='lat' dir='ltr'><strong>jam</strong></span> <span class='ocrx_word' id='word_1_519' title='bbox 1420 3335 1628 3391; x_wconf 86' lang='lat' dir='ltr'><strong>obsessi</strong></span> <span class='ocrx_word' id='word_1_520' title='bbox 1658 3349 1788 3390; x_wconf 90' lang='lat' dir='ltr'><strong>con-</strong></span> 
     </span>
    </p>
   </div>
   <div class='ocr_carea' id='block_1_65' title="bbox 192 3426 1785 3499">
    <p class='ocr_par' dir='ltr' id='par_1_65' title="bbox 192 3426 1785 3499">
     <span class='ocr_line' id='line_1_65' title="bbox 192 3426 1785 3499; baseline -0.005 -11"><span class='ocrx_word' id='word_1_521' title='bbox 192 3444 564 3499; x_wconf 84' lang='lat' dir='ltr'><strong>verterentur,</strong></span> <span class='ocrx_word' id='word_1_522' title='bbox 593 3431 667 3487; x_wconf 90' lang='lat' dir='ltr'><strong>illi</strong></span> <span class='ocrx_word' id='word_1_523' title='bbox 695 3446 825 3486; x_wconf 88' lang='lat' dir='ltr'><strong>vero</strong></span> <span class='ocrx_word' id='word_1_524' title='bbox 866 3431 1050 3485; x_wconf 89' lang='lat' dir='ltr'><strong>omnia</strong></span> <span class='ocrx_word' id='word_1_525' title='bbox 1080 3430 1244 3484; x_wconf 89' lang='lat' dir='ltr'><strong>verba</strong></span> <span class='ocrx_word' id='word_1_526' title='bbox 1270 3430 1389 3498; x_wconf 85' lang='lat' dir='ltr'><strong>ejus</strong></span> <span class='ocrx_word' id='word_1_527' title='bbox 1413 3436 1690 3482; x_wconf 89' lang='lat' dir='ltr'><strong>verterunt</strong></span> <span class='ocrx_word' id='word_1_528' title='bbox 1731 3426 1785 3480; x_wconf 91' lang='lat' dir='ltr'><strong>in</strong></span> 
     </span>
    </p>
   </div>
   <div class='ocr_carea' id='block_1_66' title="bbox 193 3519 1787 3593">
    <p class='ocr_par' dir='ltr' id='par_1_66' title="bbox 193 3519 1787 3593">
     <span class='ocr_line' id='line_1_66' title="bbox 193 3519 1787 3593; baseline -0.004 -13"><span class='ocrx_word' id='word_1_529' title='bbox 193 3526 453 3580; x_wconf 88' lang='lat' dir='ltr'><strong>derisum.</strong></span> <span class='ocrx_word' id='word_1_530' title='bbox 486 3522 639 3579; x_wconf 84' lang='lat' dir='ltr'><strong>Unde</strong></span> <span class='ocrx_word' id='word_1_531' title='bbox 680 3536 901 3593; x_wconf 81' lang='lat' dir='ltr'><strong>gemens</strong></span> <span class='ocrx_word' id='word_1_532' title='bbox 935 3522 1014 3576; x_wconf 84' lang='lat' dir='ltr'><strong>ait</strong></span> <span class='ocrx_word' id='word_1_533' title='bbox 1050 3539 1062 3574; x_wconf 86' lang='lat'><strong>:</strong></span> <span class='ocrx_word' id='word_1_534' title='bbox 1095 3519 1294 3574; x_wconf 82' lang='lat' dir='ltr'><strong>Factus</strong></span> <span class='ocrx_word' id='word_1_535' title='bbox 1331 3519 1547 3592; x_wconf 66' lang='grc'><strong>1428</strong></span> <span class='ocrx_word' id='word_1_536' title='bbox 1586 3535 1701 3573; x_wconf 89' lang='lat' dir='ltr'><strong>sum</strong></span> <span class='ocrx_word' id='word_1_537' title='bbox 1731 3519 1787 3573; x_wconf 86' lang='lat' dir='ltr'><strong>in</strong></span> 
     </span>
    </p>
   </div>
   <div class='ocr_carea' id='block_1_67' title="bbox 189 3612 1782 3686">
    <p class='ocr_par' dir='ltr' id='par_1_67' title="bbox 189 3612 1782 3686">
     <span class='ocr_line' id='line_1_67' title="bbox 189 3612 1782 3686; baseline -0.006 -15"><span class='ocrx_word' id='word_1_538' title='bbox 189 3618 426 3672; x_wconf 80' lang='lat' dir='ltr'><strong>derisum</strong></span> <span class='ocrx_word' id='word_1_539' title='bbox 466 3618 606 3671; x_wconf 85' lang='lat' dir='ltr'><strong>omni</strong></span> <span class='ocrx_word' id='word_1_540' title='bbox 642 3616 831 3686; x_wconf 86' lang='lat' dir='ltr'><strong>populo</strong></span> <span class='ocrx_word' id='word_1_541' title='bbox 860 3630 974 3669; x_wconf 85' lang='lat' dir='ltr'><strong>meo</strong></span> <span class='ocrx_word' id='word_1_542' title='bbox 1004 3616 1267 3667; x_wconf 87' lang='lat' dir='ltr'><strong>canticum</strong></span> <span class='ocrx_word' id='word_1_543' title='bbox 1313 3628 1493 3666; x_wconf 87' lang='lat' dir='ltr'><strong>eorum</strong></span> <span class='ocrx_word' id='word_1_544' title='bbox 1524 3620 1633 3664; x_wconf 83' lang='lat' dir='ltr'><strong>tota</strong></span> <span class='ocrx_word' id='word_1_545' title='bbox 1677 3612 1782 3666; x_wconf 79' lang='lat' dir='ltr'><strong>die.</strong></span> 
     </span>
    </p>
   </div>
   <div class='ocr_carea' id='block_1_68' title="bbox 190 3701 1786 3775">
    <p class='ocr_par' dir='ltr' id='par_1_68' title="bbox 190 3701 1786 3775">
     <span class='ocr_line' id='line_1_68' title="bbox 190 3701 1786 3775; baseline -0.004 -13"><span class='ocrx_word' id='word_1_546' title='bbox 190 3707 346 3775; x_wconf 86' lang='lat' dir='ltr'><strong>Quod</strong></span> <span class='ocrx_word' id='word_1_547' title='bbox 381 3706 661 3762; x_wconf 85' lang='lat' dir='ltr'><strong>evidenter</strong></span> <span class='ocrx_word' id='word_1_548' title='bbox 688 3708 754 3761; x_wconf 93' lang='lat' dir='ltr'><strong>de</strong></span> <span class='ocrx_word' id='word_1_549' title='bbox 783 3706 960 3775; x_wconf 85' lang='lat' dir='ltr'><strong>seipse</strong></span> <span class='ocrx_word' id='word_1_550' title='bbox 990 3716 1137 3760; x_wconf 87' lang='lat' dir='ltr'><strong>retro</strong></span> <span class='ocrx_word' id='word_1_551' title='bbox 1165 3705 1367 3758; x_wconf 68' lang='lat' dir='ltr'><strong>Factum</strong></span> <span class='ocrx_word' id='word_1_552' title='bbox 1400 3701 1657 3756; x_wconf 91' lang='lat' dir='ltr'><strong>insinuat.</strong></span> <span class='ocrx_word' id='word_1_553' title='bbox 1686 3701 1786 3756; x_wconf 84' lang='lat' dir='ltr'><strong>Re-</strong></span> 
     </span>
    </p>
   </div>
   <div class='ocr_carea' id='block_1_69' title="bbox 189 3792 1779 3871">
    <p class='ocr_par' dir='ltr' id='par_1_69' title="bbox 189 3792 1779 3871">
     <span class='ocr_line' id='line_1_69' title="bbox 189 3792 1779 3871; baseline -0.004 -18"><span class='ocrx_word' id='word_1_554' title='bbox 189 3799 370 3871; x_wconf 47' lang='lat' dir='ltr'><strong>plqrit,</strong></span> <span class='ocrx_word' id='word_1_555' title='bbox 415 3799 611 3868; x_wconf 88' lang='lat' dir='ltr'><strong>inquit,</strong></span> <span class='ocrx_word' id='word_1_556' title='bbox 638 3814 721 3852; x_wconf 86' lang='lat' dir='ltr'><strong>me</strong></span> <span class='ocrx_word' id='word_1_557' title='bbox 750 3794 1209 3851; x_wconf 75' lang='lat' dir='ltr'><strong>amaritudinibus.</strong></span> <span class='ocrx_word' id='word_1_558' title='bbox 1243 3793 1397 3849; x_wconf 86' lang='lat' dir='ltr'><strong>Dolet</strong></span> <span class='ocrx_word' id='word_1_559' title='bbox 1436 3792 1779 3863; x_wconf 87' lang='lat' dir='ltr'><strong>completum,</strong></span> 
     </span>
    </p>
   </div>
   <div class='ocr_carea' id='block_1_70' title="bbox 188 3889 1783 3968">
    <p class='ocr_par' dir='ltr' id='par_1_70' title="bbox 188 3889 1783 3968">
     <span class='ocr_line' id='line_1_70' title="bbox 188 3889 1783 3968; baseline -0.005 -19"><span class='ocrx_word' id='word_1_560' title='bbox 188 3898 338 3968; x_wconf 85' lang='lat' dir='ltr'><strong>quod</strong></span> <span class='ocrx_word' id='word_1_561' title='bbox 386 3895 646 3950; x_wconf 90' lang='lat' dir='ltr'><strong>Dominus</strong></span> <span class='ocrx_word' id='word_1_562' title='bbox 694 3893 1030 3949; x_wconf 79' lang='lat' dir='ltr'><strong>exercituum</strong></span> <span class='ocrx_word' id='word_1_563' title='bbox 1062 3890 1204 3945; x_wconf 91' lang='lat' dir='ltr'><strong>Deus</strong></span> <span class='ocrx_word' id='word_1_564' title='bbox 1236 3889 1401 3945; x_wconf 86' lang='lat' dir='ltr'><strong>Israel</strong></span> <span class='ocrx_word' id='word_1_565' title='bbox 1442 3902 1603 3958; x_wconf 88' lang='lat' dir='ltr'><strong>supra</strong></span> <span class='ocrx_word' id='word_1_566' title='bbox 1631 3901 1783 3942; x_wconf 90' lang='lat' dir='ltr'><strong>com-</strong></span> 
     </span>
    </p>
   </div>
   <div class='ocr_carea' id='block_1_71' title="bbox 190 3982 1781 4058">
    <p class='ocr_par' dir='ltr' id='par_1_71' title="bbox 190 3982 1781 4058">
     <span class='ocr_line' id='line_1_71' title="bbox 190 3982 1781 4058; baseline -0.006 -14"><span class='ocrx_word' id='word_1_567' title='bbox 190 3990 499 4045; x_wconf 81' lang='lat' dir='ltr'><strong>ininaverat</strong></span> <span class='ocrx_word' id='word_1_568' title='bbox 536 4007 548 4042; x_wconf 91' lang='lat'><strong>:</strong></span> <span class='ocrx_word' id='word_1_569' title='bbox 592 3988 726 4043; x_wconf 83' lang='lat' dir='ltr'><strong>Ecce</strong></span> <span class='ocrx_word' id='word_1_570' title='bbox 751 4004 864 4058; x_wconf 87' lang='lat' dir='ltr'><strong>ego,</strong></span> <span class='ocrx_word' id='word_1_571' title='bbox 896 3986 1089 4057; x_wconf 88' lang='lat' dir='ltr'><strong>inquit,</strong></span> <span class='ocrx_word' id='word_1_572' title='bbox 1129 3984 1309 4038; x_wconf 87' lang='lat' dir='ltr'><strong>cibabo</strong></span> <span class='ocrx_word' id='word_1_573' title='bbox 1347 3982 1596 4055; x_wconf 85' lang='lat' dir='ltr'><strong>populum</strong></span> <span class='ocrx_word' id='word_1_574' title='bbox 1624 3982 1781 4036; x_wconf 82' lang='lat' dir='ltr'><strong>istum</strong></span> 
     </span>
    </p>
   </div>
   <div class='ocr_carea' id='block_1_72' title="bbox 189 4074 1777 4150">
    <p class='ocr_par' dir='ltr' id='par_1_72' title="bbox 189 4074 1777 4150">
     <span class='ocr_line' id='line_1_72' title="bbox 189 4074 1777 4150; baseline -0.003 -17"><span class='ocrx_word' id='word_1_575' title='bbox 189 4080 492 4150; x_wconf 83' lang='lat' dir='ltr'><strong>absyuthio,</strong></span> <span class='ocrx_word' id='word_1_576' title='bbox 516 4089 563 4134; x_wconf 86' lang='lat' dir='ltr'><strong>et</strong></span> <span class='ocrx_word' id='word_1_577' title='bbox 592 4078 726 4132; x_wconf 83' lang='lat' dir='ltr'><strong>dabo</strong></span> <span class='ocrx_word' id='word_1_578' title='bbox 752 4089 929 4149; x_wconf 79' lang='lat' dir='ltr'><strong>potum</strong></span> <span class='ocrx_word' id='word_1_579' title='bbox 952 4078 1023 4131; x_wconf 88' lang='lat' dir='ltr'><strong>eis</strong></span> <span class='ocrx_word' id='word_1_580' title='bbox 1052 4091 1242 4146; x_wconf 86' lang='lat' dir='ltr'><strong>aquam</strong></span> <span class='ocrx_word' id='word_1_581' title='bbox 1271 4075 1409 4145; x_wconf 78' lang='lat' dir='ltr'><strong>fellis</strong></span> <span class='ocrx_word' id='word_1_582' title='bbox 1435 4074 1652 4146; x_wconf 84' lang='lat' dir='ltr'><strong>(Jerem.</strong></span> <span class='ocrx_word' id='word_1_583' title='bbox 1679 4079 1777 4146; x_wconf 78' lang='lat' dir='ltr'><strong>lx).</strong></span> 
     </span>
    </p>
   </div>
   <div class='ocr_carea' id='block_1_73' title="bbox 185 4167 1784 4241">
    <p class='ocr_par' dir='ltr' id='par_1_73' title="bbox 185 4167 1784 4241">
     <span class='ocr_line' id='line_1_73' title="bbox 185 4167 1784 4241; baseline -0.004 -14"><span class='ocrx_word' id='word_1_584' title='bbox 185 4172 403 4241; x_wconf 84' lang='lat' dir='ltr'><strong>Quibus</strong></span> <span class='ocrx_word' id='word_1_585' title='bbox 424 4170 757 4227; x_wconf 84' lang='lat' dir='ltr'><strong>Hierusalem</strong></span> <span class='ocrx_word' id='word_1_586' title='bbox 786 4170 897 4238; x_wconf 88' lang='lat' dir='ltr'><strong>jam</strong></span> <span class='ocrx_word' id='word_1_587' title='bbox 924 4169 1180 4240; x_wconf 89' lang='lat' dir='ltr'><strong>repletam</strong></span> <span class='ocrx_word' id='word_1_588' title='bbox 1212 4177 1266 4222; x_wconf 87' lang='lat' dir='ltr'><strong>et</strong></span> <span class='ocrx_word' id='word_1_589' title='bbox 1296 4167 1617 4221; x_wconf 89' lang='lat' dir='ltr'><strong>inebriatam</strong></span> <span class='ocrx_word' id='word_1_590' title='bbox 1657 4183 1784 4238; x_wconf 90' lang='lat' dir='ltr'><strong>pro-</strong></span> 
     </span>
    </p>
   </div>
   <div class='ocr_carea' id='block_1_74' title="bbox 184 4258 1777 4335">
    <p class='ocr_par' dir='ltr' id='par_1_74' title="bbox 184 4258 1777 4335">
     <span class='ocr_line' id='line_1_74' title="bbox 184 4258 1777 4335; baseline -0.005 -17"><span class='ocrx_word' id='word_1_591' title='bbox 184 4263 354 4335; x_wconf 77' lang='lat' dir='ltr'><strong>pheta</strong></span> <span class='ocrx_word' id='word_1_592' title='bbox 404 4261 588 4329; x_wconf 86' lang='lat' dir='ltr'><strong>luget:</strong></span> <span class='ocrx_word' id='word_1_593' title='bbox 620 4261 876 4330; x_wconf 86' lang='lat' dir='ltr'><strong>quoniam</strong></span> <span class='ocrx_word' id='word_1_594' title='bbox 922 4259 1123 4329; x_wconf 87' lang='lat' dir='ltr'><strong>repleta</strong></span> <span class='ocrx_word' id='word_1_595' title='bbox 1164 4258 1268 4312; x_wconf 77' lang='lat' dir='ltr'><strong>fuit</strong></span> <span class='ocrx_word' id='word_1_596' title='bbox 1305 4258 1564 4328; x_wconf 87' lang='lat' dir='ltr'><strong>angustiis</strong></span> <span class='ocrx_word' id='word_1_597' title='bbox 1592 4267 1648 4311; x_wconf 88' lang='lat' dir='ltr'><strong>et</strong></span> <span class='ocrx_word' id='word_1_598' title='bbox 1678 4258 1777 4311; x_wconf 89' lang='lat' dir='ltr'><strong>tri-</strong></span> 
     </span>
    </p>
   </div>
   <div class='ocr_carea' id='block_1_75' title="bbox 185 4350 1780 4417">
    <p class='ocr_par' dir='ltr' id='par_1_75' title="bbox 185 4350 1780 4417">
     <span class='ocr_line' id='line_1_75' title="bbox 185 4350 1780 4417; baseline -0.005 -6"><span class='ocrx_word' id='word_1_599' title='bbox 185 4353 563 4411; x_wconf 84' lang='lat' dir='ltr'><strong>bulationibus</strong></span> <span class='ocrx_word' id='word_1_600' title='bbox 601 4352 921 4417; x_wconf 87' lang='lat' dir='ltr'><strong>innumeris,</strong></span> <span class='ocrx_word' id='word_1_601' title='bbox 963 4369 1067 4406; x_wconf 90' lang='lat' dir='ltr'><strong>non</strong></span> <span class='ocrx_word' id='word_1_602' title='bbox 1101 4351 1279 4406; x_wconf 84' lang='lat' dir='ltr'><strong>minus</strong></span> <span class='ocrx_word' id='word_1_603' title='bbox 1320 4351 1376 4405; x_wconf 90' lang='lat' dir='ltr'><strong>in</strong></span> <span class='ocrx_word' id='word_1_604' title='bbox 1408 4350 1643 4405; x_wconf 88' lang='lat' dir='ltr'><strong>secunda</strong></span> <span class='ocrx_word' id='word_1_605' title='bbox 1685 4364 1780 4403; x_wconf 87' lang='lat' dir='ltr'><strong>ca-</strong></span> 
     </span>
    </p>
   </div>
   <div class='ocr_carea' id='block_1_76' title="bbox 181 4441 1775 4519">
    <p class='ocr_par' dir='ltr' id='par_1_76' title="bbox 181 4441 1775 4519">
     <span class='ocr_line' id='line_1_76' title="bbox 181 4441 1775 4519; baseline -0.004 -16"><span class='ocrx_word' id='word_1_606' title='bbox 181 4448 443 4519; x_wconf 84' lang='lat' dir='ltr'><strong>ptivitate</strong></span> <span class='ocrx_word' id='word_1_607' title='bbox 485 4447 584 4501; x_wconf 87' lang='lat' dir='ltr'><strong>sub</strong></span> <span class='ocrx_word' id='word_1_608' title='bbox 611 4444 754 4511; x_wconf 89' lang='lat' dir='ltr'><strong>Tito,</strong></span> <span class='ocrx_word' id='word_1_609' title='bbox 781 4459 942 4514; x_wconf 91' lang='lat' dir='ltr'><strong>quam</strong></span> <span class='ocrx_word' id='word_1_610' title='bbox 970 4453 1024 4499; x_wconf 92' lang='lat' dir='ltr'><strong>et</strong></span> <span class='ocrx_word' id='word_1_611' title='bbox 1054 4445 1105 4498; x_wconf 91' lang='lat' dir='ltr'><strong>in</strong></span> <span class='ocrx_word' id='word_1_612' title='bbox 1135 4445 1308 4513; x_wconf 90' lang='lat' dir='ltr'><strong>prima</strong></span> <span class='ocrx_word' id='word_1_613' title='bbox 1350 4443 1452 4497; x_wconf 91' lang='lat' dir='ltr'><strong>sub</strong></span> <span class='ocrx_word' id='word_1_614' title='bbox 1484 4441 1775 4508; x_wconf 65' lang='lat' dir='ltr'><strong>Chaldaeis,</strong></span> 
     </span>
    </p>
   </div>
   <div class='ocr_carea' id='block_1_77' title="bbox 1890 3259 3485 3334">
    <p class='ocr_par' dir='ltr' id='par_1_77' title="bbox 1890 3259 3485 3334">
     <span class='ocr_line' id='line_1_77' title="bbox 1890 3259 3485 3334; baseline -0.002 -17"><span class='ocrx_word' id='word_1_615' title='bbox 1890 3264 2101 3334; x_wconf 79' lang='lat' dir='ltr'><strong>sagittis</strong></span> <span class='ocrx_word' id='word_1_616' title='bbox 2131 3262 2272 3317; x_wconf 83' lang='lat' dir='ltr'><strong>idem</strong></span> <span class='ocrx_word' id='word_1_617' title='bbox 2316 3260 2484 3315; x_wconf 86' lang='lat' dir='ltr'><strong>David</strong></span> <span class='ocrx_word' id='word_1_618' title='bbox 2518 3280 2529 3313; x_wconf 88' lang='lat'><strong>:</strong></span> <span class='ocrx_word' id='word_1_619' title='bbox 2564 3259 2858 3325; x_wconf 83' lang='lat' dir='ltr'><strong>Quoniam,</strong></span> <span class='ocrx_word' id='word_1_620' title='bbox 2911 3259 3107 3329; x_wconf 87' lang='lat' dir='ltr'><strong>inquit,</strong></span> <span class='ocrx_word' id='word_1_621' title='bbox 3131 3260 3340 3328; x_wconf 66' lang='lat' dir='ltr'><strong>sagitta</strong></span> <span class='ocrx_word' id='word_1_622' title='bbox 3372 3275 3485 3314; x_wconf 68' lang='lat' dir='ltr'><strong>sua:</strong></span> 
     </span>
    </p>
   </div>
   <div class='ocr_carea' id='block_1_78' title="bbox 1888 3351 3484 3425">
    <p class='ocr_par' dir='ltr' id='par_1_78' title="bbox 1888 3351 3484 3425">
     <span class='ocr_line' id='line_1_78' title="bbox 1888 3351 3484 3425; baseline -0.003 -14"><span class='ocrx_word' id='word_1_623' title='bbox 1888 3357 2067 3425; x_wconf 62' lang='lat' dir='ltr'><strong>infixis</strong></span> <span class='ocrx_word' id='word_1_624' title='bbox 2090 3364 2210 3409; x_wconf 85' lang='lat' dir='ltr'><strong>sunt</strong></span> <span class='ocrx_word' id='word_1_625' title='bbox 2240 3354 2367 3409; x_wconf 85' lang='lat' dir='ltr'><strong>mihi</strong></span> <span class='ocrx_word' id='word_1_626' title='bbox 2395 3354 2413 3423; x_wconf 93' lang='lat'>(</span> <span class='ocrx_word' id='word_1_627' title='bbox 2431 3351 2579 3408; x_wconf 87' lang='lat' dir='ltr'><strong>Psal.</strong></span> <span class='ocrx_word' id='word_1_628' title='bbox 2610 3353 2812 3421; x_wconf 71' lang='lat' dir='ltr'><strong>xxv&quot;).</strong></span> <span class='ocrx_word' id='word_1_629' title='bbox 2844 3351 2976 3405; x_wconf 82' lang='lat' dir='ltr'><strong>Nam</strong></span> <span class='ocrx_word' id='word_1_630' title='bbox 3007 3360 3060 3406; x_wconf 88' lang='lat' dir='ltr'><strong>et</strong></span> <span class='ocrx_word' id='word_1_631' title='bbox 3090 3365 3281 3406; x_wconf 90' lang='lat' dir='ltr'><strong>omnes</strong></span> <span class='ocrx_word' id='word_1_632' title='bbox 3307 3351 3484 3407; x_wconf 85' lang='lat' dir='ltr'><strong>sancti</strong></span> 
     </span>
    </p>
   </div>
   <div class='ocr_carea' id='block_1_79' title="bbox 1888 3439 3483 3519">
    <p class='ocr_par' dir='ltr' id='par_1_79' title="bbox 1888 3439 3483 3519">
     <span class='ocr_line' id='line_1_79' title="bbox 1888 3439 3483 3519; baseline -0.004 -18"><span class='ocrx_word' id='word_1_633' title='bbox 1888 3447 2285 3519; x_wconf 62' lang='lat' dir='ltr'><strong>praedicatores,</strong></span> <span class='ocrx_word' id='word_1_634' title='bbox 2326 3444 2479 3513; x_wconf 88' lang='lat' dir='ltr'><strong>quasi</strong></span> <span class='ocrx_word' id='word_1_635' title='bbox 2511 3445 2721 3514; x_wconf 66' lang='lat' dir='ltr'><strong>sagitta:</strong></span> <span class='ocrx_word' id='word_1_636' title='bbox 2748 3442 2817 3498; x_wconf 86' lang='lat' dir='ltr'><strong>de</strong></span> <span class='ocrx_word' id='word_1_637' title='bbox 2844 3443 3098 3513; x_wconf 84' lang='lat' dir='ltr'><strong>pharetra</strong></span> <span class='ocrx_word' id='word_1_638' title='bbox 3129 3439 3378 3505; x_wconf 89' lang='lat' dir='ltr'><strong>Domini,</strong></span> <span class='ocrx_word' id='word_1_639' title='bbox 3407 3441 3483 3496; x_wconf 85' lang='lat' dir='ltr'><strong>di-</strong></span> 
     </span>
    </p>
   </div>
   <div class='ocr_carea' id='block_1_80' title="bbox 1887 3530 3481 3605">
    <p class='ocr_par' dir='ltr' id='par_1_80' title="bbox 1887 3530 3481 3605">
     <span class='ocr_line' id='line_1_80' title="bbox 1887 3530 3481 3605; baseline -0.003 -12"><span class='ocrx_word' id='word_1_640' title='bbox 1887 3539 2021 3593; x_wconf 89' lang='lat' dir='ltr'><strong>recti</strong></span> <span class='ocrx_word' id='word_1_641' title='bbox 2050 3548 2190 3591; x_wconf 89' lang='lat' dir='ltr'><strong>sunt.</strong></span> <span class='ocrx_word' id='word_1_642' title='bbox 2238 3535 2393 3591; x_wconf 88' lang='lat' dir='ltr'><strong>Unde</strong></span> <span class='ocrx_word' id='word_1_643' title='bbox 2433 3535 2535 3590; x_wconf 88' lang='lat' dir='ltr'><strong>hoc</strong></span> <span class='ocrx_word' id='word_1_644' title='bbox 2564 3535 2680 3605; x_wconf 86' lang='lat' dir='ltr'><strong>ipse</strong></span> <span class='ocrx_word' id='word_1_645' title='bbox 2722 3548 2789 3589; x_wconf 80' lang='lat' dir='ltr'><strong>ex</strong></span> <span class='ocrx_word' id='word_1_646' title='bbox 2838 3548 3068 3604; x_wconf 81' lang='lat' dir='ltr'><strong>persona</strong></span> <span class='ocrx_word' id='word_1_647' title='bbox 3100 3532 3315 3589; x_wconf 89' lang='lat' dir='ltr'><strong>Domini</strong></span> <span class='ocrx_word' id='word_1_648' title='bbox 3349 3549 3363 3585; x_wconf 91' lang='lat'><strong>:</strong></span> <span class='ocrx_word' id='word_1_649' title='bbox 3411 3530 3481 3588; x_wconf 77' lang='lat' dir='ltr'><strong>In</strong></span> 
     </span>
    </p>
   </div>
   <div class='ocr_carea' id='block_1_81' title="bbox 1886 3625 3476 3703">
    <p class='ocr_par' dir='ltr' id='par_1_81' title="bbox 1886 3625 3476 3703">
     <span class='ocr_line' id='line_1_81' title="bbox 1886 3625 3476 3703; baseline -0.003 -19"><span class='ocrx_word' id='word_1_650' title='bbox 1886 3632 2133 3703; x_wconf 83' lang='lat' dir='ltr'><strong>pharetra</strong></span> <span class='ocrx_word' id='word_1_651' title='bbox 2170 3646 2289 3692; x_wconf 89' lang='lat' dir='ltr'><strong>sua,</strong></span> <span class='ocrx_word' id='word_1_652' title='bbox 2318 3629 2509 3697; x_wconf 83' lang='lat' dir='ltr'><strong>inquit,</strong></span> <span class='ocrx_word' id='word_1_653' title='bbox 2538 3627 2813 3681; x_wconf 76' lang='lat' dir='ltr'><strong>abscondit</strong></span> <span class='ocrx_word' id='word_1_654' title='bbox 2837 3642 2920 3680; x_wconf 90' lang='lat' dir='ltr'><strong>me</strong></span> <span class='ocrx_word' id='word_1_655' title='bbox 2950 3625 3086 3692; x_wconf 88' lang='lat' dir='ltr'><strong>(Isa.</strong></span> <span class='ocrx_word' id='word_1_656' title='bbox 3123 3628 3294 3691; x_wconf 72' lang='lat' dir='ltr'><strong>XLIX).</strong></span> <span class='ocrx_word' id='word_1_657' title='bbox 3326 3625 3405 3680; x_wconf 81' lang='lat' dir='ltr'><strong>Ac</strong></span> <span class='ocrx_word' id='word_1_658' title='bbox 3429 3626 3476 3679; x_wconf 82' lang='lat' dir='ltr'><strong>si</strong></span> 
     </span>
    </p>
   </div>
   <div class='ocr_carea' id='block_1_82' title="bbox 1886 3713 3483 3791">
    <p class='ocr_par' dir='ltr' id='par_1_82' title="bbox 1886 3713 3483 3791">
     <span class='ocr_line' id='line_1_82' title="bbox 1886 3713 3483 3791; baseline -0.004 -16"><span class='ocrx_word' id='word_1_659' title='bbox 1886 3729 2133 3791; x_wconf 86' lang='lat' dir='ltr'><strong>patenter</strong></span> <span class='ocrx_word' id='word_1_660' title='bbox 2165 3720 2347 3774; x_wconf 86' lang='lat' dir='ltr'><strong>dicat:</strong></span> <span class='ocrx_word' id='word_1_661' title='bbox 2378 3718 2612 3773; x_wconf 84' lang='lat' dir='ltr'><strong>Verbum</strong></span> <span class='ocrx_word' id='word_1_662' title='bbox 2654 3717 2832 3773; x_wconf 82' lang='lat' dir='ltr'><strong>Patris</strong></span> <span class='ocrx_word' id='word_1_663' title='bbox 2869 3716 3153 3771; x_wconf 84' lang='lat' dir='ltr'><strong>abscondit</strong></span> <span class='ocrx_word' id='word_1_664' title='bbox 3182 3729 3270 3773; x_wconf 88' lang='lat' dir='ltr'><strong>me</strong></span> <span class='ocrx_word' id='word_1_665' title='bbox 3318 3713 3483 3785; x_wconf 87' lang='lat' dir='ltr'><strong>longo</strong></span> 
     </span>
    </p>
   </div>
   <div class='ocr_carea' id='block_1_83' title="bbox 1887 3808 3476 3883">
    <p class='ocr_par' dir='ltr' id='par_1_83' title="bbox 1887 3808 3476 3883">
     <span class='ocr_line' id='line_1_83' title="bbox 1887 3808 3476 3883; baseline -0.006 -14"><span class='ocrx_word' id='word_1_666' title='bbox 1887 3814 1942 3869; x_wconf 90' lang='lat' dir='ltr'><strong>in</strong></span> <span class='ocrx_word' id='word_1_667' title='bbox 1965 3821 2225 3883; x_wconf 89' lang='lat' dir='ltr'><strong>tempore,</strong></span> <span class='ocrx_word' id='word_1_668' title='bbox 2255 3811 2408 3881; x_wconf 87' lang='lat' dir='ltr'><strong>quasi</strong></span> <span class='ocrx_word' id='word_1_669' title='bbox 2436 3810 2691 3880; x_wconf 85' lang='lat' dir='ltr'><strong>sagittam</strong></span> <span class='ocrx_word' id='word_1_670' title='bbox 2714 3808 2942 3864; x_wconf 90' lang='lat' dir='ltr'><strong>electam</strong></span> <span class='ocrx_word' id='word_1_671' title='bbox 2966 3809 3024 3862; x_wconf 92' lang='lat' dir='ltr'><strong>in</strong></span> <span class='ocrx_word' id='word_1_672' title='bbox 3051 3809 3309 3878; x_wconf 87' lang='lat' dir='ltr'><strong>pharetra</strong></span> <span class='ocrx_word' id='word_1_673' title='bbox 3333 3821 3433 3861; x_wconf 78' lang='lat' dir='ltr'><strong>sua</strong></span> <span class='ocrx_word' id='word_1_674' title='bbox 3460 3820 3476 3860; x_wconf 91' lang='lat'><strong>:</strong></span> 
     </span>
    </p>
   </div>
   <div class='ocr_carea' id='block_1_84' title="bbox 1886 3899 3480 3977">
    <p class='ocr_par' dir='ltr' id='par_1_84' title="bbox 1886 3899 3480 3977">
     <span class='ocr_line' id='line_1_84' title="bbox 1886 3899 3480 3977; baseline -0.004 -17"><span class='ocrx_word' id='word_1_675' title='bbox 1886 3914 2157 3977; x_wconf 89' lang='lat' dir='ltr'><strong>quatenus</strong></span> <span class='ocrx_word' id='word_1_676' title='bbox 2186 3904 2278 3959; x_wconf 90' lang='lat' dir='ltr'><strong>diu</strong></span> <span class='ocrx_word' id='word_1_677' title='bbox 2308 3902 2643 3958; x_wconf 89' lang='lat' dir='ltr'><strong>occultarum</strong></span> <span class='ocrx_word' id='word_1_678' title='bbox 2672 3902 3066 3970; x_wconf 89' lang='lat' dir='ltr'><strong>scripturarum</strong></span> <span class='ocrx_word' id='word_1_679' title='bbox 3100 3899 3355 3969; x_wconf 83' lang='lat' dir='ltr'><strong>caligine,</strong></span> <span class='ocrx_word' id='word_1_680' title='bbox 3378 3906 3480 3953; x_wconf 80' lang='lat' dir='ltr'><strong>suo</strong></span> 
     </span>
    </p>
   </div>
   <div class='ocr_carea' id='block_1_85' title="bbox 1885 3988 3476 4069">
    <p class='ocr_par' dir='ltr' id='par_1_85' title="bbox 1885 3988 3476 4069">
     <span class='ocr_line' id='line_1_85' title="bbox 1885 3988 3476 4069; baseline -0.004 -17"><span class='ocrx_word' id='word_1_681' title='bbox 1885 3999 2146 4069; x_wconf 82' lang='lat' dir='ltr'><strong>producat</strong></span> <span class='ocrx_word' id='word_1_682' title='bbox 2185 4011 2247 4050; x_wconf 84' lang='lat' dir='ltr'><strong>ex</strong></span> <span class='ocrx_word' id='word_1_683' title='bbox 2287 4010 2446 4058; x_wconf 89' lang='lat' dir='ltr'><strong>arcu,</strong></span> <span class='ocrx_word' id='word_1_684' title='bbox 2479 4002 2539 4047; x_wconf 92' lang='lat' dir='ltr'><strong>ut</strong></span> <span class='ocrx_word' id='word_1_685' title='bbox 2567 3994 2789 4062; x_wconf 88' lang='lat' dir='ltr'><strong>probem</strong></span> <span class='ocrx_word' id='word_1_686' title='bbox 2835 4005 2991 4047; x_wconf 83' lang='lat' dir='ltr'><strong>renes</strong></span> <span class='ocrx_word' id='word_1_687' title='bbox 3024 4000 3079 4047; x_wconf 86' lang='lat' dir='ltr'><strong>et</strong></span> <span class='ocrx_word' id='word_1_688' title='bbox 3122 3991 3287 4045; x_wconf 87' lang='lat' dir='ltr'><strong>corda</strong></span> <span class='ocrx_word' id='word_1_689' title='bbox 3309 3988 3476 4057; x_wconf 73' lang='lat' dir='ltr'><strong>iudex</strong></span> 
     </span>
    </p>
   </div>
   <div class='ocr_carea' id='block_1_86' title="bbox 1885 4082 3480 4152">
    <p class='ocr_par' dir='ltr' id='par_1_86' title="bbox 1885 4082 3480 4152">
     <span class='ocr_line' id='line_1_86' title="bbox 1885 4082 3480 4152; baseline -0.004 -9"><span class='ocrx_word' id='word_1_690' title='bbox 1885 4090 2126 4144; x_wconf 89' lang='lat' dir='ltr'><strong>omnium</strong></span> <span class='ocrx_word' id='word_1_691' title='bbox 2149 4087 2494 4143; x_wconf 88' lang='lat' dir='ltr'><strong>constitutus.</strong></span> <span class='ocrx_word' id='word_1_692' title='bbox 2527 4082 2645 4139; x_wconf 87' lang='lat' dir='ltr'><strong>Jam</strong></span> <span class='ocrx_word' id='word_1_693' title='bbox 2679 4093 2874 4140; x_wconf 60' lang='lat' dir='ltr'><strong>cratera</strong></span> <span class='ocrx_word' id='word_1_694' title='bbox 2904 4084 2957 4137; x_wconf 91' lang='lat' dir='ltr'><strong>in</strong></span> <span class='ocrx_word' id='word_1_695' title='bbox 2983 4083 3068 4138; x_wconf 88' lang='lat' dir='ltr'><strong>his</strong></span> <span class='ocrx_word' id='word_1_696' title='bbox 3092 4082 3339 4138; x_wconf 85' lang='lat' dir='ltr'><strong>versibus</strong></span> <span class='ocrx_word' id='word_1_697' title='bbox 3357 4096 3480 4152; x_wconf 68' lang='lat' dir='ltr'><strong>qua)</strong></span> 
     </span>
    </p>
   </div>
   <div class='ocr_carea' id='block_1_87' title="bbox 1887 4172 3479 4252">
    <p class='ocr_par' dir='ltr' id='par_1_87' title="bbox 1887 4172 3479 4252">
     <span class='ocr_line' id='line_1_87' title="bbox 1887 4172 3479 4252; baseline -0.007 -14"><span class='ocrx_word' id='word_1_698' title='bbox 1887 4190 2207 4252; x_wconf 88' lang='lat' dir='ltr'><strong>sequuntur,</strong></span> <span class='ocrx_word' id='word_1_699' title='bbox 2240 4176 2526 4233; x_wconf 82' lang='lat' dir='ltr'><strong>manifesta</strong></span> <span class='ocrx_word' id='word_1_700' title='bbox 2551 4185 2680 4231; x_wconf 92' lang='lat' dir='ltr'><strong>sunt</strong></span> <span class='ocrx_word' id='word_1_701' title='bbox 2708 4175 2775 4231; x_wconf 89' lang='lat' dir='ltr'><strong>de</strong></span> <span class='ocrx_word' id='word_1_702' title='bbox 2816 4174 3060 4240; x_wconf 86' lang='lat' dir='ltr'><strong>Christo,</strong></span> <span class='ocrx_word' id='word_1_703' title='bbox 3091 4174 3235 4245; x_wconf 86' lang='lat' dir='ltr'><strong>quod</strong></span> <span class='ocrx_word' id='word_1_704' title='bbox 3261 4176 3375 4245; x_wconf 87' lang='lat' dir='ltr'><strong>ipse</strong></span> <span class='ocrx_word' id='word_1_705' title='bbox 3396 4172 3479 4228; x_wconf 77' lang='lat' dir='ltr'><strong>ia-</strong></span> 
     </span>
    </p>
   </div>
   <div class='ocr_carea' id='block_1_88' title="bbox 1886 4266 3480 4341">
    <p class='ocr_par' dir='ltr' id='par_1_88' title="bbox 1886 4266 3480 4341">
     <span class='ocr_line' id='line_1_88' title="bbox 1886 4266 3480 4341; baseline -0.006 -9"><span class='ocrx_word' id='word_1_706' title='bbox 1886 4285 2008 4332; x_wconf 90' lang='lat' dir='ltr'><strong>ctus</strong></span> <span class='ocrx_word' id='word_1_707' title='bbox 2034 4284 2119 4330; x_wconf 87' lang='lat' dir='ltr'><strong>est</strong></span> <span class='ocrx_word' id='word_1_708' title='bbox 2154 4274 2207 4328; x_wconf 92' lang='lat' dir='ltr'><strong>in</strong></span> <span class='ocrx_word' id='word_1_709' title='bbox 2230 4272 2468 4327; x_wconf 90' lang='lat' dir='ltr'><strong>derisum</strong></span> <span class='ocrx_word' id='word_1_710' title='bbox 2493 4269 2691 4341; x_wconf 91' lang='lat' dir='ltr'><strong>populo</strong></span> <span class='ocrx_word' id='word_1_711' title='bbox 2735 4266 3067 4332; x_wconf 60' lang='lat' dir='ltr'><strong>Iudaeorum,</strong></span> <span class='ocrx_word' id='word_1_712' title='bbox 3107 4279 3161 4322; x_wconf 77' lang='lat' dir='ltr'><strong>et</strong></span> <span class='ocrx_word' id='word_1_713' title='bbox 3207 4267 3480 4323; x_wconf 71' lang='lat' dir='ltr'><strong>canticum</strong></span> 
     </span>
    </p>
   </div>
   <div class='ocr_carea' id='block_1_89' title="bbox 1886 4357 3481 4431">
    <p class='ocr_par' dir='ltr' id='par_1_89' title="bbox 1886 4357 3481 4431">
     <span class='ocr_line' id='line_1_89' title="bbox 1886 4357 3481 4431; baseline -0.004 -11"><span class='ocrx_word' id='word_1_714' title='bbox 1886 4380 2071 4420; x_wconf 84' lang='lat' dir='ltr'><strong>eorum</strong></span> <span class='ocrx_word' id='word_1_715' title='bbox 2127 4374 2237 4419; x_wconf 87' lang='lat' dir='ltr'><strong>tota</strong></span> <span class='ocrx_word' id='word_1_716' title='bbox 2266 4363 2374 4428; x_wconf 91' lang='lat' dir='ltr'><strong>die,</strong></span> <span class='ocrx_word' id='word_1_717' title='bbox 2394 4361 2631 4431; x_wconf 88' lang='lat' dir='ltr'><strong>quandiu</strong></span> <span class='ocrx_word' id='word_1_718' title='bbox 2658 4362 2713 4415; x_wconf 90' lang='lat' dir='ltr'><strong>in</strong></span> <span class='ocrx_word' id='word_1_719' title='bbox 2737 4375 2903 4415; x_wconf 82' lang='lat' dir='ltr'><strong>carne</strong></span> <span class='ocrx_word' id='word_1_720' title='bbox 2923 4367 3172 4415; x_wconf 82' lang='lat' dir='ltr'><strong>versatus</strong></span> <span class='ocrx_word' id='word_1_721' title='bbox 3193 4367 3297 4413; x_wconf 84' lang='lat' dir='ltr'><strong>est.</strong></span> <span class='ocrx_word' id='word_1_722' title='bbox 3327 4357 3481 4414; x_wconf 78' lang='lat' dir='ltr'><strong>Unde</strong></span> 
     </span>
    </p>
   </div>
   <div class='ocr_carea' id='block_1_90' title="bbox 1887 4451 3478 4527">
    <p class='ocr_par' dir='ltr' id='par_1_90' title="bbox 1887 4451 3478 4527">
     <span class='ocr_line' id='line_1_90' title="bbox 1887 4451 3478 4527; baseline -0.004 -15"><span class='ocrx_word' id='word_1_723' title='bbox 1887 4459 2013 4513; x_wconf 83' lang='lat' dir='ltr'><strong>alibi</strong></span> <span class='ocrx_word' id='word_1_724' title='bbox 2034 4476 2045 4510; x_wconf 92' lang='lat'><strong>:</strong></span> <span class='ocrx_word' id='word_1_725' title='bbox 2064 4455 2176 4527; x_wconf 82' lang='lat' dir='ltr'><strong>Ego</strong></span> <span class='ocrx_word' id='word_1_726' title='bbox 2197 4473 2312 4510; x_wconf 84' lang='lat' dir='ltr'><strong>sum</strong></span> <span class='ocrx_word' id='word_1_727' title='bbox 2328 4456 2539 4518; x_wconf 84' lang='lat' dir='ltr'><strong>vermis,</strong></span> <span class='ocrx_word' id='word_1_728' title='bbox 2560 4454 2755 4523; x_wconf 90' lang='lat' dir='ltr'><strong>inquit,</strong></span> <span class='ocrx_word' id='word_1_729' title='bbox 2771 4463 2818 4506; x_wconf 81' lang='lat' dir='ltr'><strong>et</strong></span> <span class='ocrx_word' id='word_1_730' title='bbox 2834 4468 2935 4507; x_wconf 87' lang='lat' dir='ltr'><strong>non</strong></span> <span class='ocrx_word' id='word_1_731' title='bbox 2948 4454 3126 4517; x_wconf 85' lang='lat' dir='ltr'><strong>homo,</strong></span> <span class='ocrx_word' id='word_1_732' title='bbox 3139 4451 3478 4523; x_wconf 70' lang='lat' dir='ltr'><strong>opprobrium</strong></span> 
     </span>
    </p>
   </div>
   <div class='ocr_carea' id='block_1_91' title="bbox 180 4526 1788 4616">
    <p class='ocr_par' dir='ltr' id='par_1_91' title="bbox 180 4534 1783 4611">
     <span class='ocr_line' id='line_1_91' title="bbox 180 4534 1783 4611; baseline -0.004 -16"><span class='ocrx_word' id='word_1_733' title='bbox 180 4540 411 4611; x_wconf 79' lang='lat' dir='ltr'><strong>quand’o</strong></span> <span class='ocrx_word' id='word_1_734' title='bbox 434 4538 577 4609; x_wconf 89' lang='lat' dir='ltr'><strong>capti</strong></span> <span class='ocrx_word' id='word_1_735' title='bbox 607 4547 751 4602; x_wconf 86' lang='lat' dir='ltr'><strong>sunt,</strong></span> <span class='ocrx_word' id='word_1_736' title='bbox 776 4544 830 4591; x_wconf 92' lang='lat' dir='ltr'><strong>et</strong></span> <span class='ocrx_word' id='word_1_737' title='bbox 856 4535 1083 4605; x_wconf 87' lang='lat' dir='ltr'><strong>dispersi</strong></span> <span class='ocrx_word' id='word_1_738' title='bbox 1114 4546 1239 4589; x_wconf 90' lang='lat' dir='ltr'><strong>sunt</strong></span> <span class='ocrx_word' id='word_1_739' title='bbox 1262 4535 1314 4589; x_wconf 93' lang='lat' dir='ltr'><strong>in</strong></span> <span class='ocrx_word' id='word_1_740' title='bbox 1345 4534 1615 4605; x_wconf 84' lang='lat' dir='ltr'><strong>gentibus,</strong></span> <span class='ocrx_word' id='word_1_741' title='bbox 1646 4550 1783 4604; x_wconf 90' lang='lat' dir='ltr'><strong>quas</strong></span> 
     </span>
    </p>
   </div>
   <div class='ocr_carea' id='block_1_92' title="bbox 1891 4526 3476 4616">
    <p class='ocr_par' dir='ltr' id='par_1_92' title="bbox 1891 4526 3476 4616">
     <span class='ocr_line' id='line_1_92' title="bbox 1891 4526 3476 4616; baseline -0.004 -13"><span class='ocrx_word' id='word_1_742' title='bbox 1891 4526 2153 4603; x_wconf 83' lang='lat' dir='ltr'><strong>hominum</strong></span> <span class='ocrx_word' id='word_1_743' title='bbox 2176 4556 2225 4601; x_wconf 85' lang='lat' dir='ltr'><strong>et</strong></span> <span class='ocrx_word' id='word_1_744' title='bbox 2258 4547 2478 4616; x_wconf 83' lang='lat' dir='ltr'><strong>abjectio</strong></span> <span class='ocrx_word' id='word_1_745' title='bbox 2509 4544 2668 4614; x_wconf 83' lang='lat' dir='ltr'><strong>plebis</strong></span> <span class='ocrx_word' id='word_1_746' title='bbox 2695 4541 2865 4613; x_wconf 86' lang='lat' dir='ltr'><strong>(Psal.</strong></span> <span class='ocrx_word' id='word_1_747' title='bbox 2890 4544 3024 4614; x_wconf 72' lang='lat' dir='ltr'><strong>ut).</strong></span> <span class='ocrx_word' id='word_1_748' title='bbox 3048 4542 3250 4599; x_wconf 83' lang='lat' dir='ltr'><strong>Omnes</strong></span> <span class='ocrx_word' id='word_1_749' title='bbox 3282 4543 3476 4598; x_wconf 75' lang='lat' dir='ltr'><strong>viden-</strong></span> 
     </span>
    </p>
   </div>
   <div class='ocr_carea' id='block_1_93' title="bbox 177 4628 1781 4701">
    <p class='ocr_par' dir='ltr' id='par_1_93' title="bbox 177 4628 1781 4701">
     <span class='ocr_line' id='line_1_93' title="bbox 177 4628 1781 4701; baseline -0.006 -10"><span class='ocrx_word' id='word_1_750' title='bbox 177 4651 297 4691; x_wconf 88' lang='lat' dir='ltr'><strong>non</strong></span> <span class='ocrx_word' id='word_1_751' title='bbox 328 4641 595 4689; x_wconf 87' lang='lat' dir='ltr'><strong>noverant</strong></span> <span class='ocrx_word' id='word_1_752' title='bbox 631 4631 731 4701; x_wconf 89' lang='lat' dir='ltr'><strong>ipsi</strong></span> <span class='ocrx_word' id='word_1_753' title='bbox 769 4640 823 4684; x_wconf 92' lang='lat' dir='ltr'><strong>et</strong></span> <span class='ocrx_word' id='word_1_754' title='bbox 864 4638 1047 4700; x_wconf 88' lang='lat' dir='ltr'><strong>patres</strong></span> <span class='ocrx_word' id='word_1_755' title='bbox 1088 4644 1276 4683; x_wconf 83' lang='lat' dir='ltr'><strong>eorum</strong></span> <span class='ocrx_word' id='word_1_756' title='bbox 1315 4644 1329 4681; x_wconf 89' lang='lat'>:</span> <span class='ocrx_word' id='word_1_757' title='bbox 1362 4636 1523 4697; x_wconf 90' lang='lat' dir='ltr'><strong>atque</strong></span> <span class='ocrx_word' id='word_1_758' title='bbox 1569 4628 1622 4681; x_wconf 91' lang='lat' dir='ltr'><strong>in</strong></span> <span class='ocrx_word' id='word_1_759' title='bbox 1670 4634 1781 4681; x_wconf 92' lang='lat' dir='ltr'><strong>toto</strong></span> 
     </span>
    </p>
   </div>
   <div class='ocr_carea' id='block_1_94' title="bbox 175 4718 1781 4792">
    <p class='ocr_par' dir='ltr' id='par_1_94' title="bbox 175 4718 1781 4792">
     <span class='ocr_line' id='line_1_94' title="bbox 175 4718 1781 4792; baseline -0.007 -8"><span class='ocrx_word' id='word_1_760' title='bbox 175 4727 359 4792; x_wconf 87' lang='lat' dir='ltr'><strong>orbe,</strong></span> <span class='ocrx_word' id='word_1_761' title='bbox 401 4734 460 4778; x_wconf 90' lang='lat' dir='ltr'><strong>ut</strong></span> <span class='ocrx_word' id='word_1_762' title='bbox 508 4723 668 4779; x_wconf 89' lang='lat' dir='ltr'><strong>hodie</strong></span> <span class='ocrx_word' id='word_1_763' title='bbox 704 4723 966 4787; x_wconf 88' lang='lat' dir='ltr'><strong>cernitur,</strong></span> <span class='ocrx_word' id='word_1_764' title='bbox 1012 4730 1139 4776; x_wconf 88' lang='lat' dir='ltr'><strong>sunt</strong></span> <span class='ocrx_word' id='word_1_765' title='bbox 1178 4720 1431 4790; x_wconf 89' lang='lat' dir='ltr'><strong>dispersi,</strong></span> <span class='ocrx_word' id='word_1_766' title='bbox 1478 4719 1568 4773; x_wconf 91' lang='lat' dir='ltr'><strong>ubi</strong></span> <span class='ocrx_word' id='word_1_767' title='bbox 1614 4718 1781 4789; x_wconf 86' lang='lat' dir='ltr'><strong>potati</strong></span> 
     </span>
    </p>
   </div>
   <div class='ocr_carea' id='block_1_95' title="bbox 173 4814 1784 4891">
    <p class='ocr_par' dir='ltr' id='par_1_95' title="bbox 173 4814 1784 4891">
     <span class='ocr_line' id='line_1_95' title="bbox 173 4814 1784 4891; baseline -0.006 -14"><span class='ocrx_word' id='word_1_768' title='bbox 173 4832 319 4878; x_wconf 78' lang='lat' dir='ltr'><strong>Sunt.</strong></span> <span class='ocrx_word' id='word_1_769' title='bbox 348 4819 655 4891; x_wconf 81' lang='lat' dir='ltr'><strong>absyntbio,</strong></span> <span class='ocrx_word' id='word_1_770' title='bbox 683 4817 893 4873; x_wconf 89' lang='lat' dir='ltr'><strong>scilicet</strong></span> <span class='ocrx_word' id='word_1_771' title='bbox 929 4814 1344 4871; x_wconf 89' lang='lat' dir='ltr'><strong>necessitatibus</strong></span> <span class='ocrx_word' id='word_1_772' title='bbox 1385 4814 1684 4869; x_wconf 87' lang='lat' dir='ltr'><strong>innumeris</strong></span> <span class='ocrx_word' id='word_1_773' title='bbox 1728 4819 1784 4867; x_wconf 90' lang='lat' dir='ltr'><strong>et</strong></span> 
     </span>
    </p>
   </div>
   <div class='ocr_carea' id='block_1_96' title="bbox 175 4908 1779 4984">
    <p class='ocr_par' dir='ltr' id='par_1_96' title="bbox 175 4908 1779 4984">
     <span class='ocr_line' id='line_1_96' title="bbox 175 4908 1779 4984; baseline -0.007 -17"><span class='ocrx_word' id='word_1_774' title='bbox 175 4910 463 4984; x_wconf 72' lang='lat' dir='ltr'><strong>angustiis</strong></span> <span class='ocrx_word' id='word_1_775' title='bbox 491 4908 559 4963; x_wconf 84' lang='lat' dir='ltr'><strong>ab</strong></span> <span class='ocrx_word' id='word_1_776' title='bbox 584 4908 869 4963; x_wconf 88' lang='lat' dir='ltr'><strong>hostibus:</strong></span> <span class='ocrx_word' id='word_1_777' title='bbox 898 4914 954 4960; x_wconf 91' lang='lat' dir='ltr'><strong>et</strong></span> <span class='ocrx_word' id='word_1_778' title='bbox 982 4913 1311 4975; x_wconf 90' lang='lat' dir='ltr'><strong>acceperunt</strong></span> <span class='ocrx_word' id='word_1_779' title='bbox 1348 4913 1535 4974; x_wconf 90' lang='lat' dir='ltr'><strong>potum</strong></span> <span class='ocrx_word' id='word_1_780' title='bbox 1584 4917 1779 4973; x_wconf 88' lang='lat' dir='ltr'><strong>aquam</strong></span> 
     </span>
    </p>
   </div>
   <div class='ocr_carea' id='block_1_97' title="bbox 172 4992 1782 5070">
    <p class='ocr_par' dir='ltr' id='par_1_97' title="bbox 172 4992 1782 5070">
     <span class='ocr_line' id='line_1_97' title="bbox 172 4992 1782 5070; baseline -0.007 -14"><span class='ocrx_word' id='word_1_781' title='bbox 172 4998 354 5064; x_wconf 79' lang='lat' dir='ltr'><strong>fellis,</strong></span> <span class='ocrx_word' id='word_1_782' title='bbox 379 5014 478 5070; x_wconf 87' lang='lat' dir='ltr'><strong>per</strong></span> <span class='ocrx_word' id='word_1_783' title='bbox 501 5011 662 5069; x_wconf 89' lang='lat' dir='ltr'><strong>quam</strong></span> <span class='ocrx_word' id='word_1_784' title='bbox 690 4994 959 5067; x_wconf 85' lang='lat' dir='ltr'><strong>signiﬁcat</strong></span> <span class='ocrx_word' id='word_1_785' title='bbox 987 4993 1385 5049; x_wconf 89' lang='lat' dir='ltr'><strong>multitudinem</strong></span> <span class='ocrx_word' id='word_1_786' title='bbox 1415 4992 1698 5058; x_wconf 90' lang='lat' dir='ltr'><strong>malorum,</strong></span> <span class='ocrx_word' id='word_1_787' title='bbox 1726 5001 1782 5046; x_wconf 93' lang='lat' dir='ltr'><strong>et</strong></span> 
     </span>
    </p>
   </div>
   <div class='ocr_carea' id='block_1_98' title="bbox 171 5085 1780 5162">
    <p class='ocr_par' dir='ltr' id='par_1_98' title="bbox 171 5085 1780 5162">
     <span class='ocr_line' id='line_1_98' title="bbox 171 5085 1780 5162; baseline -0.006 -14"><span class='ocrx_word' id='word_1_788' title='bbox 171 5091 583 5162; x_wconf 83' lang='lat' dir='ltr'><strong>sempiternum</strong></span> <span class='ocrx_word' id='word_1_789' title='bbox 613 5089 945 5160; x_wconf 87' lang='lat' dir='ltr'><strong>captivitatis</strong></span> <span class='ocrx_word' id='word_1_790' title='bbox 986 5102 1198 5151; x_wconf 87' lang='lat' dir='ltr'><strong>eorum,</strong></span> <span class='ocrx_word' id='word_1_791' title='bbox 1239 5085 1449 5156; x_wconf 87' lang='lat' dir='ltr'><strong>jugum,</strong></span> <span class='ocrx_word' id='word_1_792' title='bbox 1493 5095 1584 5140; x_wconf 88' lang='lat' dir='ltr'><strong>aut</strong></span> <span class='ocrx_word' id='word_1_793' title='bbox 1634 5093 1780 5139; x_wconf 88' lang='lat' dir='ltr'><strong>certe</strong></span> 
     </span>
    </p>
   </div>
   <div class='ocr_carea' id='block_1_99' title="bbox 170 5171 1783 5254">
    <p class='ocr_par' dir='ltr' id='par_1_99' title="bbox 170 5171 1783 5254">
     <span class='ocr_line' id='line_1_99' title="bbox 170 5171 1783 5254; baseline -0.007 -16"><span class='ocrx_word' id='word_1_794' title='bbox 170 5182 556 5254; x_wconf 82' lang='lat' dir='ltr'><strong>ignorantiam</strong></span> <span class='ocrx_word' id='word_1_795' title='bbox 603 5179 740 5250; x_wconf 85' lang='lat' dir='ltr'><strong>legis</strong></span> <span class='ocrx_word' id='word_1_796' title='bbox 768 5171 981 5244; x_wconf 69' lang='lat' dir='ltr'><strong>Dei,&#39;eo</strong></span> <span class='ocrx_word' id='word_1_797' title='bbox 1009 5179 1153 5247; x_wconf 88' lang='lat' dir='ltr'><strong>quod</strong></span> <span class='ocrx_word' id='word_1_798' title='bbox 1197 5178 1307 5231; x_wconf 89' lang='lat' dir='ltr'><strong>sint</strong></span> <span class='ocrx_word' id='word_1_799' title='bbox 1349 5176 1537 5246; x_wconf 89' lang='lat' dir='ltr'><strong>repleti</strong></span> <span class='ocrx_word' id='word_1_800' title='bbox 1582 5174 1783 5229; x_wconf 86' lang='lat' dir='ltr'><strong>amari-</strong></span> 
     </span>
    </p>
   </div>
   <div class='ocr_carea' id='block_1_100' title="bbox 170 5266 1781 5342">
    <p class='ocr_par' dir='ltr' id='par_1_100' title="bbox 170 5266 1781 5342">
     <span class='ocr_line' id='line_1_100' title="bbox 170 5266 1781 5342; baseline -0.006 -13"><span class='ocrx_word' id='word_1_801' title='bbox 170 5275 382 5330; x_wconf 84' lang='lat' dir='ltr'><strong>tudine</strong></span> <span class='ocrx_word' id='word_1_802' title='bbox 412 5270 573 5337; x_wconf 79' lang='lat' dir='ltr'><strong>iellis,</strong></span> <span class='ocrx_word' id='word_1_803' title='bbox 598 5281 653 5327; x_wconf 89' lang='lat' dir='ltr'><strong>et</strong></span> <span class='ocrx_word' id='word_1_804' title='bbox 686 5286 786 5342; x_wconf 87' lang='lat' dir='ltr'><strong>pro</strong></span> <span class='ocrx_word' id='word_1_805' title='bbox 813 5269 1031 5326; x_wconf 88' lang='lat' dir='ltr'><strong>Christo</strong></span> <span class='ocrx_word' id='word_1_806' title='bbox 1056 5270 1327 5339; x_wconf 87' lang='lat' dir='ltr'><strong>recepturi</strong></span> <span class='ocrx_word' id='word_1_807' title='bbox 1369 5268 1479 5322; x_wconf 90' lang='lat' dir='ltr'><strong>sint</strong></span> <span class='ocrx_word' id='word_1_808' title='bbox 1508 5266 1781 5321; x_wconf 81' lang='lat' dir='ltr'><strong>Antichri-</strong></span> 
     </span>
    </p>
   </div>
   <div class='ocr_carea' id='block_1_101' title="bbox 166 5359 1783 5431">
    <p class='ocr_par' dir='ltr' id='par_1_101' title="bbox 166 5359 1783 5431">
     <span class='ocr_line' id='line_1_101' title="bbox 166 5359 1783 5431; baseline -0.007 -7"><span class='ocrx_word' id='word_1_809' title='bbox 166 5376 357 5424; x_wconf 84' lang='lat' dir='ltr'><strong>stum.</strong></span> <span class='ocrx_word' id='word_1_810' title='bbox 392 5365 660 5421; x_wconf 72' lang='lat' dir='ltr'><strong>Czeterum</strong></span> <span class='ocrx_word' id='word_1_811' title='bbox 683 5362 954 5425; x_wconf 90' lang='lat' dir='ltr'><strong>Christus,</strong></span> <span class='ocrx_word' id='word_1_812' title='bbox 987 5362 1078 5431; x_wconf 92' lang='lat' dir='ltr'><strong>qui</strong></span> <span class='ocrx_word' id='word_1_813' title='bbox 1105 5371 1207 5427; x_wconf 88' lang='lat' dir='ltr'><strong>est,</strong></span> <span class='ocrx_word' id='word_1_814' title='bbox 1234 5370 1288 5415; x_wconf 91' lang='lat' dir='ltr'><strong>et</strong></span> <span class='ocrx_word' id='word_1_815' title='bbox 1326 5361 1418 5430; x_wconf 89' lang='lat' dir='ltr'><strong>qui</strong></span> <span class='ocrx_word' id='word_1_816' title='bbox 1452 5360 1601 5423; x_wconf 85' lang='lat' dir='ltr'><strong>vivit,</strong></span> <span class='ocrx_word' id='word_1_817' title='bbox 1633 5359 1783 5428; x_wconf 89' lang='lat' dir='ltr'><strong>plan-</strong></span> 
     </span>
    </p>
   </div>
   <div class='ocr_carea' id='block_1_102' title="bbox 166 5453 1781 5532">
    <p class='ocr_par' dir='ltr' id='par_1_102' title="bbox 166 5453 1781 5532">
     <span class='ocr_line' id='line_1_102' title="bbox 166 5453 1781 5532; baseline -0.006 -20"><span class='ocrx_word' id='word_1_818' title='bbox 166 5460 258 5532; x_wconf 82' lang='lat' dir='ltr'><strong>git</strong></span> <span class='ocrx_word' id='word_1_819' title='bbox 289 5458 451 5527; x_wconf 87' lang='lat' dir='ltr'><strong>quasi</strong></span> <span class='ocrx_word' id='word_1_820' title='bbox 483 5464 644 5526; x_wconf 91' lang='lat' dir='ltr'><strong>caput</strong></span> <span class='ocrx_word' id='word_1_821' title='bbox 670 5465 933 5519; x_wconf 89' lang='lat' dir='ltr'><strong>nostrum,</strong></span> <span class='ocrx_word' id='word_1_822' title='bbox 965 5468 1070 5508; x_wconf 90' lang='lat' dir='ltr'><strong>non</strong></span> <span class='ocrx_word' id='word_1_823' title='bbox 1099 5453 1277 5509; x_wconf 90' lang='lat' dir='ltr'><strong>minus</strong></span> <span class='ocrx_word' id='word_1_824' title='bbox 1302 5469 1401 5523; x_wconf 91' lang='lat' dir='ltr'><strong>pro</strong></span> <span class='ocrx_word' id='word_1_825' title='bbox 1423 5453 1596 5515; x_wconf 87' lang='lat' dir='ltr'><strong>nobis,</strong></span> <span class='ocrx_word' id='word_1_826' title='bbox 1622 5464 1781 5519; x_wconf 88' lang='lat' dir='ltr'><strong>quam</strong></span> 
     </span>
    </p>
   </div>
   <div class='ocr_carea' id='block_1_103' title="bbox 165 5544 1782 5620">
    <p class='ocr_par' dir='ltr' id='par_1_103' title="bbox 165 5544 1782 5620">
     <span class='ocr_line' id='line_1_103' title="bbox 165 5544 1782 5620; baseline -0.007 -14"><span class='ocrx_word' id='word_1_827' title='bbox 165 5559 230 5606; x_wconf 81' lang='lat' dir='ltr'><strong>et</strong></span> <span class='ocrx_word' id='word_1_828' title='bbox 266 5564 378 5620; x_wconf 81' lang='lat' dir='ltr'><strong>pro</strong></span> <span class='ocrx_word' id='word_1_829' title='bbox 412 5548 535 5603; x_wconf 91' lang='lat' dir='ltr'><strong>illis.</strong></span> <span class='ocrx_word' id='word_1_830' title='bbox 568 5546 715 5601; x_wconf 72' lang='lat' dir='ltr'><strong>Misit</strong></span> <span class='ocrx_word' id='word_1_831' title='bbox 752 5547 927 5617; x_wconf 85' lang='lat' dir='ltr'><strong>itaque</strong></span> <span class='ocrx_word' id='word_1_832' title='bbox 972 5544 1114 5613; x_wconf 81' lang='lat' dir='ltr'><strong>ﬁlias</strong></span> <span class='ocrx_word' id='word_1_833' title='bbox 1159 5548 1420 5615; x_wconf 69' lang='lat' dir='ltr'><strong>pharetra:</strong></span> <span class='ocrx_word' id='word_1_834' title='bbox 1462 5560 1571 5597; x_wconf 72' lang='lat' dir='ltr'><strong>sua;-</strong></span> <span class='ocrx_word' id='word_1_835' title='bbox 1615 5544 1668 5595; x_wconf 88' lang='lat' dir='ltr'><strong>in</strong></span> <span class='ocrx_word' id='word_1_836' title='bbox 1702 5559 1782 5595; x_wconf 89' lang='lat' dir='ltr'><strong>re-</strong></span> 
     </span>
    </p>
   </div>
   <div class='ocr_carea' id='block_1_104' title="bbox 163 5635 1778 5708">
    <p class='ocr_par' dir='ltr' id='par_1_104' title="bbox 163 5635 1778 5708">
     <span class='ocr_line' id='line_1_104' title="bbox 163 5635 1778 5708; baseline -0.006 -11"><span class='ocrx_word' id='word_1_837' title='bbox 163 5643 345 5697; x_wconf 74' lang='lat' dir='ltr'><strong>nibus</strong></span> <span class='ocrx_word' id='word_1_838' title='bbox 371 5644 519 5696; x_wconf 85' lang='lat' dir='ltr'><strong>meis.</strong></span> <span class='ocrx_word' id='word_1_839' title='bbox 546 5640 806 5695; x_wconf 88' lang='lat' dir='ltr'><strong>Pharelra</strong></span> <span class='ocrx_word' id='word_1_840' title='bbox 838 5653 1071 5708; x_wconf 87' lang='lat' dir='ltr'><strong>namque</strong></span> <span class='ocrx_word' id='word_1_841' title='bbox 1096 5640 1287 5707; x_wconf 86' lang='lat' dir='ltr'><strong>patris,</strong></span> <span class='ocrx_word' id='word_1_842' title='bbox 1326 5646 1469 5691; x_wconf 85' lang='lat' dir='ltr'><strong>recte</strong></span> <span class='ocrx_word' id='word_1_843' title='bbox 1499 5635 1778 5705; x_wconf 84' lang='lat' dir='ltr'><strong>Scriptura</strong></span> 
     </span>
    </p>
   </div>
   <div class='ocr_carea' id='block_1_105' title="bbox 161 5729 1777 5804">
    <p class='ocr_par' dir='ltr' id='par_1_105' title="bbox 161 5729 1777 5804">
     <span class='ocr_line' id='line_1_105' title="bbox 161 5729 1777 5804; baseline -0.006 -12"><span class='ocrx_word' id='word_1_844' title='bbox 161 5742 383 5792; x_wconf 68' lang='lat' dir='ltr'><strong>sancta</strong></span> <span class='ocrx_word' id='word_1_845' title='bbox 430 5733 718 5804; x_wconf 89' lang='lat' dir='ltr'><strong>accipitur,</strong></span> <span class='ocrx_word' id='word_1_846' title='bbox 747 5747 815 5787; x_wconf 80' lang='lat' dir='ltr'><strong>ex</strong></span> <span class='ocrx_word' id='word_1_847' title='bbox 840 5748 947 5803; x_wconf 87' lang='lat' dir='ltr'><strong>qua</strong></span> <span class='ocrx_word' id='word_1_848' title='bbox 984 5729 1172 5801; x_wconf 74' lang='lat' dir='ltr'><strong>iudicii</strong></span> <span class='ocrx_word' id='word_1_849' title='bbox 1225 5730 1322 5786; x_wconf 90' lang='lat' dir='ltr'><strong>Dei</strong></span> <span class='ocrx_word' id='word_1_850' title='bbox 1364 5729 1516 5799; x_wconf 87' lang='lat' dir='ltr'><strong>quasi</strong></span> <span class='ocrx_word' id='word_1_851' title='bbox 1548 5744 1613 5784; x_wconf 82' lang='lat' dir='ltr'><strong>ex</strong></span> <span class='ocrx_word' id='word_1_852' title='bbox 1650 5744 1777 5784; x_wconf 91' lang='lat' dir='ltr'><strong>arcu</strong></span> 
     </span>
    </p>
   </div>
   <div class='ocr_carea' id='block_1_106' title="bbox 1887 4633 3475 4702">
    <p class='ocr_par' dir='ltr' id='par_1_106' title="bbox 1887 4633 3475 4702">
     <span class='ocr_line' id='line_1_106' title="bbox 1887 4633 3475 4702; baseline -0.003 -10"><span class='ocrx_word' id='word_1_853' title='bbox 1887 4648 1967 4693; x_wconf 89' lang='lat' dir='ltr'><strong>tes</strong></span> <span class='ocrx_word' id='word_1_854' title='bbox 1998 4654 2103 4702; x_wconf 90' lang='lat' dir='ltr'><strong>me,</strong></span> <span class='ocrx_word' id='word_1_855' title='bbox 2128 4637 2435 4691; x_wconf 86' lang='lat' dir='ltr'><strong>deriserunt</strong></span> <span class='ocrx_word' id='word_1_856' title='bbox 2457 4650 2563 4699; x_wconf 91' lang='lat' dir='ltr'><strong>me,</strong></span> <span class='ocrx_word' id='word_1_857' title='bbox 2594 4634 2755 4688; x_wconf 85' lang='lat' dir='ltr'><strong>locuti</strong></span> <span class='ocrx_word' id='word_1_858' title='bbox 2785 4642 2911 4688; x_wconf 86' lang='lat' dir='ltr'><strong>sunt</strong></span> <span class='ocrx_word' id='word_1_859' title='bbox 2932 4633 3087 4687; x_wconf 88' lang='lat' dir='ltr'><strong>labiis</strong></span> <span class='ocrx_word' id='word_1_860' title='bbox 3111 4642 3168 4687; x_wconf 89' lang='lat' dir='ltr'><strong>et</strong></span> <span class='ocrx_word' id='word_1_861' title='bbox 3188 4644 3475 4688; x_wconf 70' lang='lat' dir='ltr'><strong>&quot;voverunt</strong></span> 
     </span>
    </p>
   </div>
   <div class='ocr_carea' id='block_1_107' title="bbox 1884 4724 3473 4803">
    <p class='ocr_par' dir='ltr' id='par_1_107' title="bbox 1884 4724 3473 4803">
     <span class='ocr_line' id='line_1_107' title="bbox 1884 4724 3473 4803; baseline -0.003 -18"><span class='ocrx_word' id='word_1_862' title='bbox 1884 4738 2066 4800; x_wconf 85' lang='lat' dir='ltr'><strong>caput,</strong></span> <span class='ocrx_word' id='word_1_863' title='bbox 2089 4728 2470 4783; x_wconf 87' lang='lat' dir='ltr'><strong>subsannando</strong></span> <span class='ocrx_word' id='word_1_864' title='bbox 2494 4725 2700 4779; x_wconf 73' lang='lat' dir='ltr'><strong>scilicet</strong></span> <span class='ocrx_word' id='word_1_865' title='bbox 2717 4734 2774 4779; x_wconf 86' lang='lat' dir='ltr'><strong>et</strong></span> <span class='ocrx_word' id='word_1_866' title='bbox 2795 4724 3125 4786; x_wconf 80' lang='lat' dir='ltr'><strong>insultando.</strong></span> <span class='ocrx_word' id='word_1_867' title='bbox 3146 4724 3285 4780; x_wconf 87' lang='lat' dir='ltr'><strong>sicut</strong></span> <span class='ocrx_word' id='word_1_868' title='bbox 3305 4725 3473 4803; x_wconf 64' lang='lat' dir='ltr'><strong>ipsius</strong></span> 
     </span>
    </p>
   </div>
   <div class='ocr_carea' id='block_1_108' title="bbox 1885 4813 3472 4889">
    <p class='ocr_par' dir='ltr' id='par_1_108' title="bbox 1885 4813 3472 4889">
     <span class='ocr_line' id='line_1_108' title="bbox 1885 4813 3472 4889; baseline -0.004 -13"><span class='ocrx_word' id='word_1_869' title='bbox 1885 4821 2094 4876; x_wconf 91' lang='lat' dir='ltr'><strong>Domini</strong></span> <span class='ocrx_word' id='word_1_870' title='bbox 2117 4820 2296 4889; x_wconf 87' lang='lat' dir='ltr'><strong>passio</strong></span> <span class='ocrx_word' id='word_1_871' title='bbox 2311 4816 2653 4885; x_wconf 86' lang='lat' dir='ltr'><strong>apertissime</strong></span> <span class='ocrx_word' id='word_1_872' title='bbox 2676 4815 2952 4870; x_wconf 79' lang='lat' dir='ltr'><strong>declarat:</strong></span> <span class='ocrx_word' id='word_1_873' title='bbox 2977 4813 3204 4885; x_wconf 73' lang='grc' dir='ltr'><strong>ηφιευει</strong></span> <span class='ocrx_word' id='word_1_874' title='bbox 3222 4830 3302 4868; x_wconf 72' lang='lat' dir='ltr'><strong>me</strong></span> <span class='ocrx_word' id='word_1_875' title='bbox 3322 4830 3472 4869; x_wconf 80' lang='lat' dir='ltr'><strong>ama-</strong></span> 
     </span>
    </p>
   </div>
   <div class='ocr_carea' id='block_1_109' title="bbox 1887 4905 3474 4977">
    <p class='ocr_par' dir='ltr' id='par_1_109' title="bbox 1887 4905 3474 4977">
     <span class='ocr_line' id='line_1_109' title="bbox 1887 4905 3474 4977; baseline -0.003 -11"><span class='ocrx_word' id='word_1_876' title='bbox 1887 4910 2223 4972; x_wconf 81' lang='lat' dir='ltr'><strong>ritudinibus,</strong></span> <span class='ocrx_word' id='word_1_877' title='bbox 2247 4918 2296 4962; x_wconf 86' lang='lat' dir='ltr'><strong>et</strong></span> <span class='ocrx_word' id='word_1_878' title='bbox 2317 4907 2587 4961; x_wconf 81' lang='lat' dir='ltr'><strong>inebriavit</strong></span> <span class='ocrx_word' id='word_1_879' title='bbox 2601 4923 2682 4960; x_wconf 81' lang='lat' dir='ltr'><strong>me</strong></span> <span class='ocrx_word' id='word_1_880' title='bbox 2697 4907 2997 4977; x_wconf 80' lang='lat' dir='ltr'><strong>absynthio.</strong></span> <span class='ocrx_word' id='word_1_881' title='bbox 3028 4905 3181 4961; x_wconf 81' lang='lat' dir='ltr'><strong>Unde</strong></span> <span class='ocrx_word' id='word_1_882' title='bbox 3198 4905 3329 4961; x_wconf 83' lang='lat' dir='ltr'><strong>etin</strong></span> <span class='ocrx_word' id='word_1_883' title='bbox 3348 4919 3474 4976; x_wconf 81' lang='lat' dir='ltr'><strong>pas-</strong></span> 
     </span>
    </p>
   </div>
   <div class='ocr_carea' id='block_1_110' title="bbox 1886 4997 3472 5073">
    <p class='ocr_par' dir='ltr' id='par_1_110' title="bbox 1886 4997 3472 5073">
     <span class='ocr_line' id='line_1_110' title="bbox 1886 4997 3472 5073; baseline -0.002 -13"><span class='ocrx_word' id='word_1_884' title='bbox 1886 5005 2037 5060; x_wconf 86' lang='lat' dir='ltr'><strong>sione</strong></span> <span class='ocrx_word' id='word_1_885' title='bbox 2062 5003 2396 5073; x_wconf 83' lang='lat' dir='ltr'><strong>myrrhatum</strong></span> <span class='ocrx_word' id='word_1_886' title='bbox 2428 5000 2613 5055; x_wconf 89' lang='lat' dir='ltr'><strong>vinum</strong></span> <span class='ocrx_word' id='word_1_887' title='bbox 2645 5000 2912 5056; x_wconf 86' lang='lat' dir='ltr'><strong>dederunt</strong></span> <span class='ocrx_word' id='word_1_888' title='bbox 2960 5000 3009 5054; x_wconf 91' lang='lat' dir='ltr'><strong>ei</strong></span> <span class='ocrx_word' id='word_1_889' title='bbox 3035 4998 3223 5054; x_wconf 85' lang='lat' dir='ltr'><strong>bibere</strong></span> <span class='ocrx_word' id='word_1_890' title='bbox 3273 4997 3472 5069; x_wconf 70' lang='lat' dir='ltr'><strong>(Marc.</strong></span> 
     </span>
    </p>
   </div>
   <div class='ocr_carea' id='block_1_111' title="bbox 1888 5090 3471 5162">
    <p class='ocr_par' dir='ltr' id='par_1_111' title="bbox 1888 5090 3471 5162">
     <span class='ocr_line' id='line_1_111' title="bbox 1888 5090 3471 5162; baseline -0.001 -14"><span class='ocrx_word' id='word_1_891' title='bbox 1888 5095 2011 5162; x_wconf 77' lang='lat' dir='ltr'><strong>xv):</strong></span> <span class='ocrx_word' id='word_1_892' title='bbox 2043 5093 2298 5162; x_wconf 86' lang='lat' dir='ltr'><strong>quoniam</strong></span> <span class='ocrx_word' id='word_1_893' title='bbox 2327 5108 2482 5148; x_wconf 86' lang='lat' dir='ltr'><strong>versa</strong></span> <span class='ocrx_word' id='word_1_894' title='bbox 2518 5101 2641 5147; x_wconf 88' lang='lat' dir='ltr'><strong>erat</strong></span> <span class='ocrx_word' id='word_1_895' title='bbox 2667 5093 2826 5147; x_wconf 86' lang='lat' dir='ltr'><strong>vinea</strong></span> <span class='ocrx_word' id='word_1_896' title='bbox 2853 5091 3064 5146; x_wconf 85' lang='lat' dir='ltr'><strong>Domini</strong></span> <span class='ocrx_word' id='word_1_897' title='bbox 3097 5091 3279 5162; x_wconf 83' lang='lat' dir='ltr'><strong>(quam</strong></span> <span class='ocrx_word' id='word_1_898' title='bbox 3313 5090 3471 5161; x_wconf 72' lang='lat' dir='ltr'><strong>plau-</strong></span> 
     </span>
    </p>
   </div>
   <div class='ocr_carea' id='block_1_112' title="bbox 1889 5180 3471 5254">
    <p class='ocr_par' dir='ltr' id='par_1_112' title="bbox 1889 5180 3471 5254">
     <span class='ocr_line' id='line_1_112' title="bbox 1889 5180 3471 5254; baseline 0.002 -16"><span class='ocrx_word' id='word_1_899' title='bbox 1889 5192 2099 5239; x_wconf 88' lang='lat' dir='ltr'><strong>taverat</strong></span> <span class='ocrx_word' id='word_1_900' title='bbox 2122 5183 2235 5253; x_wconf 90' lang='lat' dir='ltr'><strong>ipse</strong></span> <span class='ocrx_word' id='word_1_901' title='bbox 2254 5184 2411 5237; x_wconf 88' lang='lat' dir='ltr'><strong>vinea</strong></span> <span class='ocrx_word' id='word_1_902' title='bbox 2425 5183 2651 5254; x_wconf 90' lang='lat' dir='ltr'><strong>Sorech)</strong></span> <span class='ocrx_word' id='word_1_903' title='bbox 2677 5183 2730 5237; x_wconf 91' lang='lat' dir='ltr'><strong>in</strong></span> <span class='ocrx_word' id='word_1_904' title='bbox 2747 5180 3169 5236; x_wconf 82' lang='lat' dir='ltr'><strong>amaritudinem</strong></span> <span class='ocrx_word' id='word_1_905' title='bbox 3192 5182 3319 5237; x_wconf 82' lang='lat' dir='ltr'><strong>vitis</strong></span> <span class='ocrx_word' id='word_1_906' title='bbox 3338 5180 3471 5241; x_wconf 80' lang='lat' dir='ltr'><strong>alio-</strong></span> 
     </span>
    </p>
   </div>
   <div class='ocr_carea' id='block_1_113' title="bbox 1888 5270 3469 5347">
    <p class='ocr_par' dir='ltr' id='par_1_113' title="bbox 1888 5270 3469 5347">
     <span class='ocr_line' id='line_1_113' title="bbox 1888 5270 3469 5347; baseline 0.001 -19"><span class='ocrx_word' id='word_1_907' title='bbox 1888 5290 1971 5328; x_wconf 72' lang='lat' dir='ltr'><strong>nas</strong></span> <span class='ocrx_word' id='word_1_908' title='bbox 1997 5274 2135 5347; x_wconf 88' lang='lat' dir='ltr'><strong>(lsa.</strong></span> <span class='ocrx_word' id='word_1_909' title='bbox 2163 5273 2240 5343; x_wconf 89' lang='lat' dir='ltr'><strong>v).</strong></span> <span class='ocrx_word' id='word_1_910' title='bbox 2269 5274 2422 5340; x_wconf 87' lang='lat' dir='ltr'><strong>Quod</strong></span> <span class='ocrx_word' id='word_1_911' title='bbox 2455 5283 2635 5330; x_wconf 85' lang='lat' dir='ltr'><strong>autem</strong></span> <span class='ocrx_word' id='word_1_912' title='bbox 2666 5271 2994 5327; x_wconf 75' lang='lat' dir='ltr'><strong>inebriatam</strong></span> <span class='ocrx_word' id='word_1_913' title='bbox 3021 5285 3083 5326; x_wconf 84' lang='lat' dir='ltr'><strong>se</strong></span> <span class='ocrx_word' id='word_1_914' title='bbox 3103 5270 3238 5327; x_wconf 83' lang='lat' dir='ltr'><strong>dicit</strong></span> <span class='ocrx_word' id='word_1_915' title='bbox 3263 5273 3469 5345; x_wconf 60' lang='grc' dir='ltr'><strong>κώπη-</strong></span> 
     </span>
    </p>
   </div>
   <div class='ocr_carea' id='block_1_114' title="bbox 1888 5362 3451 5427">
    <p class='ocr_par' dir='ltr' id='par_1_114' title="bbox 1888 5362 3451 5427">
     <span class='ocr_line' id='line_1_114' title="bbox 1888 5362 3451 5427; baseline 0.003 -8"><span class='ocrx_word' id='word_1_916' title='bbox 1888 5366 2023 5427; x_wconf 89' lang='lat' dir='ltr'><strong>tbio,</strong></span> <span class='ocrx_word' id='word_1_917' title='bbox 2052 5364 2292 5419; x_wconf 89' lang='lat' dir='ltr'><strong>ostendit</strong></span> <span class='ocrx_word' id='word_1_918' title='bbox 2318 5380 2440 5419; x_wconf 90' lang='lat' dir='ltr'><strong>eum</strong></span> <span class='ocrx_word' id='word_1_919' title='bbox 2482 5380 2586 5419; x_wconf 92' lang='lat' dir='ltr'><strong>non</strong></span> <span class='ocrx_word' id='word_1_920' title='bbox 2631 5364 2808 5419; x_wconf 88' lang='lat' dir='ltr'><strong>minus</strong></span> <span class='ocrx_word' id='word_1_921' title='bbox 2834 5362 3159 5417; x_wconf 87' lang='lat' dir='ltr'><strong>intrinsecus</strong></span> <span class='ocrx_word' id='word_1_922' title='bbox 3176 5363 3323 5419; x_wconf 86' lang='lat' dir='ltr'><strong>omni</strong></span> <span class='ocrx_word' id='word_1_923' title='bbox 3349 5379 3451 5423; x_wconf 74' lang='lat' dir='ltr'><strong>cur</strong></span> 
     </span>
    </p>
   </div>
   <div class='ocr_carea' id='block_1_115' title="bbox 1889 5453 3470 5525">
    <p class='ocr_par' dir='ltr' id='par_1_115' title="bbox 1889 5453 3470 5525">
     <span class='ocr_line' id='line_1_115' title="bbox 1889 5453 3470 5525; baseline -0.002 -12"><span class='ocrx_word' id='word_1_924' title='bbox 1889 5459 1971 5513; x_wconf 82' lang='lat' dir='ltr'><strong>dis</strong></span> <span class='ocrx_word' id='word_1_925' title='bbox 1996 5458 2181 5512; x_wconf 84' lang='lat' dir='ltr'><strong>dolore</strong></span> <span class='ocrx_word' id='word_1_926' title='bbox 2204 5455 2477 5521; x_wconf 80' lang='lat' dir='ltr'><strong>aﬁ&#39;ectum,</strong></span> <span class='ocrx_word' id='word_1_927' title='bbox 2507 5469 2669 5524; x_wconf 90' lang='lat' dir='ltr'><strong>quam</strong></span> <span class='ocrx_word' id='word_1_928' title='bbox 2690 5454 2934 5508; x_wconf 74' lang='lat' dir='ltr'><strong>exterius</strong></span> <span class='ocrx_word' id='word_1_929' title='bbox 2958 5453 3320 5510; x_wconf 72' lang='lat' dir='ltr'><strong>amaritudine</strong></span> <span class='ocrx_word' id='word_1_930' title='bbox 3344 5468 3470 5525; x_wconf 76' lang='lat' dir='ltr'><strong>pas-</strong></span> 
     </span>
    </p>
   </div>
   <div class='ocr_carea' id='block_1_116' title="bbox 1887 5544 3469 5619">
    <p class='ocr_par' dir='ltr' id='par_1_116' title="bbox 1887 5544 3469 5619">
     <span class='ocr_line' id='line_1_116' title="bbox 1887 5544 3469 5619; baseline 0 -16"><span class='ocrx_word' id='word_1_931' title='bbox 1887 5550 2054 5603; x_wconf 88' lang='lat' dir='ltr'><strong>sionis</strong></span> <span class='ocrx_word' id='word_1_932' title='bbox 2080 5548 2440 5602; x_wconf 88' lang='lat' dir='ltr'><strong>vulneratum.</strong></span> <span class='ocrx_word' id='word_1_933' title='bbox 2473 5545 2678 5612; x_wconf 86' lang='lat' dir='ltr'><strong>Quibus</strong></span> <span class='ocrx_word' id='word_1_934' title='bbox 2698 5545 2944 5615; x_wconf 82' lang='lat' dir='ltr'><strong>profecto</strong></span> <span class='ocrx_word' id='word_1_935' title='bbox 2965 5544 3243 5601; x_wconf 86' lang='lat' dir='ltr'><strong>doloribus</strong></span> <span class='ocrx_word' id='word_1_936' title='bbox 3258 5553 3315 5603; x_wconf 84' lang='lat' dir='ltr'><strong>et</strong></span> <span class='ocrx_word' id='word_1_937' title='bbox 3340 5562 3469 5619; x_wconf 78' lang='lat' dir='ltr'><strong>sup-</strong></span> 
     </span>
    </p>
   </div>
   <div class='ocr_carea' id='block_1_117' title="bbox 1885 5637 3467 5711">
    <p class='ocr_par' dir='ltr' id='par_1_117' title="bbox 1885 5637 3467 5711">
     <span class='ocr_line' id='line_1_117' title="bbox 1885 5637 3467 5711; baseline -0.001 -17"><span class='ocrx_word' id='word_1_938' title='bbox 1885 5641 2079 5711; x_wconf 87' lang='lat' dir='ltr'><strong>pliciis,</strong></span> <span class='ocrx_word' id='word_1_939' title='bbox 2113 5655 2273 5694; x_wconf 89' lang='lat' dir='ltr'><strong>omne</strong></span> <span class='ocrx_word' id='word_1_940' title='bbox 2318 5653 2515 5706; x_wconf 85' lang='lat' dir='ltr'><strong>corpus</strong></span> <span class='ocrx_word' id='word_1_941' title='bbox 2544 5637 2746 5692; x_wconf 84' lang='lat' dir='ltr'><strong>Christi</strong></span> <span class='ocrx_word' id='word_1_942' title='bbox 2777 5653 2950 5706; x_wconf 84' lang='lat' dir='ltr'><strong>usque</strong></span> <span class='ocrx_word' id='word_1_943' title='bbox 2979 5637 3046 5692; x_wconf 86' lang='lat' dir='ltr'><strong>ad</strong></span> <span class='ocrx_word' id='word_1_944' title='bbox 3083 5638 3266 5701; x_wconf 86' lang='lat' dir='ltr'><strong>tinem,</strong></span> <span class='ocrx_word' id='word_1_945' title='bbox 3293 5638 3467 5697; x_wconf 61' lang='lat' dir='ltr'><strong>donec</strong></span> 
     </span>
    </p>
   </div>
   <div class='ocr_carea' id='block_1_118' title="bbox 1884 5727 3468 5797">
    <p class='ocr_par' dir='ltr' id='par_1_118' title="bbox 1884 5727 3468 5797">
     <span class='ocr_line' id='line_1_118' title="bbox 1884 5727 3468 5797; baseline 0.001 -13"><span class='ocrx_word' id='word_1_946' title='bbox 1884 5732 2065 5786; x_wconf 90' lang='lat' dir='ltr'><strong>omnia</strong></span> <span class='ocrx_word' id='word_1_947' title='bbox 2078 5736 2538 5793; x_wconf 89' lang='lat' dir='ltr'><strong>consummentur,</strong></span> <span class='ocrx_word' id='word_1_948' title='bbox 2564 5728 2619 5781; x_wconf 90' lang='lat' dir='ltr'><strong>in</strong></span> <span class='ocrx_word' id='word_1_949' title='bbox 2635 5742 2699 5783; x_wconf 86' lang='lat' dir='ltr'><strong>eo</strong></span> <span class='ocrx_word' id='word_1_950' title='bbox 2718 5728 2863 5782; x_wconf 84' lang='lat' dir='ltr'><strong>intus</strong></span> <span class='ocrx_word' id='word_1_951' title='bbox 2886 5727 3087 5783; x_wconf 74' lang='lat' dir='ltr'><strong>ferisve</strong></span> <span class='ocrx_word' id='word_1_952' title='bbox 3097 5729 3468 5797; x_wconf 57' lang='lat' dir='ltr'><strong>excruciatum</strong></span> 
     </span>
    </p>
   </div>
  </div>
