4078 6348
575 249 721 358 ωε

1317 249 1334 260 ⁹
1387 283 1446 339 S.
1476 277 1836 338 PASCllASll
1870 270 2218 330 RADBERTI
2253 266 2544 326 ABBATIS
2581 261 3030 323 CORBEIENSIS

3709 260 3836 318 H60

566 419 623 470 et
638 407 942 466 derisiones
969 403 1175 475 patitur
1199 415 1230 455 a
1249 393 1715 470 persecutoribus,
1764 389 1834 444 ab
1861 385 2152 448 hmreticis,
2181 389 2235 451 Α
2258 379 2449 452 potuit.
2486 376 2578 432 Sic
2623 385 2678 431 et
2708 374 2949 430 Ecclesia
2997 370 3274 427 multoties
3319 368 3537 440 repulsa
3568 368 3840 426 haeretico-

568 517 600 557 a
629 500 781 556 falsis
831 496 1116 557 fratribus,
1165 492 1235 545 ab
1270 484 1634 544 invisibilibus
1685 481 1950 542 hostibus,
1987 484 2041 532 et
2094 475 2162 530 ab

568 595 718 653 omni
745 604 999 664 pressura
1030 584 1212 644 saeculi
1237 582 1321 655 (11
1351 578 1592 649 Camn).
1611 576 1717 630 Sed
1737 585 1793 630 et
1813 573 1991 628 anima
2018 584 2164 641 quas-

569 689 705 748 libet
735 687 932 743 talibus
955 692 1012 739 et
1049 675 1420 750 hujuscemodi
1457 668 1916 728 amaritudinibus
1946 680 2004 718 se
2029 677 2164 733 quo-

571 782 705 838 tidie
753 779 914 836 sentit
956 772 1236 835 inebriari,
1284 772 1383 835 ita,
1421 777 1480 823 ut
1521 765 1655 821 nihil
1680 759 2164 833 impraesentiarum

580 873 708 930 boni
738 872 956 934 sentiat,
985 872 1112 923 dum
1126 863 1293 920 tantis
1322 859 1695 917 indesinenter
1723 851 1956 910 aﬁicitur
1983 848 2163 905 malis.

574 967 714 1024 Hinc
736 964 982 1035 sequitur
1006 979 1019 1016 :

1308 1042 1411 1082 VA.
1420 1065 1434 1079 .

648 1147 916 1218 Confregit
945 1143 1012 1199 ad
1038 1155 1310 1197 numerum
1335 1137 1514 1191 dentes
1553 1149 1718 1192 meos.
1765 1130 1954 1190 cibavit
1987 1143 2068 1183 me
2096 1127 2171 1181 ci-

575 1258 719 1298 nere.
752 1239 820 1293 Et
851 1236 1059 1308 repulsa
1081 1245 1154 1289 est
1177 1232 1358 1286 anima
1377 1245 1513 1289 mea,
1541 1227 1732 1280 oblitus
1753 1240 1867 1278 sum
1886 1223 2164 1276 bonorum.

579 1332 650 1388 Et
676 1332 786 1386 dixi
808 1348 820 1384 :
851 1328 1015 1384 Periit
1040 1328 1162 1396 ﬁnis
1202 1340 1370 1387 meus,
1410 1331 1458 1374 et
1485 1317 1700 1391 1430
1721 1333 1834 1386 spes
1865 1331 1979 1370 mea
2003 1330 2036 1367 α
2065 1312 2171 1366 Do-

578 1425 743 1478 mino.
792 1418 944 1488 Quod
985 1417 1127 1472 male
1173 1423 1438 1470 tractatus
1482 1411 1553 1465 sit
1580 1407 1898 1464 Jeremiasa
1952 1401 2168 1474 pOpnlo,

579 1513 724 1584 quod
755 1513 920 1567 etiam
975 1518 1029 1564 et
1074 1507 1304 1579 populus
1334 1506 1402 1559 ab
1447 1501 1715 1565 hostibus,
1746 1498 1876 1553 nulli
1923 1495 2167 1550 dubium.

578 1605 755 1669 Unde,
782 1604 976 1674 inquit,
999 1599 1186 1656 cibavit
1211 1615 1292 1652 me
1330 1597 1524 1659 cinere,
1568 1594 1692 1662 quia
1717 1590 1988 1660 Propheta
2031 1587 2172 1641 fame

575 1710 715 1766 pene
749 1702 1082 1765 peremptus,
1115 1699 1171 1745 et
1217 1687 1447 1760 populus
1469 1686 1617 1740 omni
1652 1696 1935 1753 poenarum
1971 1693 2170 1750 genere

566 1792 666 1843 'est
717 1787 998 1858 depassus.
1045 1783 1155 1840 Pro
1201 1783 1400 1852 quibus
1449 1779 1792 1834 miseriarum
1844 1773 2103 1843 angoribu

579 1877 736 1947 quasi
762 1876 948 1932 cinere
969 1873 1243 1945 plangitur
1271 1871 1502 1934 cibatus,
1530 1869 1606 1921 ita
1653 1875 1713 1920 ut
1745 1863 1958 1936 repulsa
1991 1862 2172 1915 anima

579 1969 649 2024 de
696 1981 925 2038 corpore
955 1965 1226 2021 credatur.
1263 1961 1403 2031 Ergo
1433 1959 1698 2013 bonorum
1728 1953 1987 2009 memoria
2033 1951 2174 2004 inter

580 2059 844 2130 supplicia
863 2058 972 2112 cito
996 2055 1229 2109 labitur:
1258 2051 1414 2106 sicuti
1438 2066 1469 2105 e
1497 2047 1796 2110 contrario,
1829 2053 1886 2100 et
1904 2043 2170 2098 malorum

581 2154 726 2209 inter
763 2159 979 2206 :eternaz
1007 2147 1284 2202 fruitionis
1335 2144 1530 2215 gaudia
1561 2157 1667 2196 non
1711 2138 2061 2194 recordatur:
2095 2136 2175 2190 in-

581 2252 794 2298 tantum
825 2251 883 2298 ut
903 2241 1091 2310 lugeat
1118 2239 1380 2309 propheta
1415 2235 1574 2290 ﬁnem
1606 2231 1787 2303 populi
1812 2229 1915 2295 sui,
1948 2237 2003 2284 et
2023 2242 2174 2298 Spem

583 2335 942 2393 convertendi
984 2351 1014 2388 a
1036 2333 1266 2389 Domino
1297 2329 1611 2400 deperiisse.
1642 2326 1786 2398 quod
1815 2324 1954 2379 sicut
1978 2321 2174 2396 impius

578 2447 704 2489 cum
736 2431 789 2486 in
813 2429 1139 2501 profundum
1168 2425 1432 2481 malorum
1463 2421 1671 2477 venerit
1708 2417 1896 2491 (Prov.
1923 2413 2175 2485 xvut),hi

581 2524 870 2582 Dominum
903 2525 1368 2590 contempserunt.
1418 2515 1630 2570 Interea
1677 2526 1782 2566 vox
1827 2509 2024 2580 capitis
2069 2513 2173 2570 est,

579 2617 723 2690 quod
737 2614 1072 2685 confregerit
1093 2612 1160 2667 ad
1185 2622 1474 2666 numerum
1491 2607 1681 2662 dentes
1696 2603 1813 2674 ejus
1829 2602 1882 2668 in
1899 2599 2174 2672 Passione,

580 2687 794 2764 scilicet
815 2705 1090 2777 apostolos
1111 2711 1167 2758 et
1183 2698 1496 2770 discipulos,
1523 2696 1614 2767 qui
1639 2703 1786 2751 recte
1808 2694 1996 2749 dentes
2022 2687 2179 2744 intel-

579 2799 856 2872 liguntur:
881 2796 1136 2868 quoniam
1169 2794 1312 2849 sicut
1338 2790 1592 2846 dentibus
1634 2787 1816 2843 omnia
1869 2783 2178 2839 mandimus

581 2905 647 2946 ac
673 2889 1096 2945 comminuimus
1125 2900 1246 2956 quae
1277 2883 1330 2937 in
1356 2895 1585 2950 corpore
1623 2877 1946 2946 trajicimus,
1975 2874 2052 2929 ita
2081 2887 2180 2944 per

587 2983 883 3055 apostolos,
919 2981 1170 3036 Christus
1196 2978 1484 3034 credentes
1508 2975 1561 3028 in
1589 2987 1688 3027 suo
1713 2968 1930 3025 admisit
1950 2978 2179 3037 corpore

583 3082 641 3130 et
667 3072 1038 3144 transposuit;
1071 3071 1165 3141 qui
1215 3069 1444 3137 denique
1477 3080 1543 3120 eo
1570 3063 1778 3124 relicto,
1811 3061 2006 3114 timore
2049 3071 2176 3127 per-

585 3167 746 3233 culsi,
774 3180 965 3225 omnes
990 3162 1264 3233 fugierunt
1290 3159 1506 3232 (Matth.
1541 3155 1712 3225 xxvi).
1753 3153 1977 3208 (libatus
1998 3158 2179 3204 autem

584 3258 772 3315 cinere
795 3257 964 3314 etiam
993 3270 1093 3327 per
1107 3253 1273 3309 David
1299 3251 1524 3306 dicitur:
1561 3247 1723 3313 Quia,
1742 3243 1938 3314 inquit,
1956 3243 2180 3296 cinerem

586 3360 838 3422 tanquam
871 3364 1063 3418 panem
1097 3343 1505 3406 manducabam,
1558 3350 1606 3394 et
1631 3347 1812 3419 potum
1859 3351 2033 3389 meum
2061 3349 2179 3387 cum

587 3443 714 3514 ﬂetu
744 3441 1026 3496 miscebant
1055 3437 1228 3511 (Psal.
1253 3439 1349 3507 Cl).
1387 3432 1622 3504 Repulsa
1651 3440 1753 3494 est,
1781 3427 1972 3498 inquit,
1999 3425 2180 3480 anima

587 3547 731 3597 mea,
768 3531 978 3586 scilicet
1013 3530 1267 3586 omnibus
1300 3536 1446 3581 retro
1495 3521 1867 3578 annumeratis
1896 3514 2074 3583 malis,
2107 3517 2182 3571 ita

588 3630 650 3677 ut
690 3622 912 3678 taederet
937 3622 1119 3676 vivere
1145 3639 1158 3674 :
1182 3620 1439 3690 quoniam
1490 3617 1545 3672 hi
1600 3629 1736 3686 quos
1766 3612 2060 3682 plurimum
2101 3609 2182 3663 di-

591 3712 823 3779 lexerat,
853 3721 910 3767 et
936 3720 1161 3783 propter
1188 3727 1326 3782 quos
1355 3717 1603 3774 venerat,
1623 3706 1772 3762 omni
1792 3719 1917 3760 eum
1935 3703 2183 3772 inseque-

588 3802 792 3858 bantur
815 3803 962 3859 odio.
993 3802 1135 3874 Ergo
1156 3802 1257 3857 sub
1280 3799 1396 3855 Vau
1419 3799 1599 3854 littera
1628 3795 1832 3852 doloris
1857 3804 1912 3848 et
1933 3789 2184 3847 maeroris

591 3890 699 3947 ista
732 3901 1150 3963 exaggerantur,
1177 3899 1234 3945 et
1257 3904 1355 3960 per
1383 3904 1502 3944 eam
1527 3900 1650 3957 qua:
1677 3884 1867 3940 durius
1889 3883 2032 3937 dicta
2057 3887 2185 3935 sunt

589 3991 986 4054 temperantur.
1018 3983 1133 4039 Vw
1155 3995 1390 4051 namque
1414 3993 1610 4034 sonare
1635 3975 1848 4030 videtur
1866 3973 1951 4028 vel
1972 3972 2051 4027 sic
2075 3986 2183 4025 non

593 4075 719 4134 ille:
751 4075 880 4132 licet
905 4077 1046 4131 alius
1075 4077 1345 4152 interpres
1373 4071 1592 4134 dixerit,
1623 4076 1679 4124 et
1699 4075 1793 4122 aut
1816 4074 1966 4121 certe
1987 4073 2044 4118 et
2073 4078 2181 4118 non

593 4169 708 4236 ille,
746 4170 873 4242 quia
917 4169 1149 4225 licetsic
1174 4166 1410 4223 dixerit:
1446 4162 1614 4218 Periit
1649 4161 1770 4229 ﬁnis
1798 4175 1969 4224 meus,
1993 4167 2041 4212 et
2067 4173 2183 4226 spes

590 4277 710 4317 mea
749 4279 782 4315 a
809 4260 1058 4326 Domino,
1088 4275 1195 4315 non
1223 4259 1303 4314 sic
1323 4256 1412 4312 ille
1441 4255 1736 4310 arbitratus
1764 4260 1870 4317 est,
1895 4259 2076 4305 etnon
2097 4257 2184 4304 est

593 4351 794 4407 oblitus
822 4351 958 4406 adeo
989 4351 1273 4413 bonorum,
1298 4356 1358 4402 ut
1391 4362 1516 4402 cum
1539 4344 1698 4399 Patre
1737 4358 1858 4413 quas
1887 4349 2014 4396 sunt
2037 4355 2182 4394 sem-

591 4446 810 4519 piterna
835 4461 941 4501 non
966 4444 1239 4508 habuerit,
1267 4453 1359 4497 aut
1390 4440 1686 4497 secundum
1711 4437 2100 4494 humanitatem
2127 4435 2182 4489 in

591 4540 798 4596 unitate
827 4553 1070 4608 personae
1097 4536 1186 4590 illa
1218 4536 1500 4606 percipere
1515 4547 1619 4588 non
1637 4528 1942 4586 crediderit.
1974 4527 2050 4581 De
2063 4526 2183 4597 qui-

562 4631 696 4688 .bus
723 4630 970 4703 profecto
994 4631 1152 4685 bonis
1182 4629 1378 4684 David:
1399 4627 1588 4690 Credo,
1620 4624 1816 4694 inquit,
1849 4621 2020 4676 videre
2047 4621 2181 4674 bona

593 4723 806 4798 Domini
834 4724 891 4777 in
919 4732 1059 4778 terra
1089 4722 1366 4777 viventium
1388 4718 1560 4791 (Psal.
1591 4718 1762 4787 xxv't).
1792 4715 1859 4769 Et
1908 4714 2046 4777 ideo,
2097 4711 2184 4767 vel

593 4815 676 4872 sic
701 4831 808 4872 non
836 4814 950 4880 ille,
987 4821 1047 4868 ut
1096 4813 1231 4879 dixi,
1275 4813 1574 4867 arbitratus
1623 4818 1709 4863 est
1747 4808 1908 4862 ﬁnem
1957 4805 2184 4876 periisse

593 4921 774 4972 suum,
800 4921 975 4976 neque
1015 4919 1164 4975 spem
1197 4919 1348 4959 suam
1398 4920 1426 4957 a
1458 4901 1708 4964 Domino,
1731 4907 1786 4955 et
1815 4914 1919 4953 non
1947 4905 2032 4952 est
2051 4895 2187 4950 obli-

594 5003 687 5053 tus
710 4998 998 5061 bonorum,
1029 4995 1156 5050 licet
1178 4993 1390 5063 repulsa
1421 4993 1490 5047 sit
1511 4992 1690 5046 anima
1723 4989 1868 5044 illius
1896 4988 1948 5040 in
1971 5002 2036 5041 eo
2077 4999 2189 5056 prie

597 5087 781 5143 cordis
800 5086 998 5142 duritia
1022 5083 1350 5140 Judaaorum.
1377 5082 1482 5138 Sed
1509 5082 1735 5137 nimium
1762 5079 1927 5134 animi
1949 5077 2187 5133 dolorem

598 5183 842 5239 insinuat
888 5190 944 5237 et
971 5193 1286 5244 mterorem,
1318 5187 1377 5232 ut
1399 5178 1534 5232 adeo
1564 5177 1638 5231 sit
1661 5173 1959 5230 inebriatus
1984 5171 2189 5242 passio-

601 5274 686 5330 nis
711 5273 1095 5337 amaritudine,
1127 5285 1196 5326 ne
1224 5269 1500 5325 recordari
1526 5267 1697 5339 possit
1722 5266 2005 5326 bonorum,
2029 5269 2083 5314 et
2104 5260 2186 5314 di-

603 5375 692 5424 cat
717 5365 874 5420 malis
901 5364 1261 5421 exacerbatus
1288 5381 1300 5416 :
1328 5359 1491 5415 Periit
1539 5360 1662 5427 ﬁnis
1688 5372 1832 5410 meus
1857 5364 1902 5407 et
1932 5369 2046 5420 spes
2072 5368 2190 5405 mea

605 5477 638 5513 a
671 5457 919 5513 Domino.
952 5455 1106 5524 Quod
1134 5457 1180 5511 si
1211 5470 1316 5510 non
1347 5462 1432 5510 est
1464 5453 1536 5507 ita
1569 5450 1708 5521 apud
1737 5449 2008 5501 internum
2042 5443 2189 5514 judi-

603 5565 744 5615 mm,
792 5550 934 5620 apud
979 5549 1227 5603 homines
1277 5561 1408 5602 vero
1429 5545 1519 5614 qui
1554 5553 1683 5597 tunc
1712 5541 1936 5594 aderant
1965 5537 2193 5608 periisse

604 5639 890 5694 videbatur
941 5638 1234 5702 intantum,
1281 5646 1341 5692 ut
1393 5633 1600 5706 1431
1633 5633 1817 5686 dicant
1846 5627 2190 5685 insultando:

609 5727 712 5796 Qui
735 5727 870 5784 alios
899 5727 1076 5784 salvos
1116 5726 1265 5792 fecit,
1321 5726 1558 5796 seipsum
1607 5722 1816 5778 salvum
1861 5721 2041 5776 facere
2089 5731 2195 5773 non

2265 486 2384 526 rum
2411 468 2566 523 malis
2590 475 2752 536 atque
2793 473 3224 535 persecutorum,
3257 462 3660 533 praeteritorum
3686 461 3842 518 oblita

2263 551 2550 614 bonorum,
2586 546 2886 602 innumeris
2915 559 3173 615 oppressa
3206 542 3508 604 doloribus,
3542 542 3679 596 adeo
3700 550 3756 596 ut
3777 543 3845 596 si-

2265 643 2353 699 nis
2372 641 2488 712 ejus
2528 641 2663 696 adeo
2692 640 2922 710 periisse
2951 648 3008 693 et
3051 652 3174 708 spes
3200 635 3482 690 videatur:
3516 644 3573 688 et
3603 651 3709 690 non
3735 637 3851 691 dico

2267 736 2336 790 ab
2359 733 2686 800 inﬁdelibus,
2727 747 2917 787 verum
2945 731 3110 785 etiam
3137 738 3194 786 et
3215 729 3486 784 interdum
3515 744 3546 783 a
3588 727 3851 783 ﬁdelibus.

2268 825 2424 884 Unde
2452 825 2758 896 Propheta;
2797 823 2904 878 Mei
2940 833 3138 888 autem,
3170 823 3365 892 inquit,
3407 839 3536 893 pene
3568 823 3701 876 moti
3742 832 3855 874 sunt

2265 919 2442 990 pedes,
2481 935 2610 990 pene
2647 917 2801 988 eifusi
2822 926 2942 971 sunt
2973 931 3182 986 gressus
3209 919 3343 969 mei:
3375 916 3500 986 quia
3524 914 3858 983 zelavisuper

2266 1011 2472 1080 iniquos
2501 1027 2679 1081 pacem
2701 1020 3030 1080 peccatorum
3061 1008 3238 1062 videns
3266 1007 3438 1078 (Psal.
3457 1008 3658 1077 Lxxu),
3681 1017 3738 1061 et
3765 1023 3858 1062 c2-

2269 1115 2387 1160 tera
2413 1121 2533 1175 qua:
2572 1113 2895 1174 sequuntur.
2927 1102 3099 1159 Porro
3133 1102 3430 1166 moraliter,
3480 1102 3668 1155 anima
3726 1101 3861 1175 intus

2269 1193 2488 1250 fastidio
2516 1196 2907 1266 scripturarum
2930 1203 3239 1249 sanctarum
3263 1194 3526 1256 sauciata,
3547 1201 3701 1246 recte
3721 1173 3862 1261 plan—

2270 1296 2378 1358 git;
2410 1284 2680 1356 Confregit
2713 1289 2781 1338 ad
2830 1301 3106 1339 numerum
3141 1285 3320 1338 dentes
3354 1301 3516 1348 meos,
3547 1283 3755 1353 quibus
3781 1299 3864 1337 ru-

2271 1379 2483 1434 minare
2515 1377 2676 1432 debui
2706 1377 2929 1432 verbum
2957 1376 3074 1430 Dei.
3113 1375 3367 1446 Alioquin
3395 1375 3577 1429 omnis
3603 1375 3699 1444 qui
3727 1375 3864 1430 intus

2271 1471 2664 1542 scripturarum
2691 1480 3002 1524 sanctarum
3029 1467 3258 1539 mystica
3295 1466 3566 1522 audiendo
3610 1467 3865 1536 percipit,

2271 1564 2374 1620 nisi
2406 1579 2594 1620 rursus
2629 1563 2941 1617 meditando
2963 1560 3048 1615 vel
3078 1559 3368 1630 cogitando
3390 1560 3457 1613 ad
3485 1558 3758 1629 liquidum
3803 1573 3866 1614 ea

2273 1654 2648 1720 mminaverit,
2667 1653 2852 1725 procul
2869 1653 3032 1707 dubio
3054 1651 3330 1706 immunda
3347 1651 3470 1706 erit.
3494 1649 3639 1704 Hinc
3653 1664 3869 1719 quoque

2109 1788 2135 1826 ε
2153 1813 2168 1836 ν
2199 1747 2247 1809 Β
2275 1757 2328 1802 et
2357 1747 2408 1801 in
2430 1746 2570 1815 lege,
2593 1760 2756 1800 omne
2787 1743 2986 1800 animal
3014 1744 3116 1798 nisi
3145 1742 3406 1808 rmninet,
3448 1753 3503 1797 et
3531 1741 3744 1796 dividat
3772 1758 3870 1796 un-

2274 1839 2477 1911 gulam,
2527 1837 2862 1892 immundum
2895 1851 3016 1891 esse
3061 1843 3311 1890 censetur
3364 1833 3554 1905 (Lavit.
3586 1850 3682 1897 xi;
3709 1832 3865 1888 Deut.

2274 1930 2409 1997 xiv).
2438 1928 2516 1982 Ex
2547 1944 2652 1997 quo
2675 1927 2949 1998 peccatrix
2964 1925 3144 1979 anima
3169 1923 3293 1992 jure
3310 1923 3476 1994 luget,
3502 1938 3573 1978 eo
3601 1924 3737 1992 quod
3761 1923 3865 1978 ini-

2275 2025 2447 2078 micus
2479 2023 2643 2078 etiam
2670 2033 2723 2076 et
2755 2021 2821 2076 ad
2848 2033 3134 2075 numerum
3161 2018 3494 2090 confregerit
3519 2015 3864 2084 dentesejus,

2275 2132 2343 2171 ne
2371 2115 2572 2185 aliquid
2599 2117 2652 2169 in
2681 2129 2750 2168 eo
2797 2113 3071 2168 residuum
3101 2112 3193 2175 sit,
3224 2126 3333 2180 quo
3362 2109 3643 2164 ruminare
3685 2117 3868 2179 queat.

2275 2209 2568 2278 Propterea
2595 2206 2926 2262 immundam
2959 2220 3017 2259 se
3049 2203 3310 2268 sentiens,
3334 2202 3544 2272 plangit
3570 2200 3720 2270 quod
3748 2215 3872 2255 con-

2276 2301 2433 2356 fracti
2463 2301 2774 2355 sintdentes
2801 2296 2939 2365 ejus,
2966 2311 3032 2350 ex
3071 2295 3267 2365 quibus
3289 2292 3668 2348 comminuere
3695 2291 3876 2347 debuit

2276 2393 2529 2466 pabulum
2557 2393 2712 2446 vitm:
2748 2389 2886 2456 Quia
2908 2388 3087 2442 nonin
3115 2386 3226 2441 solo
3254 2403 3388 2457 pane
3416 2385 3533 2439 vivit
3566 2385 3748 2448 homo,
3787 2385 3872 2440 sed

2276 2485 2332 2540 in
2358 2485 2499 2538 omni
2529 2482 2679 2537 verba
2725 2480 2864 2552 quod
2893 2479 3124 2550 procedit
3165 2477 3228 2530 de
3258 2493 3346 2530 ore
3373 2474 3471 2530 Dei
3518 2475 3707 2546 (Deut.
3743 2490 3874 2540 vut;

2279 2575 2410 2630 Luc.
2445 2580 2542 2645 ιν).
2579 2573 2816 2629 Verbum
2844 2587 2973 2643 ergo
2997 2569 3091 2624 Dei
3119 2569 3369 2624 sensibus
3397 2567 3659 2622 evolvere
3691 2576 3749 2621 et
3781 2583 3875 2621 rn-

2279 2669 2512 2733 minare,
2541 2665 2745 2722 sanitas
2766 2665 2888 2737 vitae
2917 2672 3020 2717 est.
3045 2661 3252 2717 Idcirco
3276 2659 3551 2724 laudatur,
3583 2659 3734 2729 quod
3751 2659 3878 2713 den-

2284 2771 2365 2817 tes
2394 2759 2563 2832 Moysi
2589 2773 2761 2829 usque
2802 2757 2870 2812 ad
2896 2756 3144 2811 ultimum
3182 2755 3307 2809 vita:
3336 2770 3443 2808 non
3500 2752 3715 2808 fuerint
3736 2767 3882 2808 com-

2282 2853 2438 2917 moti,
2477 2851 2604 2922 quia
2645 2850 2869 2904 verbum
2900 2849 3025 2902 vitae
3049 2860 3262 2914 semper
3290 2845 3343 2899 in
3375 2859 3473 2898 ore
3495 2853 3557 2898 et
3584 2844 3759 2900 corde
3797 2859 3882 2897 ru-

2283 2945 2529 3010 minavit,
2561 2957 2865 3015 panemque
2887 2939 3200 3012 angelorum
3217 2938 3598 2994 indesinenter
3617 2937 3877 2994 comedit.

2283 3041 2354 3095 At
2369 3054 2523 3104 vero,
2546 3039 2633 3093 cui
2655 3035 2914 3092 confracti
2943 3042 3068 3090 sunt
3093 3033 3282 3088 dentes
3297 3031 3364 3086 ad
3388 3046 3715 3095 numerum,
3744 3038 3883 3086 recte

2285 3133 2521 3187 cibatam
2545 3146 2604 3185 se
2629 3129 2814 3185 cinere
2842 3127 3070 3197 plangit,
3103 3133 3160 3179 ut
3201 3141 3297 3195 per
3326 3125 3571 3178 cinerem
3599 3121 3725 3191 ejus
3756 3138 3882 3178 mm-

2284 3226 2432 3282 stitia
2459 3225 2639 3280 cordis
2668 3231 2723 3278 et
2748 3221 3062 3293 paenitentia
3085 3221 3416 3292 designetur.
3447 3216 3607 3274 Unde
3631 3216 3741 3272 Job
3762 3233 3883 3273 cum

2285 3318 2472 3373 auditu
2516 3315 2665 3370 auris
2697 3315 2861 3370 Deum
2892 3313 3152 3378 audisset,
3198 3321 3254 3366 et
3295 3311 3467 3366 oculis
3491 3309 3617 3379 ejus
3647 3327 3776 3366 eum
3806 3311 3886 3364 vi-

2284 3410 2472 3472 disset,
2499 3405 2922 3475 idcircoinquit:
2953 3403 3067 3476 Ego
3088 3420 3168 3458 me
3197 3402 3544 3474 reprehendo,
3578 3412 3628 3456 et
3653 3419 3758 3473 ago
3783 3418 3883 3472 pc-

2286 3501 2554 3557 nitentiam
2596 3500 2650 3554 in
2699 3497 2879 3569 favilla
2921 3507 2968 3552 et
3009 3497 3181 3551 cinere
3233 3493 3359 3566 (Job
3409 3494 3575 3564 nu).
3602 3495 3666 3548 ln
3710 3492 3883 3549 favilla

2285 3594 2430 3650 enim
2460 3608 2524 3648 ac
2570 3577 2752 3647 cinere
2800 3589 3174 3661 paenitentiam
3203 3601 3380 3660 agere,
3433 3595 3520 3642 est
3563 3586 3706 3641 nihil
3745 3584 3884 3640 aliud

2286 3702 2448 3757 quam
2480 3683 2719 3740 favillam
2751 3699 2811 3738 se
2831 3699 2900 3738 ex
2945 3680 3400 3752 contemplatione
3427 3677 3530 3734 Dei
3560 3688 3618 3734 et
3645 3680 3884 3739 cinerem

2287 3791 2696 3848 recognoscere.
2735 3773 2884 3830 Unde
2919 3782 2974 3828 et
3001 3771 3206 3827 civitati
3233 3769 3478 3841 reprobaa
3514 3769 3573 3823 in
3597 3768 3884 3838 Evangelia

2289 3869 2550 3924 Dominus
2573 3867 2704 3921 dicit
2734 3884 2746 3920 :
2784 3864 2846 3922 Si
2899 3865 2954 3919 in
2983 3862 3178 3919 Sidone
3209 3872 3257 3916 et
3302 3861 3442 3932 Tyro
3471 3859 3636 3930 facta:
3667 3860 3887 3930 fuissent

2287 3963 2520 4024 virtutes,
2543 3975 2660 4030 qua:
2689 3958 2845 4028 facta:
2874 3964 2994 4011 sunt
3019 3956 3074 4009 in
3105 3954 3265 4018 vobis,
3297 3952 3424 4005 olim
3447 3953 3504 4006 in
3534 3952 3716 4006 cilicio
3743 3961 3790 4005 et
3813 3950 3894 4004 ei.

2288 4068 2409 4111 nere
2438 4051 2792 4121 paenitentiam
2814 4049 3034 4118 egissent
3074 4044 3294 4118 (Matth.
3322 4061 3414 4111 xl;
3446 4043 3582 4098 Luc.
3617 4044 3703 4117 x).
3731 4043 3790 4099 In
3810 4042 3890 4099 ci-

2287 4158 2420 4198 nere
2442 4156 2674 4212 namque
2701 4140 3074 4212 pcenitentiam
3099 4151 3258 4210 agere
3282 4145 3384 4199 est,
3409 4135 3664 4191 cinerem
3693 4150 3895 4191 sesea-

2288 4235 2390 4289 tire
2415 4248 2536 4289 esse
2559 4241 2917 4288 mortuorum.
2949 4230 3073 4286 ldeo
3099 4238 3153 4285 et
3199 4229 3266 4283 ad
3315 4228 3706 4300 ptenitentiam
3738 4228 3894 4284 abhi-

2286 4327 2400 4382 beri
2425 4327 2584 4392 solet,
2607 4336 2667 4381 ut
2699 4342 2766 4380 ex
2791 4324 2971 4379 favilla
3001 4333 3058 4378 et
3085 4323 3265 4378 cinere
3295 4323 3736 4394 perpendamus,
3766 4321 3900 4393 quid

2288 4434 2385 4489 per
2401 4418 2665 4488 judicium
2685 4416 2779 4471 Dei
2809 4426 2863 4472 et
2889 4414 3060 4484 culpa:
3093 4413 3305 4467 ruinam
3337 4412 3470 4467 facti
3501 4429 3726 4468 sumus.
3761 4411 3900 4467 Hinc

2291 4525 2507 4580 quoque
2561 4509 2750 4580 lugens
2781 4507 2958 4562 dicit:
3001 4505 3200 4560 Cibavit
3239 4521 3320 4558 me
3353 4504 3569 4568 cinere;
3620 4520 3695 4559 ac
3743 4505 3902 4575 sipa-

2291 4612 2468 4656 tenter
2518 4600 2698 4656 dicat:
2731 4598 2916 4668 Culpis
2943 4597 3286 4668 exigentibus
3327 4594 3479 4664 justo
3510 4611 3615 4652 suo
3663 4595 3900 4666 judicio,

2298 4692 2510 4765 15.32
2537 4692 2664 4762 quia
2687 4691 2912 4746 verbum
2953 4690 3076 4744 vita:
3103 4688 3380 4743 ruminare
3417 4687 3635 4754 distuli,
3665 4688 3904 4743 satiatus

2293 4788 2478 4842 cinere
2502 4783 2870 4848 mortalitatis,
2899 4782 3216 4853 ingemisco.
3245 4780 3315 4834 Et
3352 4779 3567 4849 repulsa
3608 4794 3695 4836 est
3719 4786 3904 4836 eum

2294 4894 2432 4942 mea,
2473 4875 2664 4930 oblitus
2715 4890 2832 4929 sum
2879 4875 3154 4928 bonorum.
3187 4870 3481 4943 Repulsam
3524 4886 3669 4941 ergo
3713 4887 3749 4926 a
3793 4873 3905 4927 Deo

2296 4982 2354 5024 se
2381 4967 2549 5030 dolet,
2579 4973 2636 5021 et
2679 4966 2984 5036 expositam
3017 4965 3086 5020 ad
3113 4963 3461 5028 tentationes,
3494 4978 3569 5018 ne
3604 4963 3760 5020 ultra
3789 4965 3903 5036 jam

2297 5060 2365 5114 ad
2409 5059 2570 5124 bona,
2600 5074 2722 5128 quae
2768 5058 2980 5122 sentit,-
3003 5056 3172 5111 libere
3198 5056 3423 5111 tendere
3452 5057 3657 5127 possit,
3691 5057 3813 5112 imo
3837 5057 3906 5111 ab

2294 5151 2548 5207 omnibus
2591 5151 2853 5205 vitiorum
2907 5148 3219 5219 reperculsa
3261 5148 3418 5204 malis
3447 5149 3602 5204 intus
3645 5153 3904 5206 sauciata

2289 5245 2461 5315 jacet,
2511 5245 2564 5298 in
2607 5251 2814 5298 tantum
2871 5251 2930 5296 ut
2971 5243 3239 5297 bonorum
3295 5240 3578 5296 recordari
3634 5251 3904 5314 nequeat.

2299 5336 2662 5392 atrocioribus
2690 5350 2879 5404 pressa
2905 5333 3204 5389 doloribus.
3248 5330 3386 5388 Hinc
3414 5341 3500 5386 est
3528 5335 3686 5404 quod
3719 5335 3908 5406 sequi-

2303 5441 2426 5485 tur-z
2467 5427 2633 5482 Periit
2656 5427 2777 5496 ﬁnis
2808 5442 2976 5492 meus,
2999 5436 3046 5480 et
3073 5441 3188 5495 spes
3214 5440 3329 5478 mea
3363 5441 3394 5476 a
3436 5423 3700 5480 Domino.
3748 5426 3910 5493 Quod

2299 5525 2438 5579 bene
2468 5520 2583 5576 Vau
2609 5519 2788 5575 littera
2818 5519 3077 5582 insinuat,
3104 5532 3245 5587 quas,
3271 5517 3415 5572 sicut
3439 5517 3577 5582 dixi,
3605 5526 3660 5571 et
3694 5535 3809 5574 non
3834 5529 3908 5571 est

2302 5617 2714 5685 interpretatur.
2755 5611 2902 5666 Perit
2941 5623 3178 5680 namque
3207 5618 3264 5663 et
3295 5623 3400 5662 non
3432 5618 3517 5662 est
3551 5609 3606 5662 in
3637 5608 3908 5673 Domino,

2304 5710 2395 5780 qui
2419 5722 2544 5764 vere
2562 5707 2686 5762 ﬁnis
2713 5704 2876 5760 totius
2899 5701 3394 5759 consummationis
3408 5699 3782 5771 praedicatur.
3802 5701 3916 5757 Ant
