4078 6348
169 394 277 451 ιιθι
330 386 339 391 ”

871 396 1232 456 EXPOSITIO
1266 397 1333 454 1N
1371 394 1953 453 LAMENTATIONES
1987 395 2325 452 JEREMIAS.
2366 428 2437 438 —
2473 397 2600 455 LIB.
2637 398 2721 454 lll.

3266 401 3406 459 “62

165 519 311 574 certe,
336 507 411 564 vel
431 509 509 564 sic
534 524 639 563 non
664 508 775 575 ille,
794 510 952 568 sicuti
979 528 1009 567 a
1030 514 1265 584 quodam
1288 514 1708 584 interpretatur:
1738 516 1789 575 Α
1816 511 2244 582 transgressionis
2266 526 2414 567 mete.
2447 510 2554 567 Sed
2583 512 2931 583 quaerendum
2967 527 3068 568 cur
3095 521 3405 586 transgres-

166 601 272 671 quia
298 599 370 655 vel
391 600 469 655 sic
494 615 601 655 non
634 599 722 656 ille
746 601 870 657 finis
895 611 999 671 est,
1023 603 1090 658 de
1113 620 1221 674 quo
1249 604 1482 675 plangit,
1517 604 1573 658 in
1602 618 1710 673 quo

165 692 324 747 omnia
370 691 652 759 liniuntur,
703 693 798 749 sed
841 693 929 749 ille
985 694 1076 765 qui
1113 696 1339 766 peritet
1361 712 1468 751 non
1507 707 1628 751 est:
1656 696 1712 750 in

163 798 258 851 quo
280 782 376 837 ﬁne
393 797 499 837 non
524 784 762 839 essentia
788 800 990 850 rerum,
1014 786 1108 841 sed
1134 786 1363 841 interius
1378 787 1710 857 deploratur.

160 871 283 928 lline
318 882 367 927 et
402 888 554 942 spem
584 889 739 929 suam
787 891 816 929 a
859 875 1090 932 Domino
1117 877 1347 948 periisse
1383 877 1554 949 luget,
1585 877 1714 948 quia

162 966 339 1021 talibus
362 967 653 1036 praepedita
683 966 914 1037 laqueis,
945 969 1012 1024 ad
1041 984 1105 1024 ea
1137 985 1257 1040 quae
1284 970 1472 1037 sentit,
1504 970 1716 1041 erigere

156 1071 207 1112 se
232 1072 332 1112 non
356 1055 514 1112 valet.
548 1056 848 1129 Propterea
882 1068 938 1114 et
972 1059 1250 1131 signanter
1283 1069 1337 1116 et
1366 1060 1500 1116 Zain
1529 1060 1716 1117 littera

155 1149 504 1220 anteponitur.
540 1149 674 1205 Zain
708 1152 905 1222 quippe
932 1151 1033 1207 duc
1055 1163 1121 1217 te,
1145 1152 1302 1221 juxta
1325 1154 1718 1224 quosdam,aut

154 1239 263 1304 huc,
294 1254 482 1296 sonare
507 1240 740 1307 videtur,
770 1242 913 1311 quod
949 1244 1083 1298 satis
1109 1252 1295 1314 aperte
1320 1245 1559 1300 insinuat
1587 1245 1720 1315 quid

154 1332 291 1397 velit,
313 1347 373 1387 ac
394 1333 437 1388 si
459 1341 710 1404 patenter
734 1332 880 1390 dicat
901 1351 967 1391 ex
990 1350 1220 1406 persona
1243 1338 1357 1403 Dei,
1384 1347 1477 1392 aut
1500 1354 1568 1394 ex
1591 1353 1717 1408 per-

154 1439 273 1481 sona
295 1425 527 1481 doctoris
558 1444 572 1480 :
618 1427 732 1483 Duc
771 1428 845 1484 te’
857 1429 970 1499 jam
1001 1430 1129 1486 hinc
1169 1430 1325 1503 longe
1350 1440 1497 1488 retro
1538 1432 1721 1488 multis

153 1515 421 1573 convoluta
474 1516 654 1572 malis.
684 1518 751 1574 Et
789 1535 857 1574 ne
906 1519 1283 1577 indifferenter
1322 1522 1476 1593 quasi
1506 1539 1717 1591 errans,

150 1606 383 1664 nesciens
415 1623 524 1679 quo
554 1618 663 1674 eat,
706 1610 905 1681 duplex
943 1612 1320 1682 interpretatio
1362 1615 1718 1680 demonstrat,

150 1700 294 1779 quasi
333 1700 474 1756 dicat
511 1719 524 1756 :
564 1702 680 1758 Duc
712 1710 770 1757 te
814 1702 883 1758 ah
915 1704 1001 1759 his
1037 1705 1235 1775 quibus
1287 1706 1632 1761 adversaris:
1667 1714 1725 1762 et

149 1794 235 1850 illa
266 1796 555 1868 interroget
590 1810 698 1866 quo
736 1795 814 1852 ire
846 1798 1075 1876 debeat:
1110 1799 1198 1853 ille
1234 1814 1364 1855 vero
1392 1801 1499 1855 huc
1521 1798 1718 1871 inquit,

1813 604 1984 660 sionis
2012 604 2130 675 ejus
2158 604 2435 661 recordari
2463 613 2635 675 petat,
2666 621 2790 661 cum
2822 621 2920 661 nec
2946 605 3197 663 Christus
3230 616 3401 666 trans-

1818 696 2150 764 gressionem
2208 695 2487 750 admiserit
2517 695 2747 765 peccati,
2776 710 2875 751 nec
2905 706 3052 752 recte
3101 703 3403 769 transgres-

1816 786 2028 843 sionem
2055 803 2209 844 suam
2238 786 2434 858 aliquis
2462 786 2621 844 oﬂ‘ert
2636 785 2807 856 judici
2830 802 2937 858 qua
2975 789 3252 859 puniatur,
3294 789 3404 845 imo

1817 888 1973 949 rogat
2019 894 2143 935 cum
2185 877 2356 933 David
2398 897 2409 932 :
2456 879 2641 933 Averte
2677 878 2867 949 faciem
2914 890 3060 933 tuam
3102 898 3134 934 a
3180 881 3403 948 peccatis

1816 969 1975 1037 meis,
2035 980 2083 1026 et
2140 988 2315 1026 omnes
2364 970 2664 1042 iniquitates
2718 987 2860 1024 meas
2917 968 3277 1043 dele?(Psal.
3326 973 3403 1043 ι.)

1820 1060 1929 1117 Sed
1950 1070 2052 1127 est,
2086 1062 2229 1133 quod
2259 1061 2508 1117 Christus
2549 1061 2996 1132 transgressionis
3044 1076 3155 1116 suae
3181 1071 3304 1117 orat
3325 1078 3406 1117 re-

1819 1154 2079 1210 cordari:
2128 1157 2256 1226 quia
2304 1169 2429 1210 cum
2470 1153 2963 1223 transgressionem
3012 1151 3165 1224 legis,
3218 1161 3403 1208 tamen

1817 1252 2211 1315 praeceptorum
2231 1244 2347 1310 Dei,
2375 1243 2524 1299 nulla
2551 1243 2835 1299 admiserit
2867 1261 2881 1297 :
2914 1244 3278 1315 transgressio
3305 1260 3405 1315 pro

1820 1336 1975 1392 nobis
1999 1335 2175 1393 factus
2194 1344 2294 1391 est.
2325 1335 2463 1392 Hinc
2492 1350 2622 1391 sane
2646 1344 2701 1391 et
2720 1335 3050 1405 Apostolus:
3093 1335 3198 1403 Qui
3221 1352 3407 1407 pecca-

1821 1435 1933 1480 tum
1980 1443 2084 1481 non
2130 1426 2272 1497 fecit,
2314 1443 2406 1481 nec
2443 1427 2682 1481 inventus
2725 1435 2800 1481 est
2850 1425 3002 1481 dolus
3054 1427 3110 1482 in
3150 1417 3239 1482 ore
3290 1427 3406 1498 ejus

1823 1515 1875 1587 (ι
1908 1514 2054 1570 Petr.
2088 1517 2172 1586 ιι).
2207 1515 2315 1572 Pro
2345 1516 2503 1572 nobis
2531 1524 2816 1587 peccatum
2846 1515 3023 1572 factus
3052 1525 3138 1573 est
3156 1526 3212 1573 et
3241 1517 3407 1573 male-

1822 1606 2024 1662 dictum
2060 1608 2078 1678 (
2103 1606 2162 1661 II
2190 1606 2313 1662 Cor.
2349 1608 2401 1679 v)
2431 1626 2443 1662 :
2469 1610 2594 1678 quia
2624 1607 2946 1665 maledictus
2978 1624 3045 1664 ex
3074 1608 3189 1681 lege
3230 1611 3407 1665 omnis

1824 1697 1917 1768 qui
1960 1698 2156 1768 pendet
2201 1698 2256 1752 in
2301 1697 2449 1769 ligno
2498 1697 2680 1769 (Deut.
2717 1698 2857 1770 xxx).
2890 1699 2956 1753 Et
3008 1700 3151 1763 ideo,
3181 1709 3240 1753 ut
3269 1699 3406 1764 dixi,

1825 1789 1951 1859 quia
1980 1803 2079 1859 pro
2108 1788 2266 1844 nobis
2285 1786 2462 1843 factus
2484 1791 2863 1859 transgressio,
2885 1799 2943 1844 ut
2961 1799 3177 1846 nostras
3204 1790 3410 1846 deleret

147 1893 194 1940 et
236 1901 473 1956 sequere,
512 1886 836 1958 deprecandi
862 1889 1001 1945 viam
1022 1906 1183 1961 quam
1211 1891 1465 1947 insinuat.
1498 1892 1565 1947 Et
1592 1888 1718 1962 quid

1827 1880 2308 1949 transgressiones,
2361 1894 2611 1950 magnum
2652 1888 2736 1934 est
2779 1879 2945 1951 igitur
2996 1895 3189 1952 rogare
3238 1880 3406 1936 Deum

143 1978 369 2049 estquod
394 1993 587 2051 rogare
612 1980 825 2049 debeat,
851 1997 978 2037 mox
1005 1982 1169 2038 infert
1195 1998 1209 2037 :

850 2091 994 2130 ZAlN.

206 2162 498 2220 Recordare
522 2168 848 2238 paupertatis
884 2178 932 2223 et
963 2169 1394 2240 transgressionis
1431 2186 1581 2235 mete,
1623 2170 1714 2225 ab-

139 2255 328 2327 synthii
353 2265 398 2310 et
426 2255 585 2327 fellis.
620 2257 879 2314 Memoria
908 2277 1109 2315 memor
1147 2277 1259 2327 ero,
1299 2270 1346 2316 et
1397 2262 1614 2317 tabescit
1657 2263 1714 2317 in

137 2365 221 2405 me
246 2349 412 2404 anima
433 2367 567 2405 mea.
604 2334 738 2406 Htrc
759 2352 989 2407 recolens
1020 2353 1074 2408 in
1105 2354 1261 2408 corde
1286 2370 1422 2419 meo,
1454 2354 1571 2409 ideo
1599 2372 1715 2425 spe-

135 2444 284 2499 rabo.
331 2442 412 2498 Ab
452 2444 610 2501 initio
644 2443 805 2514 hujus
841 2444 1117 2516 alphabeti
1167 2447 1417 2502 miserias
1454 2447 1715 2503 describit

134 2535 345 2590 miserae
380 2534 634 2602 civitatis,
680 2545 737 2591 et
778 2537 1063 2607 passiones
1100 2536 1328 2603 Christi,
1369 2547 1427 2595 et
1457 2539 1713 2596 Ecclesia:

133 2626 675 2692 tribulationes,adeo
695 2640 796 2696 pro
822 2627 906 2683 his
929 2627 1201 2694 omnibus,
1230 2637 1289 2682 ut
1306 2639 1589 2685 ostensum
1607 2638 1711 2697 est,

130 2716 358 2788 plangit,
370 2716 511 2787 quod
529 2716 769 2787 perierat
782 2715 906 2773 ﬁnis
917 2715 1054 2787 ejus,
1077 2725 1132 2774 et
1142 2733 1267 2790 spes
1278 2718 1395 2791 ejus
1408 2734 1439 2774 a
1460 2718 1711 2784 Domino,

130 2798 281 2878 quasi
306 2810 377 2865 ob
411 2810 850 2882 desperationem
875 2826 941 2868 ex
968 2811 1313 2868 miseriarum
1341 2812 1710 2885 oppressione.

130 2901 235 2957 Sed
268 2918 337 2958 ex
379 2904 564 2959 eodem
602 2904 876 2962 elemento
896 2906 1054 2977 quasi
1077 2905 1355 2973 divinitus,
1398 2915 1456 2963 ut
1484 2907 1713 2975 audivit,

129 2993 396 3066 Propheta
417 2997 795 3061 commonitus,
847 2996 954 3052 duc
983 3006 1055 3063 te,
1074 3012 1199 3052 mox
1234 3012 1300 3052 ac
1331 2998 1376 3053 si
1404 3012 1560 3054 novae
1596 2997 1712 3070 spei

127 3103 323 3159 genere
348 3095 544 3155 tactus,
569 3088 753 3145 animo
779 3097 1080 3157 recreatus,
1109 3104 1406 3145 conversus
1424 3089 1491 3145 ad
1520 3088 1712 3155 Deum,

125 3193 314 3251 preces
338 3179 524 3246 mittit,
554 3188 609 3236 et
627 3180 780 3236 mirae
796 3181 1051 3237 novitatis
1075 3182 1249 3254 gratia
1265 3182 1534 3253 promittit
1549 3197 1608 3239 se
1627 3183 1717 3239 de-

1817 1969 2036 2025 Patrem
2110 1970 2386 2025 recordari
2449 1970 2785 2039 paupertatis
2841 1980 2898 2025 et
2963 1972 3410 2042 transgressionis

1818 2063 1972 2134 ejus:
2000 2063 2149 2133 quia,
2178 2078 2301 2118 cum
2334 2063 2485 2118 dives
2508 2070 2673 2127 esset,
2699 2077 2798 2132 pro
2826 2062 2983 2118 nobis
3008 2078 3214 2133 pauper
3236 2061 3410 2118 factus

1817 2163 1924 2231 est,
1949 2165 2008 2210 ut
2029 2170 2127 2210 nos
2149 2169 2249 2209 sua
2278 2155 2478 2211 ditarct
2506 2162 2820 2225 paupertate
2863 2152 2947 2226 (11
2987 2150 3111 2208 Cor.
3154 2156 3310 2237 VII-1);
3354 2165 3412 2212 et

1809 2246 1990 2320 jungit
2031 2263 2232 2318 corpus
2288 2263 2412 2303 cum
2464 2247 2667 2318 capite,
2716 2255 2988 2318 quatenus
3028 2246 3412 2316 deprecatione

1816 2338 2014 2413 capitis
2060 2356 2261 2411 corpus
2310 2348 2625 2412 purgetur:
2649 2338 2858 2410 Corpus
2885 2348 3087 2404 autem,
3139 2340 3264 2409 quia
3293 2338 3412 2395 sine

1817 2435 2246 2507 transgressione
2275 2432 2490 2507 1m
2509 2442 2831 2504 praesentem
2878 2447 2983 2487 non
3015 2440 3192 2504 potest
3213 2432 3413 2488 ducere

1815 2528 2004 2593 vitam,
2025 2528 2147 2583 ideo
2168 2527 2409 2599 repletur
2430 2522 2924 2597 impraesentiarum
2949 2518 3131 2581 multis
3152 2525 3413 2579 amaritu-

1817 2626 2051 2689 dinibus,
2105 2634 2161 2680 et
2206 2622 2464 2679 aerumnis
2504 2623 2777 2695 absynthii
2805 2631 2859 2678 et
2907 2620 3066 2677 fellis.
3114 2620 3232 2676 Non
3263 2621 3412 2675 enim

1818 2717 1957 2772 dixit
1985 2716 2328 2788 simpliciter,
2355 2714 2656 2771 Recordare
2699 2714 3021 2784 paupertatis
3048 2723 3097 2768 et
3117 2722 3413 2784 transgres-

1818 2811 1982 2865 sionis
2008 2825 2136 2865 mete
2168 2824 2187 2863 :
2216 2808 2312 2864 sed
2343 2806 2573 2873 addidit,
2602 2804 2863 2877 absynthii
2890 2814 2938 2860 et
2971 2803 3131 2875 fellis,
3153 2804 3413 2874 quoniam

1819 2912 1876 2957 et
1900 2910 2193 2973 paupertas
2208 2899 2565 2956 ecclesiarum
2579 2908 2636 2955 et
2657 2898 3017 2969 transgressio
3043 2897 3099 2952 in
3122 2896 3413 2969 absynthio

1819 3002 2070 3051 versatur
2094 3002 2152 3049 et
2201 2992 2345 3058 felle,
2374 3007 2498 3048 cum
2541 2991 2727 3048 multis
2776 3006 2975 3062 sponsa
3026 2998 3413 3061 coangustatur

1821 3087 2122 3154 laboribus,
2139 3096 2196 3143 et
2214 3086 2494 3142 doloribus
2516 3084 2792 3158 fatigatur,
2824 3085 2869 3139 si
2893 3084 3173 3155 quomodo
3197 3082 3414 3139 camino

1821 3179 2161 3252 paupertatis
2191 3178 2415 3234 decocta
2457 3177 2639 3233 abhis
2664 3192 2783 3248 quae
2832 3191 2931 3246 pro
2981 3174 3416 3247 transgressione

124 3272 314 3342 inceps
344 3271 569 3327 meliora
592 3288 836 3345 sperare,
851 3289 915 3330 ac
928 3274 972 3330 si
995 3273 1194 3331 oblitus
1207 3274 1605 3347 praeteritorum
1625 3276 1718 3331 de-
1746 3266 1793 3330 C
1825 3288 1923 3331 sua
1945 3272 2220 3345 patienter
2245 3271 2463 3337 tolerat,
2493 3271 2638 3326 intus
2663 3278 2942 3341 purgetur,
2984 3278 3036 3324 et
3068 3283 3267 3339 sponso
3315 3283 3415 3323 suo

121 3363 401 3420 lictorum.
418 3362 572 3420 Unde
587 3365 985 3421 animadvertat
998 3367 1235 3436 prudens
1255 3367 1426 3423 lector
1446 3366 1587 3436 quod
1604 3368 1721 3423 haec

120 3456 392 3514 elementa
417 3472 525 3512 non
548 3458 664 3513 sine
688 3473 885 3530 magno
910 3459 1167 3531 mysterio
1204 3458 1258 3514 in
1290 3458 1488 3515 divinis
1525 3458 1721 3515 litteris

121 3547 342 3622 1‘33
377 3557 676 3619 praenotata
705 3550 1079 3618 inveniuntur,
1121 3566 1299 3622 neque
1346 3552 1464 3608 sine
1517 3551 1717 3608 intelli-

116 3638 323 3707 gentia:
348 3642 726 3707 sacramentis,
758 3642 925 3698 voluit
954 3644 1216 3715 propheta
1241 3644 1310 3699 ab
1340 3644 1425 3700 his
1446 3645 1718 3713 versibus,

115 3732 281 3802 quasi
313 3742 493 3790 metro
514 3735 704 3805 lugens
731 3736 997 3792 inchoari.
1016 3737 1260 3808 Denique
1283 3753 1384 3794 nec
1404 3737 1720 3794 existimare

114 3822 396 3894 congruit,
425 3825 582 3895 quasi
604 3841 702 3897 ego
724 3825 1093 3897 hujuscemodi
1114 3829 1589 3901 interpretationes
1608 3830 1722 3886 sin-

112 3914 264 3985 gulis
286 3914 536 3970 versibus
565 3917 943 3982 continxerim,
996 3920 1299 3991 praesertim
1347 3936 1470 3976 cum
1493 3929 1549 3976 et
1571 3936 1721 3977 sum-

110 4018 242 4061 mos
293 4004 546 4062 doctores
570 4005 827 4064 Ecclesia:
871 4006 1071 4065 Christi
1108 4010 1356 4066 invenias
1384 4010 1457 4067 ita
1505 4027 1599 4067 eas
1632 4010 1719 4066 in-

111 4103 460 4164 terpretatas
483 4110 605 4153 esse
638 4115 651 4151 :
679 4096 766 4153 vel
791 4097 956 4153 etiam
987 4098 1139 4166 alibi,
1158 4099 1287 4156 licet
1310 4100 1366 4155 in
1396 4100 1504 4157 alio
1533 4116 1716 4173 opere,

107 4204 212 4245 eas
240 4189 634 4262 intelligentias
660 4191 775 4248 suis
802 4193 1051 4248 versibus
1086 4194 1383 4251 reddidisse
1416 4212 1430 4249 :
1461 4196 1720 4266 quoniam

106 4295 308 4336 sermo
368 4281 464 4338 Dei
512 4282 764 4341 oculosus
818 4293 926 4352 est,
981 4286 1108 4343 hinc
1162 4288 1287 4344 inde
1337 4298 1392 4345 et
1447 4290 1720 4362 mysteriis

107 4374 502 4429 adumbratur.
531 4375 737 4444 Quibus
768 4387 1044 4436 reseratus
1080 4392 1231 4452 patet
1259 4383 1533 4449 sensibus,
1557 4400 1721 4455 quam

106 4470 344 4541 egregie
391 4468 627 4541 Spiritus
661 4481 882 4530 sanctus
922 4490 1019 4545 per
1039 4490 1133 4531 eos
1161 4475 1253 4546 qui
1291 4476 1588 4548 scripturas
1608 4477 1724 4533 edi-

105 4561 346 4627 derunt,
395 4560 522 4617 talia
571 4570 628 4618 et
673 4561 1044 4634 hujuscemodi
1085 4567 1358 4621 curaverit
1399 4568 1718 4637 praevidere,

102 4651 335 4707 scilicet
359 4658 424 4706 ut
449 4660 506 4707 et
533 4651 809 4709 fastidium
829 4654 1133 4727 detergeret
1168 4655 1488 4726 legentium,
1522 4667 1577 4712 et
1600 4659 1720 4714 ani-
1746 4640 1799 4700 Ῑ)

100 4757 236 4797 mos
264 4740 444 4796 etiam
469 4741 615 4799 inter
641 4744 906 4817 lacrymas
930 4755 1203 4801 recrearet
1229 4747 1303 4817 pii
1349 4749 1530 4819 operis
1557 4764 1720 4804 exer—

97 4833 342 4890 citium.
373 4831 489 4890 Nec
516 4834 738 4892 dubium
762 4836 891 4906 quin
941 4839 1007 4893 de
1032 4837 1252 4893 Christo
1273 4848 1329 4894 et
1355 4838 1471 4910 ejus
1495 4854 1722 4911 corpore

98 4927 218 4982 ista
250 4926 614 4998 interpretari
635 4927 862 4984 debere:
890 4928 1134 5000 profecto
1152 4945 1277 4986 cum
1305 4932 1358 4987 in
1385 4932 1485 4987 hac
1513 4921 1723 4988 miserae

98 5018 545 5075 lamentationis
585 5035 738 5086 voce,
760 5021 953 5091 jungat
985 5038 1109 5077 cum
1150 5023 1418 5095 principio
1453 5023 1636 5088 finem,
1664 5032 1726 5079 ut

94 5117 153 5173 is
184 5114 294 5187 qui
319 5114 465 5172 dicit
496 5134 509 5170 :
542 5115 655 5188 Ego
681 5116 759 5171 vir
780 5116 958 5171 videns
982 5126 1341 5188 paupertatem
1367 5134 1555 5181 meam,
1581 5118 1727 5173 dicat

95 5216 162 5264 et
221 5208 289 5262 in
334 5207 469 5273 ﬁne,
514 5203 812 5262 Recordare
845 5208 1172 5278 paupertatis
1219 5218 1266 5263 et
1293 5210 1725 5279 transgressionis

94 5316 277 5355 mete.
320 5298 485 5355 Hanc
524 5299 691 5372 igitur
736 5307 1110 5373 paupertatem
1164 5301 1344 5373 magni
1375 5301 1577 5373 aliquid
1606 5317 1726 5358 esse

94 5398 304 5460 putat,
358 5397 418 5446 et
447 5389 571 5447 ideo
615 5391 770 5461 quasi
812 5406 913 5462 pro
963 5407 1023 5448 se
1066 5407 1252 5465 agens,
1291 5391 1409 5461 ejus
1449 5393 1726 5449 recordari

94 5492 302 5554 rogat.
358 5479 518 5538 Unde
548 5490 604 5537 et
632 5482 876 5539 Ecclesia
906 5492 1069 5540 tanta:
1098 5484 1406 5555 paupertati
1436 5486 1728 5555 comparti-

1824 3363 2166 3438 passionibus
2191 3361 2387 3418 amicta
2434 3362 2686 3433 deinceps
2715 3360 2990 3431 acceptior
3017 3358 3130 3415 fiat.
3161 3357 3299 3414 Hinc
3331 3368 3420 3414 est

1822 3457 1966 3529 quod
2016 3456 2167 3521 dicit,
2199 3454 2493 3509 Recordare
2525 3454 2853 3524 paupertatis
2891 3463 2937 3507 et
2981 3451 3415 3523 transgressionis

1822 3567 1974 3617 mete,
2012 3548 2274 3618 absynthii
2302 3557 2349 3600 et
2374 3544 2547 3615 fellis;
2598 3560 2704 3600 non
2734 3544 2929 3616 quoda
2972 3544 3202 3599 Domino
3233 3555 3414 3599 trans-

1824 3640 2123 3715 gressionis
2152 3654 2265 3694 suae
2298 3637 2575 3693 recordari
2621 3636 2770 3702 velit,
2802 3636 2896 3692 sed
2922 3634 3169 3692 laborum
3194 3650 3260 3691 ac
3289 3650 3412 3690 cer-

1821 3734 2090 3790 taminum
2138 3746 2257 3804 quae
2290 3746 2390 3801 pro
2445 3730 2531 3786 his
2582 3728 2797 3795 tolerat,
2848 3727 2901 3783 id
2939 3737 3026 3784 est
3053 3727 3326 3800 absynthii
3361 3734 3419 3782 et

1822 3824 1985 3882 fellis.
2018 3823 2278 3880 Memoria
2307 3838 2507 3878 memor
2525 3838 2637 3888 ero,
2679 3821 2879 3892 inquit,
2911 3830 2958 3875 et
2998 3820 3226 3893 tabescet
3253 3821 3309 3874 in
3334 3836 3417 3875 me

1823 3922 2005 3977 anima
2025 3933 2164 3972 mea.
2212 3915 2344 3982 Qua:
2375 3913 2631 3969 nimirum
2655 3927 2759 3968 vox
2801 3912 2889 3983 pia
2917 3910 3309 3968 recordationis
3334 3919 3419 3966 est
3452 3910 3458 3917 ’

1822 4020 1878 4071 et
1898 4020 2117 4068 aeternae
2136 4009 2263 4064 vitae
2290 4025 2302 4060 :
2330 4007 2456 4076 quia
2479 4021 2600 4061 cum
2623 4005 2907 4071 memoria,
2931 4006 2985 4061 id
3031 4012 3114 4061 est
3137 4012 3283 4060 recte
3306 4019 3417 4060 me-

1821 4112 2090 4170 moratur,
2122 4116 2245 4156 mox
2271 4099 2497 4156 tabescit
2521 4099 2703 4155 anima
2733 4100 2788 4153 in
2816 4114 2876 4154 se
2902 4098 2972 4154 ad
2992 4113 3111 4154 eam
3139 4098 3420 4168 suspiran-

1822 4200 1915 4255 tis.
1940 4196 2080 4253 Hinc
2111 4193 2279 4250 David
2310 4192 2512 4258 aiebat,
2543 4191 2746 4262 Defecit
2773 4191 2830 4245 in
2853 4189 3089 4246 salutare
3115 4199 3265 4245 tuum
3296 4190 3417 4245 ani-

1822 4307 1910 4345 ma
1930 4305 2066 4354 mea,
2088 4296 2135 4341 et
2151 4287 2206 4340 in
2222 4284 2431 4340 verbum
2450 4293 2599 4338 tuum
2616 4282 2993 4354 supersperavit
3010 4280 3185 4355 (Psat.
3201 4283 3416 4353 cxvtu).

1824 4382 1917 4439 Sic
1939 4381 2123 4451 itaque
2155 4387 2211 4434 et
2237 4378 2499 4448 propheta
2535 4374 2820 4431 tabescens
2847 4374 2903 4429 in
2929 4389 2989 4431 se
3010 4374 3116 4430 ait:
3142 4374 3259 4429 Hoc
3281 4390 3421 4429 reco-
3506 4428 3513 4435 ,

1823 4472 1933 4528 lens
1961 4473 2017 4525 in
2036 4470 2192 4525 corde
2217 4484 2353 4534 meo,
2398 4467 2516 4522 ideo
2543 4465 2782 4538 sperabo.
2822 4464 2956 4533 Quia
3000 4480 3124 4521 cum
3172 4463 3419 4535 profecto

1824 4579 2023 4636 corpus
2050 4560 2251 4619 Christi
2280 4561 2347 4615 ad
2379 4558 2497 4629 ejus
2525 4559 2647 4614 vitae
2696 4558 3208 4628 contemplationem
3244 4566 3416 4613 totum

1827 4671 1886 4712 se
1909 4655 2113 4726 dirigit,
2138 4653 2328 4723 utique
2354 4651 2407 4705 in
2437 4659 2498 4704 se
2522 4650 2806 4706 tabescens
2847 4651 3038 4721 gemit,
3066 4650 3229 4720 idque
3263 4664 3418 4704 reco-
3474 4700 3481 4707 .

1828 4748 1966 4812 lens,
2000 4745 2138 4810 ideo,
2170 4742 2362 4814 inquit,
2395 4742 2647 4812 sperabo.
2670 4740 2807 4797 Nam
2841 4742 2986 4813 quod
3012 4742 3128 4797 ait:
3156 4740 3417 4795 Memoria

1829 4855 2029 4894 memor
2077 4853 2186 4903 ero,
2240 4835 2441 4890 idioma
2472 4834 2875 4905 Scripturarum
2916 4842 3002 4890 est
3030 4852 3043 4888 :
3070 4840 3131 4888 ut
3158 4840 3262 4899 est,
3306 4833 3418 4888 vita

1831 4934 2035 4999 vivere,
2059 4938 2117 4987 et
2134 4929 2330 5002 gaudio
2360 4929 2621 5001 gaudere,
2647 4927 2735 4983 vel
2762 4935 2937 4983 morte
2962 4926 3121 4993 mori,
3143 4934 3200 4982 et
3219 4935 3416 4982 caetera

1831 5040 1953 5096 quae
2000 5022 2205 5078 homini
2236 5022 2292 5076 in
2342 5019 2640 5091 Scripturis
2665 5020 2871 5075 sanctis
2910 5017 3280 5085 inveniuntur,
3308 5034 3419 5076 non

1829 5114 2099 5188 superﬂua
2148 5113 2366 5185 quidem
2402 5112 2698 5178 locutione,
2750 5110 2846 5167 sed
2871 5109 3195 5167 necessitate
3244 5109 3421 5180 plenas

1828 5205 2262 5279 signiﬁcationis,
2293 5204 2551 5274 quoniam
2581 5203 2727 5258 aliud
2776 5211 2862 5258 est
2886 5201 3209 5273 simpliciter
3232 5203 3420 5259 vivere

1828 5301 1913 5357 vel
1943 5298 2204 5372 gaudere,
2240 5305 2293 5352 et
2320 5296 2468 5351 aliud
2498 5303 2583 5351 est
2609 5295 2723 5350 vita
2758 5295 2942 5350 vivere
2968 5302 3025 5350 et
3049 5295 3245 5366 gaudio
3280 5310 3417 5367 gau-

1832 5395 1979 5450 dere.
2008 5392 2193 5461 Itaque
2222 5399 2277 5445 et
2306 5392 2567 5444 memoria
2622 5388 2934 5452 memorari,
2980 5388 3140 5460 longe
3168 5387 3315 5445 aliud
3338 5388 3418 5444 si-

1832 5486 2177 5558 gnificantius
2216 5483 2457 5538 insinuat
2503 5496 2662 5551 quam
2707 5482 3026 5553 simpliciter
3067 5481 3360 5538 memorari
3400 5496 3420 5536 :

90 5573 300 5645 cipari
332 5573 539 5643 gaudet
566 5592 580 5628 :
603 5575 860 5646 quoniam
891 5574 997 5632 fide
1044 5575 1219 5632 credit
1246 5577 1388 5648 quod
1417 5575 1620 5631 dictum
1644 5583 1731 5632 est
1832 5578 1956 5647 quia
2003 5575 2095 5630 illa
2132 5575 2394 5631 memoria
2443 5574 2755 5641 memorari,
2792 5584 2970 5631 estex
3012 5575 3100 5635 illa
3152 5574 3418 5632 memoria

89 5682 128 5721 a
162 5665 435 5721 Domino
466 5683 479 5720 :
514 5666 667 5721 Beati
697 5684 952 5738 pauperes
972 5669 1182 5738 spiritu,
1214 5669 1465 5740 quoniam
1494 5669 1729 5739 ipsorum
1832 5669 2205 5735 aeternaevitaa,
2222 5682 2341 5737 quae
2358 5667 2619 5738 inspirata
2635 5666 2962 5725 estatl‘ectus
2979 5669 3175 5725 mentis
3193 5676 3414 5735 nostrae,

86 5768 181 5814 est
213 5775 463 5829 regnum
494 5758 741 5815 calorum
776 5758 995 5831 (Matth.
1032 5760 1108 5831 v).
1145 5761 1437 5831 Propterea
1465 5762 1626 5816 etiam
1675 5767 1732 5816 et
1835 5761 2187 5818 memorando
2214 5760 2483 5814 introrsus
2512 5759 2811 5824 vivificare,
2831 5769 2891 5816 ut
2910 5761 3195 5818 addiscant
3213 5760 3417 5818 Christi

85 5853 234 5925 ipsa
306 5852 452 5909 dicit
500 5868 625 5908 cum
669 5852 844 5924 capite
900 5870 911 5906 :
971 5850 1265 5908 Recordare
1308 5858 1632 5926 paupertatis
1681 5864 1730 5909 et
1837 5855 2079 5911 membra
2107 5852 2243 5910 nihil
2269 5852 2415 5911 aliud
2445 5855 2760 5923 memorari,
2788 5863 2882 5911 aut
2902 5855 3162 5926 cogitare,
3188 5864 3281 5912 aut
3300 5855 3421 5915 dili-

634 5950 902 6009 PaTROL.
949 5942 1149 6009 CXX.
2943 5949 3022 6012 37
