4078 6348
711 311 851 372 1165

1513 312 1571 370 S.
1611 309 1970 368 PASCHASII
2007 306 2323 364 ΒΑυΒΕἰὶΤ
2332 306 2349 360 1
2388 305 2678 365 ABBATIS
2715 306 3160 367 COBBEIENSIS

3731 327 3829 386 1161

712 445 861 499 gere,
886 442 1044 498 quam
1072 442 1137 483 ex
1161 425 1251 482 illa
1280 426 1566 490 memoria,
1596 426 1777 481 omnia
1825 426 1878 480 in
1921 425 2078 480 nobis
2111 424 2176 480 de
2205 439 2293 478 ve-
2319 426 2373 486 Α
2395 422 2680 477 secundum
2711 439 2956 494 magnam
2976 424 3372 481 misericordiam
3387 437 3542 487 tuam:
3561 444 3600 488 et
3622 453 3832 501 suum“

709 531 910 580 tustate
936 521 988 574 in
1031 519 1328 574 novitatem
1383 515 1699 573 reformare.
1755 516 1892 572 lliuc
1936 531 2088 589 rogo,
2115 516 2295 572 videat

710 614 948 688 prudens
987 611 1156 666 lector
1205 617 1467 680 quantum
1517 606 1813 680 profecerit
1869 607 2042 663 ﬁdelis
2099 621 2295 678 sponsa

709 702 935 766 Christi,
987 701 1038 756 in
1095 709 1206 755 tam
1245 699 1422 756 subito
1467 700 1568 754 sub
1621 699 1724 754 hac
1767 698 1966 763 littera,
2008 709 2294 769 postquam

647 783 654 792 ’
711 797 970 854 divinitus
1004 794 1210 849 audivit
1255 811 1268 847 :
1303 794 1406 849 duc
1438 801 1511 848 te.
1542 792 1678 848 Nam
1704 801 1849 849 retro
1877 793 2020 848 inter
2059 792 2295 848 lamenta

711 903 884 958 usque
927 885 995 942 ad
1042 884 1473 955 desperationem
1502 883 1673 948 venit,
1716 899 1857 939 nunc
1897 899 2026 938 vero
2071 883 2125 938 in
2168 897 2297 937 voce

710 993 876 1052 quam
923 976 1150 1041 audivit,
1198 973 1354 1046 quasi
1411 974 1464 1028 in
1497 974 1662 1030 verbo
1693 973 1786 1030 Dei
1841 973 2083 1030 caelestia
2133 972 2188 1028 in
2238 986 2297 1028 se

711 1071 996 1127 tabescens
1012 1068 1319 1124 meditando
1334 1067 1662 1137 concupivit,
1679 1083 1742 1122 ac
1764 1068 1956 1123 deinde
1970 1085 2034 1122 ea
2055 1065 2298 1122 recolens

711 1179 833 1235 qum.
861 1172 1006 1218 retro
1034 1176 1289 1232 perpessa
1327 1170 1432 1224 est,
1465 1159 1618 1231 longe
1644 1158 1754 1228 jam
1788 1159 1840 1214 in
1875 1157 2086 1232 1435
2132 1157 2297 1211 verbo

710 1256 856 1328 quod
907 1255 1112 1310 audivit
1139 1253 1205 1308 ab
1232 1253 1318 1308 his
1363 1251 1615 1318 adducta,
1673 1251 1792 1306 ideo
1819 1251 2068 1322 sperabo,
2101 1249 2293 1318 inquit.

713 1350 805 1404 Sic
856 1349 1040 1418 itaque
1081 1355 1136 1400 et
1171 1345 1246 1399 illi
1297 1359 1365 1400 ex
1417 1341 1711 1414 Evangelio
1739 1357 1835 1411 per
1883 1350 2049 1396 totam
2081 1349 2297 1394 noctem

711 1437 1042 1500 laborantes,
1091 1433 1222 1489 nihil
1254 1441 1534 1503 ceperunt.
1569 1430 1720 1486 Unde
1771 1428 1966 1486 Petrus
1997 1447 2010 1482 :
2050 1427 2115 1482 In
2145 1427 2296 1482 verbo

710 1539 885 1582 autent
927 1537 1016 1580 tuo
1055 1524 1245 1579 laxatio
1284 1531 1409 1588 rete,
1438 1531 1484 1577 et
1516 1519 1879 1576 concluserunt
1910 1517 2298 1573 multitudinem

711 1623 935 1694 piscium
959 1619 1110 1693 (Luc.
1137 1620 1214 1692 v).
1233 1617 1325 1674 Sic
1348 1619 1603 1674 nimirum
1631 1627 1685 1672 et
1705 1632 1902 1687 sponsa
1926 1616 2129 1672 Christi
2151 1623 2298 1669 retro

710 1712 896 1769 multis
923 1711 1266 1782 querelarum
1319 1709 1543 1766 vocibus
1582 1708 1778 1764 afﬂicta
1805 1717 1859 1762 et
1903 1706 2140 1771 ﬂetibus,
2174 1720 2296 1759 mox

2394 511 2779 568 multitudinem
2805 514 3194 569 miserationum
3233 527 3442 585 tuarum,
3468 521 3565 577 dele
3589 525 3834 598 iniquitatem

2395 622 2566 661 meam
2597 604 2772 678 (Psal.
2825 609 2900 678 ι).
2949 605 3191 678 Magnam
3233 609 3472 679 siquidem
3511 613 3836 678 misericordia

2397 706 2589 754 contra
2641 698 2861 773 aliquod
2911 714 3160 770 magnum
3192 699 3444 768 delictum,
3475 703 3580 760 licet
3600 707 3838 769 immanissi-

2395 807 2566 858 mum,
2619 793 2893 864 implorat,
2929 795 3314 850 multitudinem
3357 812 3471 852 vero
3516 801 3837 878 miserationem,

2398 892 2587 939 contra
2615 884 2900 940 innumera
2924 895 3164 956 peccata,
3188 885 3402 942 credens
3421 895 3470 942 et
3491 890 3735 948 conﬁtens:
3757 898 3840 965 quia
3879 938 3882 940 η

2397 977 2607 1033 nullum
2661 987 2771 1033 tam
2823 994 3076 1049 magnum
3107 988 3276 1049 potest
3318 993 3429 1034 esse
3467 981 3696 1049 delictum,
3727 1001 3843 1056 neque

2399 1077 2508 1123 tam
2532 1069 2836 1134 innumera,
2860 1069 3058 1140 quibus
3090 1069 3389 1139 magnitudo
3412 1079 3462 1124 ei
3483 1070 3720 1128 multitudo
3739 1077 3844 1130 mise-

2399 1155 2758 1216 ricordiarum
2801 1158 2893 1213 Dei
2925 1175 3032 1214 non
3076 1157 3298 1214 excedat
3341 1160 3400 1214 ad
3428 1160 3633 1226 veniam,
3653 1167 3846 1221 tantumsi

2399 1260 2755 1307 convertatur
2809 1251 2989 1306 anima
3037 1259 3096 1305 ut
3135 1251 3292 1305 vivat.
3322 1251 3384 1306 Et
3411 1251 3524 1309 hinc
3543 1257 3746 1325 estquod
3765 1258 3846 1312 ait:

2401 1346 2542 1413 Quia
2575 1363 2678 1400 non
2717 1345 3020 1414 defecerunt
3050 1347 3400 1401 miserationes
3427 1347 3548 1416 ejus.
3573 1347 3682 1415 Quia
3704 1349 3879 1407 innullo‘

2399 1435 2677 1503 deﬁciunt,
2717 1445 2774 1490 ut
2813 1452 2920 1492 non
2952 1437 3019 1491 de
3058 1435 3203 1491 fonte
3231 1435 3392 1491 ﬂuant
3421 1437 3628 1508 pietatis,
3659 1439 3696 1493 si
3731 1439 3849 1509 cujus-

2399 1525 2534 1582 libet
2580 1527 2928 1581 convcrsatio
2971 1542 3076 1581 non
3123 1526 3388 1582 defecerit.
3414 1527 3476 1581 Et
3500 1527 3592 1582 hoc
3623 1536 3690 1582 est
3709 1528 3850 1582 initium

2401 1618 2774 1674 conversionis
2795 1626 3015 1683 nostra,
3045 1633 3214 1689 pavor
3267 1617 3349 1672 vel
3390 1618 3536 1673 timor
3558 1617 3738 1679 Domini.
3755 1627 3793 1672 et
3809 1618 3850 1672 alt

2403 1708 2520 1779 ipso
2551 1708 2764 1762 initium
2797 1709 2920 1762 vita:
2947 1709 3104 1778 quasi
3133 1707 3392 1763 indultum
3422 1723 3448 1760 a
3478 1707 3672 1762 Domino
3693 1719 3851 1766 munus:

711 1814 771 1861 ut
801 1805 1042 1875 percepit
1067 1802 1217 1857 verbi
1253 1815 1462 1866 vocem,
1508 1799 1614 1854 duc
1668 1808 1742 1863 te,
1787 1796 2061 1853 convaluit
2108 1804 2297 1850 contra
2330 1792 2378 1855 Β
2403 1797 2681 1868 quoniam,
2711 1798 2846 1853 sicut
2881 1797 3044 1852 David
3067 1797 3164 1864 ait,
3194 1795 3384 1850 Beatus
3410 1797 3484 1849 vir
3512 1797 3592 1866 qui
3610 1797 3718 1848 timet
3732 1793 3852 1847 Doni-

711 1911 885 1966 spem,
919 1902 975 1948 et
1015 1893 1080 1946 ad
1123 1906 1271 1961 spem
1301 1889 1478 1952 rediit,
1511 1889 1881 1956 memoriaque
1925 1885 2067 1940 illius
2098 1883 2297 1954 sempi-

713 1997 883 2043 ternze
905 1985 1028 2040 vita:
1059 1994 1326 2051 recreata,
1351 1991 1657 2054 propterea,
1679 1981 1872 2052 inquit,
1895 1979 2140 2052 sperabo.
2168 1977 2299 2031 Ani-

714 2092 817 2132 mze
849 2091 1062 2146 quoque
1085 2084 1207 2144 post
1237 2075 1354 2129 dira
1375 2073 1700 2146 ﬂagitiorum
1729 2071 1982 2136 crimina,
2003 2079 2056 2124 et
2079 2069 2160 2125 sui
2186 2085 2304 2124 rea-

715 2165 1112 2236 tus‘sﬂpplicia,
1147 2179 1248 2219 vox
1273 2173 1356 2219 est
1382 2161 1737 2234 paupertatis,
1786 2160 1878 2216 sed
1908 2175 2032 2215 mox
2055 2159 2106 2214 in
2137 2159 2304 2214 verbo

715 2257 1021 2312 renascitur
1041 2265 1097 2312 et
1123 2254 1452 2319 viviﬁcatur,
1473 2269 1596 2342 c.um
1624 2251 1879 2315 audierit,
1907 2250 2012 2306 duc
2037 2259 2106 2314 te,
2133 2257 2192 2302 ut
2214 2247 2302 2301 ille

714 2365 780 2406 ex
813 2346 1122 2419 Evangelio,
1169 2359 1348 2418 surge.
1381 2344 1535 2400 Unde
1563 2345 1821 2401 continuo
1866 2345 1966 2400 sub
1993 2343 2095 2398 hac
2124 2341 2303 2396 littera

715 2441 782 2494 ad
815 2437 984 2493 Deum
1013 2451 1200 2493 vocem
1239 2435 1650 2507 supplicationis
1681 2435 1952 2497 emittens,
1987 2431 2300 2495 Recordare,

717 2531 912 2602 inquit,
961 2529 1285 2601 paupertatis
1314 2537 1362 2582 et
1403 2527 1832 2600 transgressionis
1868 2540 2018 2590 mete,
2049 2521 2305 2594 quoniam

715 2624 770 2680 in
802 2622 973 2677 Adam
997 2620 1152 2693 quasi
1175 2621 1230 2676 in
1253 2621 1430 2691 primo
1452 2619 1582 2675 ﬂore
1609 2628 1948 2690 transgressa
1970 2626 2076 2684 est,
2100 2626 2156 2671 et
2175 2630 2306 2686 pau-

711 2723 926 2785 pertate
977 2711 1238 2767 nuditatis
1287 2709 1556 2775 confecta,
1595 2717 1989 2774 verumtamen,
2041 2707 2167 2761 licet
2207 2722 2302 2761 oc-

713 2809 880 2876 culte,
911 2807 1041 2863 dum
1074 2808 1174 2862 sub
1201 2806 1304 2861 hac
1325 2805 1506 2860 littera
1537 2820 1595 2860 se
1620 2804 1888 2859 abducere
1912 2802 2152 2871 jubetur,
2180 2816 2304 2855 mox

712 2901 979 2958 memoria
1010 2899 1305 2954 memorari
1349 2897 1564 2960 dicitur,
1615 2905 1668 2951 et
1697 2905 1758 2950 ut
1786 2893 1893 2950 ﬁlia
1938 2896 2168 2949 Abrahae
2208 2909 2306 2963 per

715 2993 1194 3065 repromissionem
1219 2998 1405 3047 contra
1430 3004 1582 3061 spem
1610 2989 1676 3043 ad
1700 3004 1850 3059 spem
1883 2988 2063 3052 rediit,
2087 2997 2142 3041 et
2163 2986 2308 3040 venit

716 3087 784 3142 ad
815 3084 954 3140 lleth
1000 3081 1262 3146 litteram,
1293 3096 1411 3151 qua!
1441 3081 1567 3145 vita,
1610 3091 1669 3134 ut
1703 3080 1956 3140 diximus,
1993 3078 2094 3141 vel,
2149 3076 2304 3146 juxta

716 3181 872 3247 alios,
918 3194 1082 3250 pavor
1114 3175 1503 3246 interpretatur
1543 3181 1856 3243 :quatcnus
1911 3180 2032 3243 post
2092 3187 2306 3226 amaras

715 3269 1179 3342 querimoniarum
1213 3266 1504 3337 lacrymas,
1530 3265 1764 3334 primum
1823 3277 2098 3351 pavorem,
2141 3261 2191 3315 id
2225 3269 2308 3316 est

632 3355 641 3358 ’
719 3363 813 3418 Dei
841 3364 1090 3418 timorem
1121 3357 1416 3426 concipiat,
1459 3356 1599 3411 sicut
1642 3354 1903 3424 scriptum
1931 3360 2053 3407 est:
2087 3351 2305 3405 Initium

652 3525 658 3530 Α
715 3457 986 3529 sapientia:
1015 3455 1171 3508 timor
1195 3451 1408 3506 Domini
1436 3449 1608 3522 (Psal.
1641 3465 1742 3515 cx;
1778 3447 1944 3502 Eccli.
1990 3449 2030 3516 1)
2061 3466 2072 3499 :
2103 3457 2155 3500 et
2183 3454 2310 3499 tunc

717 3551 937 3605 demum
963 3555 1142 3620 gustet
1172 3544 1526 3600 nihilominus
1552 3543 1756 3600 bonum
1777 3542 1896 3597 Dei.
1927 3540 2150 3596 Accedit
2172 3555 2306 3594 con—

717 3639 969 3696 fessionis
999 3651 1149 3692 voce.

1429 3781 1596 3824 1113le

791 3905 1158 3963 Misericordia
1202 3903 1414 3959 Domini
1457 3903 1582 3974 quia
1615 3918 1714 3955 non
1745 3917 1924 3955 sumus
1971 3901 2306 3970 consumpti:

717 4001 846 4073 quia
869 4015 974 4054 non
995 3997 1296 4067 defecerunt
1329 3995 1686 4049 miserationes
1713 3993 1850 4062 ejus,
1879 4007 1942 4048 ac
1972 4002 2167 4048 caetera
2189 4005 2309 4062 qua:

720 4092 820 4148 sub
856 4093 957 4144 hac
1011 4097 1314 4158 sequuntur
1347 4085 1551 4140 littera.
1609 4084 1801 4154 Incipit
1845 4099 1976 4154 ergo
2029 4083 2305 4152 deinceps,

720 4182 994 4252 dispositis
1027 4178 1476 4235 lamentationum
1509 4176 1886 4246 querimoniis,
1918 4174 2197 4230 moraliter
2224 4190 2309 4229 re-

719 4275 960 4330 vertendi
1013 4272 1078 4326 ad
1128 4273 1298 4326 Deum
1351 4269 1492 4345 viam
1542 4267 1854 4337 explanare,
1898 4282 1961 4321 ac
1994 4268 2059 4321 de
2089 4282 2148 4321 se
2175 4265 2310 4320 nihil

719 4378 1047 4437 prmsumere
1098 4380 1111 4416 :
1150 4361 1277 4430 quia
1318 4375 1494 4430 neque
1521 4357 1812 4422 currentis,
1856 4373 2027 4427 neque
2058 4357 2305 4421 volentis,

720 4455 815 4511 sed
846 4452 1152 4508 miserentis
1175 4460 1260 4505 est
1291 4450 1386 4504 Dei
1421 4448 1600 4521 (Rom.
1650 4447 1751 4518 lx).
1785 4447 1921 4503 Hinc
1949 4463 2165 4518 quoque
2191 4448 2303 4502 ait:

721 4543 1087 4601 Misericordia
1130 4542 1340 4596 Domini
1377 4541 1500 4613 quia
1549 4558 1651 4595 non
1675 4557 1856 4594 sumus
1899 4542 2208 4609 consumpti,
2242 4555 2306 4594 eo
2335 4522 2386 4582 D

719 4637 864 4708 quod
894 4636 1071 4707 gratia
1113 4635 1205 4690 Dei
1239 4651 1300 4689 ex
1331 4633 1496 4689 lsracl
1529 4633 1772 4702 reliquize
1794 4632 1956 4687 salva:
1999 4632 2151 4686 factae
2180 4643 2307 4686 sunt

722 4727 901 4800 (Rom.
959 4729 1060 4796 xr),
1101 4727 1226 4795 quia
1279 4743 1382 4781 non
1411 4726 1712 4795 defecerunt
1755 4727 2113 4780 miserationes
2169 4724 2300 4794 ejus.

722 4817 829 4874 Sed
859 4826 914 4874 et
957 4817 1136 4872 anima
1163 4816 1417 4886 quaelibet
1473 4815 1640 4871 tantis
1687 4815 1880 4870 afﬂicta
1941 4813 2114 4880 nfalis,
2159 4826 2305 4870 recte

723 4919 893 4964 totum
944 4908 1136 4964 tribuit
1188 4904 1576 4962 misericordia:
1631 4907 1867 4972 Domini,
1913 4908 2056 4978 quod
2088 4916 2306 4962 nonest

721 5007 1040 5070 consumpta
1072 4999 1217 5054 inter
1248 5007 1355 5053 uim
1405 4999 1522 5054 dira
1555 4997 1753 5069 ﬂagitia
1782 5010 1966 5056 reatus
2012 5000 2115 5064 sui,
2165 5000 2308 5056 inter

723 5089 1066 5145 infirmitates
1112 5089 1297 5146 carnis
1341 5103 1472 5154 suae,
1509 5090 1651 5144 inter
1704 5089 2096 5146 oblectamenta
2148 5092 2306 5162 hujus

721 5178 928 5243 saeculi,
951 5178 1093 5236 inter
1118 5179 1346 5235 insidias
1367 5187 1420 5234 et
1446 5179 1666 5235 fraudes
1694 5180 1928 5236 hostium
1950 5199 1963 5235 :
1984 5182 2124 5238 inter
2139 5183 2305 5238 etiam

722 5269 889 5325 falsos
921 5270 1139 5337 fratres,
1161 5279 1216 5327 et
1244 5271 1466 5342 laqueos
1493 5271 1712 5335 diaboli,
1737 5283 1791 5328 et
1821 5287 1944 5328 cum
1974 5283 2052 5328 tot
2081 5275 2307 5331 saeviant

721 5361 831 5418 doli
859 5370 918 5418 et
939 5361 1157 5419 fraudes
1185 5363 1409 5428 inimici,
1438 5363 1908 5420 crebrescentibus
1955 5365 2130 5428 malis,
2161 5368 2306 5438 quod

725 5467 830 5508 non
846 5455 1182 5509 consumitur
1193 5456 1373 5510 anima
1391 5472 1404 5508 :
1427 5462 1596 5510 totum
1611 5454 1789 5510 utdixi
1805 5465 1953 5512 recte
1969 5455 2182 5530 15,36
2197 5459 2306 5513 Deo

725 5546 915 5600 tribuit
959 5555 1015 5602 et
1059 5548 1449 5603 misericordiis
1473 5546 1612 5616 ejus.
1660 5547 1800 5614 Quia
1850 5565 1953 5604 non
1982 5551 2302 5616 defecerunt,

725 5634 922 5705 inquit,
953 5637 1312 5693 miserationes
1338 5639 1471 5710 ejus.
1506 5641 1662 5708 Quod
1683 5643 1818 5697 bene
1841 5642 2007 5698 David
2035 5655 2157 5714 post
2179 5659 2303 5698 rea-

729 5733 841 5782 tum
885 5742 1044 5784 suum
1089 5730 1414 5803 intelligens,
1457 5733 1576 5788 orat
1612 5752 1624 5788 :
1674 5733 1923 5790 Miserere
1959 5737 2082 5798 mei.
2138 5737 2300 5792 Deus.

2405 1904 2528 1941 num
2575 1885 2749 1958 (Psal.
2797 1888 2930 1957 cxi).
2965 1887 3102 1954 Quia
3157 1888 3404 1941 timentes
3447 1887 3617 1952 Deum,
3644 1887 3774 1954 utique
3795 1900 3856 1938 sa-

2404 1981 2639 2051 pientes,
2671 1989 2832 2049 atque
2857 1981 3022 2034 beati.
3053 1979 3251 2035 Beatus
3282 1979 3414 2033 enim
3434 1995 3571 2050 quem
3597 1989 3644 2031 tu
3662 1976 3852 2038 erudierit,

2407 2071 2649 2137 Domine,
2701 2082 2748 2126 et
2796 2073 2860 2124 de
2887 2071 2996 2142 lege
3027 2081 3122 2126 tua
3151 2071 3388 2126 docueris
3435 2086 3544 2124 eum
3587 2065 3856 2142 (Psal.xctn).

2405 2162 2540 2217 Nam
2567 2173 2880 2218 sanctorum
2907 2177 3076 2234 pavor
3132 2177 3252 2218 esse
3295 2161 3580 2224 consuevit,
3613 2160 3723 2213 sicut
3751 2170 3856 2226 pavor

2405 2256 2603 2312 cecidit
2631 2257 2684 2310 in
2731 2257 3008 2311 Abraham
3067 2272 3195 2311 cum
3244 2255 3552 2312 sacriﬁcium
3571 2251 3744 2309 offerret
3761 2248 3856 2320 (Gn.

2406 2348 2522 2416 XV),
2553 2354 2606 2402 el
2637 2345 2806 2401 David
2842 2347 2919 2401 ait
2949 2365 2961 2400 :
2992 2346 3104 2418 Ego
3154 2348 3270 2402 dixi
3309 2348 3362 2401 in
3389 2362 3564 2418 pavore
3596 2341 3858 2399 meo:0nsit

2404 2437 2559 2492 homo
2612 2439 2842 2493 mendax
2886 2435 3061 2511 (Psal.
3092 2439 3242 2510 cxv).
3301 2437 3450 2494 Unde
3489 2443 3671 2492 constat
3691 2429 3862 2503 quodqui

2407 2529 2603 2583 timent
2631 2527 2823 2595 Deum,
2870 2528 3017 2585 beati
3049 2541 3199 2584 sunt.
3259 2529 3486 2584 Sanctus
3523 2527 3661 2598 igitur
3680 2533 3742 2578 est
3762 2521 3864 2575 timor

2406 2621 2620 2676 Domini
2673 2621 2798 2692 quia
2837 2635 2964 2676 vere
3017 2629 3333 2677 sanctorum
3381 2627 3460 2676 est
3501 2633 3662 2690 pavor.
3715 2613 3864 2681 F.qu

2407 2711 2596 2782 liquet,
2627 2713 2936 2782 quicunque
2960 2713 3106 2767 hunc
3131 2711 3386 2767 habuerit
3413 2723 3654 2781 pavorem,
3680 2704 3730 2760 ad
3760 2701 3864 2756 vitam

2408 2803 2623 2857 transit.
2666 2801 2834 2871 Cujus
2883 2801 3158 2859 confessio
3207 2803 3292 2857 vel
3340 2799 3602 2857 conversio
3632 2795 3712 2852 sub
3742 2802 3866 2864 patore

2409 2896 2526 2960 Dei,
2551 2912 2713 2966 quam
2739 2905 2958 2966 accepta
2986 2897 3075 2960 sit,
3101 2912 3341 2967 sequens
3363 2909 3539 2950 versus
3560 2880 3866 2946 insinuatzllon'

2408 2989 2662 3056 diluculo,
2693 2990 2856 3043 multa
2904 3001 2978 3044 est
3007 2989 3144 3058 ﬁdes
3169 2989 3366 3044 tna.Et
3391 2987 3512 3056 quid
3529 2995 3602 3042 est
3617 2972 3867 3038 dicereNOVii

2409 3083 2513 3136 nisi
2548 3093 2668 3151 post
2689 3083 3163 3152 querimoniarum
3193 3083 3482 3155 lacrymas,
3505 3085 3612 3150 post
3629 3075 3720 3130 dira
3739 3064 3868 3154 suppll'

2335 3150 2379 3212 C
2411 3175 2514 3237 cia,
2541 3184 2660 3244 post
2712 3173 3109 3230 confessionem
3165 3175 3455 3238 scelerum,
3480 3177 3590 3243 post
3611 3150 3871 3220 tribulationis

2412 3265 2789 3336 etangnstias,
2845 3274 2968 3336 post
3019 3281 3215 3336 preces
3265 3275 3323 3321 et
3366 3258 3783 3318 misericordiarum
3817 3245 3871 3300 1)ιὶ

2411 3355 2828 3422 confessionem,
2884 3373 3006 3412 mox
3064 3357 3164 3413 Dei
3219 3358 3412 3414 adesse
3458 3367 3624 3410 vocem
3667 3337 3874 3402 miserantis
3962 3337 3963 3380 1

2411 3448 2690 3502 accidere?
2739 3447 2874 3503 Novi
2923 3449 3337 3505 tribulationem
3393 3457 3533 3503 tuam
3580 3453 3626 3500 et
3659 3433 3872 3512 patientiam
3962 3489 3963 3504 η

2413 3547 2580 3603 tuam,
2610 3531 3032 3611 noviangustias
3053 3550 3109 3596 et
3151 3550 3547 3613 paupertatem,
3578 3534 3680 3591 novi
3699 3526 3873 3602 quodex-
3962 3559 3963 3568 η

2410 3633 2614 3687 elusam
2642 3634 2944 3689 orationem
2968 3642 3114 3689 tuam
3155 3634 3488 3708 ingemiscis.
3517 3631 3624 3686 Haec
3645 3622 3778 3682 omnia
3798 3626 3874 3670 cum
3962 3669 3963 3708 ἦ

2411 3738 2594 3778 coram
2623 3740 2709 3780 me
2758 3733 2906 3789 sunt,
2940 3727 3064 3781 novi
3095 3743 3290 3784 veram
3345 3725 3694 3784 confessionem
3717 3725 3818 3770 tuam
3842 3710 3878 3760 et

2413 3813 2534 3869 ﬁdei
2564 3816 2948 3881 constantiam,
2981 3817 3106 3886 quia
3133 3819 3392 3874 confessa
3433 3833 3492 3872 es
3519 3812 3642 3884 quod
3675 3820 3750 3861 non
3781 3794 3880 3886 (181θῆ

2409 3907 2582 3962 cerint
2615 3907 2995 3963 miserationes
3045 3925 3204 3964 meae.
3259 3911 3340 3966 Ac
3368 3910 3410 3965 si
3450 3907 3600 3972 dicat,
3631 3901 3684 3956 Et
3716 3910 3779 3966 ego
3804 3885 3880 3943 ηοτί

2410 4001 2666 4068 diluculo,
2694 4005 2860 4057 multa
2885 4015 2958 4059 est
2985 4005 3118 4074 ﬁdes
3143 4017 3263 4061 tua.
3289 4007 3357 4062 Et
3378 4005 3504 4078 quid
3519 4011 3592 4058 est
3609 3999 3764 4055 dicere,
3780 3981 3879 4043 NOVi:

2411 4094 2513 4148 nisi
2541 4095 2684 4150 inter
2709 4105 2783 4149 tot
2805 4097 3128 4152 discrimina
3175 4099 3446 4169 approbo,
3471 4111 3580 4168 quae
3602 4085 3881 4147 bumilitcrge‘

2411 4201 2564 4240 mens
2605 4189 2962 4252 enumerasti,
3021 4200 3076 4244 et
3124 4207 3295 4248 nosse
3348 4191 3442 4246 tibi
3485 4188 3608 4243 facio
3629 4181 3882 4253 ροςίηοοίεω

2412 4279 2670 4334 caecitatis
2716 4291 2770 4335 et
2811 4283 3192 4351 angustiarum
3253 4295 3470 4340 tuarum
3522 4277 3755 4335 tenebras.
3793 4257 3884 4332 'l'~‘°d

2412 4367 2650 4424 diluculo
2692 4371 2859 4425 multa
2909 4382 2993 4427 est
3025 4371 3160 4430 ﬁdes
3213 4391 3244 4429 a
3293 4375 3537 4430 Domino.
3572 4364 3789 4423 Laudatur
3810 4362 3885 4421 qut

2412 4461 2562 4530 prius
2587 4462 2656 4514 oh
2687 4463 3056 4520 inﬁrmitatem
3103 4469 3344 4537 periisse
3398 4466 3645 4524 videatur,
3679 4455 3783 4512 sicut
3805 4443 3882 4500 ait:

2418 4551 2629 4624 1437
2683 4553 2847 4608 Periit
2885 4557 3009 4624 ﬁnis
3049 4575 3198 4614 meus
3252 4572 3302 4613 et
3360 4575 3476 4630 spes
3516 4571 3619 4610 mea
3659 4568 3687 4604 a
3724 4537 3884 4599 Βοικέιοο

2413 4643 2757 4700 Consuetudo
2795 4647 2993 4718 quippe
3021 4657 3106 4704 est
3141 4650 3532 4721 prophetarum
3559 4645 3655 4701 cito
3675 4638 3886 4721 ρετωυιιῐθ
3962 4638 3963 4702 ἶ

2413 4752 2690 4806 personas.
2712 4755 2917 4795 necnon
2941 4751 2993 4796 et
3017 4743 3071 4797 in
3087 4742 3338 4800 Cantieis
3353 4743 3666 4799 canticorum
3681 4730 3812 4804 (σακία
3831 4718 3886 4782 ¹¹)²

2411 4826 2536 4894 quia
2573 4843 2718 4884 nunc
2749 4845 2980 4898 sponsus
3010 4833 3077 4886 ad
3113 4849 3380 4904 sponsam
3405 4875 3420 4897 ,
3466 4828 3682 4886 vicissim
3701 4828 3744 4877 ει
3763 4823 3890 4886 ⁸1³0³⁵³
3962 4827 3963 4898 ἶ

2412 4918 2479 4970 ad
2530 4932 2810 4986 sponsum,
2859 4937 3003 4978 nunc
3025 4939 3156 4979 vero
3187 4925 3259 4979 ad
3291 4924 3508 4981 sodales
3529 4930 3582 4976 et
3601 4915 3780 4972 amicos,
3805 4913 3892 4958 ηυηε

2414 5007 2555 5063 idem
2593 5025 2821 5079 sponsus
2853 5012 3048 5070 absens
3077 5015 3286 5072 saliens
3329 5030 3492 5086 super
3525 5009 3772 5068 mootcset
3796 5005 3890 5050 tran-

2413 5099 2599 5156 siliens
2627 5101 2827 5165 colles,
2861 5102 3170 5174 frequenter
3211 5109 3373 5177 quasi
3424 5108 3613 5162 absens
3657 5088 3894 5177 videtur,‘ut

2414 5205 2569 5246 amor
2618 5208 2830 5263 sponsae
2881 5197 3060 5252 acrius
3111 5173 3508 5263 inﬂammetur,
3545 5195 3631 5252 sed
3663 5187 3762 5246 inde
3781 5173 3892 5237 subi“

2413 5285 2706 5350 multoties,
2753 5289 2908 5356 quasi
2955 5290 3076 5360 pius
3101 5293 3455 5358 consolator;
3498 5293 3674 5347 adesse
3694 5277 3892 5360 cernitur:

2413 5377 2570 5432 sicuti
2601 5387 2657 5434 et
2689 5379 3174 5458 impraesentiarum
3201 5425 3218 5450 ,
3248 5396 3541 5458 postquam
3569 5379 3658 5438 sub
3681 5359 3892 5457 Ηοώεάιίζ

2411 5478 2500 5526 cet
2526 5469 2898 5528 confusionem
2929 5489 3148 5531 suarum
3180 5480 3563 5550 angustiarum
3587 5469 3772 5540 attigit.
3797 5465 3893 5529 (1¹¹²⁵¹

2411 5563 2727 5620 derelictum
2763 5581 2794 5620 a
2841 5567 2953 5623 Deo
2987 5583 3044 5624 se
3073 5570 3313 5640 planxit,
3363 5572 3458 5628 sed
3503 5580 3676 5624 rursus
3713 5554 3893 5640 θιιάίαδ)

2411 5655 2515 5710 duc
2555 5665 2607 5712 te
2634 5697 2650 5723 ,
2698 5659 2974 5716 convaluit
3023 5638 3177 5734 quasi
3213 5666 3285 5721 de
3315 5665 3557 5722 tenebris
3594 5661 3654 5715 ad
3681 5638 3898 5734 Ιιιςεωνιξε

2411 5745 2726 5805 confusione
2753 5751 2819 5806 ad
2849 5730 3126 5829 gaudium.
3147 5763 3209 5810 ut
3229 5757 3337 5813 sub
3363 5769 3560 5830 pavore
3579 5760 3628 5808 et
3652 5749 3804 5802 timore
3821 5730 3896 5788 θείς
