4078 6348
197 294 342 364 "65

954 302 1318 365 EXPOSITIO
1354 306 1423 363 IN
1456 302 2040 369 LAMENTATIONES
2072 309 2415 370 JEBEMIE.
2455 345 2525 356 —
2560 315 2689 372 LIB.
2730 316 2816 372 Ill.

3327 273 3474 379 ηδε

194 417 497 490 puritatem
548 415 673 475 ﬁdei
727 430 1094 476 conservaret.
1156 421 1254 479 Cu‘i
1323 424 1582 479 continuo
1635 422 2373 498 adestAinquamplurirnis
2402 427 2641 485 insinuat
2659 429 3161 498 locis,licetnatura
3188 436 3477 505 sitbonus,

195 527 456 584 sponsus,
485 513 643 583 quasi
689 513 919 570 blandus
942 516 1251 572 consolator
1287 533 1301 572 :
1352 518 1487 573 Novi
1516 518 1785 585 diluculo,

193 605 368 659 multa
417 613 495 659 est
536 604 667 674 ﬁdes
699 614 788 658 tua
813 647 826 670 ,
863 605 915 659 id
939 615 1023 661 est
1053 610 1314 678 approbo,
1363 618 1420 664 et
1444 609 1675 665 exhibeo
1703 624 1789 664 me

190 703 720 767 praesentemquem
738 696 1017 753 absentem
1049 700 1202 770 quasi
1233 700 1506 756 crudelem
1536 701 1785 757 ell‘ectum

193 785 423 858 lugebas
454 804 468 842 :
500 786 640 853 Quia
671 786 906 842 diluculo
937 789 1101 843 multa
1129 800 1204 844 est
1232 791 1365 860 ﬁdes
1412 800 1523 847 tua.
1580 792 1647 847 Et
1694 792 1786 847 illa

194 880 355 949 quasi
388 880 455 934 de
476 878 715 935 Canticis
736 890 860 951 post
887 881 1125 937 lamenta
1162 902 1175 937 :
1203 884 1340 939 Pars
1367 902 1480 940 mea
1504 886 1782 955 Dominus,

193 972 333 1027 dixit
362 972 542 1027 anima
573 990 688 1028 mea
717 1015 731 1040 ,
779 987 1053 1045 propterea
1094 981 1399 1047 exspectabo
1438 997 1578 1035 eum.
1609 980 1783 1048 Quam

188 1081 357 1121 rarus
408 1067 461 1121 in
494 1069 657 1123 terris
688 1069 778 1138 qui
808 1070 980 1139 possit
1008 1073 1188 1129 dicere
1232 1092 1245 1128 :
1292 1074 1428 1131 Pars
1453 1092 1572 1131 mea
1604 1077 1785 1133 Domi-

191 1161 341 1216 nus!
398 1159 572 1228 Quam
623 1163 832 1219 alienus
864 1180 894 1219 a
938 1167 1101 1232 vitiis,
1142 1185 1302 1239 quam
1355 1185 1668 1244 segregatus
1715 1177 1783 1231 ab

188 1253 337 1309 omni
372 1253 493 1308 labe
538 1257 742 1325 peccati
771 1298 785 1321 ,
836 1258 927 1328 qui
958 1260 1090 1314 nihil
1119 1261 1315 1317 habeat
1344 1279 1629 1321 commune
1658 1282 1782 1323 cum

119 1400 134 1417 ,
190 1345 424 1401 saeculo!
449 1346 582 1401 Nam
612 1357 668 1403 et
698 1349 863 1404 David
893 1352 993 1405 sub
1025 1352 1127 1407 hac
1155 1355 1344 1409 eadem
1378 1356 1559 1412 littera
1589 1368 1781 1416 octavo

189 1437 242 1492 in
286 1437 411 1493 loco
456 1438 708 1494 similiter
750 1442 970 1511 posuit:
1004 1441 1187 1499 Portio
1215 1462 1350 1511 mea,
1389 1446 1631 1516 Domine,
1668 1449 1782 1504 dixi

185 1529 458 1583 custodire
479 1528 641 1601 legem
664 1541 809 1586 tuam
837 1530 1008 1603 (Psal.
1034 1537 1243 1609 cxvm).
1276 1537 1411 1606 Quia
1444 1540 1780 1598 solummodo

185 1619 235 1675 ei
275 1636 382 1675 vox
413 1636 536 1676 esse
566 1631 772 1693 potest,
821 1627 913 1696 qui
945 1628 1011 1683 de
1038 1630 1268 1699 septima
1299 1633 1492 1688 transit
1521 1632 1589 1687 ad
1627 1641 1778 1689 octa-

185 1725 333 1778 vam,
366 1712 576 1769 scilicet
613 1729 680 1770 ex
708 1718 963 1787 praesenti
1000 1720 1068 1775 ad
1098 1719 1335 1777 futuram
1365 1732 1419 1778 et
1460 1739 1652 1780 novam
1701 1726 1779 1780 vi-

1895 517 2006 574 imo
2051 520 2268 577 bonitas
2298 541 2312 577 :
2342 524 2599 594 quoniam
2638 540 2759 580 cum
2792 528 3063 596 perversis
3112 534 3439 600 pervertitur
3462 575 3480 604 ,

1890 621 1947 667 et
1992 628 2115 668 eum
2156 613 2571 671 adversantibus
2614 617 2949 672 adversatur.
3000 619 3206 677 Idcirco
3253 638 3482 694 speran-

1890 704 2037 761 tibus
2070 706 2124 761 in
2152 721 2212 763 se
2230 707 2357 779 jure
2379 708 2552 765 bonus
2570 709 2788 765 dicitur.
2818 709 2883 764 Et
2912 726 2979 766 ne
3007 714 3179 770 otiosa
3208 717 3281 772 sit
3325 734 3472 790 spes,

1886 798 2095 856 addidit
2125 802 2318 855 animte
2351 804 2605 874 querenti
2631 803 2803 861 illum.
2836 804 3100 872 Quoniam
3132 810 3221 877 qui
3249 822 3471 881 sperat,

1888 891 2118 947 necdum
2158 892 2324 949 habet
2347 894 2401 948 in
2430 910 2489 950 re
2508 896 2650 967 quod
2673 895 2786 966 jam
2815 906 2963 953 tenet
2984 909 3038 954 et
3062 899 3260 957 fruitur
3280 905 3335 960 in
3357 921 3471 977 spe.

1887 979 2181 1054 Propterea
2213 993 2404 1052 restat,
2450 996 2510 1043 ut
2551 997 2760 1058 quaerat
2805 1005 2903 1061 per
2953 992 3279 1049 desiderium
3310 1036 3325 1061 ,
3368 1015 3474 1054 non

1886 1079 2286 1151 qualecunque,
2317 1088 2412 1137 sed
2448 1098 2720 1139 summum
2760 1084 2991 1153 bonum;
3024 1086 3165 1143 sicut
3194 1104 3391 1160 sponsa
3422 1094 3476 1149 in

1884 1166 2164 1226 Canticis:
2201 1170 2268 1227 In
2290 1172 2480 1228 lectulo
2512 1172 2646 1240 meo,
2692 1176 2905 1246 inquit,
2959 1179 3013 1233 in
3066 1190 3213 1235 nocte
3259 1186 3478 1254 quwsiri

1882 1275 2034 1330 quem
2062 1261 2232 1332 diligit
2252 1264 2434 1317 anima
2461 1281 2577 1318 mea
2610 1264 2786 1336 (Cant.
2813 1266 2917 1334 ιιι).
2938 1267 3041 1343 Ubi
3065 1285 3226 1340 quam
3248 1273 3477 1342 pulchre

1885 1362 2119 1421 quatuor
2147 1352 2386 1408 insinuat
2415 1354 2561 1409 omni
2591 1358 2881 1426 quaerenti,
2912 1374 3076 1429 quam
3105 1360 3259 1418 valde
3286 1379 3475 1420 neces-

1884 1443 2068 1498 saria:
2101 1452 2160 1497 ut
2188 1445 2422 1514 primum
2468 1446 2733 1503 deliberet
2784 1448 2910 1518 quid
2954 1460 3162 1520 quaerat
3211 1470 3224 1506 :
3273 1462 3330 1508 et
3381 1454 3474 1510 ubi

1884 1532 2034 1599 illud,
2079 1534 2159 1590 vel
2187 1537 2403 1605 quando
2428 1546 2635 1606 quaerat
2659 1558 2673 1593 :
2697 1550 2789 1594 aut
2815 1543 3053 1611 quandiu
3079 1553 3305 1614 qnmrat.
3335 1546 3472 1605 Nam

1884 1641 2006 1681 cum
2030 1626 2193 1681 dicit':
2222 1627 2280 1682 ln
2307 1626 2506 1684 lectulo
2527 1631 2786 1700 quaesisse
2810 1647 2934 1688 eum
2958 1634 3012 1689 in
3037 1637 3289 1694 noctibus
3307 1655 3466 1709 quem

1885 1717 2087 1788 diligit~
2112 1718 2228 1788 ejus
2262 1720 2443 1776 anima
2491 1739 2505 1775 :
2557 1738 2656 1778 nec
2698 1724 2920 1781 dubium
2965 1727 3107 1796 quod
3167 1744 3361 1800 sponsa
3401 1733 3470 1787 de

186 1813 317 1860 tam.
360 1804 499 1861 Nam
531 1808 578 1864 is
610 1817 819 1864 tantum
849 1810 976 1879 jure
1014 1821 1192 1884 potest
1239 1814 1421 1871 dicere
1455 1834 1467 1870 :
1498 1814 1635 1871 Pars
1661 1834 1766 1874 mea

1879 1804 2098 1862 Christo
2116 1806 2374 1878 loquitur,
2402 1811 2554 1881 quasi
2576 1813 2853 1882 quaesierit
2874 1829 2997 1870 eum
3024 1817 3077 1872 in
3103 1828 3280 1884 nocte,
3303 1830 3469 1892 atque

182 1899 475 1967 Dominus,
510 1903 602 1972 qui
632 1904 731 1958 sub
758 1912 945 1959 octava
992 1916 1245 1962 versatur
1276 1949 1290 1973 ,
1330 1909 1420 1978 qui
1478 1910 1611 1964 nihil
1670 1910 1772 1965 sibi

183 1993 345 2063 hujus
372 1995 556 2049 mundi
581 1996 841 2063 vindicat,
874 1998 958 2054 cui
996 2015 1101 2054 non
1134 2009 1217 2055 est
1237 2001 1537 2056 carnalium
1562 2018 1773 2074 posses-

180 2082 263 2137 sio
290 2084 673 2155 cupiditatum,
726 2103 887 2158 quem
942 2104 1046 2144 non
1087 2090 1387 2161 inflammat
1428 2092 1611 2159 libido,
1665 2110 1772 2150 non

178 2174 428 2228 stimulat
456 2177 701 2241 avaritia,
733 2194 838 2233 non
866 2178 1087 2235 lascivia
1120 2181 1411 2248 effeminat,
1449 2201 1553 2240 non
1577 2188 1770 2244 sternit

179 2266 437 2331 ambitio,
467 2283 571 2323 nou
611 2280 851 2325 macerat
902 2273 1125 2339 invidia,
1158 2291 1265 2330 non
1296 2276 1399 2330 alia
1430 2279 1770 2349 negotiorum

176 2373 313 2413 cura
348 2359 600 2416 sollicitat
630 2364 997 2431 szecularium,
1027 2367 1117 2438 qui
1159 2368 1293 2432 Deo,
1324 2385 1429 2425 non
1462 2371 1588 2437 sibi,
1613 2372 1765 2426 vivit.

174 2451 328 2508 Talis
361 2470 593 2526 namque
622 2466 769 2512 recte
799 2467 974 2529 potest
1004 2460 1184 2515 dicere
1211 2479 1223 2515 ε
1254 2459 1390 2517 Pars
1429 2481 1542 2517 mea
1587 2464 1770 2520 Domi-

176 2561 278 2599 nus
304 2586 319 2607 ,
368 2556 641 2615 propterea
668 2550 972 2619 exspectabo
1000 2567 1138 2605 eum.
1180 2550 1335 2607 Unde
1358 2554 1423 2607 ad
1465 2552 1599 2609 Tclh
1627 2555 1770 2611 litte-

178 2650 299 2689 ram
328 2638 529 2692 exinde
560 2639 799 2715 venitur,
833 2641 986 2713 cujus
1013 2642 1388 2714 interpretatio
1412 2655 1567 2701 sonat
1591 2648 1769 2701 exclu-

174 2728 279 2791 δίο,
298 2728 385 2783 vel
408 2729 618 2784 bonum.
642 2731 705 2785 Et
729 2733 866 2787 mira
895 2734 1227 2790 dissonantia
1252 2736 1466 2792 videtur
1484 2754 1769 2811 assurgere

174 2819 412 2875 duarum
450 2823 980 2894 interpretatiouum.
1035 2825 1093 2882 Si
1144 2829 1287 2883 enim
1342 2830 1419 2885 sic
1466 2831 1771 2887 excluditur

175 2914 335 2982 quasi
366 2930 397 2966 ιι
421 2914 581 2970 domo
610 2915 805 2985 aliquis
838 2916 1178 2988 hospitioque
1201 2918 1450 2987 dejicitur
1478 2963 1491 2986 ,
1532 2936 1561 2975 a
1604 2936 1769 2992 regno

174 3002 276 3058 Dei
308 3005 573 3075 bonisque
602 3006 886 3061 lraudatur
911 3008 1046 3077 ejus,
1082 3010 1221 3065 sicut
1247 3012 1480 3067 exclusae
1509 3022 1633 3068 sunt
1661 3014 1769 3067 vir-

173 3096 359 3169 gines,
387 3112 506 3166 quae
537 3113 720 3153 secum
763 3100 937 3155 oleum
969 3118 1075 3156 non
1108 3102 1345 3157 tulerunt
1368 3103 1581 3176 (Matth.
1616 3106 1764 3177 xxv).

1880 1900 1935 1955 in
1964 1901 2202 1957 tenebris
2232 1904 2663 1972 praesentiarum,
2709 1921 2918 1962 necnon
2943 1917 2999 1963 et
3023 1910 3077 1963 in
3104 1913 3467 1980 perturbatio—

1876 1990 2038 2046 nibus
2061 2006 2264 2047 rerum.
2295 1990 2401 2048 Sed
2427 1992 2585 2049 facile
2628 2004 2714 2050 est
2754 1996 3053 2070 intelligere
3077 2015 3143 2055 ex
3172 2001 3465 2075 Evangelio

1875 2080 2147 2152 quomodo
2200 2085 2551 2153 perturbatur
2588 2101 2684 2141 cor
2713 2086 3100 2159 discipulorum
3130 2107 3375 2160 suorum,
3409 2106 3467 2151 et

1872 2171 2233 2227 tenebrantur
2255 2174 2398 2228 oculi
2422 2177 2601 2231 cordis
2620 2190 2805 2232 eorum
2829 2179 3465 2253 :quotiescunquemens

1873 2284 1981 2323 non
2003 2270 2144 2340 sapit
2161 2285 2223 2326 ea
2247 2286 2368 2341 quae
2386 2270 2483 2326 Dei
2504 2281 2649 2337 sunt,
2666 2274 2759 2328 sed
2774 2290 2896 2343 qua
2920 2275 3218 2331 hominum.
3249 2278 3465 2351 1439

1873 2357 2099 2427 Quoties
2122 2376 2253 2432 ergo
2284 2363 2448 2419 homo
2503 2356 2687 2419 noster
2735 2380 2841 2421 non
2894 2366 3038 2422 videt
3086 2384 3148 2422 ea
3200 2386 3318 2439 qua:
3364 2356 3462 2427 Dei

1873 2460 2039 2519 sunt,
2090 2454 2327 2510 dormire
2378 2457 2576 2512 merito
2603 2458 2803 2513 dicitur
2825 2499 2841 2525 ,
2868 2468 2925 2514 et
2950 2459 3002 2515 in
3038 2463 3288 2519 noctibus
3316 2480 3455 2522 esse.

1868 2541 2086 2598 Clandit
2114 2546 2257 2599 enim
2283 2546 2467 2602 oculos
2497 2548 2816 2620 ignorantia:
2851 2552 3112 2608 caecitatis
3140 2554 3282 2608 velut
3308 2572 3457 2611 som-

1873 2649 1993 2687 nus.
2040 2634 2329 2706 Propterea
2377 2637 2668 2708 Apostolus
2712 2640 2852 2697 lilios
2887 2641 2978 2697 Dei
3034 2655 3196 2714 negat
3234 2660 3352 2701 esse
3398 2647 3456 2703 in
3540 2664 3543 2667 '

1871 2735 2046 2782 nocte.
2094 2726 2195 2783 Vos
2224 2729 2381 2796 enim,
2401 2730 2596 2800 inquit,
2621 2732 2956 2801 fratres,non
2980 2737 3101 2790 estis
3130 2737 3182 2790 in
3209 2738 3451 2805 tenebris,

1872 2827 1927 2872 ut
1954 2835 2039 2872 vos
2065 2819 2174 2873 dies
2197 2820 2290 2874 illa
2317 2830 2567 2892 tanquam
2589 2822 2675 2890 fur
2699 2825 2921 2893 arripiat
2950 2841 2968 2879 :
3001 2841 3176 2880 omnes
3207 2844 3295 2881 vos
3316 2829 3454 2882 enim

1871 2912 1992 2966 estis
2021 2912 2121 2982 ﬁlii
2148 2913 2300 2976 lucis,
2331 2923 2378 2967 et
2408 2915 2508 2984 ﬁlii
2536 2915 2639 2969 diei
2668 2929 2687 2967 :
2714 2933 2817 2970 non
2840 2919 2961 2971 estis
2986 2919 3151 2973 noctis
3194 2936 3356 2991 neque
3381 2931 3458 2975 te-

1872 3003 2151 3057 nebrarum
2198 3003 2247 3074 (1
2285 3004 2465 3059 Thess.-
2501 3005 2575 3077 v).
2619 3003 2917 3071 Undeqnec
2951 3008 3283 3065 dormiamus
3317 3011 3459 3065 sicut

1873 3095 2074 3159 caeteri,
2103 3096 2195 3151 sed
2231 3096 2512 3166 vigilemus
2556 3105 2612 3151 et
2639 3098 2805 3153 sobrii
2838 3099 3028 3154 simus.
3056 3098 3191 3167 Quia
3231 3102 3329 3155 etsi
3360 3103 3455 3156 bo-

173 3190 335 3258 Quod
360 3190 405 3244 si
438 3191 510 3244 ita
559 3200 663 3256 est,
708 3194 976 3261 quomodo
1024 3194 1220 3248 bonum
1252 3196 1453 3265 ροιρι-ίι
1490 3200 1767 3267 percipere
1795 3190 1840 3256 (ς
1873 3198 1974 3241 nus
2012 3195 2093 3242 est
2125 3187 2382 3242 Dominus
2428 3190 2773 3258 sperantibus
2797 3189 2854 3245 in
2895 3205 2971 3257 se,
3001 3192 3276 3262 signanler
3301 3194 3458 3249 addi-

171 3282 433 3338 exclusus
464 3299 493 3337 a
525 3300 691 3355 regno
712 3286 807 3339 Dei
829 3288 852 3339 ?
873 3287 1023 3353 Quod
1057 3302 1159 3342 non
1192 3288 1445 3352 arbitror,
1479 3279 1571 3345 sed
1598 3289 1766 3360 magis

169 3377 551 3446 accipiendum
580 3378 665 3431 cui
694 3394 820 3449 pars
849 3379 1106 3434 Dominus
1132 3379 1314 3445 fuerit,
1340 3390 1483 3437 totus
1505 3381 1770 3437 inhaereat

167 3470 341 3535 bono,
374 3478 653 3541 totumque
695 3470 910 3543 1438
936 3473 1207 3543 possideat
1248 3474 1376 3528 illud
1406 3484 1459 3528 et
1484 3474 1768 3545 sempiter-

168 3578 307 3616 num
339 3562 563 3630 bomun,
591 3572 841 3634 totusque
866 3565 1119 3620 exclusus
1146 3567 1215 3621 sit
1248 3575 1301 3620 et
1337 3567 1517 3621 seaculi
1554 3567 1765 3622 actibus

168 3662 228 3708 et
255 3656 543 3723 praesentis
573 3656 697 3711 vitae
744 3656 1154 3713 oblectamentis
1182 3676 1194 3711 :
1226 3659 1479 3727 quoniam
1526 3658 1764 3729 perfecta

164 3746 420 3801 charitas
459 3745 605 3805 foras
638 3749 875 3805 excludit
905 3750 1173 3805 timorem.
1206 3748 1356 3805 Unde
1382 3751 1627 3820 sequitur
1657 3769 1669 3803 :

888 3898 1049 3940 ΤΕΤΒ.

236 4015 428 4072 Bonus
474 4029 547 4073 est
598 4019 847 4074 Dominus
882 4019 1210 4090 sperantibus
1258 4020 1314 4073 in
1356 4035 1472 4074 eum
1502 4060 1517 4085 ,
1569 4020 1761 4075 animae

156 4108 436 4178 qurerenti
473 4106 645 4161 illum.
679 4107 885 4162 Bonum
937 4119 1009 4163 est
1058 4108 1356 4179 pra'stolari
1390 4126 1507 4163 cum
1553 4109 1760 4164 silentio

154 4199 407 4254 salutare
456 4198 571 4252 Dei.
615 4197 745 4263 Vel,
796 4200 935 4254 sicut
976 4199 1078 4253 alia
1119 4200 1285 4255 habet
1333 4200 1755 4272 interpretatio:

152 4289 381 4345 Bonum
417 4300 491 4343 est
550 4291 806 4345 sustinere
836 4302 883 4345 et
935 4309 1145 4362 sperare
1195 4293 1428 4347 salutare
1468 4292 1584 4347 Dei.
1625 4294 1760 4361 Quis

149 4383 312 4436 enim
339 4381 574 4435 sustinet
608 4380 914 4445 Dominum,
948 4383 1053 4436 nisi
1083 4383 1171 4454 qui
1200 4398 1229 4436 a
1268 4384 1445 4438 studio
1473 4385 1757 4441 charitatis

148 4474 423 4529 exclusus
477 4482 560 4529 est
610 4474 679 4529 ab
728 4476 873 4530 oumi
922 4475 1040 4529 labe
1070 4477 1368 4530 vitiorum?
1397 4477 1529 4544 Quis
1553 4478 1755 4547 estqui

1873 3278 1973 3344 dit,
1998 3281 2189 3332 animm
2217 3280 2469 3349 qumrenti
2499 3296 2637 3333 eum.
2666 3279 2800 3346 Quia
2827 3281 2918 3350 qui
2953 3280 3248 3346 dormiunt,
3298 3293 3456 3341 nocte

1870 3372 2144 3427 dormiunt
2191 3389 2202 3424 :
2254 3380 2309 3426 et
2382 3381 2541 3426 nocte
2603 3380 2893 3442 qurerunt,
2953 3389 3112 3443 quem
3169 3376 3221 3427 iu
3296 3386 3456 3430 nocte

1857 3461 2187 3518 dormiendo
2252 3461 2495 3517 invenire
2542 3478 2645 3518 non
2692 3470 2957 3532 possunt:
2993 3478 3167 3533 neque
3229 3464 3453 3537 resoluti

1869 3554 1920 3608 in
1975 3553 2113 3608 lecto
2162 3553 2404 3622 quietis,
2465 3560 2691 3622 possunt
2744 3551 2798 3605 in
2855 3552 3028 3621 prima
3086 3552 3315 3607 inveniri
3373 3554 3455 3609 vi-

1865 3648 2027 3719 gilia,
2083 3661 2259 3717 neque
2312 3646 2362 3699 in
2412 3646 2683 3711 secunda,
2738 3658 2913 3714 neque
2952 3644 3005 3698 in
3062 3646 3220 3699 tertia
3269 3646 3451 3716 vigilia
3524 3646 3527 3649 ’

1867 3738 2168 3807 vigilantes.
2221 3737 2428 3792 Idcirco
2470 3745 2527 3791 et
2571 3736 2829 3792 Dominus
2858 3736 3184 3808 pervigilans
3219 3738 3270 3791 in
3316 3754 3444 3792 ora-

1868 3832 2012 3887 tione
2039 3829 2351 3901 frequenter
2380 3830 2668 3885 secessisse
2719 3828 2970 3896 refertur,
3020 3838 3075 3884 et
3120 3840 3448 3900 pernoctans

1864 3923 1918 3975 iu
1969 3921 2308 3976 orationibus
2357 3920 2666 3975 incubuisse
2701 3919 2854 3990 (Luc.
2893 3920 3012 3991 xu).
3062 3918 3449 3976 Verumtamen

1864 4015 1955 4085 qui
1997 4014 2233 4083 qumrit,
2280 4026 2440 4067 nosse
2488 4027 2610 4066 eum
2671 4011 2872 4076 debet,
2919 4019 3186 4081 quatenus
3239 4021 3451 4081 quaerat

1863 4122 2022 4179 quem
2063 4105 2238 4178 diligit
2260 4105 2440 4159 anima
2474 4104 2608 4174 ejus.
2644 4103 2846 4169 Quaerit
2868 4103 3010 4159 enim
3040 4120 3202 4173 quam
3229 4120 3369 4174 szepe
3395 4113 3451 4160 et

1862 4216 1968 4256 non
2008 4200 2236 4263 invenit,
2270 4197 2484 4253 vocabit
2510 4212 2634 4252 eum
2670 4206 2726 4251 et
2772 4212 2877 4250 non
2928 4196 3200 4251 exaudiet.
3260 4198 3448 4268 Neque

1863 4296 2009 4349 enim
2034 4293 2273 4365 quandiu
2300 4292 2660 4347 delectabitur
2692 4292 2811 4346 loco
2858 4292 2910 4346 in
2955 4305 3064 4361 quo
3093 4291 3347 4346 dormitat
3394 4300 3451 4347 et

1862 4387 2091 4450 dormit,
2139 4392 2318 4454 potest
2359 4383 2468 4440 illic
2494 4384 2737 4439 invenire
2783 4397 2941 4452 quem
2991 4382 3200 4450 quaerit.
3247 4382 3448 4437 Audiet

1862 4494 1992 4547 ergo
2025 4476 2291 4530 dicentem
2341 4473 2685 4529 Salomonem
2741 4490 2754 4526 :
2800 4473 2937 4543 quod
2984 4472 3123 4528 sicut
3158 4476 3354 4527 ostium
3389 4473 3443 4526 in

147 4575 392 4638 sperat,
438 4566 538 4621 nisi
571 4567 662 4636 qui
696 4566 746 4621 id
777 4567 917 4636 quod
964 4578 1145 4638 sperat
1174 4577 1228 4623 et
1254 4576 1404 4638 optat
1444 4578 1497 4622 et
1533 4569 1750 4639 diligit?
1776 4554 1828 4615 Ῑ)
1854 4570 2073 4625 cardine
2106 4580 2205 4623 suo
2232 4566 2463 4621 vertitur
2485 4607 2501 4630 ,
2530 4567 2610 4621 sic
2639 4566 2788 4637 piger
2818 4566 2871 4620 in
2904 4566 3063 4621 cubili
3112 4582 3208 4620 suo
3251 4562 3437 4635 (Prov.

144 4658 318 4728 Quod
349 4658 497 4713 enim
523 4674 803 4728 speramus
828 4700 843 4725 ,
872 4674 970 4729 per
996 4661 1312 4730 patientiam
1353 4669 1749 4730 exspectamus.

142 4752 306 4824 Ergo
329 4749 427 4820 qui
453 4760 630 4819 sperat
660 4751 910 4816 sustinet,
933 4751 1025 4821 qui
1049 4752 1281 4807 sustinet
1298 4767 1395 4821 per
1415 4752 1751 4821 patientiam,

141 4842 407 4900 excludit
428 4858 616 4897 omnes
641 4841 864 4898 affectus
883 4844 1085 4907 carnis,
1130 4852 1185 4898 et
1228 4842 1595 4898 molestiarum
1636 4850 1753 4896 om-

137 4937 311 4989 nium
361 4934 640 4987 tumultus.
673 4933 728 4988 lu
756 4933 898 4989 bono
936 4935 1077 4989 enim
1130 4933 1436 4990 excluditur
1483 4935 1551 4989 ab
1603 4933 1752 4989 omni

137 5027 319 5080 malo.
354 5024 426 5078 Et
452 5025 572 5079 ideo
603 5035 829 5096 uterque
859 5027 959 5080 sub
997 5027 1094 5080 hac
1142 5026 1323 5080 littera
1362 5026 1462 5081 sibi
1504 5025 1754 5096 congruit

136 5128 355 5170 sensus
385 5113 916 5185 interpretationum,
941 5126 1001 5170 ut
1026 5116 1198 5171 bonus
1241 5116 1311 5172 sit
1343 5116 1600 5171 Dominus
1644 5130 1753 5169 om-

136 5210 317 5263 nibus
361 5207 707 5277 sperantibus
760 5209 814 5263 in
839 5210 958 5263 cuiu
992 5227 1003 5261 :
1034 5207 1297 5275 Quoniam
1327 5210 1418 5277 qui
1450 5216 1669 5278 sperant
1698 5208 1751 5262 in

134 5320 277 5357 eum
306 5344 321 5365 ,
365 5298 523 5368 juxta
556 5300 724 5356 David
751 5341 765 5365 ,
815 5315 920 5355 non
951 5300 1269 5370 delinquunt
1318 5298 1491 5371 (Psal.
1528 5300 1746 5369 χχχιιι).

136 5393 314 5449 Unde
362 5391 491 5446 alibi
528 5393 666 5447 etin
695 5391 925 5447 Psalmis
971 5393 1071 5447 sub
1126 5392 1227 5446 hac
1276 5393 1464 5461 eadem
1516 5393 1744 5447 littera:

131 5488 460 5542 Bonitatem
486 5484 693 5555 fecisti,
744 5485 964 5540 Domine
987 5526 1002 5550 ,
1035 5485 1325 5539 secundum
1368 5487 1573 5541 rerbum
1601 5496 1749 5539 tuum

131 5579 331 5653 (I’sal.
367 5578 577 5648 cxvm).
604 5577 671 5632 Et
690 5578 819 5647 quid
845 5586 931 5633 est
959 5579 1176 5631 dicere:
1212 5576 1510 5633 Bonitatem
1544 5577 1744 5644 fecisti,

130 5670 199 5730 ut
240 5688 403 5728 esses
438 5672 566 5726 mihi
596 5670 803 5726 bonus?
832 5671 1002 5738 Quam
1042 5669 1204 5723 bonus
1242 5684 1371 5741 ergo
1404 5669 1573 5723 Israel
1606 5670 1746 5724 Deus

125 5774 203 5831 iis
232 5770 332 5845 qui
359 5776 496 5821 recto
525 5775 642 5820 sunt
667 5764 854 5819 corde!
881 5764 1051 5838 (Psal.
1081 5765 1274 5837 vau.)
1309 5764 1530 5821 (laeteris
1560 5773 1742 5823 autem

1860 4658 2031 4730 xxvi).
2083 4656 2174 4713 Sic
2226 4658 2376 4728 piger
2424 4658 2656 4711 vertitur
2698 4656 2785 4710 ille
2818 4673 2980 4726 quem
3012 4657 3244 4727 qurrit,
3288 4667 3342 4710 et
3384 4657 3437 4711 in

1799 4771 1813 4784 ο
1857 4752 2054 4807 lectulo
2095 4765 2194 4806 suo
2222 4766 2380 4820 quem
2413 4750 2706 4815 desiderat,
2734 4752 2927 4819 quaerit
2977 4761 3031 4805 et
3073 4767 3176 4804 non
3229 4750 3441 4805 invenit

1859 4860 1983 4899 eum
2012 4860 2025 4897 :
2059 4852 2112 4899 et
2135 4842 2256 4896 ideo
2279 4841 2631 4912 relinquenda
2661 4852 2742 4898 est
2773 4844 3081 4897 dormitatio
3113 4842 3437 4906 dormiendi,

1856 4934 2212 4990 excutiendus
2254 4948 2476 4989 somnus
2500 4949 2567 4987 ex
2594 4934 2764 4988 oculis
2806 4933 3049 4991 nostris:
3092 4940 3146 4986 et
3190 4932 3440 5001 quamvis

1856 5029 2034 5083 adhuc
2066 5043 2168 5081 nox
2198 5027 2269 5082 sit
2297 5026 2510 5091 danda),
2542 5035 2667 5080 sunt
2692 5037 2867 5080 tamen
2895 5025 3105 5094 vigilnc,
3142 5033 3200 5077 ut
3245 5024 3434 5091 ponit,

1856 5118 1947 5187 qui
1980 5117 2261 5188 quaeritur,
2292 5115 2540 5171 inveniri.
2586 5114 2737 5169 Licet
2780 5114 2881 5166 alia
2927 5114 3298 5182 interpretatio
3343 5114 3438 5166 ba-

1856 5208 2001 5273 heat,
2039 5208 2175 5262 odor
2200 5206 2610 5279 thymiamatum
2635 5204 2688 5258 in
2713 5202 2905 5256 lectulo
2935 5217 3070 5262 tneo,
3104 5212 3277 5255 tamen
3312 5205 3435 5255 dor-

1854 5303 2148 5357 mientibus
2179 5317 2284 5355 nou
2316 5308 2460 5355 recte
2486 5297 2777 5352 invenitur.
2823 5294 2974 5348 Unde
3003 5302 3055 5346 et
3082 5309 3274 5363 sponsa
3314 5309 3435 5362 quae

1857 5411 1978 5451 cum
2024 5410 2129 5449 non
2158 5393 2451 5449 invenisset
2476 5391 2527 5444 in
2556 5389 2747 5443 lectulo
2779 5406 2790 5440 :
2824 5385 3136 5456 Exsurgam,
3170 5387 3360 5455 i.:qt.it,
3385 5397 3433 5440 et

1856 5491 2086 5545 circuibo
2133 5490 2423 5553 civitatem,
2469 5495 2516 5539 et
2553 5485 2607 5537 in
2634 5483 2881 5537 nundinis
2913 5493 2958 5535 et
2988 5482 3171 5551 plateis
3196 5497 3431 5551 quu'mm

1855 5598 2007 5653 quem
2044 5581 2212 5651 diligit
2250 5578 2427 5632 anima
2458 5592 2595 5629 utea.
2635 5572 2863 5639 Qua’sivi
2900 5589 3015 5625 eum
3047 5582 3093 5624 et
3130 5588 3231 5623 non
3262 5572 3433 5624 invenl

1856 5674 2033 5747 (Cant.
2068 5674 2169 5743 ut).
2202 5671 2339 5739 Quia
2379 5669 2503 5722 licet
2547 5664 2880 5735 diligentiam
2922 5673 2975 5718 et
3016 5662 3431 5717 sollicitudinem

1856 5765 2179 5829 adhibuerit,
2217 5777 2320 5819 non
2351 5771 2405 5817 ut
2436 5757 2672 5834 oportuit
2699 5756 2966 5831 quaesivit.
2994 5764 3048 5810 ct
3070 5756 3186 5811 ideo
3210 5752 3431 5814 minime
