4078 6348
761 295 899 355 “67

1558 289 1615 346 S.
1657 286 2011 345 PASCHASII
2048 284 2393 342 RADBERTI
2431 284 2721 342 ABBATIS
2757 283 3200 343 CORBEIENSIS

3754 310 3849 371 “08

756 411 998 471 invenire
1022 407 1208 465 valuit.
1242 406 1379 462 Hinc
1404 419 1618 477 quoque
1638 404 1829 458 animae
1848 402 2109 473 quaerenti
2140 401 2330 466 Deum,
2358 407 2406 463 Α
2434 399 2744 456 etelestihus
2772 398 3019 454 instituta
3059 399 3362 470 disciplinis,
3387 407 3577 465 exclusa
3603 427 3658 470 an
3679 422 3854 481 omnibu,

751 506 988 578 primum
1018 499 1372 573 requirendus
1406 506 1489 552 est
1526 496 1716 551 modus
1754 493 2053 565 quazrendi,
2085 501 2145 546 ut
2175 492 2327 546 inve-

752 598 875 653 nire
901 604 1087 666 queat,
1129 590 1381 646 videlicet
1426 604 1532 645 non
1573 603 1697 643 cum
1745 585 2030 643 desidiosis
2059 584 2113 638 in
2144 582 2284 639 lecto
2306 620 2324 648 ,

746 703 928 759 neque
959 687 1011 740 in
1041 683 1315 747 nundinis,
1347 694 1521 752 neque
1551 680 1601 733 in
1644 678 1858 749 plateis,
1888 690 2061 749 neque
2090 675 2144 730 in
2179 671 2327 728 nullo

738 781 981 835 istorum
1010 775 1149 839 loco,
1181 774 1268 829 ubi
1299 781 1393 827 aut
1434 772 1648 828 caecitas
1694 770 1925 825 vertitur
1948 809 1963 835 ,
2017 776 2110 823 aut
2144 766 2330 822 odiosa

748 868 932 927 saeculi
980 868 1192 940 negotia
1240 865 1599 929 meditantur,
1628 861 1711 917 vel
1739 861 1957 916 lascivia
1984 866 2328 931 pervagatur.

748 961 905 1018 Unde
933 970 988 1016 et
1028 959 1183 1015 Jcsus
1214 964 1430 1025 arrepto
1457 953 1665 1025 ﬂagello
1692 953 1985 1007 vendentes
2009 957 2065 1005 et
2087 955 2330 1003 ementes

746 1066 938 1111 omnes
960 1052 1026 1106 de
1048 1049 1247 1120 templo
1271 1047 1453 1116 eiecit,
1482 1062 1549 1101 ne
1576 1046 1764 1100 domus
1783 1042 1961 1098 Patris
1985 1042 2124 1112 ejus,
2140 1040 2329 1095 domus

747 1140 1137 1215 negotiationis
1165 1147 1307 1194 esset
1337 1135 1532 1209 (Marc.
1566 1152 1655 1199 xi;
1685 1132 1814 1187 Luc.
1853 1133 1988 1202 xu).
2018 1130 2156 1197 Quid
2183 1130 2328 1184 enim

743 1235 965 1308 prodest
993 1233 1043 1286 in
1074 1230 1266 1301 plateis
1294 1242 1415 1281 eum
1446 1239 1688 1296 quaerere
1709 1264 1724 1289 ,
1754 1222 1876 1286 ubi,
1925 1220 2064 1276 sicut
2115 1216 2329 1291 1m

745 1307 1012 1395 propheta
1042 1319 1191 1380 dicit,
1239 1333 1342 1372 vox
1370 1313 1488 1385 ejus
1517 1330 1619 1368 non
1650 1321 1737 1367 est
1761 1311 1981 1366 audita?
2010 1309 2199 1363 Merito
2230 1307 2328 1377 igi-

744 1424 834 1468 tur
864 1413 939 1466 sic
974 1417 1303 1481 qumrentem
1342 1408 1602 1469 animam,
1627 1404 1879 1460 custodes
1906 1400 2143 1457 civitatis
2167 1398 2328 1468 hujus

739 1506 1140 1561 circumeuntes
1181 1499 1477 1564 civitatem,
1503 1505 1773 1551 errantem
1794 1509 1914 1550 eam
1952 1492 2232 1549 inveniunt
2271 1497 2329 1545 et

742 1593 1212 1668 cotnprcbendunt
1234 1630 1249 1656 ,
1293 1602 1643 1657 erroremque
1670 1586 1840 1656 ipsius
1866 1583 2108 1640 revelant
2134 1622 2150 1649 ,
2180 1579 2325 1652 quod

739 1706 917 1759 neque
942 1690 993 1742 in
1026 1685 1234 1757 plateis,
1265 1696 1439 1751 neque
1478 1681 1530 1734 in
1565 1677 1855 1743 nundinis,
1878 1690 2052 1746 neque
2079 1676 2131 1730 in
2160 1673 2319 1737 lecto,

2429 507 2551 563 qua
2578 491 2761 547 mundi
2788 501 2939 557 sunt,
2973 491 3142 546 etiam
3171 493 3303 549 ultra
3332 498 3589 569 angelicam
3608 505 3853 584 dignitatem,

2427 593 2486 641 et
2511 598 2575 640 ea
2604 599 2724 655 qua:
2748 594 2875 639 sunt
2900 584 3194 649 recondita,
3219 595 3277 641 ut
3298 587 3514 646 inveniat
3548 609 3678 663 quem
3715 602 3855 661 dilexit.

2429 674 2585 732 Unde
2613 691 2826 733 summo
2853 675 3169 733 deliciarum
3194 678 3399 737 invento
3420 682 3561 750 bono,
3579 686 3737 744 fatetur
3754 697 3857 752 susti-

2428 779 2560 822 nere
2597 774 2653 822 et
2689 780 2912 837 sperare
2963 767 3018 821 in
3063 767 3289 824 salutare
3313 771 3401 826 Dei
3441 788 3454 827 :
3490 783 3539 828 et
3576 786 3627 831 ut
3646 778 3858 842 buiebono

2428 871 2645 928 semper
2667 858 2949 924 inhaereat,
2977 856 3183 915 Bonum
3209 875 3324 917 esse
3348 861 3525 919 fatetur
3546 868 3651 931 viro,
3677 886 3765 925 cum
3779 891 3858 942 por-

2430 950 2613 1003 taverit
2641 966 2806 1021 grave
2826 950 3015 1022 jugum
3039 948 3385 1007 adolescentiae
3408 970 3525 1009 sua.
3550 956 3717 1013 Sedebit
3737 963 3859 1034 singu-

2429 1041 2616 1096 lariter
2641 1041 2911 1096 solitarius
2933 1052 2980 1096 et
3010 1033 3215 1096 tacebit.
3250 1042 3369 1099 Haec
3404 1058 3520 1118 ergo
3550 1048 3665 1104 bona
3699 1051 3861 1112 excludo

2427 1142 2530 1199 est,
2556 1130 2615 1188 ut
2638 1134 2824 1190 sedeat
2843 1150 3025 1189 secum
3056 1134 3200 1191 solus
3227 1151 3343 1191 cum
3386 1136 3505 1193 Deo.
3550 1139 3796 1214 Quicunque
3824 1162 3862 1202 se

2429 1227 2596 1281 sentit
2620 1235 2840 1296 portare
2854 1227 3044 1297 jugum
3069 1241 3232 1296 grave
3253 1227 3305 1282 in
3323 1228 3576 1301 iuventute
3595 1248 3689 1299 sua,
3708 1236 3859 1302 sedebit,

2428 1316 2621 1386 inquit,
2646 1316 2997 1386 singulariter
3022 1324 3076 1372 et
3095 1317 3293 1385 silebit,
3314 1319 3431 1390 quia
3456 1319 3565 1374 tulit
3577 1322 3725 1393 iugum
3742 1340 3860 1395 grave.

2428 1407 2536 1464 Sed
2563 1409 2688 1480 quia
2716 1410 2833 1465 haec
2854 1410 3122 1465 institutio
3151 1418 3354 1466 tantum
3376 1415 3621 1469 moraliter
3641 1417 3861 1485 addiscitur,

2426 1503 2776 1572 quaerendum
2810 1504 2877 1559 de
2901 1519 3007 1573 quo
3023 1502 3154 1575 iugo
3176 1504 3419 1560 dicatur:
3458 1508 3571 1577 quia
3603 1515 3671 1563 est
3688 1519 3731 1564 et
3742 1508 3865 1582 iugum

2425 1610 2589 1667 grave
2611 1611 2772 1667 super
2820 1596 2961 1653 filios
2986 1596 3161 1653 Adam
3189 1613 3220 1654 a
3251 1599 3334 1654 die
3367 1609 3508 1655 ortus
3542 1616 3696 1656 eorum
3717 1616 3729 1655 :
3747 1613 3805 1657 est
3830 1610 3864 1658 et

2419 1689 2605 1761 jugum
2628 1689 2964 1745 inﬁdelitatis
2992 1708 3005 1743 :
3035 1699 3120 1744 est
3141 1699 3315 1745 autem
3340 1698 3393 1746 et
3408 1689 3578 1762 iugum
3598 1689 3762 1746 Domini
3776 1691 3862 1757 leve,

738 1791 831 1836 aut
876 1781 927 1834 in
977 1788 1133 1832 nocte
1162 1775 1420 1831 caicitatis
1438 1775 1594 1828 'bene
1616 1770 1896 1841 quaeritur.
1931 1766 2196 1823 Custodes
2221 1779 2320 1820 au-
2351 1761 2399 1825 Β
2425 1780 2568 1849 quod
2589 1794 2809 1834 suarum
2838 1780 3099 1834 virtutum
3126 1795 3263 1836 onus
3288 1796 3380 1851 spe
3407 1761 3780 1836 remunerationis
3807 1797 3859 1836 so.

737 1882 846 1927 tem
874 1869 1113 1925 civitatis
1136 1875 1354 1930 nostrae,
1380 1864 1630 1920 doctores
1654 1862 1735 1917 vel
1757 1874 2035 1917 sermones
2056 1868 2181 1914 sunt
2199 1872 2320 1928 pro-

723 1962 1046 2034 phetarum,
1082 1959 1133 2013 in
1169 1956 1363 2026 quibus
1386 1994 1399 2021 ,
1436 1954 1481 2009 si
1513 1961 1659 2008 recte
1693 1953 2082 2021 interrogatum
2113 1947 2315 2015 fuerit,

738 2053 1022 2111 manifeste
1047 2051 1206 2106 citius
1232 2047 1539 2111 invenitur,
1573 2045 1714 2101 sicut
1757 2058 1954 2114 sponsa
1983 2041 2318 2113 deprehensa

666 2139 673 2147 ’
736 2162 844 2203 non
894 2144 1189 2217 prtetcrivit
1238 2141 1575 2211 interrogare
1617 2151 1741 2200 eos,
1779 2134 1873 2190 sed
1899 2134 1976 2189 ait
2011 2151 2025 2188 :
2060 2131 2315 2203 Nunquid

736 2256 885 2313 quem
924 2237 1093 2308 diligit
1133 2235 1312 2289 anima
1352 2249 1465 2286 mea
1489 2230 1728 2286 vidistis?
1760 2226 1825 2281 Et
1863 2243 1980 2281 cum
2004 2225 2314 2296 pertransis-

734 2352 840 2389 sem
867 2331 1114 2401 ,inquit,
1156 2325 1430 2399 paululum
1473 2322 1537 2377 ab
1582 2322 1655 2377 eis
1683 2363 1698 2387 ,
1742 2319 1910 2375 inveni
1953 2334 2105 2387 quem
2143 2316 2315 2390 diligit

734 2426 911 2481 anima
938 2440 1051 2476 mea
1081 2417 1257 2489 (Cant.
1289 2416 1393 2486 tn).
1421 2414 1498 2469 Ex
1527 2427 1636 2475 uuo
1678 2409 1922 2482 profecto
1951 2409 2139 2478 liquet,
2169 2406 2313 2477 quod

731 2516 1036 2573 velamento
1058 2512 1229 2583 operti
1266 2517 1391 2564 sunt
1429 2520 1705 2563 sermones
1738 2504 2121 2573 prophetarum
2151 2509 2313 2569 atque

731 2609 964 2680 eloquia,
996 2622 1059 2661 ae
1090 2601 1398 2658 tessimonia
1427 2599 1832 2670 Scripturarum
1869 2601 2210 2658 sanctarum,
2256 2592 2312 2646 in

729 2705 927 2775 quibus
968 2699 1218 2755 Christus
1256 2695 1388 2750 latet
1438 2690 1803 2747 absconditus.
1834 2686 1983 2755 Quos
2010 2702 2130 2742 eum
2186 2699 2309 2755 per-

720 2793 1067 2855 transissmn,
1095 2788 1290 2857 inquit,
1316 2784 1492 2839 inveni
1534 2798 1695 2853 quem
1728 2779 1918 2836 dilexit
1956 2779 2134 2833 anima
2168 2792 2305 2840 mea,

731 2888 939 2943 scilicet
987 2882 1323 2953 patriarchas
1353 2888 1405 2934 et
1433 2878 1749 2949 prophetas,
1790 2891 1999 2932 necnon
2030 2884 2085 2929 et
2121 2889 2308 2929 eorum

731 2979 1049 3034 adumbrata
1078 2976 1343 3029 dictorum
1368 2971 1600 3042 eloquia,
1643 2970 1695 3025 in
1725 2970 1920 3039 quibus
1952 2977 2007 3024 et
2043 2982 2310 3039 praemon-

729 3080 930 3127 stratns
957 3076 1010 3123 et
1039 3054 1346 3123 declaratus
1370 3064 1674 3119 ostenditur
1712 3063 1855 3118 Deus
1882 3063 2063 3117 homo.
2112 3060 2308 3116 Tribus

728 3176 962 3233 namque
984 3158 1159 3214 modis
1194 3157 1443 3220 dilectus,
1468 3154 1672 3210 scilicet
1708 3154 1941 3210 Verbum
1970 3152 2170 3217 Patris,
2206 3152 2309 3208 fide

728 3263 783 3308 et
815 3251 1190 3313 confessione,
1232 3257 1287 3302 et
1324 3246 1683 3304 conversione
1732 3260 1854 3299 cum
1906 3242 2175 3315 probitate
2222 3244 2312 3299 do-

729 3345 916 3401 ctrinm
948 3342 1227 3412 quaeritur.
1269 3338 1420 3395 Unde
1468 3337 1635 3391 David
1668 3350 1683 3389 :
1716 3334 1950 3401 Quirrite
1992 3332 2308 3398 Dominum,

726 3438 943 3508 qum-ile
973 3435 1164 3506 faciem
1195 3431 1308 3503 ejus
1360 3447 1561 3501 semper
1592 3427 1765 3500 (Psal.
1813 3428 1943 3501 etv).
2000 3429 2137 3483 Ecce
2177 3444 2311 3498 quo-

726 3545 896 3601 usque
919 3525 1239 3597 quacrendus
1261 3523 1432 3578 donec
1459 3522 1702 3577 invenias
1731 3536 1889 3590 quem
1914 3520 2085 3591 diligit
2104 3521 2308 3586 anima,

725 3623 781 3677 in
829 3618 1070 3693 perfecto
1114 3616 1296 3672 Patris
1336 3615 1538 3669 lumine
1582 3612 1953 3684 refulgentem.
2008 3612 2178 3667 Porro
2217 3612 2309 3668 ubi

727 3711 1055 3782 quaerendus
1084 3709 1152 3762 sit
1178 3748 1191 3773 ,
1220 3706 1456 3761 insinuat
1487 3704 1696 3775 Moyses
1733 3719 1747 3757 :
1774 3718 1880 3759 non
1907 3703 2061 3774 quasi
2092 3718 2309 3758 sursum

725 3813 815 3858 aut
840 3804 1090 3857 deorsum
1114 3840 1128 3864 ,
1156 3814 1248 3853 seu
1273 3805 1469 3854 caatera
1497 3811 1617 3867 quze
1648 3796 1701 3850 in
1736 3794 2151 3850 Deuteronomio
2180 3809 2310 3849 eon-

726 3896 970 3947 tinentur
1000 3890 1178 3962 (Deut.
1227 3888 1325 3957 tv),
1364 3887 1457 3942 sed
1498 3886 1551 3941 in
1582 3884 1743 3939 corde
1773 3893 1864 3939 tuo
1890 3924 1905 3950 ,
1933 3883 2144 3954 inquit,
2171 3893 2225 3938 et
2254 3883 2309 3939 in

723 3998 820 4038 ore
852 3991 941 4035 tuo
971 3990 1201 4043 tantum,
1235 3988 1292 4033 ut
1315 3992 1501 4048 pacem
1533 3975 1790 4030 indultum
1825 3990 1854 4029 a
1891 3975 2000 4031 Deo
2035 3974 2305 4030 retineas:

723 4075 850 4146 quia
884 4075 936 4128 in
964 4086 1092 4144 pace
1120 4070 1294 4126 factus
1333 4077 1419 4125 est
1461 4067 1611 4123 locus
1653 4065 1790 4137 ejus,
1826 4075 1880 4121 et
1906 4067 2171 4121 habitatio
2193 4065 2309 4136 ejus

725 4168 779 4222 in
819 4166 968 4221 Sion.
1000 4166 1263 4235 Loquitur
1296 4172 1473 4218 autem
1516 4177 1705 4234 pacem
1736 4162 1787 4215 in
1818 4160 2028 4230 plebem
2055 4178 2229 4228 suam,
2254 4172 2310 4218 et

725 4262 781 4315 in
815 4275 907 4315 eos
935 4259 1024 4329 qui
1056 4265 1445 4314 convertuntur
1472 4255 1539 4310 ad
1568 4268 1678 4309 eor.
1721 4253 1819 4309 Ubi
1851 4253 1896 4308 si
1940 4262 2084 4309 recte
2112 4255 2310 4325 quaari—

725 4369 867 4417 mus,
898 4352 969 4406 ibi
1000 4349 1323 4420 qumrendus
1352 4355 1457 4413 est,
1497 4346 1587 4400 ubi
1633 4345 1966 4415 propinquus
1995 4344 2303 4401 invenitur:

720 4446 848 4515 quia
878 4443 1121 4515 profecto
1144 4442 1363 4497 verbum
1390 4440 1578 4496 eodem
1610 4439 1916 4509 legislature
1947 4447 2104 4504 teste,
2131 4439 2182 4493 in
2209 4453 2305 4495 ore
2328 4477 2383 4541 Β

721 4547 838 4602 tuo,
870 4546 924 4592 et
956 4536 1008 4590 in
1045 4534 1207 4591 corde
1238 4543 1347 4588 tuo.
1374 4532 1648 4588 Invenitur
1673 4540 1876 4599 autem,
1905 4541 1967 4587 ut
1987 4533 2221 4588 diximus
2244 4534 2298 4589 in

720 4630 929 4685 sanctis
953 4628 1087 4691 suis,
1116 4627 1263 4682 vivet
1288 4627 1433 4681 intus
1452 4634 1631 4681 autem
1660 4636 1714 4681 et
1743 4626 1795 4680 in
1820 4624 2131 4697 Scripturis.
2161 4627 2300 4698 Ergo

720 4721 844 4793 quia
877 4718 1200 4791 quan'endus
1229 4727 1333 4783 est,
1361 4717 1433 4773 ibi
1463 4718 1647 4787 utique
1684 4733 1791 4788 quo
1827 4719 2054 4774 inveniri
2092 4727 2297 4790 queat:

718 4826 774 4869 et
797 4824 926 4869 tunc
951 4814 1155 4883 utique,
1175 4812 1389 4881 quando
1410 4826 1574 4881 pr0pe
1594 4820 1698 4877 est,
1723 4820 1973 4867 monente
1997 4811 2300 4883 Propheta:

722 4906 959 4973 Quu'rite
984 4905 1261 4958 Dominum
1296 4903 1422 4957 dum
1444 4902 1663 4957 inueniri
1688 4914 1876 4973 potest,
1911 4906 2145 4959 invocate
2179 4922 2297 4959 eum

716 4998 843 5049 dum
885 5010 1044 5064 prope
1078 5003 1162 5069 est
1208 4991 1342 5063 (lsa.
1388 4994 1495 5063 LV).
1527 4993 1661 5060 Quia
1694 5009 1859 5065 prope
1908 5004 1991 5049 est
2041 4995 2296 5053 Dominus

716 5087 970 5141 omnibus
1000 5085 1373 5141 invocantibus
1397 5099 1523 5139 eum
1550 5125 1564 5150 ,
1611 5087 1863 5141 omnibus
1906 5087 1995 5157 qui
2043 5087 2298 5143 invocant

717 5197 840 5235 cum
876 5181 926 5234 in
956 5180 1201 5233 veritate.
1231 5177 1396 5249 Igitur
1423 5177 1550 5246 quia
1580 5178 1875 5233 immensus
1900 5179 2123 5234 estsine
2148 5179 2299 5234 fasti-

716 5275 805 5327 dio
858 5288 982 5328 eum
1038 5271 1141 5326 fide
1176 5269 1535 5340 quaerendus,
1583 5278 1640 5323 et
1672 5268 1797 5338 quia
1853 5284 1991 5323 unus
2050 5270 2300 5339 idemque

715 5371 830 5427 est,
861 5376 1076 5431 semper
1105 5360 1275 5430 magis
1305 5358 1586 5431 magisque
1611 5358 1728 5414 sine
1763 5358 1869 5414 ulla
1905 5360 2301 5431 permutatione

717 5456 999 5510 amandus.
1044 5452 1179 5507 Hinc
1215 5466 1432 5522 quoque
1468 5453 1752 5523 sequitur,
1806 5450 2013 5507 Bonum
2054 5463 2128 5509 est
2180 5471 2302 5527 eum

714 5546 924 5602 silentio
981 5544 1278 5615 prmstolari
1338 5543 1571 5600 salutare
1641 5545 1761 5600 Dei.
1830 5546 2019 5603 Videat
2064 5548 2301 5617 prudens

718 5636 928 5709 1441
959 5636 1174 5690 animus
1202 5635 1268 5690 de
1304 5644 1455 5693 tanto
1478 5650 1712 5693 maerore
1740 5637 2047 5709 (postquam
2080 5638 2299 5693 morali-

716 5735 799 5785 ter
829 5727 991 5797 coapit
1021 5725 1164 5782 vires
1192 5727 1487 5798 resumere)
1518 5736 1781 5797 quantum
1827 5727 2117 5799 profecerit
2143 5744 2297 5797 mens

2420 1865 2584 1921 latur.
2616 1866 2685 1921 Et
2722 1866 2826 1922 hoc.
2871 1865 3121 1923 fortassis
3156 1867 3342 1939 iugum
3387 1884 3559 1940 grave,
3582 1870 3628 1923 id
3648 1880 3713 1924 est
3744 1870 3864 1940 iugum

2419 1957 2813 2013 emendationis
2828 1956 2954 2028 jure
2978 1958 3197 2024 dicitur,
3214 1956 3366 2028 juxta
3391 1959 3514 2015 illud
3536 1958 3708 2014 :Venite
3728 1960 3777 2013 ad
3801 1975 3864 2023 ne,

2419 2066 2594 2105 omnes
2632 2051 2721 2122 qui
2751 2052 2955 2106 onerati
2987 2051 3113 2106 estis
3140 2091 3155 2117 ,
3183 2060 3231 2105 et
3259 2049 3418 2105 tollite
3434 2051 3605 2121 jugum
3622 2067 3752 2104 meum
3767 2063 3866 2118 super

2417 2159 2505 2198 vos
2526 2141 2742 2215 (Matth.
2765 2144 2862 2210 χι).
2892 2141 2950 2199 Si
2987 2144 3111 2213 quis
3138 2151 3321 2198 autem
3353 2149 3615 2212 antequam
3648 2142 3759 2212 gravi
3790 2152 3866 2194 oue

2416 2242 2567 2290 retur
2589 2234 2804 2290 sarcina
2829 2243 3177 2304 peccatorum
3204 2233 3385 2289 tulerit
3405 2232 3598 2304 iugum,
3626 2222 3865 2302 singulariter

2416 2328 2645 2394 sedebit,
2667 2344 2773 2383 non
2800 2342 2922 2383 cum
2952 2326 3207 2398 plurimis
3234 2338 3320 2383 est
3343 2326 3685 2390 eonferendus,
3708 2324 3775 2379 sed
3792 2338 3866 2379 cum

2414 2417 2507 2473 illo
2529 2417 2620 2487 qui
2652 2433 2774 2473 cum
2819 2418 2927 2473 Deo
2957 2417 3312 2490 singulariter
3361 2418 3414 2472 in
3444 2432 3531 2488 spe
3561 2425 3634 2472 est
3668 2414 3868 2470 collocatus

2413 2506 2587 2582 (Psal.
2631 2507 2742 2579 tv).
2780 2507 3170 2565 Verumtamen
3218 2508 3552 2580 qumrendum
3597 2505 3800 2577 quomodo
3815 2502 3870 2570 ju-

2412 2614 2536 2670 gum
2577 2612 2743 2668 grave
2793 2599 2883 2663 sit,
2925 2614 3048 2653 cum
3100 2598 3366 2654 Dominus
3402 2596 3576 2669 iugum
3624 2610 3744 2651 suum
3769 2605 3871 2647 suate

2412 2707 2533 2747 esse
2555 2692 2700 2747 dicat
2730 2710 2743 2746 :
2773 2700 2827 2747 et
2858 2691 3079 2748 Graecus
3110 2701 3322 2748 tantum
3342 2693 3522 2764 jugum
3552 2689 3712 2760 posuit,
3734 2682 3874 2740 necati-

2412 2783 2568 2847 didit,
2609 2798 2791 2854 grave.
2825 2782 2939 2839 Etsi
2981 2783 3053 2837 ita
3101 2784 3198 2849 sit,
3227 2799 3390 2854 porro
3426 2784 3594 2853 jugum
3619 2792 3748 2833 suave
3772 2772 3870 2836 dixit.

2408 2884 2466 2929 et
2491 2890 2629 2930 onus
2664 2874 2801 2940 leve,
2842 2889 2944 2930 nec
2974 2884 3157 2931 tamen
3187 2875 3378 2948 iugum
3423 2874 3534 2930 leve
3571 2872 3718 2927 dicere
3750 2863 3871 2919 voluit.

2411 2964 2704 3035 Propterea
2728 2974 2908 3036 potest
2926 2964 3056 3039 iugu
3066 2983 3120 3021 ut
3147 2967 3304 3023 verbi
3334 2980 3492 3038 grave
3510 2977 3632 3028 esse,
3652 2959 3869 3015 sedsuave:

2412 3073 2575 3130 grave
2606 3058 3060 3125 adolescentibus,
3105 3074 3342 3131 quorum
3376 3066 3502 3113 mtas
3529 3065 3603 3112 est
3625 3047 3871 3109 ﬂorulentior,

2415 3150 2711 3221 noluntque
2753 3149 2887 3222 iugo
2929 3153 3081 3205 verii
3148 3150 3484 3221 subiiciendo
3530 3145 3671 3202 animi
3714 3140 3873 3213 prabet:

2413 3241 2699 3296 cervicem.
2723 3240 2907 3296 Potest
2928 3249 2981 3297 et
3011 3256 3183 3311 grave
3228 3242 3383 3298 verbi
3411 3238 3586 3312 jugum
3609 3234 3757 3299 videri,
3779 3226 3876 3287 Chri-

2412 3335 2483 3389 sti
2507 3333 2785 3399 Eeelesim,
2820 3344 3044 3405 propter
3074 3350 3248 3391 onera
3284 3334 3570 3405 disciplina:
3590 3326 3873 3385 austeritatem-

2411 3440 2517 3495 que
2547 3426 2926 3493 correctionis,
2949 3426 3169 3497 pondus
3210 3425 3565 3489 abstinentiae,
3593 3416 3875 3476 restrictionem

2410 3515 2667 3572 lasciviae.
2699 3516 2978 3588 Siquidem
3011 3517 3134 3573 haec
3162 3518 3350 3574 omnia
3379 3525 3616 3589 operatur
3637 3508 3818 3567 Christus
3840 3500 3873 3553 in
3964 3514 3965 3577 ᾖ

2386 3624 2509 3695 'suo
2541 3624 2791 3681 corpore,
2819 3617 3089 3681 quatenus
3113 3626 3290 3668 suave
3319 3612 3389 3668 sit
3414 3626 3546 3667 onus
3580 3602 3743 3663 ferendi
3763 3599 3875 3695 fruti!

2409 3701 2614 3773 gratiae,
2648 3716 2742 3773 spe
2770 3705 3237 3761 remunerationis
3262 3714 3497 3771 aeternae,
3525 3699 3741 3758 suavitate
3759 3688 3877 3761 Ρυτίθ·

2410 3794 2486 3850 ris
2513 3796 2881 3853 conscientiae.
2914 3795 3169 3870 Namque
3194 3797 3393 3871 iugum
3418 3794 3562 3853 verbi
3587 3804 3719 3851 suave
3738 3781 3879 3871 diruet

2408 3900 2546 3941 onus
2593 3887 2913 3943 obedientiae
2968 3865 3092 3945 leve
3121 3906 3137 3943 :
3168 3865 3429 3960 quoidam
3474 3886 3561 3957 qui
3601 3882 3748 3953 iugum
3781 3865 3878 3924 verbi

2409 3978 2636 4047 patienti
2681 3978 2893 4034 cervice
2937 3980 3272 4051 susceperit,
3328 3978 3611 4049 disciplina:
3644 3983 3750 4028 onus
3776 3971 3881 4051 grite

2407 4069 2551 4125 ferre
2589 4086 2695 4125 non
2734 4070 2953 4142 poterit.
2990 4049 3138 4143 Ergo
3169 4072 3267 4143 qui
3301 4070 3485 4126 tulerit
3533 4069 3579 4123 in
3606 4049 3880 4133 juventulelll‘

2408 4175 2534 4232 Sum
2554 4175 2739 4231 grave.
2763 4168 2984 4232 propter
3000 4160 3320 4231 iuventutis
3344 4177 3454 4218 sua:
3477 4168 3645 4222 mstus,
3671 4144 3884 4210 sederiqu

2410 4252 2763 4323 singulariter
2790 4269 2915 4309 cum
2958 4252 3071 4309 Deo
3098 4265 3157 4309 et
3202 4254 3438 4319 siluerit,
3474 4247 3682 4307 revelata
3701 4237 3776 4296 sibi
3802 4246 3884 4323 ριξ-

2409 4344 2543 4400 deus
2592 4344 2785 4401 divina:
2833 4346 3304 4402 remunerationis
3331 4355 3529 4401 aeterna
3565 4331 3798 4421 mysteriis
3823 4321 3885 4421 ξξιδ

2403 4433 2533 4507 ἱυεο
2583 4436 2981 4507 praestolabitur
3010 4437 3262 4493 salutare
3304 4438 3421 4492 Dei.
3452 4435 3600 4489 Certe
3642 4433 3720 4481 aut
3752 4416 3881 4476 silebit.
3964 4422 3965 4469 ξ

2408 4506 2530 4583 eum
2564 4543 2699 4599 opus
2744 4529 2950 4584 habens
2978 4529 3347 4586 excusatione
3382 4524 3585 4601 1m
3607 4513 3885 4593 peccaui”
3964 4506 3965 4515 ‘

2409 4629 2621 4675 matura
2654 4619 2994 4677 confessione
3019 4622 3304 4691 pervenit,
3336 4630 3391 4677 et
3411 4629 3625 4691 propera
3649 4601 3887 4667 correctione
3964 4622 3965 4677 ξ

2388 4712 2678 4785 deposuit.
2707 4711 2823 4768 Non
2850 4713 2996 4769 enim
3041 4713 3266 4769 dicetur
3292 4712 3457 4769 huic:
3492 4708 3613 4778 Qua:
3636 4705 3681 4761 in
3697 4696 3888 4789 imit”,

2411 4820 2517 4859 non
2568 4804 2913 4875 congregasti
2966 4805 3245 4874 quomodo
3292 4803 3535 4860 invenies
3586 4799 3632 4854 in
3675 4774 3888 4874 senet-il”?2

2412 4865 2745 4966 Simpliciter
2770 4865 2954 4963 autem
2984 4865 3176 4965 potest
3208 4904 3267 4953 et
3296 4896 3379 4952 sic
3422 4888 3635 4962 intelligi
3659 4903 3672 4940 ι
3697 4865 3889 4952 qniil‘ﬁ'

2382 5046 2383 5049 η
2410 5005 2582 5046 ηιαξγο
2611 4989 2912 5059 portaverit
2955 4988 3146 5061 iugum
3180 4990 3363 5051 verbi,
3408 4989 3509 5042 hoc
3534 4992 3627 5047 est,
3653 4995 3677 5033 a
3696 4970 3889 5061 iuventtlf

2408 5100 2515 5140 non
2555 5098 2615 5139 se
2646 5081 2928 5138 miscuerit
2972 5098 3095 5137 cum
3147 5079 3476 5152 juvenibus,
3496 5077 3545 5135 is
3569 5081 3724 5132 autem
3755 5053 3891 5152 sedfbl‘

2407 5190 2655 5231 seorsum
2683 5172 2856 5228 donec
2880 5172 3039 5242 plena
3073 5187 3135 5227 se
3148 5146 3507 5243 perfectione
3533 5160 3723 5221 virtutis
3737 5146 3888 5209 eruti“.

2407 5274 2462 5321 et
2491 5279 2740 5336 magnam
2788 5261 2955 5317 animi
2990 5260 3221 5316 inducat
3260 5257 3574 5332 patientiam
3602 5250 3700 5308 :ita
3732 5243 3888 5336 ἀφυῆ

2410 5364 2467 5410 ιη
2516 5324 2844 5427 Ρθῑουῐίθηιί
2880 5367 2961 5419 se:
3002 5352 3181 5422 P055“
3212 5324 3464 5423 praebere
3502 5340 3756 5402 tnaxillam,
3780 5324 3891 5427 ίῐξ

2405 5418 2567 5505 caedis
2623 5462 2745 5503 cum
2800 5418 3018 5515 tempus
3051 5418 3322 5513 iniuriam
3370 5436 3678 5515 perferendo
3710 5418 3890 5512 ωπὼῴ

2380 5538 2805 5611 ⁴(δὺεθίιιιθιηιιιιιιθ
2833 5536 3171 5594 coelestibus.
3215 5535 3476 5607 Magnum
3506 5537 3585 5587 est
3615 5529 3815 5611 autem}
3836 5520 3891 5611 βξ

2405 5635 2495 5690 tiis
2520 5596 2793 5688 abstinere
2827 5627 3140 5699 iuvenibus,
3168 5636 3230 5685 et
3258 5596 3340 5683 ea,
3357 5628 3411 5683 in
3455 5626 3569 5697 ipso
3602 5605 3813 5674 vestibult)
3833 5596 3889 5699 illi

2402 5726 2640 5785 ventutis
2664 5694 2935 5785 deserere.
2966 5720 3221 5778 Lubrica:
3266 5721 3417 5777 enim
3459 5694 3515 5775 et
3552 5707 3780 5786 perplexae
3810 5694 3895 5750 εαῦι
