4078 6348
206 344 329 437 na
392 455 399 459 1

900 338 1259 440 EXPOSITIQ
1297 382 1361 439 IN
1401 381 1976 443 LABIEN'I‘ATIONES
2005 382 2340 442 .IEREMIZE.
2376 420 2446 431 —
2481 387 2608 446 LIB.
2648 390 2734 447 III.

3298 391 3434 455 ll70

204 496 294 549 vim
313 494 629 564 iuventutis.
663 495 816 553 Unde
842 495 1093 556 Salomon
1121 501 1221 557 tria
1267 502 1368 558 sibi
1398 502 1751 572 impossibilia
1780 508 1829 567 Α
1855 502 2032 556 tribuit
2067 503 2231 556 mihi?
2267 500 2495 558 Calicem
2540 504 2792 560 salutaris
2843 508 3118 577 accipiam,
3150 521 3197 565 et
3245 530 3451 589 nomen

205 589 457 660 intelligit,
484 601 541 648 et
560 600 813 662 quartum
854 593 998 665 quod
1027 611 1133 652 non
1181 598 1459 667 cognoscit
1490 616 1503 651 :
1535 599 1757 669 vestigia

201 682 436 739 videlicet
461 685 675 756 aquilze,
714 686 857 742 viam
896 690 1186 759 serpentis,
1218 699 1272 746 et
1315 692 1537 747 semitas
1566 694 1755 760 maris,

178 776 247 827 ‘et
264 773 398 829 viam
422 774 525 829 viri
551 778 604 831 in
635 776 1037 835 adulescentula
1062 779 1242 853 (Prov.
1275 782 1424 854 xxx).
1451 784 1518 838 Et
1543 785 1711 839 David
1738 803 1752 840 :

180 864 402 934 Delicta,
427 868 617 939 inquit,
638 869 930 939 juventutis
970 889 1098 928 mea:
1128 872 1299 945 (Psal.
1336 874 1507 947 χιιιν).
1536 874 1755 933 Iuvenis

196 955 326 1011 enim
348 973 453 1012 non
479 958 652 1014 solum
678 958 969 1030 fragilitate
992 964 1210 1021 lubricae
1231 967 1406 1021 aetatis
1434 966 1749 1037 prolabitur,

180 1062 368 1119 verum
390 1048 692 1119 ignorantia
717 1051 1018 1109 ccelestium
1040 1056 1413 1112 mandatorum
1440 1058 1754 1130 plerumque

193 1137 457 1209 delinquit.
486 1140 552 1194 Et
576 1141 699 1211 quis
716 1151 800 1198 est
823 1144 914 1213 qui
947 1143 1088 1199 levat
1103 1144 1290 1217 jugum
1320 1164 1483 1218 grave
1510 1164 1671 1219 super
1692 1165 1751 1205 se

190 1244 216 1283 a
238 1227 516 1297 iuventute
544 1249 664 1298 sua,
688 1234 791 1290 nisi
823 1235 915 1307 qui
945 1238 1195 1293 omnibus
1244 1239 1420 1294 saeculi
1476 1242 1751 1297 renuntiat

173 1314 399 1385 deliciis,
443 1322 710 1379 luxuriam
757 1325 935 1396 fugit,
983 1337 1039 1382 et
1088 1328 1457 1385 molestiarum
1506 1332 1749 1387 omnium

189 1413 550 1482 aequanimiter
577 1414 683 1471 fert
715 1417 1011 1474 tumultus?
1033 1417 1206 1490 Super
1235 1435 1294 1477 se
1324 1421 1539 1491 quidem
1564 1422 1747 1479 levare

188 1505 372 1559 dicitur
404 1505 595 1578 jugnm
637 1523 800 1579 grave
829 1528 842 1564 :
870 1510 994 1580 quia
1031 1512 1130 1566 nisi
1175 1514 1346 1581 gratia
1380 1513 1475 1569 Dei
1507 1513 1746 1584 adjutus,

186 1598 468 1654 secundum
495 1616 555 1656 se
583 1599 726 1658 ferre
753 1618 860 1659 non
890 1606 1109 1674 poterit.
1161 1604 1366 1662 Idcirco
1408 1617 1556 1663 recte
1583 1624 1749 1679 super

186 1688 442 1745 setnlisse
472 1689 669 1769 dicitur
716 1696 1014 1764 :quouiam
1060 1696 1205 1752 ultra
1239 1698 1385 1754 vires
1429 1707 1512 1754 est
1561 1715 1747 1754 corru-

178 1791 276 1851 ptze
296 1791 521 1850 naturae,
550 1785 811 1856 quidquid
841 1788 907 1843 de
933 1789 1359 1857 ecclesiastibus,
1385 1793 1564 1847 autad
1593 1793 1745 1848 novi-

183 1883 334 1930 tatem
379 1878 501 1932 vita:
552 1878 864 1950 imperatur.
927 1881 1183 1950 Sequitur
1241 1884 1329 1939 Ion
1374 1883 1578 1951 littera,
1623 1900 1744 1956 qua:

179 1963 309 2021 forte
348 1967 685 2038 principium,
737 1978 830 2023 aut
879 1970 1151 2037 desolatio,
1194 1972 1597 2043 interpretatur.
1628 1973 1743 2031 Sub

177 2072 274 2127 qua
319 2058 590 2128 plangitur
620 2075 719 2130 pro
744 2060 862 2114 vim
893 2076 1055 2132 supra
1080 2064 1379 2131 praemisso,
1406 2066 1548 2134 quod
1578 2074 1743 2135 ponet

177 2147 228 2202 in
256 2148 469 2218 pulvere
490 2166 551 2205 os
584 2166 762 2216 suum,
787 2151 831 2205 si
861 2150 999 2206 forte
1021 2153 1091 2206 sit
1110 2168 1250 2222 spes.
1281 2151 1377 2208 Vel
1400 2154 1562 2209 etiam
1585 2152 1741 2222 juxta

175 2237 333 2292 aliam
355 2239 872 2308 interpretationem,
908 2240 1063 2295 Dabit
1095 2243 1150 2295 in
1184 2241 1451 2311 sepultura
1477 2244 1738 2314 fossuram

176 2344 234 2382 os
261 2344 427 2391 suum,
454 2338 499 2382 et
526 2338 699 2384 tamen
720 2340 793 2385 est
814 2348 928 2401 spes
961 2334 1248 2403 patientiae.
1276 2334 1333 2388 In
1368 2335 1563 2404 quibus
1587 2336 1739 2391 valde

172 2418 375 2473 discors
402 2419 482 2474 vel
528 2420 742 2475 dissona
776 2423 987 2478 videtur
1016 2424 1408 2494 interpretatio,
1446 2442 1553 2496 quo
1582 2427 1740 2484 modo

171 2513 489 2584 principium
513 2514 601 2580 sit,
631 2516 773 2585 quod
797 2526 958 2585 ponet
987 2516 1038 2571 in
1066 2517 1288 2588 pulvere
1325 2534 1386 2574 os
1421 2536 1574 2574 suum
1610 2536 1738 2590 pro-

170 2615 288 2673 pter
337 2618 521 2673 spem;
572 2604 655 2657 vel
704 2605 880 2674 qualis
926 2622 1048 2661 esse
1096 2616 1273 2678 potest
1313 2607 1596 2675 desolatio,
1636 2609 1740 2664 nisi

170 2695 289 2766 quia
320 2712 461 2751 nunc
493 2698 771 2755 moraliter
798 2715 966 2772 agens
991 2708 1112 2770 post
1149 2701 1489 2757 miseriarum
1520 2718 1739 2758 suarum

169 2787 456 2856 supplicia,
501 2796 622 2856 post
670 2790 816 2844 diras
860 2799 1248 2846 tormentorum
1286 2794 1593 2863 angustias,
1635 2795 1741 2851 fide

169 2878 269 2932 sibi
314 2878 545 2945 reddita,
585 2880 904 2951 principium
945 2892 1028 2937 est
1078 2891 1277 2938 nostrae
1304 2884 1655 2953 professionis
1685 2888 1739 2942 in

168 2969 385 3037 pulvere
411 2984 473 3024 os
498 2984 723 3040 ponere,
752 2980 805 3025 et
834 2974 1121 3028 momentis
1148 2974 1370 3045 singulis
1400 2978 1541 3045 quod
1577 2977 1736 3042 cinis,

164 3059 305 3130 quod
331 3060 507 3130 pulvis
529 3077 713 3117 sumus
732 3063 992 3133 cogitare,
1028 3078 1094 3119 ex
1120 3080 1227 3135 quo
1254 3081 1443 3121 rursus
1477 3082 1603 3137 spes
1634 3084 1733 3122 no-

162 3150 247 3207 bis
284 3153 636 3223 germinetur,
662 3169 725 3209 ac
752 3155 1006 3210 dilatetur
1049 3158 1307 3214 cbaritas.
1342 3159 1614 3215 Interdum
1648 3170 1729 3216 ta-

161 3258 285 3298 men
314 3245 512 3300 bonum
549 3247 873 3317 principium
901 3257 983 3304 est
1026 3259 1235 3306 nosmet
1266 3252 1501 3321 primum
1537 3269 1738 3326 cogno-
1763 3213 1811 3279 C'

159 3351 331 3401 scere,
366 3337 544 3391 omnia
574 3352 673 3408 pro
715 3336 943 3394 Domino
986 3339 1218 3397 tolerare
1252 3360 1264 3395 :
1298 3340 1426 3397 licet
1471 3344 1587 3400 hree
1619 3360 1736 3401 om-

156 3433 245 3485 nia
275 3431 524 3503 superius
545 3432 611 3487 de
644 3432 874 3487 Domino
900 3433 1042 3488 dicta
1076 3433 1487 3505 intelligantur:
1513 3437 1637 3506 quia
1681 3445 1735 3492 et

154 3521 200 3575 si
241 3521 624 3591 compatimur,
651 3530 705 3576 et
730 3524 1200 3592 conregnabimus.
1248 3523 1402 3580 Unde
1447 3526 1612 3593 dabit,
1646 3526 1733 3582 in-

153 3612 296 3681 quit,
322 3613 626 3681 percutienti
652 3630 706 3668 se
729 3613 1024 3680 maxillam,
1053 3614 1380 3669 saturabitur
1422 3617 1729 3688 opprobriis.

153 3704 221 3758 Et
257 3704 517 3760 Dominus
554 3706 606 3760 in
649 3703 857 3777 1m
894 3696 1188 3777 Evangelia
1234 3706 1433 3763 docens
1478 3708 1733 3764 virtutem

149 3795 448 3867 patientiae,
478 3795 553 3849 ait
588 3814 600 3849 :
636 3794 739 3861 Qui
766 3806 814 3849 te
836 3796 1146 3866 percusserit
1169 3797 1222 3850 in
1244 3796 1537 3863 maxillam,
1561 3798 1733 3867 prwbe

147 3888 196 3940 ei
220 3896 273 3940 et
296 3885 517 3940 alteram
548 3884 698 3958 (Luc.
723 3886 819 3957 vI).
860 3886 982 3941 Vult
1011 3887 1155 3941 enim
1187 3903 1282 3942 nos
1321 3894 1375 3942 et
1412 3885 1731 3956 iujuriarum

146 3992 273 4033 esse
305 3979 594 4047 patientes,
641 3992 740 4033 nec
765 3977 993 4034 referire
1022 3976 1200 4044 facile,
1244 3978 1336 4033 sed
1379 3979 1605 4034 necdum
1654 3979 1734 4035 fe-

145 4067 283 4122 rire.
328 4067 598 4122 Patientia
645 4067 790 4122 enim
843 4067 1164 4123 humilitatis
1207 4068 1462 4124 indicium
1511 4078 1614 4125 est.
1663 4070 1733 4125 Et

142 4158 273 4212 ideo
305 4157 560 4227 quoniam
589 4157 849 4223 desolata,
880 4172 942 4212 ac
983 4157 1260 4224 destituta,
1288 4168 1406 4213 erat
1447 4157 1536 4212 illa
1576 4157 1731 4214 Jeru-

140 4247 343 4313 salem,
372 4246 550 4313 Dabit,
578 4248 770 4318 inquit,
803 4247 1111 4318 percutienti
1147 4263 1201 4302 se
1245 4245 1517 4301 maxillam
1554 4264 1725 4302 suam.

138 4338 254 4395 Sed
308 4338 504 4394 melius
538 4340 605 4394 de
644 4338 861 4395 Christo
905 4347 959 4394 et
999 4338 1262 4404 Ecclesia,
1293 4338 1344 4393 id
1391 4348 1475 4394 est
1519 4339 1586 4393 de
1618 4348 1728 4395 toto

135 4444 379 4501 corpore
407 4444 507 4485 suo
540 4429 800 4499 accipitur
829 4446 842 4483 :
873 4429 961 4484 cui
998 4428 1172 4484 bonus
1212 4437 1298 4484 est
1325 4430 1583 4485 Dominus
1612 4447 1729 4501 spe-

133 4518 310 4588 ranti,
337 4530 397 4577 et
420 4523 505 4577 cui
529 4524 727 4578 bonum
754 4530 838 4578 est
864 4520 1167 4593 praestolari
1191 4536 1311 4576 cum
1342 4520 1555 4576 silentio
1584 4521 1727 4577 salu-

130 4622 259 4669 tare
287 4614 413 4679 Dei,
449 4613 535 4668 cui
565 4615 727 4669 etiam
774 4613 974 4670 bonum
1019 4614 1147 4669 dare
1189 4615 1510 4683 percutienti
1542 4617 1728 4672 maxil-

123 4704 243 4760 lam
271 4719 455 4770 suam,
491 4714 554 4758 ut
578 4718 683 4759 non
714 4719 773 4759 se
799 4705 1065 4761 subducat
1091 4705 1322 4778 injuriae,
1351 4721 1452 4762 nec
1496 4708 1726 4765 declinet

120 4797 307 4852 caedis
341 4794 607 4863 dolorem,
636 4796 729 4851 sed
755 4797 1077 4866 percutienti
1101 4796 1372 4853 maxillam
1398 4797 1607 4854 offerat.
1632 4799 1725 4854 Ni-

119 4888 344 4941 mirum
376 4894 658 4957 postquam
681 4886 907 4952 audivit,
935 4884 1092 4958 Ionge
1112 4895 1281 4953 retro,
1309 4888 1413 4942 duc
1439 4895 1513 4953 te,
1544 4904 1723 4944 mora-

115 4978 264 5033 liter
293 4976 648 5055 Evangelium
675 4976 956 5041 describit,
987 4986 1040 5031 et
1064 4976 1185 5031 ideo
1208 4977 1285 5031 ait
1315 4995 1329 5031 :
1359 4977 1513 5032 Dabit
1536 4996 1720 5048 percu-

113 5067 288 5121 tienti
318 5083 380 5121 se
404 5064 697 5131 maxillam,
725 5074 786 5121 ut
824 5066 1111 5136 intelligas,
1142 5067 1187 5122 si
1213 5075 1495 5137 percutere
1544 5068 1721 5125 volue-

112 5159 219 5223 rit,
258 5159 385 5213 sive
411 5158 502 5228 qui
519 5156 632 5227 jam
657 5159 986 5230 percusserit
1015 5158 1320 5215 ultroneum
1346 5175 1543 5229 corpus
1568 5160 1725 5217 Chri-

108 5250 215 5313 sti,
260 5264 325 5305 se
347 5248 545 5305 oﬂ'erre
570 5253 773 5306 debere
798 5266 895 5322 pro
918 5250 1175 5306 omnibus
1194 5266 1313 5320 qua:
1352 5251 1525 5323 gratia
1569 5251 1726 5308 Chri-

1859 593 2072 648 Domini
2094 595 2340 649 invocabo
2373 593 2546 666 (Psal.
2577 600 2725 669 cxv).
2754 598 3003 669 Alioquin
3036 606 3305 671 quomodo
3345 607 3434 677 ju-

1855 701 1980 756 gum
2029 687 2356 757 captivitatis
2382 689 2449 744 de
2478 706 2576 745 sua
2608 691 2843 763 deponat
2876 696 3088 751 cervice
3113 713 3296 769 grave,
3328 702 3433 760 nisi

1855 791 1978 832 cum
2016 792 2075 833 se
2129 779 2427 836 subdiderit
2453 782 2583 855 jugo
2614 782 2813 840 Christi
2842 785 2982 842 levi?
3027 788 3095 843 Et
3128 792 3430 859 satiabitur,

1854 870 2050 941 inquit,
2082 873 2370 943 opprobriis
2399 890 2417 928 :
2444 890 2549 930 non
2574 875 2729 942 dixit,
2759 879 2961 934 subibit
2996 883 3304 952 opprobria,
3336 885 3434 941 sed

1848 962 2142 1037 satiabitur
2178 979 2192 1017 :
2230 966 2355 1034 quia
2377 964 2536 1021 facile
2556 975 2640 1022 est
2673 984 2834 1022 unam
2886 979 2980 1024 aut
3013 971 3435 1029 alteram‘snsti—

1852 1066 1983 1106 nere
2012 1054 2415 1109 contumeliam.
2461 1055 2618 1112 Unde
2667 1058 2892 1123 addidit,
2923 1060 3204 1115 satiabitur
3246 1079 3435 1133 oppro-

1852 1138 1995 1206 briis,
2037 1144 2289 1213 quoniam
2319 1144 2532 1201 facilius
2582 1147 2791 1203 Domini
2844 1160 3086 1206 moveret
3114 1152 3432 1208 misericor-

1850 1234 1995 1288 diam
2018 1236 2452 1305 0pprobriorum,
2481 1254 2642 1307 quam
2671 1239 2906 1310 plurium
2937 1241 3281 1299 deformitate
3328 1246 3433 1301 mi-

1851 1326 2122 1391 serabilis,
2160 1326 2249 1380 ubi
2307 1328 2611 1383 ostenditur
2652 1328 2882 1385 aviditas
2908 1332 3325 1389 desideriorum
3373 1344 3431 1391 et

1848 1411 2071 1470 libertas
2116 1416 2332 1485 gratia),
2387 1432 2509 1471 cum
2560 1418 2980 1474 dicitur:Dabil
3029 1424 3333 1492 percutienti
3374 1442 3431 1481 se

1848 1504 2143 1571 maxillam,
2177 1517 2222 1559 et
2263 1508 2545 1561 satiabitur
2582 1511 2890 1580 opprobriis,
2940 1515 3194 1583 quoniam
3251 1517 3429 1573 omnis

1849 1596 2109 1651 saturitas
2151 1610 2217 1650 ex
2271 1597 2528 1653 aviditate
2560 1599 2806 1654 sumendi
2861 1603 3123 1657 nascitur.
3158 1604 3283 1661 Ideo
3312 1621 3428 1662 ma-

1847 1701 1948 1756 gna
1972 1686 2144 1756 gratia
2171 1690 2602 1753 commendatur,
2636 1706 2757 1745 cum
2782 1692 3001 1759 dicitur,
3026 1696 3298 1752 satiabitur
3334 1715 3428 1770 op-

1845 1779 2092 1848 probriis,
2123 1779 2283 1833 sicuti
2312 1789 2366 1834 et
2395 1779 2563 1836 David
2605 1781 2815 1855 fugiens
2842 1784 3100 1852 Ahsalon,
3126 1791 3427 1848 satiabatur

1772 1861 1820 1921 B
1847 1872 2156 1941 opprobriis
2200 1872 2404 1939 Semei,
2433 1883 2487 1929 et
2516 1870 2796 1931 convictus
2838 1877 3195 1936 maledicebat
3242 1882 3313 1947 ei,
3345 1883 3427 1939 vi-

1847 1975 1968 2014 rum
1994 1961 2397 2032 sanguinarium
2426 1978 2549 2017 eum
2590 1965 2883 2034 appellans.
2924 1966 3040 2035 Ipse
3070 1985 3222 2035 vero,
3254 1973 3425 2043 magis

1845 2050 2066 2106 humilis
2099 2067 2283 2108 coram
2312 2053 2419 2108 Deo
2444 2054 2628 2109 volens
2650 2055 2840 2123 videri,
2871 2066 2930 2111 ut
2958 2058 3228 2130 mitigaret
3256 2061 3425 2118 offen-

1843 2162 1957 2202 sam
2004 2149 2215 2203 Domini
2258 2167 2272 2203 :
2315 2165 2439 2206 cum
2479 2150 2666 2206 Abisai
2717 2152 2989 2209 vindicare
3040 2171 3161 2207 eum
3218 2155 3422 2210 vellet:

1845 2238 1985 2305 Quid
2023 2241 2174 2307 mihi,
2222 2243 2418 2312 inquit,
2466 2253 2512 2297 et
2560 2244 2701 2298 vobis
2747 2257 2840 2309 est,
2867 2243 2965 2314 lilii
3012 2246 3258 2302 Sarviw?
3292 2246 3425 2303 Ideo

1843 2331 2112 2387 maledixit
2140 2334 2291 2400 milii,
2314 2336 2563 2405 quoniam
2592 2335 2847 2389 Dominus
2864 2337 3026 2406 jussit
3052 2336 3132 2391 illi
3177 2348 3233 2392 ut
3257 2338 3423 2395 male-

1841 2420 2003 2486 dicat,
2033 2424 2077 2476 si
2100 2440 2201 2492 quo
2229 2424 2382 2477 modo
2405 2424 2572 2478 videat
2602 2426 2949 2479 humilitatem
2969 2444 3156 2491 meam,
3189 2438 3236 2482 et
3262 2429 3418 2482 retri-

1843 2511 1966 2566 buat
2018 2513 2146 2566 milii
2194 2512 2329 2567 bona
2364 2531 2459 2584 pro
2516 2514 2791 2569 maledicto
2823 2515 2873 2587 (1
2883 2516 2908 2568 l
2944 2516 3089 2588 ‘Ileg.
3123 2519 3255 2590 xw).
3284 2517 3421 2573 Nam

1842 2599 1963 2655 ideo
1995 2602 2160 2656 voluit
2187 2604 2479 2674 opprobrio
2508 2605 2720 2671 satiari,
2751 2608 3005 2675 quoniam
3039 2624 3162 2665 cum
3196 2609 3416 2679 impleta

1841 2691 2004 2747 fuerit
2031 2693 2327 2762 humilitas,
2358 2705 2636 2766 peccatum
2662 2697 2911 2764 solvitur,
2942 2701 3099 2756 sicuti
3132 2702 3301 2758 Isaias
3329 2704 3415 2758 in-

1841 2786 2039 2850 sinuat,
2090 2788 2278 2843 dicens
2311 2806 2323 2840 :
2358 2786 2672 2859 Loquimini,
2711 2792 2806 2857 ait,
2847 2792 2915 2845 ad
2962 2810 3051 2847 cor
3090 2791 3410 2856 Jerusalem,

1846 2875 2060 2949 1m
2085 2888 2131 2932 et
2159 2877 2503 2933 consolamiui
2525 2897 2659 2946 eam,
2686 2882 3093 2952 quiacompleta
3121 2894 3194 2937 est
3218 2884 3421 2939 malitia
3448 2934 3455 2941 .

1839 2968 1953 3036 ejus
1983 2966 2119 3035 (Isa.
2146 2968 2257 3040 χι).
2296 2968 2361 3023 Et
2386 2976 2444 3022 ιιι
2479 2968 2570 3023 alii
2617 2972 2830 3026 codices
2860 2971 3058 3027 habent
3088 2990 3100 3026 :
3127 2971 3422 3029 Humiliato

1839 3057 2070 3111 solutum
2118 3069 2202 3113 est
2250 3067 2530 3129 peccatum
2581 3060 2718 3131 ejus,
2762 3061 2983 3117 dimissa
3030 3071 3114 3118 est
3166 3064 3421 3133 iniquitas

1840 3146 1982 3202 illius
2012 3163 2027 3201 :
2053 3149 2179 3219 quia
2221 3151 2460 3220 suscepit
2509 3151 2743 3220 duplicia
2774 3154 2839 3207 de
2870 3169 3029 3207 manu
3075 3155 3285 3210 Domini
3320 3172 3421 3227 pro

1840 3239 2089 3295 omnibus
2109 3241 2345 3311 peccatis
2379 3242 2508 3297 suis.
2539 3241 2691 3297 Felix
2716 3243 2880 3312 igitur
2908 3244 3170 3301 desolatio
3192 3248 3293 3302 sub
3315 3248 3417 3303 hac

1838 3329 2015 3385 littera
2047 3339 2401 3399 monstratur,
2440 3333 2564 3403 quia
2619 3334 2709 3388 ubi
2742 3335 3023 3403 desolatio,
3055 3338 3128 3392 ibi
3174 3340 3420 3407 Sequitur

1838 3425 2116 3481 humilitas
2150 3433 2246 3481 :et
2287 3434 2434 3481 recto
2469 3427 2659 3482 ordine
2706 3428 3067 3484 humilitatem
3111 3440 3416 3502 patientia:

1836 3518 2151 3588 patientiam
2178 3526 2355 3573 autem
2378 3518 2628 3587 probatio
2663 3536 2693 3593 :7
2712 3520 3085 3589 probationem
3113 3536 3241 3577 vero
3270 3538 3412 3593 spes.

1836 3609 1988 3674 Quod
2019 3609 2184 3664 habes
2208 3618 2263 3664 et
2288 3609 2340 3662 in
2370 3608 2628 3679 Apostolo
2660 3592 2836 3680 z'Spes
2863 3621 3037 3665 autem
3068 3628 3170 3666 non
3193 3592 3417 3683 confun—

1834 3700 1908 3754 dit
1934 3717 1953 3754 :
1981 3700 2103 3770 quia
2139 3699 2376 3753 cltaritas
2402 3699 2498 3753 Dei
2519 3700 2716 3769 di/Iusa
2753 3710 2827 3753 est
2854 3701 2908 3753 in
2950 3702 3193 3756 cordibus
3220 3706 3414 3759 nostris

1833 3809 1924 3863 per
1952 3790 2204 3861 Spiritum
2231 3800 2492 3855 sanctum,
2531 3793 2620 3861 qui
2660 3793 2837 3863 utique
2864 3803 3158 3848 nostrorum
3180 3804 3256 3849 est
3278 3812 3403 3849 con-

1800 3876 2031 3936 ‘solator
2054 3882 2332 3951 a/fectuum
2374 3880 2550 3952 (Rom.
2584 3881 2659 3953 v).
2689 3883 2894 3939 Idcirco
2940 3884 3137 3940 bonum
3182 3894 3265 3941 est
3293 3885 3412 3941 viro

1832 3989 1955 4029 cum
1980 3974 2159 4029 tulerit
2178 3975 2387 4046 jugum,
2415 3984 2472 4029 ut
2513 3977 2699 4032 sedeat
2722 3976 3024 4045 solitarius,
3051 3989 3143 4035 aut
3170 3988 3317 4036 certe
3356 3981 3413 4036 in

1831 4078 1927 4136 spe
1976 4064 2321 4136 singulariter
2373 4066 2697 4122 constitutus
2733 4086 2746 4122 :
2787 4068 2914 4138 quia
2938 4068 3100 4132 Deus,
3133 4078 3192 4124 ut
3236 4070 3410 4137 aiunt,

1788 4169 1792 4173 ‘
1833 4172 2053 4228 semper
2088 4157 2277 4227 impari
2306 4158 2498 4227 gaudet
2533 4174 2776 4214 numero.
2811 4160 2962 4216 Unde
3000 4177 3201 4231 egenus
3229 4162 3315 4217 ille
3357 4170 3415 4218 et

1829 4263 2038 4319 pauper
2068 4247 2121 4301 in
2144 4246 2374 4303 Psalmis
2401 4264 2621 4318 gemens
2666 4265 2731 4305 ac
2776 4249 2963 4320 lugens
2992 4268 3005 4303 :
3045 4249 3284 4318 I’igilari,
3328 4252 3412 4305 in-

1829 4341 1967 4410 quit,
1995 4350 2042 4394 et
2091 4341 2261 4411 factus
2313 4358 2429 4394 sum
2467 4342 2598 4395 sicut
2641 4359 2821 4412 passer
2850 4342 3121 4397 solitarius
3175 4344 3229 4397 in
3271 4354 3405 4399 tecto

1829 4427 2003 4499 (Psal.
2035 4430 2131 4490 ei).
2158 4428 2310 4497 Quod
2333 4438 2510 4483 autem
2534 4430 2609 4484 ait
2634 4431 2716 4501 (ut
2743 4446 2903 4501 supra
2934 4432 3043 4485 dixi
3062 4432 3215 4501 juxta
3244 4433 3405 4487 aliam

1834 4519 2378 4591 interpretationem),
2407 4519 2556 4574 dabit
2583 4521 2635 4575 in
2664 4520 2934 4591 sepultura
2959 4537 3021 4576 os
3049 4538 3203 4576 suum
3235 4523 3315 4575 vel
3346 4523 3399 4576 in

1832 4613 2097 4669 fossuram
2129 4627 2144 4665 :
2180 4610 2416 4666 ostendit
2449 4610 2515 4664 ad
2545 4611 2760 4665 modum
2806 4612 3091 4680 quemdam
3134 4612 3405 4682 patientia:

1834 4709 2273 4773 taciturnitatem,
2306 4714 2363 4761 ut
2405 4714 2659 4776 tanquam
2710 4705 2949 4775 sepultus
2975 4720 3081 4760 non
3129 4704 3403 4775 loquatur,

1832 4803 1940 4857 imo
1963 4801 2194 4870 quodam
2239 4799 2745 4869 virtntnmsaggere
2795 4796 3041 4851 obstruat
3067 4811 3278 4861 vocem,
3334 4810 3404 4851 ne

1830 4892 2032 4949 doloris
2077 4889 2325 4945 admittat
2365 4888 2782 4959 querimoniam,
2828 4894 3145 4955 tantumque
3192 4885 3403 4955 pondus
3448 4928 3451 4929 ν

1829 4998 2077 5041 asserens
2122 4981 2394 5051 patientiae
2451 4995 2612 5050 quam
2668 4995 2790 5049 spes
2844 4976 3051 5041 foveat,
3099 4984 3157 5031 ut
3212 4991 3400 5032 vocem

1825 5077 1998 5147 ipsam
2046 5073 2131 5128 vel
2177 5072 2407 5145 quodam
2442 5072 2599 5127 busto
2629 5088 2692 5127 ac
2741 5071 2943 5126 tumulo
2983 5069 3207 5140 sepeliat
3237 5079 3400 5139 atque

1827 5165 2085 5226 includat,
2116 5179 2276 5233 quam
2310 5164 2448 5218 nulla
2479 5174 2824 5232 extorquere,
2866 5162 3116 5230 nullaque
3156 5161 3398 5214 excitare
3436 5224 3447 5229 η

1827 5254 1997 5326 possit
2022 5254 2237 5324 injuria.
2266 5253 2416 5321 Quod
2443 5254 2699 5309 Dominus
2727 5255 2863 5307 bene
2889 5253 2955 5306 de
2981 5268 3039 5307 se
3073 5253 3124 5305 in
3148 5251 3399 5320 passione

1828 5362 1925 5402 sua
1986 5345 2290 5414 exemplum
2351 5347 2598 5414 przebuit,
2651 5346 2738 5413 qni
2794 5343 2934 5398 sicut
2981 5344 3244 5413 prepheta
3274 5343 3393 5396 ait:

1833 5437 1995 5504 Quasi
2022 5438 2130 5491 ovis
2157 5438 2227 5490 ad
2262 5437 2570 5490 occisionem
2598 5435 2808 5498 ductus,
2832 5445 2876 5488 et
2905 5435 3057 5506 quasi
3101 5451 3267 5505 agnus
3319 5450 3397 5486 co-

1828 5545 1941 5582 ram
1968 5528 2208 5581 tondente
2244 5543 2321 5592 se,
2345 5528 2420 5580 sic
2450 5543 2551 5579 non
2584 5527 2783 5595 aperuit
2804 5542 2860 5580 os
2909 5542 3061 5580 suum
3087 5525 3223 5597 (Isa.
3254 5528 3393 5596 LIII).

1826 5618 2016 5675 Videat
2041 5618 2273 5688 prudens
2304 5618 2494 5680 lector,
2527 5618 2608 5671 vir
2655 5618 2755 5672 istc
2796 5617 2979 5673 videns
3020 5626 3393 5689 paupertatem

1824 5722 1989 5763 suam.
2003 5716 2122 5777 post
2140 5703 2365 5776 ﬂagella,
2391 5716 2510 5775 post
2527 5706 2922 5771 contritionem,
2946 5715 3067 5776 post
3089 5706 3385 5777 angustias,

1825 5808 1943 5872 post
2017 5796 2471 5870 querelarumque
2541 5810 2721 5857 voces.
2790 5796 3067 5852 moraliter
3134 5806 3397 5868 quantum

102 5344 184 5397 sti
214 5343 464 5398 contulit
493 5344 649 5399 nobis
682 5359 697 5398 :
731 5352 791 5399 ut
820 5344 891 5400 sit
919 5343 1174 5399 indicium
1197 5343 1398 5400 Christi
1427 5344 1724 5401 Ecclesium

102 5449 231 5489 non
269 5432 440 5488 aliter
461 5433 778 5489 salvandam
810 5450 931 5491 esse
956 5451 1121 5507 quam
1154 5451 1249 5506 per
1270 5435 1544 5504 Evangelii
1567 5436 1722 5490 disci-

62 5546 65 5547 '
96 5528 367 5596 plinazn,
399 5536 454 5582 et
482 5536 608 5584 tunc
650 5527 848 5583 bonum
885 5529 1210 5599 principium
1237 5529 1287 5584 ei
1316 5529 1573 5598 incipere,
1599 5544 1721 5583 cum

94 5618 371 5688 carpet-it
412 5618 686 5690 Evangelii
737 5627 1001 5690 praecepta
1053 5634 1308 5684 servare,
1365 5629 1417 5673 et
1469 5619 1725 5688 operibus

92 5710 397 5763 mandata
430 5710 637 5764 Domini
670 5710 891 5780 implere
922 5728 934 5764 :
968 5710 1046 5765 Ae
1090 5710 1135 5766 si
1174 5726 1294 5766 cum
1324 5710 1591 5781 Propheta
1644 5711 1723 5765 di-

89 5810 287 5854 catur
314 5818 330 5854 :
372 5799 513 5867 Quid
538 5802 818 5857 retribuam
854 5801 1091 5867 Domino,
1114 5817 1208 5872 pro
1237 5802 1476 5855 omnibus
1504 5820 1619 5873 [μίαν
1643 5820 1722 5858 re-
