  <div class='ocr_page' id='page_1' title='image "/cluster/home/n/w/nwhite01/storage/ocr_20150623/120/hvd.32044015466923/591.png"; bbox 0 0 4078 6348; ppageno 0'>
   <div class='ocr_carea' id='block_1_1' title="bbox 721 294 851 347">
    <p class='ocr_par' dir='ltr' id='par_1_1' title="bbox 721 294 851 347">
     <span class='ocr_line' id='line_1_1' title="bbox 721 294 851 347; baseline 0.008 -2"><span class='ocrx_word' id='word_1_1' title='bbox 721 294 851 347; x_wconf 68' lang='grc'><strong>1171</strong></span> 
     </span>
    </p>
   </div>
   <div class='ocr_carea' id='block_1_2' title="bbox 715 406 2300 483">
    <p class='ocr_par' dir='ltr' id='par_1_2' title="bbox 715 406 2300 483">
     <span class='ocr_line' id='line_1_2' title="bbox 715 406 2300 483; baseline 0.004 -21"><span class='ocrx_word' id='word_1_2' title='bbox 715 406 1024 478; x_wconf 80' lang='lat' dir='ltr'><strong>profecerit,</strong></span> <span class='ocrx_word' id='word_1_3' title='bbox 1056 416 1110 462; x_wconf 92' lang='lat' dir='ltr'><strong>et</strong></span> <span class='ocrx_word' id='word_1_4' title='bbox 1137 407 1215 463; x_wconf 88' lang='lat' dir='ltr'><strong>sic</strong></span> <span class='ocrx_word' id='word_1_5' title='bbox 1234 408 1489 481; x_wconf 85' lang='lat' dir='ltr'><strong>deinceps</strong></span> <span class='ocrx_word' id='word_1_6' title='bbox 1527 412 1592 467; x_wconf 90' lang='lat' dir='ltr'><strong>ad</strong></span> <span class='ocrx_word' id='word_1_7' title='bbox 1619 411 1769 483; x_wconf 90' lang='lat' dir='ltr'><strong>Caph</strong></span> <span class='ocrx_word' id='word_1_8' title='bbox 1791 412 2029 470; x_wconf 75' lang='lat' dir='ltr'><strong>litteram</strong></span> <span class='ocrx_word' id='word_1_9' title='bbox 2075 415 2300 471; x_wconf 91' lang='lat' dir='ltr'><strong>edoctus</strong></span> 
     </span>
    </p>
   </div>
   <div class='ocr_carea' id='block_1_3' title="bbox 716 501 1467 581">
    <p class='ocr_par' dir='ltr' id='par_1_3' title="bbox 716 501 1467 581">
     <span class='ocr_line' id='line_1_3' title="bbox 716 501 1467 581; baseline 0.008 -28"><span class='ocrx_word' id='word_1_10' title='bbox 716 501 915 554; x_wconf 90' lang='lat' dir='ltr'><strong>veniat.</strong></span> <span class='ocrx_word' id='word_1_11' title='bbox 1459 575 1467 581; x_wconf 30' lang='lat'>&#39;</span> 
     </span>
    </p>
   </div>
   <div class='ocr_carea' id='block_1_4' title="bbox 783 590 2297 663">
    <p class='ocr_par' dir='ltr' id='par_1_4' title="bbox 783 590 2297 663">
     <span class='ocr_line' id='line_1_4' title="bbox 783 590 2297 663; baseline 0.005 -16"><span class='ocrx_word' id='word_1_12' title='bbox 783 590 932 662; x_wconf 88' lang='lat' dir='ltr'><strong>Caph</strong></span> <span class='ocrx_word' id='word_1_13' title='bbox 964 592 1160 662; x_wconf 81' lang='lat' dir='ltr'><strong>quippe</strong></span> <span class='ocrx_word' id='word_1_14' title='bbox 1208 609 1420 660; x_wconf 86' lang='lat' dir='ltr'><strong>manus,</strong></span> <span class='ocrx_word' id='word_1_15' title='bbox 1450 595 1535 651; x_wconf 92' lang='lat' dir='ltr'><strong>vel</strong></span> <span class='ocrx_word' id='word_1_16' title='bbox 1580 598 1765 663; x_wconf 90' lang='lat' dir='ltr'><strong>etiam,</strong></span> <span class='ocrx_word' id='word_1_17' title='bbox 1813 598 2107 655; x_wconf 88' lang='lat' dir='ltr'><strong>secundum</strong></span> <span class='ocrx_word' id='word_1_18' title='bbox 2136 599 2297 655; x_wconf 89' lang='lat' dir='ltr'><strong>aliam</strong></span> 
     </span>
    </p>
   </div>
   <div class='ocr_carea' id='block_1_5' title="bbox 712 683 2301 762">
    <p class='ocr_par' dir='ltr' id='par_1_5' title="bbox 712 683 2301 762">
     <span class='ocr_line' id='line_1_5' title="bbox 712 683 2301 762; baseline 0.006 -25"><span class='ocrx_word' id='word_1_19' title='bbox 712 683 1236 754; x_wconf 73' lang='lat' dir='ltr'><strong>interpretationem,</strong></span> <span class='ocrx_word' id='word_1_20' title='bbox 1289 697 1557 743; x_wconf 81' lang='lat' dir='ltr'><strong>curvatus</strong></span> <span class='ocrx_word' id='word_1_21' title='bbox 1586 688 1997 760; x_wconf 82' lang='lat' dir='ltr'><strong>interpretatur,</strong></span> <span class='ocrx_word' id='word_1_22' title='bbox 2040 706 2105 746; x_wconf 94' lang='lat' dir='ltr'><strong>eo</strong></span> <span class='ocrx_word' id='word_1_23' title='bbox 2155 689 2301 762; x_wconf 92' lang='lat' dir='ltr'><strong>quod</strong></span> 
     </span>
    </p>
   </div>
   <div class='ocr_carea' id='block_1_6' title="bbox 712 775 2299 845">
    <p class='ocr_par' dir='ltr' id='par_1_6' title="bbox 712 775 2299 845">
     <span class='ocr_line' id='line_1_6' title="bbox 712 775 2299 845; baseline 0.005 -16"><span class='ocrx_word' id='word_1_24' title='bbox 712 790 900 830; x_wconf 90' lang='lat' dir='ltr'><strong>omnes</strong></span> <span class='ocrx_word' id='word_1_25' title='bbox 924 775 1014 844; x_wconf 91' lang='lat' dir='ltr'><strong>qui</strong></span> <span class='ocrx_word' id='word_1_26' title='bbox 1052 786 1197 831; x_wconf 91' lang='lat' dir='ltr'><strong>recte</strong></span> <span class='ocrx_word' id='word_1_27' title='bbox 1225 778 1486 845; x_wconf 92' lang='lat' dir='ltr'><strong>sentiunt,</strong></span> <span class='ocrx_word' id='word_1_28' title='bbox 1515 780 1615 835; x_wconf 88' lang='lat' dir='ltr'><strong>sub</strong></span> <span class='ocrx_word' id='word_1_29' title='bbox 1637 795 1799 835; x_wconf 92' lang='lat' dir='ltr'><strong>manu</strong></span> <span class='ocrx_word' id='word_1_30' title='bbox 1824 781 2036 837; x_wconf 86' lang='lat' dir='ltr'><strong>Domini</strong></span> <span class='ocrx_word' id='word_1_31' title='bbox 2069 798 2299 838; x_wconf 90' lang='lat' dir='ltr'><strong>curvan-</strong></span> 
     </span>
    </p>
   </div>
   <div class='ocr_carea' id='block_1_7' title="bbox 709 864 2295 943">
    <p class='ocr_par' dir='ltr' id='par_1_7' title="bbox 709 864 2295 943">
     <span class='ocr_line' id='line_1_7' title="bbox 709 864 2295 943; baseline 0.006 -25"><span class='ocrx_word' id='word_1_32' title='bbox 709 874 819 919; x_wconf 70' lang='lat' dir='ltr'><strong>tur.</strong></span> <span class='ocrx_word' id='word_1_33' title='bbox 851 864 1040 943; x_wconf 79' lang='lat' dir='ltr'><strong>Manus</strong></span> <span class='ocrx_word' id='word_1_34' title='bbox 1084 875 1263 922; x_wconf 91' lang='lat' dir='ltr'><strong>autem</strong></span> <span class='ocrx_word' id='word_1_35' title='bbox 1295 883 1463 938; x_wconf 91' lang='lat' dir='ltr'><strong>super</strong></span> <span class='ocrx_word' id='word_1_36' title='bbox 1506 884 1698 925; x_wconf 89' lang='lat' dir='ltr'><strong>omnes</strong></span> <span class='ocrx_word' id='word_1_37' title='bbox 1725 879 1827 937; x_wconf 90' lang='lat' dir='ltr'><strong>est,</strong></span> <span class='ocrx_word' id='word_1_38' title='bbox 1860 881 1919 926; x_wconf 93' lang='lat' dir='ltr'><strong>ut</strong></span> <span class='ocrx_word' id='word_1_39' title='bbox 1964 880 2057 929; x_wconf 88' lang='lat' dir='ltr'><strong>aut</strong></span> <span class='ocrx_word' id='word_1_40' title='bbox 2087 872 2295 943; x_wconf 85' lang='lat' dir='ltr'><strong>puniat,</strong></span> 
     </span>
    </p>
   </div>
   <div class='ocr_carea' id='block_1_8' title="bbox 710 940 2299 1033">
    <p class='ocr_par' dir='ltr' id='par_1_8' title="bbox 710 940 2299 1033">
     <span class='ocr_line' id='line_1_8' title="bbox 710 940 2299 1033; baseline 0.006 -23"><span class='ocrx_word' id='word_1_41' title='bbox 710 966 798 1010; x_wconf 88' lang='lat' dir='ltr'><strong>aut</strong></span> <span class='ocrx_word' id='word_1_42' title='bbox 833 940 981 1011; x_wconf 81' lang='lat' dir='ltr'><strong>certe</strong></span> <span class='ocrx_word' id='word_1_43' title='bbox 1011 957 1266 1026; x_wconf 83' lang='lat' dir='ltr'><strong>corrigat.</strong></span> <span class='ocrx_word' id='word_1_44' title='bbox 1295 957 1364 1013; x_wconf 90' lang='lat' dir='ltr'><strong>Et</strong></span> <span class='ocrx_word' id='word_1_45' title='bbox 1393 958 1515 1014; x_wconf 91' lang='lat' dir='ltr'><strong>ideo</strong></span> <span class='ocrx_word' id='word_1_46' title='bbox 1539 970 1597 1015; x_wconf 92' lang='lat' dir='ltr'><strong>ut</strong></span> <span class='ocrx_word' id='word_1_47' title='bbox 1626 962 1788 1016; x_wconf 88' lang='lat' dir='ltr'><strong>tantis</strong></span> <span class='ocrx_word' id='word_1_48' title='bbox 1817 940 2131 1018; x_wconf 81' lang='lat' dir='ltr'><strong>humiliatus</strong></span> <span class='ocrx_word' id='word_1_49' title='bbox 2150 978 2299 1033; x_wconf 86' lang='lat' dir='ltr'><strong>pres-</strong></span> 
     </span>
    </p>
   </div>
   <div class='ocr_carea' id='block_1_9' title="bbox 708 1044 2295 1118">
    <p class='ocr_par' dir='ltr' id='par_1_9' title="bbox 708 1044 2295 1118">
     <span class='ocr_line' id='line_1_9' title="bbox 708 1044 2295 1118; baseline 0.008 -21"><span class='ocrx_word' id='word_1_50' title='bbox 708 1044 873 1109; x_wconf 89' lang='lat' dir='ltr'><strong>suris,</strong></span> <span class='ocrx_word' id='word_1_51' title='bbox 907 1054 961 1101; x_wconf 91' lang='lat' dir='ltr'><strong>et</strong></span> <span class='ocrx_word' id='word_1_52' title='bbox 1010 1054 1287 1101; x_wconf 88' lang='lat' dir='ltr'><strong>correctus</strong></span> <span class='ocrx_word' id='word_1_53' title='bbox 1330 1047 1646 1118; x_wconf 86' lang='lat' dir='ltr'><strong>disciplinis,</strong></span> <span class='ocrx_word' id='word_1_54' title='bbox 1692 1052 1958 1105; x_wconf 82' lang='lat' dir='ltr'><strong>cervicem</strong></span> <span class='ocrx_word' id='word_1_55' title='bbox 1990 1053 2090 1107; x_wconf 90' lang='lat' dir='ltr'><strong>sub</strong></span> <span class='ocrx_word' id='word_1_56' title='bbox 2132 1068 2295 1109; x_wconf 88' lang='lat' dir='ltr'><strong>manu</strong></span> 
     </span>
    </p>
   </div>
   <div class='ocr_carea' id='block_1_10' title="bbox 706 1135 2297 1213">
    <p class='ocr_par' dir='ltr' id='par_1_10' title="bbox 706 1135 2297 1213">
     <span class='ocr_line' id='line_1_10' title="bbox 706 1135 2297 1213; baseline 0.004 -21"><span class='ocrx_word' id='word_1_57' title='bbox 706 1135 923 1192; x_wconf 89' lang='lat' dir='ltr'><strong>Domini</strong></span> <span class='ocrx_word' id='word_1_58' title='bbox 974 1152 1203 1193; x_wconf 86' lang='lat' dir='ltr'><strong>curvare</strong></span> <span class='ocrx_word' id='word_1_59' title='bbox 1249 1140 1465 1210; x_wconf 79' lang='lat' dir='ltr'><strong>gaudet,</strong></span> <span class='ocrx_word' id='word_1_60' title='bbox 1498 1141 1625 1195; x_wconf 90' lang='lat' dir='ltr'><strong>dum</strong></span> <span class='ocrx_word' id='word_1_61' title='bbox 1679 1143 1993 1197; x_wconf 85' lang='lat' dir='ltr'><strong>humiliatur</strong></span> <span class='ocrx_word' id='word_1_62' title='bbox 2028 1146 2093 1198; x_wconf 89' lang='lat' dir='ltr'><strong>ad</strong></span> <span class='ocrx_word' id='word_1_63' title='bbox 2124 1143 2297 1213; x_wconf 61' lang='lat' dir='ltr'><strong>parui-</strong></span> 
     </span>
    </p>
   </div>
   <div class='ocr_carea' id='block_1_11' title="bbox 707 1228 2298 1299">
    <p class='ocr_par' dir='ltr' id='par_1_11' title="bbox 707 1228 2298 1299">
     <span class='ocr_line' id='line_1_11' title="bbox 707 1228 2298 1299; baseline 0.006 -18"><span class='ocrx_word' id='word_1_64' title='bbox 707 1228 957 1293; x_wconf 90' lang='lat' dir='ltr'><strong>tentiam,</strong></span> <span class='ocrx_word' id='word_1_65' title='bbox 1004 1238 1057 1284; x_wconf 92' lang='lat' dir='ltr'><strong>et</strong></span> <span class='ocrx_word' id='word_1_66' title='bbox 1099 1231 1398 1286; x_wconf 90' lang='lat' dir='ltr'><strong>secundum</strong></span> <span class='ocrx_word' id='word_1_67' title='bbox 1440 1232 1752 1288; x_wconf 90' lang='lat' dir='ltr'><strong>interiorem</strong></span> <span class='ocrx_word' id='word_1_68' title='bbox 1798 1234 2093 1299; x_wconf 86' lang='lat' dir='ltr'><strong>hominem,</strong></span> <span class='ocrx_word' id='word_1_69' title='bbox 2123 1235 2298 1290; x_wconf 87' lang='lat' dir='ltr'><strong>cervi-</strong></span> 
     </span>
    </p>
   </div>
   <div class='ocr_carea' id='block_1_12' title="bbox 706 1320 2297 1395">
    <p class='ocr_par' dir='ltr' id='par_1_12' title="bbox 706 1320 2297 1395">
     <span class='ocr_line' id='line_1_12' title="bbox 706 1320 2297 1395; baseline 0.002 -19"><span class='ocrx_word' id='word_1_70' title='bbox 706 1332 823 1376; x_wconf 88' lang='lat' dir='ltr'><strong>cem</strong></span> <span class='ocrx_word' id='word_1_71' title='bbox 850 1320 1030 1377; x_wconf 85' lang='lat' dir='ltr'><strong>cordis</strong></span> <span class='ocrx_word' id='word_1_72' title='bbox 1059 1338 1124 1377; x_wconf 90' lang='lat' dir='ltr'><strong>ac</strong></span> <span class='ocrx_word' id='word_1_73' title='bbox 1154 1323 1355 1378; x_wconf 88' lang='lat' dir='ltr'><strong>mentis</strong></span> <span class='ocrx_word' id='word_1_74' title='bbox 1383 1321 1551 1378; x_wconf 92' lang='lat' dir='ltr'><strong>ﬂectit</strong></span> <span class='ocrx_word' id='word_1_75' title='bbox 1579 1323 1646 1379; x_wconf 90' lang='lat' dir='ltr'><strong>ad</strong></span> <span class='ocrx_word' id='word_1_76' title='bbox 1674 1324 1978 1388; x_wconf 90' lang='lat' dir='ltr'><strong>Dominum,</strong></span> <span class='ocrx_word' id='word_1_77' title='bbox 2010 1340 2159 1395; x_wconf 90' lang='lat' dir='ltr'><strong>spem</strong></span> <span class='ocrx_word' id='word_1_78' title='bbox 2204 1324 2297 1379; x_wconf 79' lang='lat' dir='ltr'><strong>lia-</strong></span> 
     </span>
    </p>
   </div>
   <div class='ocr_carea' id='block_1_13' title="bbox 702 1411 2203 1486">
    <p class='ocr_par' dir='ltr' id='par_1_13' title="bbox 702 1411 2203 1486">
     <span class='ocr_line' id='line_1_13' title="bbox 702 1411 2203 1486; baseline -0.001 -16"><span class='ocrx_word' id='word_1_79' title='bbox 702 1411 840 1470; x_wconf 87' lang='lat' dir='ltr'><strong>bens</strong></span> <span class='ocrx_word' id='word_1_80' title='bbox 870 1414 1013 1485; x_wconf 91' lang='lat' dir='ltr'><strong>quod</strong></span> <span class='ocrx_word' id='word_1_81' title='bbox 1039 1429 1145 1470; x_wconf 90' lang='lat' dir='ltr'><strong>non</strong></span> <span class='ocrx_word' id='word_1_82' title='bbox 1176 1414 1389 1486; x_wconf 87' lang='lat' dir='ltr'><strong>repellit</strong></span> <span class='ocrx_word' id='word_1_83' title='bbox 1422 1415 1475 1470; x_wconf 92' lang='lat' dir='ltr'><strong>in</strong></span> <span class='ocrx_word' id='word_1_84' title='bbox 1505 1415 1897 1486; x_wconf 88' lang='lat' dir='ltr'><strong>sempiternum</strong></span> <span class='ocrx_word' id='word_1_85' title='bbox 1925 1415 2203 1472; x_wconf 86' lang='lat' dir='ltr'><strong>Dominus.</strong></span> 
     </span>
    </p>
   </div>
   <div class='ocr_carea' id='block_1_14' title="bbox 1420 1543 1575 1584">
    <p class='ocr_par' dir='ltr' id='par_1_14' title="bbox 1420 1543 1575 1584">
     <span class='ocr_line' id='line_1_14' title="bbox 1420 1543 1575 1584; baseline -0.006 0"><span class='ocrx_word' id='word_1_86' title='bbox 1420 1543 1575 1584; x_wconf 73' lang='lat' dir='ltr'><strong>CAPII.</strong></span> 
     </span>
    </p>
   </div>
   <div class='ocr_carea' id='block_1_15' title="bbox 777 1638 2293 1711">
    <p class='ocr_par' dir='ltr' id='par_1_15' title="bbox 777 1638 2293 1711">
     <span class='ocr_line' id='line_1_15' title="bbox 777 1638 2293 1711; baseline 0.003 -19"><span class='ocrx_word' id='word_1_87' title='bbox 777 1638 916 1704; x_wconf 97' lang='lat' dir='ltr'><strong>Quia</strong></span> <span class='ocrx_word' id='word_1_88' title='bbox 938 1640 985 1693; x_wconf 89' lang='lat' dir='ltr'><strong>si</strong></span> <span class='ocrx_word' id='word_1_89' title='bbox 1013 1640 1226 1711; x_wconf 82' lang='lat' dir='ltr'><strong>abjecit,</strong></span> <span class='ocrx_word' id='word_1_90' title='bbox 1258 1650 1306 1696; x_wconf 89' lang='lat' dir='ltr'><strong>et</strong></span> <span class='ocrx_word' id='word_1_91' title='bbox 1346 1642 1675 1697; x_wconf 78' lang='lat' dir='ltr'><strong>miserebitur</strong></span> <span class='ocrx_word' id='word_1_92' title='bbox 1721 1644 2009 1698; x_wconf 82' lang='lat' dir='ltr'><strong>secundum</strong></span> <span class='ocrx_word' id='word_1_93' title='bbox 2050 1642 2293 1698; x_wconf 85' lang='lat' dir='ltr'><strong>multitu-</strong></span> 
     </span>
    </p>
   </div>
   <div class='ocr_carea' id='block_1_16' title="bbox 703 1730 2293 1804">
    <p class='ocr_par' dir='ltr' id='par_1_16' title="bbox 703 1730 2293 1804">
     <span class='ocr_line' id='line_1_16' title="bbox 703 1730 2293 1804; baseline 0.005 -22"><span class='ocrx_word' id='word_1_94' title='bbox 703 1730 879 1784; x_wconf 84' lang='lat' dir='ltr'><strong>dinem</strong></span> <span class='ocrx_word' id='word_1_95' title='bbox 896 1730 1378 1787; x_wconf 85' lang='lat' dir='ltr'><strong>misericordiarum</strong></span> <span class='ocrx_word' id='word_1_96' title='bbox 1400 1750 1638 1788; x_wconf 90' lang='lat' dir='ltr'><strong>suarum.</strong></span> <span class='ocrx_word' id='word_1_97' title='bbox 1660 1731 1780 1790; x_wconf 88' lang='lat' dir='ltr'><strong>Non</strong></span> <span class='ocrx_word' id='word_1_98' title='bbox 1802 1736 1962 1800; x_wconf 87' lang='lat' dir='ltr'><strong>enim,</strong></span> <span class='ocrx_word' id='word_1_99' title='bbox 1984 1735 2176 1804; x_wconf 92' lang='lat' dir='ltr'><strong>inquit,</strong></span> <span class='ocrx_word' id='word_1_100' title='bbox 2194 1736 2293 1790; x_wconf 80' lang='lat' dir='ltr'><strong>liu-</strong></span> 
     </span>
    </p>
   </div>
   <div class='ocr_carea' id='block_1_17' title="bbox 700 1820 2289 1895">
    <p class='ocr_par' dir='ltr' id='par_1_17' title="bbox 700 1820 2289 1895">
     <span class='ocr_line' id='line_1_17' title="bbox 700 1820 2289 1895; baseline 0.004 -20"><span class='ocrx_word' id='word_1_101' title='bbox 700 1820 923 1875; x_wconf 83' lang='lat' dir='ltr'><strong>miliarit</strong></span> <span class='ocrx_word' id='word_1_102' title='bbox 970 1837 1035 1876; x_wconf 81' lang='lat' dir='ltr'><strong>ea:</strong></span> <span class='ocrx_word' id='word_1_103' title='bbox 1064 1822 1220 1877; x_wconf 85' lang='lat' dir='ltr'><strong>corde</strong></span> <span class='ocrx_word' id='word_1_104' title='bbox 1238 1840 1356 1889; x_wconf 86' lang='lat' dir='ltr'><strong>suo,</strong></span> <span class='ocrx_word' id='word_1_105' title='bbox 1396 1833 1446 1879; x_wconf 90' lang='lat' dir='ltr'><strong>et</strong></span> <span class='ocrx_word' id='word_1_106' title='bbox 1473 1821 1665 1895; x_wconf 80' lang='lat' dir='ltr'><strong>abjecit</strong></span> <span class='ocrx_word' id='word_1_107' title='bbox 1689 1825 1829 1894; x_wconf 81' lang='lat' dir='ltr'><strong>ﬁlios</strong></span> <span class='ocrx_word' id='word_1_108' title='bbox 1876 1826 2168 1881; x_wconf 80' lang='lat' dir='ltr'><strong>hominum.</strong></span> <span class='ocrx_word' id='word_1_109' title='bbox 2198 1825 2289 1882; x_wconf 88' lang='lat' dir='ltr'><strong>Si-</strong></span> 
     </span>
    </p>
   </div>
   <div class='ocr_carea' id='block_1_18' title="bbox 701 1913 2292 1987">
    <p class='ocr_par' dir='ltr' id='par_1_18' title="bbox 701 1913 2292 1987">
     <span class='ocr_line' id='line_1_18' title="bbox 701 1913 2292 1987; baseline 0.006 -21"><span class='ocrx_word' id='word_1_110' title='bbox 701 1913 922 1982; x_wconf 88' lang='lat' dir='ltr'><strong>quidem</strong></span> <span class='ocrx_word' id='word_1_111' title='bbox 954 1913 1071 1982; x_wconf 89' lang='lat' dir='ltr'><strong>ipse</strong></span> <span class='ocrx_word' id='word_1_112' title='bbox 1108 1928 1277 1971; x_wconf 90' lang='lat' dir='ltr'><strong>sonus</strong></span> <span class='ocrx_word' id='word_1_113' title='bbox 1298 1930 1555 1972; x_wconf 81' lang='lat' dir='ltr'><strong>versuum</strong></span> <span class='ocrx_word' id='word_1_114' title='bbox 1603 1917 1842 1972; x_wconf 85' lang='lat' dir='ltr'><strong>insinuat</strong></span> <span class='ocrx_word' id='word_1_115' title='bbox 1887 1919 2018 1987; x_wconf 91' lang='lat' dir='ltr'><strong>quid</strong></span> <span class='ocrx_word' id='word_1_116' title='bbox 2068 1920 2145 1974; x_wconf 80' lang='lat' dir='ltr'><strong>sit</strong></span> <span class='ocrx_word' id='word_1_117' title='bbox 2166 1934 2292 1976; x_wconf 84' lang='lat' dir='ltr'><strong>cur-</strong></span> 
     </span>
    </p>
   </div>
   <div class='ocr_carea' id='block_1_19' title="bbox 700 2003 2290 2084">
    <p class='ocr_par' dir='ltr' id='par_1_19' title="bbox 700 2003 2290 2084">
     <span class='ocr_line' id='line_1_19' title="bbox 700 2003 2290 2084; baseline 0.007 -28"><span class='ocrx_word' id='word_1_118' title='bbox 700 2003 815 2057; x_wconf 85' lang='lat' dir='ltr'><strong>vari</strong></span> <span class='ocrx_word' id='word_1_119' title='bbox 844 2003 945 2059; x_wconf 88' lang='lat' dir='ltr'><strong>sub</strong></span> <span class='ocrx_word' id='word_1_120' title='bbox 970 2004 1176 2073; x_wconf 79' lang='lat' dir='ltr'><strong>potenti</strong></span> <span class='ocrx_word' id='word_1_121' title='bbox 1201 2020 1363 2061; x_wconf 91' lang='lat' dir='ltr'><strong>manu</strong></span> <span class='ocrx_word' id='word_1_122' title='bbox 1392 2007 1509 2072; x_wconf 91' lang='lat' dir='ltr'><strong>Dei,</strong></span> <span class='ocrx_word' id='word_1_123' title='bbox 1537 2008 1810 2077; x_wconf 87' lang='lat' dir='ltr'><strong>patienter</strong></span> <span class='ocrx_word' id='word_1_124' title='bbox 1835 2009 2044 2065; x_wconf 85' lang='lat' dir='ltr'><strong>scilicet</strong></span> <span class='ocrx_word' id='word_1_125' title='bbox 2075 2008 2290 2084; x_wconf 64' lang='grc' dir='ltr'><strong>ιω</strong></span> 
     </span>
    </p>
   </div>
   <div class='ocr_carea' id='block_1_20' title="bbox 699 2098 2290 2173">
    <p class='ocr_par' dir='ltr' id='par_1_20' title="bbox 699 2098 2290 2173">
     <span class='ocr_line' id='line_1_20' title="bbox 699 2098 2290 2173; baseline 0.005 -21"><span class='ocrx_word' id='word_1_126' title='bbox 699 2099 882 2152; x_wconf 89' lang='lat' dir='ltr'><strong>omnia</strong></span> <span class='ocrx_word' id='word_1_127' title='bbox 906 2098 1178 2155; x_wconf 88' lang='lat' dir='ltr'><strong>sustinere</strong></span> <span class='ocrx_word' id='word_1_128' title='bbox 1198 2114 1264 2154; x_wconf 89' lang='lat' dir='ltr'><strong>eo</strong></span> <span class='ocrx_word' id='word_1_129' title='bbox 1285 2101 1427 2169; x_wconf 90' lang='lat' dir='ltr'><strong>quod</strong></span> <span class='ocrx_word' id='word_1_130' title='bbox 1448 2116 1552 2157; x_wconf 93' lang='lat' dir='ltr'><strong>non</strong></span> <span class='ocrx_word' id='word_1_131' title='bbox 1580 2102 1794 2173; x_wconf 85' lang='lat' dir='ltr'><strong>repellit</strong></span> <span class='ocrx_word' id='word_1_132' title='bbox 1813 2102 1868 2157; x_wconf 93' lang='lat' dir='ltr'><strong>in</strong></span> <span class='ocrx_word' id='word_1_133' title='bbox 1898 2102 2290 2172; x_wconf 87' lang='lat' dir='ltr'><strong>sempiternum</strong></span> 
     </span>
    </p>
   </div>
   <div class='ocr_carea' id='block_1_21' title="bbox 698 2189 2297 2275">
    <p class='ocr_par' dir='ltr' id='par_1_21' title="bbox 698 2189 2297 2275">
     <span class='ocr_line' id='line_1_21' title="bbox 698 2189 2297 2275; baseline 0.005 -31"><span class='ocrx_word' id='word_1_134' title='bbox 698 2189 978 2245; x_wconf 88' lang='lat' dir='ltr'><strong>Dominus.</strong></span> <span class='ocrx_word' id='word_1_135' title='bbox 1035 2191 1475 2265; x_wconf 81' lang='lat' dir='ltr'><strong>Quotiescunque</strong></span> <span class='ocrx_word' id='word_1_136' title='bbox 1530 2195 1615 2249; x_wconf 90' lang='lat' dir='ltr'><strong>vir</strong></span> <span class='ocrx_word' id='word_1_137' title='bbox 1641 2195 1831 2266; x_wconf 82' lang='lat' dir='ltr'><strong>jugum</strong></span> <span class='ocrx_word' id='word_1_138' title='bbox 1878 2195 2096 2262; x_wconf 84' lang='lat' dir='ltr'><strong>ferens,</strong></span> <span class='ocrx_word' id='word_1_139' title='bbox 2136 2196 2297 2275; x_wconf 81' lang='lat' dir='ltr'><strong>incli-_</strong></span> 
     </span>
    </p>
   </div>
   <div class='ocr_carea' id='block_1_22' title="bbox 696 2283 2286 2359">
    <p class='ocr_par' dir='ltr' id='par_1_22' title="bbox 696 2283 2286 2359">
     <span class='ocr_line' id='line_1_22' title="bbox 696 2283 2286 2359; baseline 0.006 -22"><span class='ocrx_word' id='word_1_140' title='bbox 696 2291 860 2338; x_wconf 84' lang='lat' dir='ltr'><strong>natur</strong></span> <span class='ocrx_word' id='word_1_141' title='bbox 890 2285 957 2339; x_wconf 91' lang='lat' dir='ltr'><strong>ad</strong></span> <span class='ocrx_word' id='word_1_142' title='bbox 996 2283 1226 2357; x_wconf 86' lang='lat' dir='ltr'><strong>ﬂagella,</strong></span> <span class='ocrx_word' id='word_1_143' title='bbox 1259 2287 1325 2341; x_wconf 91' lang='lat' dir='ltr'><strong>ad</strong></span> <span class='ocrx_word' id='word_1_144' title='bbox 1370 2289 1766 2358; x_wconf 68' lang='lat' dir='ltr'><strong>paenitentiam,</strong></span> <span class='ocrx_word' id='word_1_145' title='bbox 1793 2290 1861 2345; x_wconf 88' lang='lat' dir='ltr'><strong>ad</strong></span> <span class='ocrx_word' id='word_1_146' title='bbox 1905 2290 2286 2359; x_wconf 83' lang='lat' dir='ltr'><strong>contumelias,</strong></span> 
     </span>
    </p>
   </div>
   <div class='ocr_carea' id='block_1_23' title="bbox 697 2375 2283 2449">
    <p class='ocr_par' dir='ltr' id='par_1_23' title="bbox 697 2375 2283 2449">
     <span class='ocr_line' id='line_1_23' title="bbox 697 2375 2283 2449; baseline 0.009 -21"><span class='ocrx_word' id='word_1_147' title='bbox 697 2376 767 2429; x_wconf 90' lang='lat' dir='ltr'><strong>ad</strong></span> <span class='ocrx_word' id='word_1_148' title='bbox 803 2375 1093 2447; x_wconf 88' lang='lat' dir='ltr'><strong>opprobria</strong></span> <span class='ocrx_word' id='word_1_149' title='bbox 1118 2419 1134 2443; x_wconf 92' lang='lat'><strong>,</strong></span> <span class='ocrx_word' id='word_1_150' title='bbox 1154 2380 1308 2449; x_wconf 86' lang='lat' dir='ltr'><strong>quasi</strong></span> <span class='ocrx_word' id='word_1_151' title='bbox 1331 2383 1544 2436; x_wconf 87' lang='lat' dir='ltr'><strong>curvari</strong></span> <span class='ocrx_word' id='word_1_152' title='bbox 1575 2383 1788 2439; x_wconf 88' lang='lat' dir='ltr'><strong>videtur</strong></span> <span class='ocrx_word' id='word_1_153' title='bbox 1808 2384 1874 2438; x_wconf 88' lang='lat' dir='ltr'><strong>ad</strong></span> <span class='ocrx_word' id='word_1_154' title='bbox 1903 2384 2283 2442; x_wconf 85' lang='lat' dir='ltr'><strong>humilitatem.</strong></span> 
     </span>
    </p>
   </div>
   <div class='ocr_carea' id='block_1_24' title="bbox 698 2464 2283 2547">
    <p class='ocr_par' dir='ltr' id='par_1_24' title="bbox 698 2464 2283 2547">
     <span class='ocr_line' id='line_1_24' title="bbox 698 2464 2283 2547; baseline 0.008 -26"><span class='ocrx_word' id='word_1_155' title='bbox 698 2464 852 2523; x_wconf 87' lang='lat' dir='ltr'><strong>Unde</strong></span> <span class='ocrx_word' id='word_1_156' title='bbox 892 2476 948 2523; x_wconf 93' lang='lat' dir='ltr'><strong>et</strong></span> <span class='ocrx_word' id='word_1_157' title='bbox 998 2470 1261 2540; x_wconf 87' lang='lat' dir='ltr'><strong>propheta</strong></span> <span class='ocrx_word' id='word_1_158' title='bbox 1307 2471 1476 2527; x_wconf 86' lang='lat' dir='ltr'><strong>David</strong></span> <span class='ocrx_word' id='word_1_159' title='bbox 1532 2473 1632 2529; x_wconf 90' lang='lat' dir='ltr'><strong>sub</strong></span> <span class='ocrx_word' id='word_1_160' title='bbox 1688 2475 2016 2531; x_wconf 74' lang='lat' dir='ltr'><strong>hac‘littera</strong></span> <span class='ocrx_word' id='word_1_161' title='bbox 2057 2476 2283 2547; x_wconf 90' lang='lat' dir='ltr'><strong>inquit:</strong></span> 
     </span>
    </p>
   </div>
   <div class='ocr_carea' id='block_1_25' title="bbox 701 2554 2282 2641">
    <p class='ocr_par' dir='ltr' id='par_1_25' title="bbox 701 2554 2282 2641">
     <span class='ocr_line' id='line_1_25' title="bbox 701 2554 2282 2641; baseline 0.01 -32"><span class='ocrx_word' id='word_1_162' title='bbox 701 2554 869 2611; x_wconf 87' lang='lat' dir='ltr'><strong>Patth</strong></span> <span class='ocrx_word' id='word_1_163' title='bbox 890 2559 1064 2615; x_wconf 86' lang='lat' dir='ltr'><strong>minus</strong></span> <span class='ocrx_word' id='word_1_164' title='bbox 1085 2574 1515 2619; x_wconf 84' lang='lat' dir='ltr'><strong>consummarunt</strong></span> <span class='ocrx_word' id='word_1_165' title='bbox 1530 2581 1612 2620; x_wconf 90' lang='lat' dir='ltr'><strong>me</strong></span> <span class='ocrx_word' id='word_1_166' title='bbox 1632 2567 1687 2622; x_wconf 91' lang='lat' dir='ltr'><strong>in</strong></span> <span class='ocrx_word' id='word_1_167' title='bbox 1702 2576 1844 2622; x_wconf 91' lang='lat' dir='ltr'><strong>terra</strong></span> <span class='ocrx_word' id='word_1_168' title='bbox 1873 2565 2046 2638; x_wconf 85' lang='lat' dir='ltr'><strong>(Psal.</strong></span> <span class='ocrx_word' id='word_1_169' title='bbox 2068 2568 2282 2641; x_wconf 82' lang='lat' dir='ltr'><strong>cxvtu),</strong></span> 
     </span>
    </p>
   </div>
   <div class='ocr_carea' id='block_1_26' title="bbox 694 2647 2282 2729">
    <p class='ocr_par' dir='ltr' id='par_1_26' title="bbox 694 2647 2282 2729">
     <span class='ocr_line' id='line_1_26' title="bbox 694 2647 2282 2729; baseline 0.012 -28"><span class='ocrx_word' id='word_1_170' title='bbox 694 2647 965 2717; x_wconf 73' lang='lat' dir='ltr'><strong>abiectum</strong></span> <span class='ocrx_word' id='word_1_171' title='bbox 1018 2668 1076 2707; x_wconf 89' lang='lat' dir='ltr'><strong>se</strong></span> <span class='ocrx_word' id='word_1_172' title='bbox 1120 2655 1364 2723; x_wconf 87' lang='lat' dir='ltr'><strong>sentiens</strong></span> <span class='ocrx_word' id='word_1_173' title='bbox 1400 2667 1455 2712; x_wconf 92' lang='lat' dir='ltr'><strong>et</strong></span> <span class='ocrx_word' id='word_1_174' title='bbox 1504 2659 1812 2729; x_wconf 81' lang='lat' dir='ltr'><strong>expositum</strong></span> <span class='ocrx_word' id='word_1_175' title='bbox 1851 2662 1919 2717; x_wconf 89' lang='lat' dir='ltr'><strong>ad</strong></span> <span class='ocrx_word' id='word_1_176' title='bbox 1958 2663 2282 2720; x_wconf 85' lang='lat' dir='ltr'><strong>certamina.</strong></span> 
     </span>
    </p>
   </div>
   <div class='ocr_carea' id='block_1_27' title="bbox 698 2739 2282 2826">
    <p class='ocr_par' dir='ltr' id='par_1_27' title="bbox 698 2739 2282 2826">
     <span class='ocr_line' id='line_1_27' title="bbox 698 2739 2282 2826; baseline 0.012 -33"><span class='ocrx_word' id='word_1_177' title='bbox 698 2739 847 2796; x_wconf 88' lang='lat' dir='ltr'><strong>Unde</strong></span> <span class='ocrx_word' id='word_1_178' title='bbox 878 2744 1144 2800; x_wconf 85' lang='lat' dir='ltr'><strong>cervicem</strong></span> <span class='ocrx_word' id='word_1_179' title='bbox 1195 2748 1392 2803; x_wconf 87' lang='lat' dir='ltr'><strong>mentis</strong></span> <span class='ocrx_word' id='word_1_180' title='bbox 1432 2747 1600 2805; x_wconf 90' lang='lat' dir='ltr'><strong>ﬂectit</strong></span> <span class='ocrx_word' id='word_1_181' title='bbox 1631 2753 1697 2807; x_wconf 88' lang='lat' dir='ltr'><strong>ad</strong></span> <span class='ocrx_word' id='word_1_182' title='bbox 1737 2751 2049 2821; x_wconf 89' lang='lat' dir='ltr'><strong>Dominum,</strong></span> <span class='ocrx_word' id='word_1_183' title='bbox 2077 2756 2144 2810; x_wconf 92' lang='lat' dir='ltr'><strong>de</strong></span> <span class='ocrx_word' id='word_1_184' title='bbox 2173 2771 2282 2826; x_wconf 85' lang='lat' dir='ltr'><strong>qua</strong></span> 
     </span>
    </p>
   </div>
   <div class='ocr_carea' id='block_1_28' title="bbox 691 2832 2281 2915">
    <p class='ocr_par' dir='ltr' id='par_1_28' title="bbox 691 2832 2281 2915">
     <span class='ocr_line' id='line_1_28' title="bbox 691 2832 2281 2915; baseline 0.013 -31"><span class='ocrx_word' id='word_1_185' title='bbox 691 2832 937 2900; x_wconf 77' lang='lat' dir='ltr'><strong>profecto</strong></span> <span class='ocrx_word' id='word_1_186' title='bbox 958 2837 1172 2892; x_wconf 88' lang='lat' dir='ltr'><strong>cervice</strong></span> <span class='ocrx_word' id='word_1_187' title='bbox 1197 2838 1398 2893; x_wconf 92' lang='lat' dir='ltr'><strong>dicitur</strong></span> <span class='ocrx_word' id='word_1_188' title='bbox 1432 2857 1445 2893; x_wconf 92' lang='lat'><strong>:</strong></span> <span class='ocrx_word' id='word_1_189' title='bbox 1476 2839 1594 2896; x_wconf 87' lang='lat' dir='ltr'><strong>Non</strong></span> <span class='ocrx_word' id='word_1_190' title='bbox 1623 2842 1703 2898; x_wconf 92' lang='lat' dir='ltr'><strong>sic</strong></span> <span class='ocrx_word' id='word_1_191' title='bbox 1723 2842 1910 2915; x_wconf 81' lang='lat' dir='ltr'><strong>ﬂectas</strong></span> <span class='ocrx_word' id='word_1_192' title='bbox 1928 2852 1989 2900; x_wconf 91' lang='lat' dir='ltr'><strong>ut</strong></span> <span class='ocrx_word' id='word_1_193' title='bbox 2013 2844 2281 2904; x_wconf 86' lang='lat' dir='ltr'><strong>circulum</strong></span> 
     </span>
    </p>
   </div>
   <div class='ocr_carea' id='block_1_29' title="bbox 692 2924 2283 2995">
    <p class='ocr_par' dir='ltr' id='par_1_29' title="bbox 692 2924 2283 2995">
     <span class='ocr_line' id='line_1_29' title="bbox 692 2924 2283 2995; baseline 0.012 -20"><span class='ocrx_word' id='word_1_194' title='bbox 692 2924 890 2979; x_wconf 86' lang='lat' dir='ltr'><strong>collum</strong></span> <span class='ocrx_word' id='word_1_195' title='bbox 922 2936 1092 2981; x_wconf 91' lang='lat' dir='ltr'><strong>tuum.</strong></span> <span class='ocrx_word' id='word_1_196' title='bbox 1135 2927 1236 2995; x_wconf 92' lang='lat' dir='ltr'><strong>Qui</strong></span> <span class='ocrx_word' id='word_1_197' title='bbox 1268 2930 1413 2985; x_wconf 92' lang='lat' dir='ltr'><strong>enim</strong></span> <span class='ocrx_word' id='word_1_198' title='bbox 1449 2946 1545 2987; x_wconf 88' lang='lat' dir='ltr'><strong>cor</strong></span> <span class='ocrx_word' id='word_1_199' title='bbox 1573 2949 1729 2989; x_wconf 89' lang='lat' dir='ltr'><strong>suum</strong></span> <span class='ocrx_word' id='word_1_200' title='bbox 1764 2950 1868 2990; x_wconf 88' lang='lat' dir='ltr'><strong>non</strong></span> <span class='ocrx_word' id='word_1_201' title='bbox 1894 2935 2062 2992; x_wconf 82' lang='lat' dir='ltr'><strong>ﬂectit</strong></span> <span class='ocrx_word' id='word_1_202' title='bbox 2082 2938 2149 2993; x_wconf 89' lang='lat' dir='ltr'><strong>ad</strong></span> <span class='ocrx_word' id='word_1_203' title='bbox 2180 2939 2283 2994; x_wconf 90' lang='lat' dir='ltr'><strong>hu-</strong></span> 
     </span>
    </p>
   </div>
   <div class='ocr_carea' id='block_1_30' title="bbox 692 3013 2277 3091">
    <p class='ocr_par' dir='ltr' id='par_1_30' title="bbox 692 3013 2277 3091">
     <span class='ocr_line' id='line_1_30' title="bbox 692 3013 2277 3091; baseline 0.011 -25"><span class='ocrx_word' id='word_1_204' title='bbox 692 3013 976 3069; x_wconf 90' lang='lat' dir='ltr'><strong>militatem</strong></span> <span class='ocrx_word' id='word_1_205' title='bbox 1009 3025 1065 3071; x_wconf 90' lang='lat' dir='ltr'><strong>et</strong></span> <span class='ocrx_word' id='word_1_206' title='bbox 1088 3018 1521 3076; x_wconf 89' lang='lat' dir='ltr'><strong>misericordiam</strong></span> <span class='ocrx_word' id='word_1_207' title='bbox 1541 3063 1555 3091; x_wconf 92' lang='lat'><strong>,</strong></span> <span class='ocrx_word' id='word_1_208' title='bbox 1588 3022 1787 3079; x_wconf 76' lang='lat' dir='ltr'><strong>frustra</strong></span> <span class='ocrx_word' id='word_1_209' title='bbox 1821 3027 2090 3082; x_wconf 87' lang='lat' dir='ltr'><strong>cervicem</strong></span> <span class='ocrx_word' id='word_1_210' title='bbox 2121 3044 2277 3084; x_wconf 89' lang='lat' dir='ltr'><strong>suam</strong></span> 
     </span>
    </p>
   </div>
   <div class='ocr_carea' id='block_1_31' title="bbox 691 3108 2347 3211">
    <p class='ocr_par' dir='ltr' id='par_1_31' title="bbox 691 3108 2347 3211">
     <span class='ocr_line' id='line_1_31' title="bbox 691 3108 2347 3211; baseline 0.011 -52"><span class='ocrx_word' id='word_1_211' title='bbox 691 3115 882 3161; x_wconf 87' lang='lat' dir='ltr'><strong>curvat</strong></span> <span class='ocrx_word' id='word_1_212' title='bbox 907 3108 1149 3165; x_wconf 79' lang='lat' dir='ltr'><strong>exterius</strong></span> <span class='ocrx_word' id='word_1_213' title='bbox 1182 3111 1249 3165; x_wconf 91' lang='lat' dir='ltr'><strong>ad</strong></span> <span class='ocrx_word' id='word_1_214' title='bbox 1277 3112 1708 3182; x_wconf 87' lang='lat' dir='ltr'><strong>supplicandum.</strong></span> <span class='ocrx_word' id='word_1_215' title='bbox 1741 3116 1965 3189; x_wconf 87' lang='lat' dir='ltr'><strong>Propter</strong></span> <span class='ocrx_word' id='word_1_216' title='bbox 1992 3120 2135 3189; x_wconf 87' lang='lat' dir='ltr'><strong>quod</strong></span> <span class='ocrx_word' id='word_1_217' title='bbox 2159 3121 2272 3191; x_wconf 86' lang='lat' dir='ltr'><strong>jam</strong></span> <span class='ocrx_word' id='word_1_218' title='bbox 2302 3148 2347 3211; x_wconf 68' lang='grc' dir='ltr'><strong>ρ</strong></span> 
     </span>
    </p>
   </div>
   <div class='ocr_carea' id='block_1_32' title="bbox 691 3197 2275 3282">
    <p class='ocr_par' dir='ltr' id='par_1_32' title="bbox 691 3197 2275 3282">
     <span class='ocr_line' id='line_1_32' title="bbox 691 3197 2275 3282; baseline 0.012 -31"><span class='ocrx_word' id='word_1_219' title='bbox 691 3197 781 3252; x_wconf 92' lang='lat' dir='ltr'><strong>hic</strong></span> <span class='ocrx_word' id='word_1_220' title='bbox 807 3200 1036 3255; x_wconf 87' lang='lat' dir='ltr'><strong>satiatus</strong></span> <span class='ocrx_word' id='word_1_221' title='bbox 1059 3204 1368 3273; x_wconf 88' lang='lat' dir='ltr'><strong>opprobriis</strong></span> <span class='ocrx_word' id='word_1_222' title='bbox 1392 3206 1743 3277; x_wconf 77' lang='lat' dir='ltr'><strong>singulariter</strong></span> <span class='ocrx_word' id='word_1_223' title='bbox 1776 3211 1829 3265; x_wconf 93' lang='lat' dir='ltr'><strong>in</strong></span> <span class='ocrx_word' id='word_1_224' title='bbox 1861 3226 1955 3282; x_wconf 89' lang='lat' dir='ltr'><strong>spe</strong></span> <span class='ocrx_word' id='word_1_225' title='bbox 1984 3214 2275 3270; x_wconf 84' lang='lat' dir='ltr'><strong>subvectus</strong></span> 
     </span>
    </p>
   </div>
   <div class='ocr_carea' id='block_1_33' title="bbox 692 3289 2273 3364">
    <p class='ocr_par' dir='ltr' id='par_1_33' title="bbox 692 3289 2273 3364">
     <span class='ocr_line' id='line_1_33' title="bbox 692 3289 2273 3364; baseline 0.009 -20"><span class='ocrx_word' id='word_1_226' title='bbox 692 3289 924 3346; x_wconf 82' lang='lat' dir='ltr'><strong>ﬁdenter</strong></span> <span class='ocrx_word' id='word_1_227' title='bbox 942 3292 1019 3346; x_wconf 87' lang='lat' dir='ltr'><strong>&#39;ait</strong></span> <span class='ocrx_word' id='word_1_228' title='bbox 1043 3309 1057 3345; x_wconf 89' lang='lat'><strong>:</strong></span> <span class='ocrx_word' id='word_1_229' title='bbox 1084 3290 1223 3358; x_wconf 90' lang='lat' dir='ltr'><strong>Quia</strong></span> <span class='ocrx_word' id='word_1_230' title='bbox 1245 3295 1292 3349; x_wconf 92' lang='lat' dir='ltr'><strong>si</strong></span> <span class='ocrx_word' id='word_1_231' title='bbox 1321 3295 1533 3364; x_wconf 87' lang='lat' dir='ltr'><strong>abjecit,</strong></span> <span class='ocrx_word' id='word_1_232' title='bbox 1560 3306 1611 3353; x_wconf 84' lang='lat' dir='ltr'><strong>et</strong></span> <span class='ocrx_word' id='word_1_233' title='bbox 1636 3300 1966 3355; x_wconf 75' lang='lat' dir='ltr'><strong>miserebitur</strong></span> <span class='ocrx_word' id='word_1_234' title='bbox 1986 3304 2273 3358; x_wconf 85' lang='lat' dir='ltr'><strong>secundum</strong></span> 
     </span>
    </p>
   </div>
   <div class='ocr_carea' id='block_1_34' title="bbox 691 3383 2275 3466">
    <p class='ocr_par' dir='ltr' id='par_1_34' title="bbox 691 3383 2275 3466">
     <span class='ocr_line' id='line_1_34' title="bbox 691 3383 2275 3466; baseline 0.009 -29"><span class='ocrx_word' id='word_1_235' title='bbox 691 3383 1079 3439; x_wconf 80' lang='lat' dir='ltr'><strong>multitudinem</strong></span> <span class='ocrx_word' id='word_1_236' title='bbox 1105 3387 1587 3444; x_wconf 85' lang='lat' dir='ltr'><strong>misericordiarum</strong></span> <span class='ocrx_word' id='word_1_237' title='bbox 1611 3408 1849 3446; x_wconf 88' lang='lat' dir='ltr'><strong>suarum.</strong></span> <span class='ocrx_word' id='word_1_238' title='bbox 1882 3393 1961 3449; x_wconf 85' lang='lat' dir='ltr'><strong>Ad</strong></span> <span class='ocrx_word' id='word_1_239' title='bbox 1987 3394 2091 3450; x_wconf 86' lang='lat' dir='ltr'><strong>hoc</strong></span> <span class='ocrx_word' id='word_1_240' title='bbox 2119 3395 2275 3466; x_wconf 87' lang='lat' dir='ltr'><strong>quip-</strong></span> 
     </span>
    </p>
   </div>
   <div class='ocr_carea' id='block_1_35' title="bbox 688 3474 2275 3561">
    <p class='ocr_par' dir='ltr' id='par_1_35' title="bbox 688 3474 2275 3561">
     <span class='ocr_line' id='line_1_35' title="bbox 688 3474 2275 3561; baseline 0.01 -33"><span class='ocrx_word' id='word_1_241' title='bbox 688 3491 756 3545; x_wconf 87' lang='lat' dir='ltr'><strong>pe</strong></span> <span class='ocrx_word' id='word_1_242' title='bbox 783 3474 973 3547; x_wconf 81' lang='lat' dir='ltr'><strong>afﬂigit</strong></span> <span class='ocrx_word' id='word_1_243' title='bbox 1005 3477 1264 3533; x_wconf 89' lang='lat' dir='ltr'><strong>Dominus</strong></span> <span class='ocrx_word' id='word_1_244' title='bbox 1289 3488 1344 3535; x_wconf 89' lang='lat' dir='ltr'><strong>et</strong></span> <span class='ocrx_word' id='word_1_245' title='bbox 1381 3482 1628 3561; x_wconf 83' lang='lat' dir='ltr'><strong>corripit,</strong></span> <span class='ocrx_word' id='word_1_246' title='bbox 1661 3492 1722 3538; x_wconf 94' lang='lat' dir='ltr'><strong>ut</strong></span> <span class='ocrx_word' id='word_1_247' title='bbox 1750 3484 2087 3541; x_wconf 89' lang='lat' dir='ltr'><strong>misereatur.</strong></span> <span class='ocrx_word' id='word_1_248' title='bbox 2119 3486 2275 3554; x_wconf 84' lang='lat' dir='ltr'><strong>Quod</strong></span> 
     </span>
    </p>
   </div>
   <div class='ocr_carea' id='block_1_36' title="bbox 688 3568 2274 3645">
    <p class='ocr_par' dir='ltr' id='par_1_36' title="bbox 688 3568 2274 3645">
     <span class='ocr_line' id='line_1_36' title="bbox 688 3568 2274 3645; baseline 0.008 -24"><span class='ocrx_word' id='word_1_249' title='bbox 688 3569 830 3622; x_wconf 89' lang='lat' dir='ltr'><strong>bene</strong></span> <span class='ocrx_word' id='word_1_250' title='bbox 854 3568 1162 3638; x_wconf 85' lang='lat' dir='ltr'><strong>intelligens</strong></span> <span class='ocrx_word' id='word_1_251' title='bbox 1181 3611 1196 3636; x_wconf 94' lang='lat'><strong>,</strong></span> <span class='ocrx_word' id='word_1_252' title='bbox 1217 3572 1302 3625; x_wconf 88' lang='lat' dir='ltr'><strong>vir</strong></span> <span class='ocrx_word' id='word_1_253' title='bbox 1328 3573 1519 3628; x_wconf 89' lang='lat' dir='ltr'><strong>videns</strong></span> <span class='ocrx_word' id='word_1_254' title='bbox 1539 3584 1914 3645; x_wconf 86' lang='lat' dir='ltr'><strong>paupertatem</strong></span> <span class='ocrx_word' id='word_1_255' title='bbox 1937 3592 2110 3643; x_wconf 90' lang='lat' dir='ltr'><strong>suam,</strong></span> <span class='ocrx_word' id='word_1_256' title='bbox 2136 3579 2274 3633; x_wconf 86' lang='lat' dir='ltr'><strong>ﬂdu-</strong></span> 
     </span>
    </p>
   </div>
   <div class='ocr_carea' id='block_1_37' title="bbox 688 3659 2275 3738">
    <p class='ocr_par' dir='ltr' id='par_1_37' title="bbox 688 3659 2275 3738">
     <span class='ocr_line' id='line_1_37' title="bbox 688 3659 2275 3738; baseline 0.008 -26"><span class='ocrx_word' id='word_1_257' title='bbox 688 3659 900 3714; x_wconf 84' lang='lat' dir='ltr'><strong>cialiter</strong></span> <span class='ocrx_word' id='word_1_258' title='bbox 927 3675 1092 3730; x_wconf 88' lang='lat' dir='ltr'><strong>agens</strong></span> <span class='ocrx_word' id='word_1_259' title='bbox 1124 3661 1191 3716; x_wconf 92' lang='lat' dir='ltr'><strong>de</strong></span> <span class='ocrx_word' id='word_1_260' title='bbox 1227 3661 1337 3717; x_wconf 91' lang='lat' dir='ltr'><strong>Deo</strong></span> <span class='ocrx_word' id='word_1_261' title='bbox 1364 3682 1377 3717; x_wconf 89' lang='lat'><strong>:</strong></span> <span class='ocrx_word' id='word_1_262' title='bbox 1414 3663 1537 3720; x_wconf 88' lang='lat' dir='ltr'><strong>Non</strong></span> <span class='ocrx_word' id='word_1_263' title='bbox 1561 3666 1721 3732; x_wconf 88' lang='lat' dir='ltr'><strong>enim,</strong></span> <span class='ocrx_word' id='word_1_264' title='bbox 1752 3667 1948 3738; x_wconf 90' lang='lat' dir='ltr'><strong>inquit,</strong></span> <span class='ocrx_word' id='word_1_265' title='bbox 1977 3668 2275 3725; x_wconf 80' lang='lat' dir='ltr'><strong>humiliavit</strong></span> 
     </span>
    </p>
   </div>
   <div class='ocr_carea' id='block_1_38' title="bbox 688 3751 2273 3833">
    <p class='ocr_par' dir='ltr' id='par_1_38' title="bbox 688 3751 2273 3833">
     <span class='ocr_line' id='line_1_38' title="bbox 688 3751 2273 3833; baseline 0.008 -29"><span class='ocrx_word' id='word_1_266' title='bbox 688 3766 755 3804; x_wconf 75' lang='lat' dir='ltr'><strong>ea:</strong></span> <span class='ocrx_word' id='word_1_267' title='bbox 778 3752 934 3805; x_wconf 87' lang='lat' dir='ltr'><strong>corde</strong></span> <span class='ocrx_word' id='word_1_268' title='bbox 969 3768 1084 3806; x_wconf 89' lang='lat' dir='ltr'><strong>suo.</strong></span> <span class='ocrx_word' id='word_1_269' title='bbox 1124 3751 1268 3808; x_wconf 88' lang='lat' dir='ltr'><strong>Deus</strong></span> <span class='ocrx_word' id='word_1_270' title='bbox 1305 3763 1365 3808; x_wconf 92' lang='lat' dir='ltr'><strong>ut</strong></span> <span class='ocrx_word' id='word_1_271' title='bbox 1390 3756 1618 3811; x_wconf 87' lang='lat' dir='ltr'><strong>satietur</strong></span> <span class='ocrx_word' id='word_1_272' title='bbox 1642 3758 1818 3827; x_wconf 67' lang='lat' dir='ltr'><strong>pinnis</strong></span> <span class='ocrx_word' id='word_1_273' title='bbox 1848 3761 2079 3826; x_wconf 89' lang='lat' dir='ltr'><strong>nostris,</strong></span> <span class='ocrx_word' id='word_1_274' title='bbox 2112 3776 2273 3833; x_wconf 78' lang='lat' dir='ltr'><strong>neque</strong></span> 
     </span>
    </p>
   </div>
   <div class='ocr_carea' id='block_1_39' title="bbox 688 3841 2273 3921">
    <p class='ocr_par' dir='ltr' id='par_1_39' title="bbox 688 3841 2273 3921">
     <span class='ocr_line' id='line_1_39' title="bbox 688 3841 2273 3921; baseline 0.008 -26"><span class='ocrx_word' id='word_1_275' title='bbox 688 3841 878 3912; x_wconf 82' lang='lat' dir='ltr'><strong>abjecit</strong></span> <span class='ocrx_word' id='word_1_276' title='bbox 906 3843 1045 3912; x_wconf 77' lang='lat' dir='ltr'><strong>ﬁlios</strong></span> <span class='ocrx_word' id='word_1_277' title='bbox 1079 3844 1385 3913; x_wconf 76' lang='lat' dir='ltr'><strong>hominum;</strong></span> <span class='ocrx_word' id='word_1_278' title='bbox 1416 3848 1625 3904; x_wconf 89' lang='lat' dir='ltr'><strong>mavult</strong></span> <span class='ocrx_word' id='word_1_279' title='bbox 1654 3863 1782 3921; x_wconf 87' lang='lat' dir='ltr'><strong>ergo</strong></span> <span class='ocrx_word' id='word_1_280' title='bbox 1825 3860 1884 3905; x_wconf 95' lang='lat' dir='ltr'><strong>ut</strong></span> <span class='ocrx_word' id='word_1_281' title='bbox 1925 3851 2273 3908; x_wconf 91' lang='lat' dir='ltr'><strong>humiliemur</strong></span> 
     </span>
    </p>
   </div>
   <div class='ocr_carea' id='block_1_40' title="bbox 688 3942 2266 4010">
    <p class='ocr_par' dir='ltr' id='par_1_40' title="bbox 688 3942 2266 4010">
     <span class='ocr_line' id='line_1_40' title="bbox 688 3942 2266 4010; baseline 0.008 -23"><span class='ocrx_word' id='word_1_282' title='bbox 688 3942 742 3987; x_wconf 84' lang='lat' dir='ltr'><strong>et</strong></span> <span class='ocrx_word' id='word_1_283' title='bbox 787 3948 1079 3988; x_wconf 87' lang='lat' dir='ltr'><strong>eurvemur</strong></span> <span class='ocrx_word' id='word_1_284' title='bbox 1123 3950 1309 3991; x_wconf 89' lang='lat' dir='ltr'><strong>coram</strong></span> <span class='ocrx_word' id='word_1_285' title='bbox 1355 3952 1422 3993; x_wconf 90' lang='lat' dir='ltr'><strong>eo</strong></span> <span class='ocrx_word' id='word_1_286' title='bbox 1449 3978 1464 4004; x_wconf 96' lang='lat'><strong>,</strong></span> <span class='ocrx_word' id='word_1_287' title='bbox 1510 3949 1780 4010; x_wconf 86' lang='lat' dir='ltr'><strong>quatenus</strong></span> <span class='ocrx_word' id='word_1_288' title='bbox 1821 3950 1876 3997; x_wconf 91' lang='lat' dir='ltr'><strong>et</strong></span> <span class='ocrx_word' id='word_1_289' title='bbox 1924 3943 2266 4000; x_wconf 89' lang='lat' dir='ltr'><strong>misereatur.</strong></span> 
     </span>
    </p>
   </div>
   <div class='ocr_carea' id='block_1_41' title="bbox 687 4024 2271 4106">
    <p class='ocr_par' dir='ltr' id='par_1_41' title="bbox 687 4024 2271 4106">
     <span class='ocr_line' id='line_1_41' title="bbox 687 4024 2271 4106; baseline 0.012 -29"><span class='ocrx_word' id='word_1_290' title='bbox 687 4024 980 4095; x_wconf 85' lang='lat' dir='ltr'><strong>Propterea</strong></span> <span class='ocrx_word' id='word_1_291' title='bbox 1028 4028 1084 4083; x_wconf 90' lang='lat' dir='ltr'><strong>in</strong></span> <span class='ocrx_word' id='word_1_292' title='bbox 1129 4031 1498 4099; x_wconf 89' lang='lat' dir='ltr'><strong>superioribus</strong></span> <span class='ocrx_word' id='word_1_293' title='bbox 1534 4032 1674 4089; x_wconf 91' lang='lat' dir='ltr'><strong>idem</strong></span> <span class='ocrx_word' id='word_1_294' title='bbox 1720 4036 1983 4106; x_wconf 88' lang='lat' dir='ltr'><strong>propheta</strong></span> <span class='ocrx_word' id='word_1_295' title='bbox 2031 4038 2134 4094; x_wconf 91' lang='lat' dir='ltr'><strong>sub</strong></span> <span class='ocrx_word' id='word_1_296' title='bbox 2168 4039 2271 4096; x_wconf 87' lang='lat' dir='ltr'><strong>hac</strong></span> 
     </span>
    </p>
   </div>
   <div class='ocr_carea' id='block_1_42' title="bbox 684 4118 2265 4197">
    <p class='ocr_par' dir='ltr' id='par_1_42' title="bbox 684 4118 2265 4197">
     <span class='ocr_line' id='line_1_42' title="bbox 684 4118 2265 4197; baseline 0.01 -26"><span class='ocrx_word' id='word_1_297' title='bbox 684 4118 866 4189; x_wconf 79' lang='lat' dir='ltr'><strong>littera</strong></span> <span class='ocrx_word' id='word_1_298' title='bbox 893 4123 1182 4177; x_wconf 88' lang='lat' dir='ltr'><strong>ostendens</strong></span> <span class='ocrx_word' id='word_1_299' title='bbox 1211 4124 1443 4193; x_wconf 88' lang='lat' dir='ltr'><strong>gemitus</strong></span> <span class='ocrx_word' id='word_1_300' title='bbox 1465 4125 1637 4194; x_wconf 89' lang='lat' dir='ltr'><strong>plebis</strong></span> <span class='ocrx_word' id='word_1_301' title='bbox 1655 4137 1710 4181; x_wconf 92' lang='lat' dir='ltr'><strong>et</strong></span> <span class='ocrx_word' id='word_1_302' title='bbox 1734 4128 2117 4197; x_wconf 86' lang='lat' dir='ltr'><strong>humilitatem,</strong></span> <span class='ocrx_word' id='word_1_303' title='bbox 2148 4132 2226 4186; x_wconf 89' lang='lat' dir='ltr'><strong>ait</strong></span> <span class='ocrx_word' id='word_1_304' title='bbox 2250 4149 2265 4186; x_wconf 87' lang='lat'><strong>:</strong></span> 
     </span>
    </p>
   </div>
   <div class='ocr_carea' id='block_1_43' title="bbox 687 4210 2268 4293">
    <p class='ocr_par' dir='ltr' id='par_1_43' title="bbox 687 4210 2268 4293">
     <span class='ocr_line' id='line_1_43' title="bbox 687 4210 2268 4293; baseline 0.008 -28"><span class='ocrx_word' id='word_1_305' title='bbox 687 4210 872 4266; x_wconf 83' lang='lat' dir='ltr'><strong>Omnis</strong></span> <span class='ocrx_word' id='word_1_306' title='bbox 899 4214 1121 4284; x_wconf 84' lang='lat' dir='ltr'><strong>populus</strong></span> <span class='ocrx_word' id='word_1_307' title='bbox 1153 4215 1268 4285; x_wconf 88' lang='lat' dir='ltr'><strong>ejus</strong></span> <span class='ocrx_word' id='word_1_308' title='bbox 1298 4217 1687 4288; x_wconf 84' lang='lat' dir='ltr'><strong>ingemiscentes</strong></span> <span class='ocrx_word' id='word_1_309' title='bbox 1715 4231 2005 4291; x_wconf 64' lang='lat' dir='ltr'><strong>quaerentes</strong></span> <span class='ocrx_word' id='word_1_310' title='bbox 2039 4240 2226 4293; x_wconf 86' lang='lat' dir='ltr'><strong>panem</strong></span> <span class='ocrx_word' id='word_1_311' title='bbox 2248 4238 2268 4277; x_wconf 91' lang='lat'><strong><em>:</em></strong></span> 
     </span>
    </p>
   </div>
   <div class='ocr_carea' id='block_1_44' title="bbox 685 4304 2267 4382">
    <p class='ocr_par' dir='ltr' id='par_1_44' title="bbox 685 4304 2267 4382">
     <span class='ocr_line' id='line_1_44' title="bbox 685 4304 2267 4382; baseline 0.008 -25"><span class='ocrx_word' id='word_1_312' title='bbox 685 4304 940 4359; x_wconf 84' lang='lat' dir='ltr'><strong>dederunt</strong></span> <span class='ocrx_word' id='word_1_313' title='bbox 963 4305 1335 4362; x_wconf 79' lang='lat' dir='ltr'><strong>desiderabilia</strong></span> <span class='ocrx_word' id='word_1_314' title='bbox 1362 4326 1462 4363; x_wconf 89' lang='lat' dir='ltr'><strong>sua</strong></span> <span class='ocrx_word' id='word_1_315' title='bbox 1488 4309 1543 4363; x_wconf 82' lang='lat' dir='ltr'><strong>in</strong></span> <span class='ocrx_word' id='word_1_316' title='bbox 1569 4327 1765 4379; x_wconf 90' lang='lat' dir='ltr'><strong>escam,</strong></span> <span class='ocrx_word' id='word_1_317' title='bbox 1795 4322 1852 4366; x_wconf 91' lang='lat' dir='ltr'><strong>ut</strong></span> <span class='ocrx_word' id='word_1_318' title='bbox 1881 4313 2120 4382; x_wconf 74' lang='lat' dir='ltr'><strong>reﬁciant</strong></span> <span class='ocrx_word' id='word_1_319' title='bbox 2144 4318 2267 4370; x_wconf 88' lang='lat' dir='ltr'><strong>ani-</strong></span> 
     </span>
    </p>
   </div>
   <div class='ocr_carea' id='block_1_45' title="bbox 682 4397 2266 4476">
    <p class='ocr_par' dir='ltr' id='par_1_45' title="bbox 682 4397 2266 4476">
     <span class='ocr_line' id='line_1_45' title="bbox 682 4397 2266 4476; baseline 0.009 -25"><span class='ocrx_word' id='word_1_320' title='bbox 682 4414 841 4451; x_wconf 88' lang='lat' dir='ltr'><strong>mam.</strong></span> <span class='ocrx_word' id='word_1_321' title='bbox 880 4397 1027 4464; x_wconf 81' lang='lat' dir='ltr'><strong>Vide,</strong></span> <span class='ocrx_word' id='word_1_322' title='bbox 1056 4398 1306 4465; x_wconf 84' lang='lat' dir='ltr'><strong>Domine,</strong></span> <span class='ocrx_word' id='word_1_323' title='bbox 1347 4412 1396 4455; x_wconf 88' lang='lat' dir='ltr'><strong>et</strong></span> <span class='ocrx_word' id='word_1_324' title='bbox 1424 4403 1596 4473; x_wconf 81' lang='lat' dir='ltr'><strong>aspice</strong></span> <span class='ocrx_word' id='word_1_325' title='bbox 1624 4418 1643 4456; x_wconf 91' lang='lat'><strong><em>:</em></strong></span> <span class='ocrx_word' id='word_1_326' title='bbox 1682 4405 1806 4476; x_wconf 86' lang='lat' dir='ltr'><strong>quia</strong></span> <span class='ocrx_word' id='word_1_327' title='bbox 1832 4405 1975 4475; x_wconf 81' lang='lat' dir='ltr'><strong>facta</strong></span> <span class='ocrx_word' id='word_1_328' title='bbox 2000 4424 2116 4461; x_wconf 89' lang='lat' dir='ltr'><strong>sum</strong></span> <span class='ocrx_word' id='word_1_329' title='bbox 2148 4409 2266 4466; x_wconf 82' lang='lat' dir='ltr'><strong>vilis</strong></span> 
     </span>
    </p>
   </div>
   <div class='ocr_carea' id='block_1_46' title="bbox 683 4489 2341 4576">
    <p class='ocr_par' dir='ltr' id='par_1_46' title="bbox 683 4489 2341 4576">
     <span class='ocr_line' id='line_1_46' title="bbox 683 4489 2341 4576; baseline 0.01 -34"><span class='ocrx_word' id='word_1_330' title='bbox 683 4489 904 4561; x_wconf 84' lang='lat' dir='ltr'><strong>(Thren.</strong></span> <span class='ocrx_word' id='word_1_331' title='bbox 936 4490 976 4562; x_wconf 86' lang='grc' dir='ltr'><strong>ι)</strong></span> <span class='ocrx_word' id='word_1_332' title='bbox 997 4492 1081 4547; x_wconf 92' lang='lat' dir='ltr'><strong>vel</strong></span> <span class='ocrx_word' id='word_1_333' title='bbox 1103 4494 1219 4548; x_wconf 88' lang='lat' dir='ltr'><strong>sine</strong></span> <span class='ocrx_word' id='word_1_334' title='bbox 1243 4494 1465 4552; x_wconf 90' lang='lat' dir='ltr'><strong>honore.</strong></span> <span class='ocrx_word' id='word_1_335' title='bbox 1490 4497 1633 4568; x_wconf 83' lang='lat' dir='ltr'><strong>Ergo</strong></span> <span class='ocrx_word' id='word_1_336' title='bbox 1652 4498 1744 4569; x_wconf 91' lang='lat' dir='ltr'><strong>qui</strong></span> <span class='ocrx_word' id='word_1_337' title='bbox 1767 4500 1962 4555; x_wconf 70' lang='lat' dir='ltr'><strong>anima:</strong></span> <span class='ocrx_word' id='word_1_338' title='bbox 1982 4516 2095 4557; x_wconf 71' lang='lat' dir='ltr'><strong>sua:</strong></span> <span class='ocrx_word' id='word_1_339' title='bbox 2118 4517 2264 4572; x_wconf 71' lang='lat' dir='ltr'><strong>quaa-</strong></span> <span class='ocrx_word' id='word_1_340' title='bbox 2288 4516 2341 4576; x_wconf 83' lang='grc' dir='ltr'><strong>Ῑ)</strong></span> 
     </span>
    </p>
   </div>
   <div class='ocr_carea' id='block_1_47' title="bbox 682 4580 2263 4664">
    <p class='ocr_par' dir='ltr' id='par_1_47' title="bbox 682 4580 2263 4664">
     <span class='ocr_line' id='line_1_47' title="bbox 682 4580 2263 4664; baseline 0.011 -30"><span class='ocrx_word' id='word_1_341' title='bbox 682 4581 757 4635; x_wconf 90' lang='lat' dir='ltr'><strong>rit</strong></span> <span class='ocrx_word' id='word_1_342' title='bbox 786 4580 1167 4647; x_wconf 83' lang='lat' dir='ltr'><strong>refectionem,</strong></span> <span class='ocrx_word' id='word_1_343' title='bbox 1208 4584 1332 4653; x_wconf 86' lang='lat' dir='ltr'><strong>jure</strong></span> <span class='ocrx_word' id='word_1_344' title='bbox 1361 4588 1666 4646; x_wconf 85' lang='lat' dir='ltr'><strong>humilitate</strong></span> <span class='ocrx_word' id='word_1_345' title='bbox 1696 4601 1976 4659; x_wconf 87' lang='lat' dir='ltr'><strong>curvatur,</strong></span> <span class='ocrx_word' id='word_1_346' title='bbox 2004 4609 2112 4664; x_wconf 93' lang='lat' dir='ltr'><strong>quo</strong></span> <span class='ocrx_word' id='word_1_347' title='bbox 2134 4609 2263 4664; x_wconf 56' lang='lat' dir='ltr'><strong>pos.</strong></span> 
     </span>
    </p>
   </div>
   <div class='ocr_carea' id='block_1_48' title="bbox 681 4673 2265 4755">
    <p class='ocr_par' dir='ltr' id='par_1_48' title="bbox 681 4673 2265 4755">
     <span class='ocr_line' id='line_1_48' title="bbox 681 4673 2265 4755; baseline 0.011 -28"><span class='ocrx_word' id='word_1_348' title='bbox 681 4673 753 4727; x_wconf 91' lang='lat' dir='ltr'><strong>sit</strong></span> <span class='ocrx_word' id='word_1_349' title='bbox 782 4674 944 4729; x_wconf 91' lang='lat' dir='ltr'><strong>citius</strong></span> <span class='ocrx_word' id='word_1_350' title='bbox 976 4677 1261 4745; x_wconf 90' lang='lat' dir='ltr'><strong>pervenire</strong></span> <span class='ocrx_word' id='word_1_351' title='bbox 1306 4679 1373 4734; x_wconf 89' lang='lat' dir='ltr'><strong>ad</strong></span> <span class='ocrx_word' id='word_1_352' title='bbox 1424 4680 1637 4737; x_wconf 92' lang='lat' dir='ltr'><strong>Domini</strong></span> <span class='ocrx_word' id='word_1_353' title='bbox 1684 4685 2154 4755; x_wconf 90' lang='lat' dir='ltr'><strong>misericordiam,</strong></span> <span class='ocrx_word' id='word_1_354' title='bbox 2199 4704 2265 4745; x_wconf 90' lang='lat' dir='ltr'><strong>ac</strong></span> 
     </span>
    </p>
   </div>
   <div class='ocr_carea' id='block_1_49' title="bbox 681 4757 2260 4845">
    <p class='ocr_par' dir='ltr' id='par_1_49' title="bbox 681 4757 2260 4845">
     <span class='ocr_line' id='line_1_49' title="bbox 681 4757 2260 4845; baseline 0.009 -24"><span class='ocrx_word' id='word_1_355' title='bbox 681 4757 885 4822; x_wconf 82' lang='lat' dir='ltr'><strong>sentire</strong></span> <span class='ocrx_word' id='word_1_356' title='bbox 931 4767 985 4822; x_wconf 89' lang='lat' dir='ltr'><strong>in</strong></span> <span class='ocrx_word' id='word_1_357' title='bbox 1033 4767 1273 4825; x_wconf 86' lang='lat' dir='ltr'><strong>bonitate</strong></span> <span class='ocrx_word' id='word_1_358' title='bbox 1306 4790 1318 4823; x_wconf 90' lang='lat'>:</span> <span class='ocrx_word' id='word_1_359' title='bbox 1348 4771 1487 4838; x_wconf 85' lang='lat' dir='ltr'><strong>Quia</strong></span> <span class='ocrx_word' id='word_1_360' title='bbox 1522 4775 1568 4829; x_wconf 91' lang='lat' dir='ltr'><strong>si</strong></span> <span class='ocrx_word' id='word_1_361' title='bbox 1608 4775 1797 4845; x_wconf 86' lang='lat' dir='ltr'><strong>abjecit</strong></span> <span class='ocrx_word' id='word_1_362' title='bbox 1837 4788 1886 4832; x_wconf 88' lang='lat' dir='ltr'><strong>et</strong></span> <span class='ocrx_word' id='word_1_363' title='bbox 1913 4780 2260 4835; x_wconf 86' lang='lat' dir='ltr'><strong>miserebitur.</strong></span> 
     </span>
    </p>
   </div>
   <div class='ocr_carea' id='block_1_50' title="bbox 1518 295 3163 379">
    <p class='ocr_par' dir='ltr' id='par_1_50' title="bbox 1518 295 3163 379">
     <span class='ocr_line' id='line_1_50' title="bbox 1518 295 3163 379; baseline 0.007 -27"><span class='ocrx_word' id='word_1_364' title='bbox 1518 295 1573 352; x_wconf 87' lang='lat' dir='ltr'><strong>S.</strong></span> <span class='ocrx_word' id='word_1_365' title='bbox 1614 295 1969 355; x_wconf 81' lang='lat' dir='ltr'><strong>PASCHASII</strong></span> <span class='ocrx_word' id='word_1_366' title='bbox 2005 298 2350 356; x_wconf 79' lang='lat' dir='ltr'><strong>RADBERTI</strong></span> <span class='ocrx_word' id='word_1_367' title='bbox 2389 299 2679 379; x_wconf 72' lang='lat' dir='ltr'><strong>ABBATIS</strong></span> <span class='ocrx_word' id='word_1_368' title='bbox 2718 300 3163 363; x_wconf 80' lang='lat' dir='ltr'><strong>CORBEIENSIS</strong></span> 
     </span>
    </p>
   </div>
   <div class='ocr_carea' id='block_1_51' title="bbox 3736 336 3833 393">
    <p class='ocr_par' dir='ltr' id='par_1_51' title="bbox 3736 336 3833 393">
     <span class='ocr_line' id='line_1_51' title="bbox 3736 336 3833 393; baseline 0.01 -1"><span class='ocrx_word' id='word_1_369' title='bbox 3736 336 3833 393; x_wconf 79' lang='lat' dir='ltr'><strong>nn</strong></span> 
     </span>
    </p>
   </div>
   <div class='ocr_carea' id='block_1_52' title="bbox 2327 418 3835 505">
    <p class='ocr_par' dir='ltr' id='par_1_52' title="bbox 2327 418 3835 505">
     <span class='ocr_line' id='line_1_52' title="bbox 2327 418 3835 505; baseline 0.034 -52"><span class='ocrx_word' id='word_1_370' title='bbox 2327 420 2375 479; x_wconf 70' lang='grc' dir='ltr'>Α</span> <span class='ocrx_word' id='word_1_371' title='bbox 2405 418 2497 481; x_wconf 73' lang='lat' dir='ltr'><strong>mi,</strong></span> <span class='ocrx_word' id='word_1_372' title='bbox 2532 428 2587 471; x_wconf 81' lang='lat' dir='ltr'><strong>ut</strong></span> <span class='ocrx_word' id='word_1_373' title='bbox 2617 428 2923 489; x_wconf 83' lang='lat' dir='ltr'><strong>perverteret</strong></span> <span class='ocrx_word' id='word_1_374' title='bbox 2951 420 3202 475; x_wconf 80' lang='lat' dir='ltr'><strong>hominem</strong></span> <span class='ocrx_word' id='word_1_375' title='bbox 3242 425 3292 479; x_wconf 91' lang='lat' dir='ltr'><strong>in</strong></span> <span class='ocrx_word' id='word_1_376' title='bbox 3320 426 3499 495; x_wconf 85' lang='lat' dir='ltr'><strong>judicio</strong></span> <span class='ocrx_word' id='word_1_377' title='bbox 3527 451 3631 503; x_wconf 85' lang='lat' dir='ltr'><strong>suo,</strong></span> <span class='ocrx_word' id='word_1_378' title='bbox 3652 440 3835 505; x_wconf 75' lang='lat' dir='ltr'><strong>bonum</strong></span> 
     </span>
    </p>
   </div>
   <div class='ocr_carea' id='block_1_53' title="bbox 2402 508 3833 609">
    <p class='ocr_par' dir='ltr' id='par_1_53' title="bbox 2402 508 3833 609">
     <span class='ocr_line' id='line_1_53' title="bbox 2402 508 3833 609; baseline 0.02 -49"><span class='ocrx_word' id='word_1_379' title='bbox 2402 508 2674 578; x_wconf 78' lang='lat' dir='ltr'><strong>ignorarit.</strong></span> <span class='ocrx_word' id='word_1_380' title='bbox 2702 509 2769 564; x_wconf 89' lang='lat' dir='ltr'><strong>Et</strong></span> <span class='ocrx_word' id='word_1_381' title='bbox 2799 518 2884 564; x_wconf 86' lang='lat' dir='ltr'><strong>est</strong></span> <span class='ocrx_word' id='word_1_382' title='bbox 2914 522 3172 609; x_wconf 76' lang='lat' dir='ltr'><strong>quantum</strong></span> <span class='ocrx_word' id='word_1_383' title='bbox 3200 516 3261 569; x_wconf 91' lang='lat' dir='ltr'><strong>ad</strong></span> <span class='ocrx_word' id='word_1_384' title='bbox 3300 529 3510 576; x_wconf 89' lang='lat' dir='ltr'><strong>nostram</strong></span> <span class='ocrx_word' id='word_1_385' title='bbox 3532 539 3748 597; x_wconf 80' lang='lat' dir='ltr'><strong>exspectet</strong></span> <span class='ocrx_word' id='word_1_386' title='bbox 3767 536 3833 609; x_wconf 76' lang='grc' dir='ltr'><strong>[αι.</strong></span> 
     </span>
    </p>
   </div>
   <div class='ocr_carea' id='block_1_54' title="bbox 2400 597 3837 684">
    <p class='ocr_par' dir='ltr' id='par_1_54' title="bbox 2400 597 3837 684">
     <span class='ocr_line' id='line_1_54' title="bbox 2400 597 3837 684; baseline 0.02 -33"><span class='ocrx_word' id='word_1_387' title='bbox 2400 597 2661 671; x_wconf 81' lang='lat' dir='ltr'><strong>lenitatis]</strong></span> <span class='ocrx_word' id='word_1_388' title='bbox 2698 599 3106 658; x_wconf 88' lang='lat' dir='ltr'><strong>lamentationis</strong></span> <span class='ocrx_word' id='word_1_389' title='bbox 3131 603 3465 675; x_wconf 88' lang='lat' dir='ltr'><strong>eloquentiam</strong></span> <span class='ocrx_word' id='word_1_390' title='bbox 3490 654 3502 677; x_wconf 89' lang='lat'><strong>,</strong></span> <span class='ocrx_word' id='word_1_391' title='bbox 3528 616 3639 671; x_wconf 88' lang='lat' dir='ltr'><strong>mira</strong></span> <span class='ocrx_word' id='word_1_392' title='bbox 3659 597 3837 684; x_wconf 58' lang='lat' dir='ltr'><strong>versuum</strong></span> 
     </span>
    </p>
   </div>
   <div class='ocr_carea' id='block_1_55' title="bbox 2400 692 3839 787">
    <p class='ocr_par' dir='ltr' id='par_1_55' title="bbox 2400 692 3839 787">
     <span class='ocr_line' id='line_1_55' title="bbox 2400 692 3839 787; baseline 0.019 -40"><span class='ocrx_word' id='word_1_393' title='bbox 2400 692 2723 761; x_wconf 91' lang='lat' dir='ltr'><strong>compositio</strong></span> <span class='ocrx_word' id='word_1_394' title='bbox 2746 734 2761 760; x_wconf 91' lang='lat'><strong>,</strong></span> <span class='ocrx_word' id='word_1_395' title='bbox 2811 710 2964 751; x_wconf 91' lang='lat' dir='ltr'><strong>more</strong></span> <span class='ocrx_word' id='word_1_396' title='bbox 3011 698 3167 752; x_wconf 89' lang='lat' dir='ltr'><strong>metri</strong></span> <span class='ocrx_word' id='word_1_397' title='bbox 3193 739 3207 764; x_wconf 95' lang='lat'><strong>,</strong></span> <span class='ocrx_word' id='word_1_398' title='bbox 3236 708 3291 754; x_wconf 90' lang='lat' dir='ltr'><strong>ut</strong></span> <span class='ocrx_word' id='word_1_399' title='bbox 3318 710 3419 758; x_wconf 86' lang='lat' dir='ltr'><strong>tres</strong></span> <span class='ocrx_word' id='word_1_400' title='bbox 3446 707 3506 761; x_wconf 90' lang='lat' dir='ltr'><strong>ab</strong></span> <span class='ocrx_word' id='word_1_401' title='bbox 3531 724 3617 765; x_wconf 91' lang='lat' dir='ltr'><strong>una</strong></span> <span class='ocrx_word' id='word_1_402' title='bbox 3654 713 3839 787; x_wconf 82' lang='lat' dir='ltr'><strong>incipiant</strong></span> 
     </span>
    </p>
   </div>
   <div class='ocr_carea' id='block_1_56' title="bbox 2398 793 3839 877">
    <p class='ocr_par' dir='ltr' id='par_1_56' title="bbox 2398 793 3839 877">
     <span class='ocr_line' id='line_1_56' title="bbox 2398 793 3839 877; baseline 0.019 -39"><span class='ocrx_word' id='word_1_403' title='bbox 2398 798 2590 840; x_wconf 88' lang='lat' dir='ltr'><strong>versus</strong></span> <span class='ocrx_word' id='word_1_404' title='bbox 2633 793 2786 855; x_wconf 87' lang='lat' dir='ltr'><strong>parte</strong></span> <span class='ocrx_word' id='word_1_405' title='bbox 2811 827 2826 852; x_wconf 94' lang='lat'><strong>,</strong></span> <span class='ocrx_word' id='word_1_406' title='bbox 2875 804 3091 860; x_wconf 90' lang='lat' dir='ltr'><strong>unaque</strong></span> <span class='ocrx_word' id='word_1_407' title='bbox 3125 793 3457 850; x_wconf 87' lang='lat' dir='ltr'><strong>terminentur</strong></span> <span class='ocrx_word' id='word_1_408' title='bbox 3494 799 3689 858; x_wconf 87' lang='lat' dir='ltr'><strong>clausula</strong></span> <span class='ocrx_word' id='word_1_409' title='bbox 3709 810 3839 877; x_wconf 83' lang='lat' dir='ltr'><strong>verbi,</strong></span> 
     </span>
    </p>
   </div>
   <div class='ocr_carea' id='block_1_57' title="bbox 2396 874 3840 964">
    <p class='ocr_par' dir='ltr' id='par_1_57' title="bbox 2396 874 3840 964">
     <span class='ocr_line' id='line_1_57' title="bbox 2396 874 3840 964; baseline 0.019 -37"><span class='ocrx_word' id='word_1_410' title='bbox 2396 875 2549 946; x_wconf 89' lang='lat' dir='ltr'><strong>quasi</strong></span> <span class='ocrx_word' id='word_1_411' title='bbox 2596 874 2887 944; x_wconf 90' lang='lat' dir='ltr'><strong>Dominus;</strong></span> <span class='ocrx_word' id='word_1_412' title='bbox 2917 888 2977 932; x_wconf 93' lang='lat' dir='ltr'><strong>ut</strong></span> <span class='ocrx_word' id='word_1_413' title='bbox 3019 888 3323 938; x_wconf 88' lang='lat' dir='ltr'><strong>contereret</strong></span> <span class='ocrx_word' id='word_1_414' title='bbox 3360 886 3450 941; x_wconf 87' lang='lat' dir='ltr'><strong>sub</strong></span> <span class='ocrx_word' id='word_1_415' title='bbox 3478 888 3656 964; x_wconf 69' lang='lat' dir='ltr'><strong>1m</strong></span> <span class='ocrx_word' id='word_1_416' title='bbox 3687 874 3840 963; x_wconf 79' lang='lat' dir='ltr'><strong>pedibus</strong></span> 
     </span>
    </p>
   </div>
   <div class='ocr_carea' id='block_1_58' title="bbox 2397 967 3843 1044">
    <p class='ocr_par' dir='ltr' id='par_1_58' title="bbox 2397 967 3843 1044">
     <span class='ocr_line' id='line_1_58' title="bbox 2397 967 3843 1044; baseline 0.016 -24"><span class='ocrx_word' id='word_1_417' title='bbox 2397 967 2511 1021; x_wconf 90' lang='lat' dir='ltr'><strong>suis</strong></span> <span class='ocrx_word' id='word_1_418' title='bbox 2553 982 2742 1022; x_wconf 92' lang='lat' dir='ltr'><strong>omnes</strong></span> <span class='ocrx_word' id='word_1_419' title='bbox 2786 970 2997 1025; x_wconf 89' lang='lat' dir='ltr'><strong>vinctos</strong></span> <span class='ocrx_word' id='word_1_420' title='bbox 3028 968 3185 1027; x_wconf 62' lang='lat' dir='ltr'><strong>terra:</strong></span> <span class='ocrx_word' id='word_1_421' title='bbox 3229 973 3513 1044; x_wconf 86' lang='lat' dir='ltr'><strong>ignoravit:</strong></span> <span class='ocrx_word' id='word_1_422' title='bbox 3553 990 3603 1034; x_wconf 91' lang='lat' dir='ltr'><strong>ut</strong></span> <span class='ocrx_word' id='word_1_423' title='bbox 3635 983 3843 1044; x_wconf 84' lang='lat' dir='ltr'><strong>declinaret</strong></span> 
     </span>
    </p>
   </div>
   <div class='ocr_carea' id='block_1_59' title="bbox 2390 1052 3843 1141">
    <p class='ocr_par' dir='ltr' id='par_1_59' title="bbox 2390 1052 3843 1141">
     <span class='ocr_line' id='line_1_59' title="bbox 2390 1052 3843 1141; baseline 0.019 -34"><span class='ocrx_word' id='word_1_424' title='bbox 2390 1052 2653 1124; x_wconf 89' lang='lat' dir='ltr'><strong>judicium</strong></span> <span class='ocrx_word' id='word_1_425' title='bbox 2714 1057 2815 1112; x_wconf 88' lang='lat' dir='ltr'><strong>viri</strong></span> <span class='ocrx_word' id='word_1_426' title='bbox 2878 1058 3137 1116; x_wconf 89' lang='lat' dir='ltr'><strong>Dominus</strong></span> <span class='ocrx_word' id='word_1_427' title='bbox 3195 1063 3472 1134; x_wconf 86' lang='lat' dir='ltr'><strong>ignoravit;</strong></span> <span class='ocrx_word' id='word_1_428' title='bbox 3529 1079 3575 1124; x_wconf 88' lang='lat' dir='ltr'><strong>et</strong></span> <span class='ocrx_word' id='word_1_429' title='bbox 3626 1086 3843 1141; x_wconf 84' lang='lat' dir='ltr'><strong>percuteret</strong></span> 
     </span>
    </p>
   </div>
   <div class='ocr_carea' id='block_1_60' title="bbox 2396 1143 3845 1234">
    <p class='ocr_par' dir='ltr' id='par_1_60' title="bbox 2396 1143 3845 1234">
     <span class='ocr_line' id='line_1_60' title="bbox 2396 1143 3845 1234; baseline 0.019 -36"><span class='ocrx_word' id='word_1_430' title='bbox 2396 1143 2669 1200; x_wconf 90' lang='lat' dir='ltr'><strong>hominem</strong></span> <span class='ocrx_word' id='word_1_431' title='bbox 2720 1147 2773 1202; x_wconf 92' lang='lat' dir='ltr'><strong>in</strong></span> <span class='ocrx_word' id='word_1_432' title='bbox 2822 1149 3031 1220; x_wconf 91' lang='lat' dir='ltr'><strong>judicio</strong></span> <span class='ocrx_word' id='word_1_433' title='bbox 3079 1167 3176 1207; x_wconf 90' lang='lat' dir='ltr'><strong>suo</strong></span> <span class='ocrx_word' id='word_1_434' title='bbox 3224 1154 3491 1225; x_wconf 89' lang='lat' dir='ltr'><strong>ignoravit.</strong></span> <span class='ocrx_word' id='word_1_435' title='bbox 3527 1158 3641 1227; x_wconf 88' lang='lat' dir='ltr'><strong>Quia</strong></span> <span class='ocrx_word' id='word_1_436' title='bbox 3678 1167 3845 1234; x_wconf 82' lang='lat' dir='ltr'><strong>proiecto</strong></span> 
     </span>
    </p>
   </div>
   <div class='ocr_carea' id='block_1_61' title="bbox 2396 1235 3844 1329">
    <p class='ocr_par' dir='ltr' id='par_1_61' title="bbox 2396 1235 3844 1329">
     <span class='ocr_line' id='line_1_61' title="bbox 2396 1235 3844 1329; baseline 0.018 -40"><span class='ocrx_word' id='word_1_437' title='bbox 2396 1235 2538 1291; x_wconf 91' lang='lat' dir='ltr'><strong>Deus</strong></span> <span class='ocrx_word' id='word_1_438' title='bbox 2567 1240 2774 1294; x_wconf 84' lang='lat' dir='ltr'><strong>mavult</strong></span> <span class='ocrx_word' id='word_1_439' title='bbox 2817 1241 3031 1297; x_wconf 89' lang='lat' dir='ltr'><strong>salvare</strong></span> <span class='ocrx_word' id='word_1_440' title='bbox 3059 1256 3328 1302; x_wconf 91' lang='lat' dir='ltr'><strong>correctos</strong></span> <span class='ocrx_word' id='word_1_441' title='bbox 3370 1265 3517 1318; x_wconf 89' lang='lat' dir='ltr'><strong>quam</strong></span> <span class='ocrx_word' id='word_1_442' title='bbox 3540 1253 3745 1312; x_wconf 89' lang='lat' dir='ltr'><strong>damnare</strong></span> <span class='ocrx_word' id='word_1_443' title='bbox 3766 1276 3844 1329; x_wconf 89' lang='lat' dir='ltr'><strong>pro-</strong></span> 
     </span>
    </p>
   </div>
   <div class='ocr_carea' id='block_1_62' title="bbox 2396 1331 3846 1418">
    <p class='ocr_par' dir='ltr' id='par_1_62' title="bbox 2396 1331 3846 1418">
     <span class='ocr_line' id='line_1_62' title="bbox 2396 1331 3846 1418; baseline 0.017 -36"><span class='ocrx_word' id='word_1_444' title='bbox 2396 1336 2596 1387; x_wconf 85' lang='lat' dir='ltr'><strong>tervos.</strong></span> <span class='ocrx_word' id='word_1_445' title='bbox 2627 1331 2695 1386; x_wconf 90' lang='lat' dir='ltr'><strong>Et</strong></span> <span class='ocrx_word' id='word_1_446' title='bbox 2732 1333 2849 1389; x_wconf 59' lang='lat' dir='ltr'><strong>hare</strong></span> <span class='ocrx_word' id='word_1_447' title='bbox 2888 1344 2975 1390; x_wconf 90' lang='lat' dir='ltr'><strong>est</strong></span> <span class='ocrx_word' id='word_1_448' title='bbox 3003 1339 3103 1393; x_wconf 92' lang='lat' dir='ltr'><strong>sub</strong></span> <span class='ocrx_word' id='word_1_449' title='bbox 3133 1337 3365 1396; x_wconf 87' lang='lat' dir='ltr'><strong>Lamech</strong></span> <span class='ocrx_word' id='word_1_450' title='bbox 3394 1341 3555 1399; x_wconf 85' lang='lat' dir='ltr'><strong>littera</strong></span> <span class='ocrx_word' id='word_1_451' title='bbox 3593 1362 3742 1418; x_wconf 84' lang='lat' dir='ltr'><strong>magna</strong></span> <span class='ocrx_word' id='word_1_452' title='bbox 3770 1368 3846 1408; x_wconf 74' lang='lat' dir='ltr'><strong>rer-</strong></span> 
     </span>
    </p>
   </div>
   <div class='ocr_carea' id='block_1_63' title="bbox 2395 1422 3844 1510">
    <p class='ocr_par' dir='ltr' id='par_1_63' title="bbox 2395 1422 3844 1510">
     <span class='ocr_line' id='line_1_63' title="bbox 2395 1422 3844 1510; baseline 0.017 -38"><span class='ocrx_word' id='word_1_453' title='bbox 2395 1434 2552 1474; x_wconf 90' lang='lat' dir='ltr'><strong>suum</strong></span> <span class='ocrx_word' id='word_1_454' title='bbox 2580 1422 2860 1492; x_wconf 89' lang='lat' dir='ltr'><strong>disciplina</strong></span> <span class='ocrx_word' id='word_1_455' title='bbox 2899 1425 2981 1480; x_wconf 91' lang='lat' dir='ltr'><strong>vel</strong></span> <span class='ocrx_word' id='word_1_456' title='bbox 3010 1429 3190 1483; x_wconf 89' lang='lat' dir='ltr'><strong>cordis</strong></span> <span class='ocrx_word' id='word_1_457' title='bbox 3216 1430 3472 1488; x_wconf 80' lang='lat' dir='ltr'><strong>confessio</strong></span> <span class='ocrx_word' id='word_1_458' title='bbox 3501 1436 3657 1505; x_wconf 87' lang='lat' dir='ltr'><strong>:quia,</strong></span> <span class='ocrx_word' id='word_1_459' title='bbox 3678 1449 3723 1493; x_wconf 90' lang='lat' dir='ltr'><strong>ut</strong></span> <span class='ocrx_word' id='word_1_460' title='bbox 3738 1456 3844 1510; x_wconf 83' lang='lat' dir='ltr'><strong>supra</strong></span> 
     </span>
    </p>
   </div>
   <div class='ocr_carea' id='block_1_64' title="bbox 2386 1506 3845 1593">
    <p class='ocr_par' dir='ltr' id='par_1_64' title="bbox 2386 1506 3845 1593">
     <span class='ocr_line' id='line_1_64' title="bbox 2386 1506 3845 1593; baseline 0.014 -31"><span class='ocrx_word' id='word_1_461' title='bbox 2386 1506 2500 1578; x_wconf 82' lang='lat' dir='ltr'><strong>jam</strong></span> <span class='ocrx_word' id='word_1_462' title='bbox 2529 1510 2660 1575; x_wconf 76' lang='lat' dir='ltr'><strong>dixi,</strong></span> <span class='ocrx_word' id='word_1_463' title='bbox 2695 1510 2927 1569; x_wconf 89' lang='lat' dir='ltr'><strong>Lamech</strong></span> <span class='ocrx_word' id='word_1_464' title='bbox 2953 1516 3233 1588; x_wconf 80' lang='lat' dir='ltr'><strong>disciplina</strong></span> <span class='ocrx_word' id='word_1_465' title='bbox 3260 1520 3633 1593; x_wconf 78' lang='lat' dir='ltr'><strong>interpretatur,</strong></span> <span class='ocrx_word' id='word_1_466' title='bbox 3652 1528 3717 1582; x_wconf 88' lang='lat' dir='ltr'><strong>vel</strong></span> <span class='ocrx_word' id='word_1_467' title='bbox 3733 1506 3845 1585; x_wconf 63' lang='lat' dir='ltr'><strong>ccidit</strong></span> 
     </span>
    </p>
   </div>
   <div class='ocr_carea' id='block_1_65' title="bbox 2393 1606 3845 1692">
    <p class='ocr_par' dir='ltr' id='par_1_65' title="bbox 2393 1606 3845 1692">
     <span class='ocr_line' id='line_1_65' title="bbox 2393 1606 3845 1692; baseline 0.014 -38"><span class='ocrx_word' id='word_1_468' title='bbox 2393 1610 2486 1656; x_wconf 88' lang='lat' dir='ltr'><strong>aut</strong></span> <span class='ocrx_word' id='word_1_469' title='bbox 2533 1612 2681 1658; x_wconf 89' lang='lat' dir='ltr'><strong>certe</strong></span> <span class='ocrx_word' id='word_1_470' title='bbox 2717 1621 2882 1659; x_wconf 83' lang='lat' dir='ltr'><strong>servo.</strong></span> <span class='ocrx_word' id='word_1_471' title='bbox 2944 1606 3150 1675; x_wconf 89' lang='lat' dir='ltr'><strong>Quibus</strong></span> <span class='ocrx_word' id='word_1_472' title='bbox 3193 1612 3438 1668; x_wconf 87' lang='lat' dir='ltr'><strong>nimirum</strong></span> <span class='ocrx_word' id='word_1_473' title='bbox 3474 1617 3682 1674; x_wconf 89' lang='lat' dir='ltr'><strong>sensibus</strong></span> <span class='ocrx_word' id='word_1_474' title='bbox 3720 1636 3845 1692; x_wconf 75' lang='lat' dir='ltr'><strong>magna</strong></span> 
     </span>
    </p>
   </div>
   <div class='ocr_carea' id='block_1_66' title="bbox 2394 1693 3847 1778">
    <p class='ocr_par' dir='ltr' id='par_1_66' title="bbox 2394 1693 3847 1778">
     <span class='ocr_line' id='line_1_66' title="bbox 2394 1693 3847 1778; baseline 0.014 -32"><span class='ocrx_word' id='word_1_475' title='bbox 2394 1693 2740 1750; x_wconf 87' lang='lat' dir='ltr'><strong>decoloratur</strong></span> <span class='ocrx_word' id='word_1_476' title='bbox 2764 1697 3092 1768; x_wconf 89' lang='lat' dir='ltr'><strong>obscuritas,</strong></span> <span class='ocrx_word' id='word_1_477' title='bbox 3121 1711 3181 1768; x_wconf 82' lang='lat' dir='ltr'><strong>ut</strong></span> <span class='ocrx_word' id='word_1_478' title='bbox 3205 1703 3547 1778; x_wconf 85' lang='lat' dir='ltr'><strong>intelligamus</strong></span> <span class='ocrx_word' id='word_1_479' title='bbox 3573 1711 3654 1764; x_wconf 91' lang='lat' dir='ltr'><strong>sub</strong></span> <span class='ocrx_word' id='word_1_480' title='bbox 3674 1714 3779 1766; x_wconf 87' lang='lat' dir='ltr'><strong>omni</strong></span> <span class='ocrx_word' id='word_1_481' title='bbox 3796 1714 3847 1767; x_wconf 87' lang='lat' dir='ltr'><strong>in-</strong></span> 
     </span>
    </p>
   </div>
   <div class='ocr_carea' id='block_1_67' title="bbox 2322 1786 3847 1873">
    <p class='ocr_par' dir='ltr' id='par_1_67' title="bbox 2322 1786 3847 1873">
     <span class='ocr_line' id='line_1_67' title="bbox 2322 1786 3847 1873; baseline 0.014 -35"><span class='ocrx_word' id='word_1_482' title='bbox 2322 1786 2369 1848; x_wconf 90' lang='lat' dir='ltr'><strong>B</strong></span> <span class='ocrx_word' id='word_1_483' title='bbox 2399 1786 2652 1855; x_wconf 87' lang='lat' dir='ltr'><strong>tegritate</strong></span> <span class='ocrx_word' id='word_1_484' title='bbox 2692 1797 2747 1844; x_wconf 92' lang='lat' dir='ltr'><strong>ct</strong></span> <span class='ocrx_word' id='word_1_485' title='bbox 2792 1790 3076 1862; x_wconf 86' lang='lat' dir='ltr'><strong>disciplina</strong></span> <span class='ocrx_word' id='word_1_486' title='bbox 3119 1794 3358 1863; x_wconf 86' lang='lat' dir='ltr'><strong>Christi,</strong></span> <span class='ocrx_word' id='word_1_487' title='bbox 3389 1816 3502 1855; x_wconf 91' lang='lat' dir='ltr'><strong>cum</strong></span> <span class='ocrx_word' id='word_1_488' title='bbox 3538 1803 3660 1857; x_wconf 91' lang='lat' dir='ltr'><strong>omni</strong></span> <span class='ocrx_word' id='word_1_489' title='bbox 3691 1806 3847 1873; x_wconf 81' lang='lat' dir='ltr'><strong>puritate</strong></span> 
     </span>
    </p>
   </div>
   <div class='ocr_carea' id='block_1_68' title="bbox 2396 1879 3849 1963">
    <p class='ocr_par' dir='ltr' id='par_1_68' title="bbox 2396 1879 3849 1963">
     <span class='ocr_line' id='line_1_68' title="bbox 2396 1879 3849 1963; baseline 0.013 -32"><span class='ocrx_word' id='word_1_490' title='bbox 2396 1879 2577 1934; x_wconf 91' lang='lat' dir='ltr'><strong>cordis</strong></span> <span class='ocrx_word' id='word_1_491' title='bbox 2599 1879 2827 1937; x_wconf 88' lang='lat' dir='ltr'><strong>sollicite</strong></span> <span class='ocrx_word' id='word_1_492' title='bbox 2850 1886 3113 1940; x_wconf 83' lang='lat' dir='ltr'><strong>servanda</strong></span> <span class='ocrx_word' id='word_1_493' title='bbox 3134 1902 3256 1943; x_wconf 89' lang='lat' dir='ltr'><strong>esse</strong></span> <span class='ocrx_word' id='word_1_494' title='bbox 3276 1905 3390 1959; x_wconf 81' lang='lat' dir='ltr'><strong>quae</strong></span> <span class='ocrx_word' id='word_1_495' title='bbox 3411 1891 3635 1947; x_wconf 90' lang='lat' dir='ltr'><strong>dicuntur</strong></span> <span class='ocrx_word' id='word_1_496' title='bbox 3652 1908 3663 1946; x_wconf 92' lang='lat'><strong>:</strong></span> <span class='ocrx_word' id='word_1_497' title='bbox 3679 1895 3849 1963; x_wconf 84' lang='lat' dir='ltr'><strong>quoniam</strong></span> 
     </span>
    </p>
   </div>
   <div class='ocr_carea' id='block_1_69' title="bbox 2395 1968 3848 2053">
    <p class='ocr_par' dir='ltr' id='par_1_69' title="bbox 2395 1968 3848 2053">
     <span class='ocr_line' id='line_1_69' title="bbox 2395 1968 3848 2053; baseline 0.012 -31"><span class='ocrx_word' id='word_1_498' title='bbox 2395 1968 2486 2039; x_wconf 85' lang='lat' dir='ltr'><strong>qui</strong></span> <span class='ocrx_word' id='word_1_499' title='bbox 2516 1970 2678 2026; x_wconf 89' lang='lat' dir='ltr'><strong>habet</strong></span> <span class='ocrx_word' id='word_1_500' title='bbox 2709 1972 3046 2044; x_wconf 87' lang='lat' dir='ltr'><strong>disciplinam</strong></span> <span class='ocrx_word' id='word_1_501' title='bbox 3077 1975 3282 2033; x_wconf 78' lang='lat' dir='ltr'><strong>Christi</strong></span> <span class='ocrx_word' id='word_1_502' title='bbox 3308 2020 3323 2045; x_wconf 89' lang='lat'><strong>,</strong></span> <span class='ocrx_word' id='word_1_503' title='bbox 3355 1997 3555 2037; x_wconf 88' lang='lat' dir='ltr'><strong>servare</strong></span> <span class='ocrx_word' id='word_1_504' title='bbox 3581 1999 3630 2038; x_wconf 85' lang='lat' dir='ltr'><strong>se</strong></span> <span class='ocrx_word' id='word_1_505' title='bbox 3659 1984 3848 2053; x_wconf 80' lang='lat' dir='ltr'><strong>proﬁtetur</strong></span> 
     </span>
    </p>
   </div>
   <div class='ocr_carea' id='block_1_70' title="bbox 2390 2064 3848 2147">
    <p class='ocr_par' dir='ltr' id='par_1_70' title="bbox 2390 2064 3848 2147">
     <span class='ocr_line' id='line_1_70' title="bbox 2390 2064 3848 2147; baseline 0.01 -32"><span class='ocrx_word' id='word_1_506' title='bbox 2390 2072 2659 2131; x_wconf 78' lang='lat' dir='ltr'><strong>praecepta</strong></span> <span class='ocrx_word' id='word_1_507' title='bbox 2709 2064 2897 2121; x_wconf 89' lang='lat' dir='ltr'><strong>salutis</strong></span> <span class='ocrx_word' id='word_1_508' title='bbox 2923 2108 2938 2132; x_wconf 95' lang='lat'><strong>,</strong></span> <span class='ocrx_word' id='word_1_509' title='bbox 2970 2076 3025 2122; x_wconf 87' lang='lat' dir='ltr'><strong>et</strong></span> <span class='ocrx_word' id='word_1_510' title='bbox 3060 2071 3244 2125; x_wconf 92' lang='lat' dir='ltr'><strong>cordis</strong></span> <span class='ocrx_word' id='word_1_511' title='bbox 3271 2072 3563 2143; x_wconf 89' lang='lat' dir='ltr'><strong>puritatem.</strong></span> <span class='ocrx_word' id='word_1_512' title='bbox 3591 2075 3733 2147; x_wconf 81' lang='lat' dir='ltr'><strong>Neque</strong></span> <span class='ocrx_word' id='word_1_513' title='bbox 3755 2076 3848 2131; x_wconf 83' lang='lat' dir='ltr'><strong>enim</strong></span> 
     </span>
    </p>
   </div>
   <div class='ocr_carea' id='block_1_71' title="bbox 2392 2152 3848 2236">
    <p class='ocr_par' dir='ltr' id='par_1_71' title="bbox 2392 2152 3848 2236">
     <span class='ocr_line' id='line_1_71' title="bbox 2392 2152 3848 2236; baseline 0.012 -31"><span class='ocrx_word' id='word_1_514' title='bbox 2392 2152 2471 2206; x_wconf 90' lang='lat' dir='ltr'><strong>sic</strong></span> <span class='ocrx_word' id='word_1_515' title='bbox 2513 2153 2711 2223; x_wconf 70' lang='lat' dir='ltr'><strong>alsjecit</strong></span> <span class='ocrx_word' id='word_1_516' title='bbox 2735 2173 2924 2214; x_wconf 85' lang='lat' dir='ltr'><strong>omnes</strong></span> <span class='ocrx_word' id='word_1_517' title='bbox 2948 2161 3163 2217; x_wconf 91' lang='lat' dir='ltr'><strong>vinctos</strong></span> <span class='ocrx_word' id='word_1_518' title='bbox 3206 2172 3363 2220; x_wconf 62' lang='lat' dir='ltr'><strong>terra:</strong></span> <span class='ocrx_word' id='word_1_519' title='bbox 3391 2166 3483 2221; x_wconf 89' lang='lat' dir='ltr'><strong>sub</strong></span> <span class='ocrx_word' id='word_1_520' title='bbox 3512 2167 3696 2236; x_wconf 85' lang='lat' dir='ltr'><strong>pedibus</strong></span> <span class='ocrx_word' id='word_1_521' title='bbox 3721 2169 3796 2222; x_wconf 86' lang='lat' dir='ltr'><strong>suis</strong></span> <span class='ocrx_word' id='word_1_522' title='bbox 3812 2176 3848 2222; x_wconf 81' lang='lat' dir='ltr'><strong>at</strong></span> 
     </span>
    </p>
   </div>
   <div class='ocr_carea' id='block_1_72' title="bbox 2390 2245 3955 2335">
    <p class='ocr_par' dir='ltr' id='par_1_72' title="bbox 2390 2245 3955 2335">
     <span class='ocr_line' id='line_1_72' title="bbox 2390 2245 3955 2335; baseline 0.011 -38"><span class='ocrx_word' id='word_1_523' title='bbox 2390 2254 2714 2301; x_wconf 86' lang='lat' dir='ltr'><strong>contereret.</strong></span> <span class='ocrx_word' id='word_1_524' title='bbox 2752 2245 2930 2304; x_wconf 87' lang='lat' dir='ltr'><strong>Vincti</strong></span> <span class='ocrx_word' id='word_1_525' title='bbox 2976 2260 3160 2307; x_wconf 88' lang='lat' dir='ltr'><strong>autem</strong></span> <span class='ocrx_word' id='word_1_526' title='bbox 3202 2262 3359 2311; x_wconf 64' lang='lat' dir='ltr'><strong>terra:</strong></span> <span class='ocrx_word' id='word_1_527' title='bbox 3402 2266 3519 2311; x_wconf 93' lang='lat' dir='ltr'><strong>sunt</strong></span> <span class='ocrx_word' id='word_1_528' title='bbox 3552 2271 3705 2312; x_wconf 83' lang='lat' dir='ltr'><strong>omnes</strong></span> <span class='ocrx_word' id='word_1_529' title='bbox 3737 2266 3846 2312; x_wconf 73' lang='lat' dir='ltr'><strong>tem-</strong></span> 
     </span>
    </p>
   </div>
   <div class='ocr_carea' id='block_1_73' title="bbox 2392 2333 3848 2412">
    <p class='ocr_par' dir='ltr' id='par_1_73' title="bbox 2392 2333 3848 2412">
     <span class='ocr_line' id='line_1_73' title="bbox 2392 2333 3848 2412; baseline 0.011 -25"><span class='ocrx_word' id='word_1_530' title='bbox 2392 2333 2475 2389; x_wconf 91' lang='lat' dir='ltr'><strong>nis</strong></span> <span class='ocrx_word' id='word_1_531' title='bbox 2500 2336 2820 2393; x_wconf 90' lang='lat' dir='ltr'><strong>criminibus</strong></span> <span class='ocrx_word' id='word_1_532' title='bbox 2844 2340 3088 2412; x_wconf 89' lang='lat' dir='ltr'><strong>obligati.</strong></span> <span class='ocrx_word' id='word_1_533' title='bbox 3118 2342 3270 2412; x_wconf 88' lang='lat' dir='ltr'><strong>Quos</strong></span> <span class='ocrx_word' id='word_1_534' title='bbox 3295 2356 3351 2401; x_wconf 91' lang='lat' dir='ltr'><strong>ut</strong></span> <span class='ocrx_word' id='word_1_535' title='bbox 3382 2357 3653 2403; x_wconf 85' lang='lat' dir='ltr'><strong>contereret</strong></span> <span class='ocrx_word' id='word_1_536' title='bbox 3675 2349 3848 2404; x_wconf 81' lang='lat' dir='ltr'><strong>Dominus</strong></span> 
     </span>
    </p>
   </div>
   <div class='ocr_carea' id='block_1_74' title="bbox 2388 2428 3852 2513">
    <p class='ocr_par' dir='ltr' id='par_1_74' title="bbox 2388 2428 3852 2513">
     <span class='ocr_line' id='line_1_74' title="bbox 2388 2428 3852 2513; baseline 0.009 -31"><span class='ocrx_word' id='word_1_537' title='bbox 2388 2428 2489 2483; x_wconf 90' lang='lat' dir='ltr'><strong>sub</strong></span> <span class='ocrx_word' id='word_1_538' title='bbox 2522 2430 2746 2499; x_wconf 90' lang='lat' dir='ltr'><strong>pedibus</strong></span> <span class='ocrx_word' id='word_1_539' title='bbox 2771 2434 2884 2489; x_wconf 93' lang='lat' dir='ltr'><strong>suis</strong></span> <span class='ocrx_word' id='word_1_540' title='bbox 2926 2434 3229 2507; x_wconf 82' lang='lat' dir='ltr'><strong>ignoravit;</strong></span> <span class='ocrx_word' id='word_1_541' title='bbox 3261 2439 3386 2511; x_wconf 88' lang='lat' dir='ltr'><strong>quia</strong></span> <span class='ocrx_word' id='word_1_542' title='bbox 3428 2456 3520 2496; x_wconf 91' lang='lat' dir='ltr'><strong>nec</strong></span> <span class='ocrx_word' id='word_1_543' title='bbox 3556 2442 3624 2497; x_wconf 89' lang='lat' dir='ltr'><strong>sic</strong></span> <span class='ocrx_word' id='word_1_544' title='bbox 3647 2441 3791 2513; x_wconf 74' lang='lat' dir='ltr'><strong>abiecit</strong></span> <span class='ocrx_word' id='word_1_545' title='bbox 3815 2448 3852 2495; x_wconf 87' lang='lat' dir='ltr'><strong>ut</strong></span> 
     </span>
    </p>
   </div>
   <div class='ocr_carea' id='block_1_75' title="bbox 2388 2521 3850 2591">
    <p class='ocr_par' dir='ltr' id='par_1_75' title="bbox 2388 2521 3850 2591">
     <span class='ocr_line' id='line_1_75' title="bbox 2388 2521 3850 2591; baseline 0.01 -17"><span class='ocrx_word' id='word_1_546' title='bbox 2388 2521 2706 2591; x_wconf 85' lang='lat' dir='ltr'><strong>repelleret,</strong></span> <span class='ocrx_word' id='word_1_547' title='bbox 2734 2525 2844 2581; x_wconf 92' lang='lat' dir='ltr'><strong>imo</strong></span> <span class='ocrx_word' id='word_1_548' title='bbox 2875 2537 2934 2581; x_wconf 93' lang='lat' dir='ltr'><strong>ut</strong></span> <span class='ocrx_word' id='word_1_549' title='bbox 2959 2529 3059 2584; x_wconf 90' lang='lat' dir='ltr'><strong>sub</strong></span> <span class='ocrx_word' id='word_1_550' title='bbox 3089 2530 3299 2587; x_wconf 90' lang='lat' dir='ltr'><strong>ditione</strong></span> <span class='ocrx_word' id='word_1_551' title='bbox 3336 2548 3428 2587; x_wconf 88' lang='lat' dir='ltr'><strong>sua</strong></span> <span class='ocrx_word' id='word_1_552' title='bbox 3456 2549 3623 2589; x_wconf 90' lang='lat' dir='ltr'><strong>omnes</strong></span> <span class='ocrx_word' id='word_1_553' title='bbox 3647 2533 3850 2588; x_wconf 80' lang='lat' dir='ltr'><strong>constitue-</strong></span> 
     </span>
    </p>
   </div>
   <div class='ocr_carea' id='block_1_76' title="bbox 2390 2615 3850 2693">
    <p class='ocr_par' dir='ltr' id='par_1_76' title="bbox 2390 2615 3850 2693">
     <span class='ocr_line' id='line_1_76' title="bbox 2390 2615 3850 2693; baseline 0.007 -27"><span class='ocrx_word' id='word_1_554' title='bbox 2390 2621 2500 2679; x_wconf 88' lang='lat' dir='ltr'><strong>ret,</strong></span> <span class='ocrx_word' id='word_1_555' title='bbox 2540 2627 2605 2669; x_wconf 89' lang='lat' dir='ltr'><strong>eo</strong></span> <span class='ocrx_word' id='word_1_556' title='bbox 2639 2615 2782 2686; x_wconf 92' lang='lat' dir='ltr'><strong>quod</strong></span> <span class='ocrx_word' id='word_1_557' title='bbox 2822 2617 2891 2671; x_wconf 90' lang='lat' dir='ltr'><strong>de</strong></span> <span class='ocrx_word' id='word_1_558' title='bbox 2928 2617 3040 2674; x_wconf 84' lang='lat' dir='ltr'><strong>lilio</strong></span> <span class='ocrx_word' id='word_1_559' title='bbox 3082 2620 3266 2692; x_wconf 91' lang='lat' dir='ltr'><strong>inquit</strong></span> <span class='ocrx_word' id='word_1_560' title='bbox 3298 2641 3311 2677; x_wconf 92' lang='lat'>:</span> <span class='ocrx_word' id='word_1_561' title='bbox 3344 2620 3525 2678; x_wconf 89' lang='lat' dir='ltr'><strong>Omnia</strong></span> <span class='ocrx_word' id='word_1_562' title='bbox 3557 2623 3765 2693; x_wconf 79' lang='lat' dir='ltr'><strong>subjecisti</strong></span> <span class='ocrx_word' id='word_1_563' title='bbox 3791 2619 3850 2676; x_wconf 68' lang='lat' dir='ltr'><strong>sti</strong></span> 
     </span>
    </p>
   </div>
   <div class='ocr_carea' id='block_1_77' title="bbox 2384 2707 3853 2786">
    <p class='ocr_par' dir='ltr' id='par_1_77' title="bbox 2384 2707 3853 2786">
     <span class='ocr_line' id='line_1_77' title="bbox 2384 2707 3853 2786; baseline 0.003 -26"><span class='ocrx_word' id='word_1_564' title='bbox 2384 2707 2599 2777; x_wconf 85' lang='lat' dir='ltr'><strong>pedibus</strong></span> <span class='ocrx_word' id='word_1_565' title='bbox 2628 2708 2742 2779; x_wconf 80' lang='lat' dir='ltr'><strong>ejus</strong></span> <span class='ocrx_word' id='word_1_566' title='bbox 2771 2708 2949 2783; x_wconf 90' lang='lat' dir='ltr'><strong>(Psal.</strong></span> <span class='ocrx_word' id='word_1_567' title='bbox 2983 2713 3123 2784; x_wconf 84' lang='lat' dir='ltr'><strong>vin).</strong></span> <span class='ocrx_word' id='word_1_568' title='bbox 3162 2713 3318 2770; x_wconf 90' lang='lat' dir='ltr'><strong>Unde</strong></span> <span class='ocrx_word' id='word_1_569' title='bbox 3352 2716 3472 2786; x_wconf 92' lang='lat' dir='ltr'><strong>quia</strong></span> <span class='ocrx_word' id='word_1_570' title='bbox 3515 2714 3775 2771; x_wconf 87' lang='lat' dir='ltr'><strong>constitutus</strong></span> <span class='ocrx_word' id='word_1_571' title='bbox 3802 2718 3853 2765; x_wconf 73' lang='lat' dir='ltr'><strong>est</strong></span> 
     </span>
    </p>
   </div>
   <div class='ocr_carea' id='block_1_78' title="bbox 2380 2800 3853 2880">
    <p class='ocr_par' dir='ltr' id='par_1_78' title="bbox 2380 2800 3853 2880">
     <span class='ocr_line' id='line_1_78' title="bbox 2380 2800 3853 2880; baseline 0.002 -25"><span class='ocrx_word' id='word_1_572' title='bbox 2380 2800 2546 2873; x_wconf 77' lang='lat' dir='ltr'><strong>judex</strong></span> <span class='ocrx_word' id='word_1_573' title='bbox 2591 2805 2831 2859; x_wconf 90' lang='lat' dir='ltr'><strong>omnium</strong></span> <span class='ocrx_word' id='word_1_574' title='bbox 2858 2847 2872 2872; x_wconf 92' lang='lat'><strong>,</strong></span> <span class='ocrx_word' id='word_1_575' title='bbox 2909 2806 3145 2863; x_wconf 88' lang='lat' dir='ltr'><strong>lideliter</strong></span> <span class='ocrx_word' id='word_1_576' title='bbox 3175 2810 3463 2866; x_wconf 83' lang='lat' dir='ltr'><strong>conﬁtetur</strong></span> <span class='ocrx_word' id='word_1_577' title='bbox 3483 2810 3705 2880; x_wconf 86' lang='lat' dir='ltr'><strong>judicium</strong></span> <span class='ocrx_word' id='word_1_578' title='bbox 3724 2806 3795 2861; x_wconf 88' lang='lat' dir='ltr'><strong>viri</strong></span> <span class='ocrx_word' id='word_1_579' title='bbox 3816 2812 3853 2859; x_wconf 84' lang='lat' dir='ltr'><strong>ut</strong></span> 
     </span>
    </p>
   </div>
   <div class='ocr_carea' id='block_1_79' title="bbox 2384 2892 3852 2971">
    <p class='ocr_par' dir='ltr' id='par_1_79' title="bbox 2384 2892 3852 2971">
     <span class='ocr_line' id='line_1_79' title="bbox 2384 2892 3852 2971; baseline 0.005 -25"><span class='ocrx_word' id='word_1_580' title='bbox 2384 2892 2701 2960; x_wconf 91' lang='lat' dir='ltr'><strong>declinaret,</strong></span> <span class='ocrx_word' id='word_1_581' title='bbox 2728 2895 2986 2953; x_wconf 90' lang='lat' dir='ltr'><strong>Dominus</strong></span> <span class='ocrx_word' id='word_1_582' title='bbox 3005 2900 3307 2971; x_wconf 87' lang='lat' dir='ltr'><strong>ignoravit,</strong></span> <span class='ocrx_word' id='word_1_583' title='bbox 3334 2903 3426 2958; x_wconf 88' lang='lat' dir='ltr'><strong>sed</strong></span> <span class='ocrx_word' id='word_1_584' title='bbox 3468 2903 3630 2958; x_wconf 91' lang='lat' dir='ltr'><strong>reddet</strong></span> <span class='ocrx_word' id='word_1_585' title='bbox 3653 2899 3852 2968; x_wconf 79' lang='lat' dir='ltr'><strong>unicuique</strong></span> 
     </span>
    </p>
   </div>
   <div class='ocr_carea' id='block_1_80' title="bbox 2377 2984 3852 3064">
    <p class='ocr_par' dir='ltr' id='par_1_80' title="bbox 2377 2984 3852 3064">
     <span class='ocr_line' id='line_1_80' title="bbox 2377 2984 3852 3064; baseline 0.004 -26"><span class='ocrx_word' id='word_1_586' title='bbox 2377 2984 2532 3056; x_wconf 83' lang='lat' dir='ltr'><strong>juxta</strong></span> <span class='ocrx_word' id='word_1_587' title='bbox 2561 3001 2724 3057; x_wconf 88' lang='lat' dir='ltr'><strong>opera</strong></span> <span class='ocrx_word' id='word_1_588' title='bbox 2753 3004 2868 3043; x_wconf 90' lang='lat' dir='ltr'><strong>sua.</strong></span> <span class='ocrx_word' id='word_1_589' title='bbox 2902 2989 2971 3045; x_wconf 88' lang='lat' dir='ltr'><strong>Et</strong></span> <span class='ocrx_word' id='word_1_590' title='bbox 2999 3001 3058 3046; x_wconf 92' lang='lat' dir='ltr'><strong>ut</strong></span> <span class='ocrx_word' id='word_1_591' title='bbox 3087 2990 3430 3064; x_wconf 83' lang='lat' dir='ltr'><strong>perverteret</strong></span> <span class='ocrx_word' id='word_1_592' title='bbox 3455 2995 3688 3052; x_wconf 87' lang='lat' dir='ltr'><strong>hominem</strong></span> <span class='ocrx_word' id='word_1_593' title='bbox 3707 2988 3852 3063; x_wconf 73' lang='lat' dir='ltr'><strong>iniudi-</strong></span> 
     </span>
    </p>
   </div>
   <div class='ocr_carea' id='block_1_81' title="bbox 2383 3078 3853 3159">
    <p class='ocr_par' dir='ltr' id='par_1_81' title="bbox 2383 3078 3853 3159">
     <span class='ocr_line' id='line_1_81' title="bbox 2383 3078 3853 3159; baseline 0.005 -27"><span class='ocrx_word' id='word_1_594' title='bbox 2383 3078 2468 3133; x_wconf 91' lang='lat' dir='ltr'><strong>cio</strong></span> <span class='ocrx_word' id='word_1_595' title='bbox 2499 3094 2615 3147; x_wconf 93' lang='lat' dir='ltr'><strong>suo,</strong></span> <span class='ocrx_word' id='word_1_596' title='bbox 2652 3080 2778 3137; x_wconf 89' lang='lat' dir='ltr'><strong>licet</strong></span> <span class='ocrx_word' id='word_1_597' title='bbox 2807 3083 3303 3154; x_wconf 65' lang='lat' dir='ltr'><strong>impraesentiarum</strong></span> <span class='ocrx_word' id='word_1_598' title='bbox 3340 3089 3676 3159; x_wconf 70' lang='lat' dir='ltr'><strong>indiﬂ‘erenter</strong></span> <span class='ocrx_word' id='word_1_599' title='bbox 3694 3086 3853 3154; x_wconf 76' lang='lat' dir='ltr'><strong>accipia-</strong></span> 
     </span>
    </p>
   </div>
   <div class='ocr_carea' id='block_1_82' title="bbox 2382 3171 3853 3253">
    <p class='ocr_par' dir='ltr' id='par_1_82' title="bbox 2382 3171 3853 3253">
     <span class='ocr_line' id='line_1_82' title="bbox 2382 3171 3853 3253; baseline 0.006 -31"><span class='ocrx_word' id='word_1_600' title='bbox 2382 3176 2489 3235; x_wconf 90' lang='lat' dir='ltr'><strong>tur,</strong></span> <span class='ocrx_word' id='word_1_601' title='bbox 2523 3171 2685 3226; x_wconf 89' lang='lat' dir='ltr'><strong>etiam</strong></span> <span class='ocrx_word' id='word_1_602' title='bbox 2716 3188 2839 3228; x_wconf 91' lang='lat' dir='ltr'><strong>cum</strong></span> <span class='ocrx_word' id='word_1_603' title='bbox 2864 3172 3164 3245; x_wconf 90' lang='lat' dir='ltr'><strong>judicatur,</strong></span> <span class='ocrx_word' id='word_1_604' title='bbox 3198 3181 3461 3238; x_wconf 91' lang='lat' dir='ltr'><strong>Dominus</strong></span> <span class='ocrx_word' id='word_1_605' title='bbox 3496 3179 3853 3253; x_wconf 78' lang='lat' dir='ltr'><strong>ignoravitzquo-</strong></span> 
     </span>
    </p>
   </div>
   <div class='ocr_carea' id='block_1_83' title="bbox 2378 3259 3955 3342">
    <p class='ocr_par' dir='ltr' id='par_1_83' title="bbox 2378 3259 3955 3342">
     <span class='ocr_line' id='line_1_83' title="bbox 2378 3259 3955 3342; baseline 0.007 -29"><span class='ocrx_word' id='word_1_606' title='bbox 2378 3259 2527 3315; x_wconf 89' lang='lat' dir='ltr'><strong>niam</strong></span> <span class='ocrx_word' id='word_1_607' title='bbox 2553 3263 2694 3317; x_wconf 90' lang='lat' dir='ltr'><strong>mala</strong></span> <span class='ocrx_word' id='word_1_608' title='bbox 2726 3280 2847 3335; x_wconf 65' lang='lat' dir='ltr'><strong>qua:</strong></span> <span class='ocrx_word' id='word_1_609' title='bbox 2869 3281 2898 3320; x_wconf 88' lang='lat' dir='ltr'><strong>a</strong></span> <span class='ocrx_word' id='word_1_610' title='bbox 2933 3265 3167 3327; x_wconf 90' lang='lat' dir='ltr'><strong>Domino</strong></span> <span class='ocrx_word' id='word_1_611' title='bbox 3195 3271 3522 3339; x_wconf 79' lang='lat' dir='ltr'><strong>inferuntur,</strong></span> <span class='ocrx_word' id='word_1_612' title='bbox 3550 3280 3631 3327; x_wconf 89' lang='lat' dir='ltr'><strong>aut</strong></span> <span class='ocrx_word' id='word_1_613' title='bbox 3646 3272 3756 3342; x_wconf 73' lang='lat' dir='ltr'><strong>justi</strong></span> <span class='ocrx_word' id='word_1_614' title='bbox 3776 3279 3855 3335; x_wconf 68' lang='lat' dir='ltr'><strong>sup</strong></span> 
     </span>
    </p>
   </div>
   <div class='ocr_carea' id='block_1_84' title="bbox 2378 3350 3955 3433">
    <p class='ocr_par' dir='ltr' id='par_1_84' title="bbox 2378 3350 3955 3433">
     <span class='ocr_line' id='line_1_84' title="bbox 2378 3350 3955 3433; baseline 0.003 -29"><span class='ocrx_word' id='word_1_615' title='bbox 2378 3350 2535 3421; x_wconf 86' lang='lat' dir='ltr'><strong>plicia</strong></span> <span class='ocrx_word' id='word_1_616' title='bbox 2582 3364 2711 3409; x_wconf 90' lang='lat' dir='ltr'><strong>sunt</strong></span> <span class='ocrx_word' id='word_1_617' title='bbox 2737 3356 3059 3415; x_wconf 89' lang='lat' dir='ltr'><strong>meritorum</strong></span> <span class='ocrx_word' id='word_1_618' title='bbox 3082 3401 3097 3427; x_wconf 93' lang='lat'><strong>,</strong></span> <span class='ocrx_word' id='word_1_619' title='bbox 3130 3371 3230 3417; x_wconf 88' lang='lat' dir='ltr'><strong>aut</strong></span> <span class='ocrx_word' id='word_1_620' title='bbox 3277 3363 3569 3419; x_wconf 81' lang='lat' dir='ltr'><strong>futurorum</strong></span> <span class='ocrx_word' id='word_1_621' title='bbox 3607 3358 3853 3433; x_wconf 81' lang='lat' dir='ltr'><strong>probationes</strong></span> <span class='ocrx_word' id='word_1_622' title='bbox 3954 3358 3955 3395; x_wconf 44' lang='grc' dir='ltr'><strong><em>Ὺ</em></strong></span> 
     </span>
    </p>
   </div>
   <div class='ocr_carea' id='block_1_85' title="bbox 2376 3447 3853 3527">
    <p class='ocr_par' dir='ltr' id='par_1_85' title="bbox 2376 3447 3853 3527">
     <span class='ocr_line' id='line_1_85' title="bbox 2376 3447 3853 3527; baseline 0.003 -30"><span class='ocrx_word' id='word_1_623' title='bbox 2376 3451 2502 3497; x_wconf 86' lang='lat' dir='ltr'><strong>sunt</strong></span> <span class='ocrx_word' id='word_1_624' title='bbox 2548 3447 2917 3515; x_wconf 57' lang='lat' dir='ltr'><strong>praemiorum.</strong></span> <span class='ocrx_word' id='word_1_625' title='bbox 2953 3450 3096 3525; x_wconf 87' lang='lat' dir='ltr'><strong>Ergo</strong></span> <span class='ocrx_word' id='word_1_626' title='bbox 3147 3456 3458 3512; x_wconf 88' lang='lat' dir='ltr'><strong>adversitas</strong></span> <span class='ocrx_word' id='word_1_627' title='bbox 3479 3499 3493 3522; x_wconf 90' lang='lat'><strong>,</strong></span> <span class='ocrx_word' id='word_1_628' title='bbox 3524 3470 3629 3527; x_wconf 60' lang='lat' dir='ltr'><strong>quae</strong></span> <span class='ocrx_word' id='word_1_629' title='bbox 3655 3471 3679 3509; x_wconf 88' lang='lat' dir='ltr'><strong>a</strong></span> <span class='ocrx_word' id='word_1_630' title='bbox 3702 3450 3853 3507; x_wconf 87' lang='lat' dir='ltr'><strong>Domino</strong></span> 
     </span>
    </p>
   </div>
   <div class='ocr_carea' id='block_1_86' title="bbox 2375 3535 3851 3619">
    <p class='ocr_par' dir='ltr' id='par_1_86' title="bbox 2375 3535 3851 3619">
     <span class='ocr_line' id='line_1_86' title="bbox 2375 3535 3851 3619; baseline 0.007 -31"><span class='ocrx_word' id='word_1_631' title='bbox 2375 3542 2479 3600; x_wconf 83' lang='lat' dir='ltr'><strong>est,</strong></span> <span class='ocrx_word' id='word_1_632' title='bbox 2512 3535 2667 3606; x_wconf 89' lang='lat' dir='ltr'><strong>plena</strong></span> <span class='ocrx_word' id='word_1_633' title='bbox 2696 3539 2942 3609; x_wconf 68' lang='lat' dir='ltr'><strong>justitias,</strong></span> <span class='ocrx_word' id='word_1_634' title='bbox 2969 3544 3127 3615; x_wconf 91' lang='lat' dir='ltr'><strong>plena</strong></span> <span class='ocrx_word' id='word_1_635' title='bbox 3155 3550 3455 3619; x_wconf 67' lang='lat' dir='ltr'><strong>mquitatis,</strong></span> <span class='ocrx_word' id='word_1_636' title='bbox 3475 3547 3619 3619; x_wconf 87' lang='lat' dir='ltr'><strong>plena</strong></span> <span class='ocrx_word' id='word_1_637' title='bbox 3638 3543 3851 3601; x_wconf 69' lang='lat' dir='ltr'><strong>misericor-</strong></span> 
     </span>
    </p>
   </div>
   <div class='ocr_carea' id='block_1_87' title="bbox 2375 3624 3955 3712">
    <p class='ocr_par' dir='ltr' id='par_1_87' title="bbox 2375 3624 3955 3712">
     <span class='ocr_line' id='line_1_87' title="bbox 2375 3624 3955 3712; baseline 0.005 -31"><span class='ocrx_word' id='word_1_638' title='bbox 2375 3624 2479 3682; x_wconf 67' lang='lat' dir='ltr'><strong>diae</strong></span> <span class='ocrx_word' id='word_1_639' title='bbox 2503 3637 2603 3685; x_wconf 89' lang='lat' dir='ltr'><strong>est.</strong></span> <span class='ocrx_word' id='word_1_640' title='bbox 2639 3630 2789 3689; x_wconf 83' lang='lat' dir='ltr'><strong>Unde</strong></span> <span class='ocrx_word' id='word_1_641' title='bbox 2820 3638 3117 3693; x_wconf 87' lang='lat' dir='ltr'><strong>secundum</strong></span> <span class='ocrx_word' id='word_1_642' title='bbox 3147 3641 3495 3712; x_wconf 89' lang='lat' dir='ltr'><strong>disciplinam</strong></span> <span class='ocrx_word' id='word_1_643' title='bbox 3519 3640 3687 3697; x_wconf 87' lang='lat' dir='ltr'><strong>Christi</strong></span> <span class='ocrx_word' id='word_1_644' title='bbox 3709 3633 3855 3708; x_wconf 80' lang='lat' dir='ltr'><strong>prolits-</strong></span> <span class='ocrx_word' id='word_1_645' title='bbox 3954 3690 3955 3712; x_wconf 22' lang='grc' dir='ltr'><strong>ἦ</strong></span> 
     </span>
    </p>
   </div>
   <div class='ocr_carea' id='block_1_88' title="bbox 2375 3723 3854 3801">
    <p class='ocr_par' dir='ltr' id='par_1_88' title="bbox 2375 3723 3854 3801">
     <span class='ocr_line' id='line_1_88' title="bbox 2375 3723 3854 3801; baseline 0.007 -26"><span class='ocrx_word' id='word_1_646' title='bbox 2375 3728 2465 3775; x_wconf 92' lang='lat' dir='ltr'><strong>tur</strong></span> <span class='ocrx_word' id='word_1_647' title='bbox 2506 3723 2686 3781; x_wconf 84' lang='lat' dir='ltr'><strong>cordis</strong></span> <span class='ocrx_word' id='word_1_648' title='bbox 2729 3725 3160 3801; x_wconf 52' lang='lat' dir='ltr'><strong>innocentiam;</strong></span> <span class='ocrx_word' id='word_1_649' title='bbox 3195 3742 3253 3789; x_wconf 91' lang='lat' dir='ltr'><strong>et</strong></span> <span class='ocrx_word' id='word_1_650' title='bbox 3286 3732 3419 3789; x_wconf 90' lang='lat' dir='ltr'><strong>dicit</strong></span> <span class='ocrx_word' id='word_1_651' title='bbox 3463 3733 3541 3787; x_wconf 91' lang='lat' dir='ltr'><strong>vir</strong></span> <span class='ocrx_word' id='word_1_652' title='bbox 3565 3731 3715 3787; x_wconf 84' lang='lat' dir='ltr'><strong>videns</strong></span> <span class='ocrx_word' id='word_1_653' title='bbox 3741 3724 3854 3780; x_wconf 74' lang='lat' dir='ltr'><strong>Deum</strong></span> 
     </span>
    </p>
   </div>
   <div class='ocr_carea' id='block_1_89' title="bbox 2374 3814 3857 3897">
    <p class='ocr_par' dir='ltr' id='par_1_89' title="bbox 2374 3814 3857 3897">
     <span class='ocr_line' id='line_1_89' title="bbox 2374 3814 3857 3897; baseline 0.001 -28"><span class='ocrx_word' id='word_1_654' title='bbox 2374 3828 2534 3870; x_wconf 90' lang='lat' dir='ltr'><strong>servo</strong></span> <span class='ocrx_word' id='word_1_655' title='bbox 2562 3814 2868 3874; x_wconf 90' lang='lat' dir='ltr'><strong>divinorum</strong></span> <span class='ocrx_word' id='word_1_656' title='bbox 2898 3820 3112 3893; x_wconf 87' lang='lat' dir='ltr'><strong>eloquia</strong></span> <span class='ocrx_word' id='word_1_657' title='bbox 3152 3839 3551 3897; x_wconf 70' lang='lat' dir='ltr'><strong>pmoeptorum</strong></span> <span class='ocrx_word' id='word_1_658' title='bbox 3578 3841 3592 3878; x_wconf 91' lang='lat'><strong>:</strong></span> <span class='ocrx_word' id='word_1_659' title='bbox 3617 3821 3857 3893; x_wconf 74' lang='lat' dir='ltr'><strong>quoniamd</strong></span> 
     </span>
    </p>
   </div>
   <div class='ocr_carea' id='block_1_90' title="bbox 2373 3904 3856 3982">
    <p class='ocr_par' dir='ltr' id='par_1_90' title="bbox 2373 3904 3856 3982">
     <span class='ocr_line' id='line_1_90' title="bbox 2373 3904 3856 3982; baseline 0.001 -23"><span class='ocrx_word' id='word_1_660' title='bbox 2373 3904 2419 3959; x_wconf 91' lang='lat' dir='ltr'><strong>si</strong></span> <span class='ocrx_word' id='word_1_661' title='bbox 2446 3914 2571 3961; x_wconf 89' lang='lat' dir='ltr'><strong>sunt</strong></span> <span class='ocrx_word' id='word_1_662' title='bbox 2598 3906 2837 3965; x_wconf 64' lang='lat' dir='ltr'><strong>haeretici</strong></span> <span class='ocrx_word' id='word_1_663' title='bbox 2856 3951 2871 3977; x_wconf 93' lang='lat'><strong>,</strong></span> <span class='ocrx_word' id='word_1_664' title='bbox 2899 3913 2990 3982; x_wconf 93' lang='lat' dir='ltr'><strong>qui</strong></span> <span class='ocrx_word' id='word_1_665' title='bbox 3022 3911 3166 3971; x_wconf 77' lang='lat' dir='ltr'><strong>falso</strong></span> <span class='ocrx_word' id='word_1_666' title='bbox 3190 3917 3365 3974; x_wconf 89' lang='lat' dir='ltr'><strong>Deum</strong></span> <span class='ocrx_word' id='word_1_667' title='bbox 3396 3917 3711 3974; x_wconf 86' lang='lat' dir='ltr'><strong>criminentur</strong></span> <span class='ocrx_word' id='word_1_668' title='bbox 3728 3905 3856 3964; x_wconf 83' lang='lat' dir='ltr'><strong>crude-</strong></span> 
     </span>
    </p>
   </div>
   <div class='ocr_carea' id='block_1_91' title="bbox 2372 3994 3857 4069">
    <p class='ocr_par' dir='ltr' id='par_1_91' title="bbox 2372 3994 3857 4069">
     <span class='ocr_line' id='line_1_91' title="bbox 2372 3994 3857 4069; baseline 0.005 -20"><span class='ocrx_word' id='word_1_669' title='bbox 2372 3994 2499 4050; x_wconf 89' lang='lat' dir='ltr'><strong>liter</strong></span> <span class='ocrx_word' id='word_1_670' title='bbox 2519 3995 2762 4069; x_wconf 83' lang='lat' dir='ltr'><strong>afﬂigere</strong></span> <span class='ocrx_word' id='word_1_671' title='bbox 2783 4002 2998 4059; x_wconf 90' lang='lat' dir='ltr'><strong>animas</strong></span> <span class='ocrx_word' id='word_1_672' title='bbox 3026 4004 3194 4063; x_wconf 91' lang='lat' dir='ltr'><strong>luteis</strong></span> <span class='ocrx_word' id='word_1_673' title='bbox 3229 4009 3512 4064; x_wconf 87' lang='lat' dir='ltr'><strong>deviuctas</strong></span> <span class='ocrx_word' id='word_1_674' title='bbox 3534 4004 3748 4065; x_wconf 85' lang='lat' dir='ltr'><strong>domibus,</strong></span> <span class='ocrx_word' id='word_1_675' title='bbox 3769 4006 3805 4052; x_wconf 83' lang='lat' dir='ltr'><strong>et</strong></span> <span class='ocrx_word' id='word_1_676' title='bbox 3821 3995 3857 4049; x_wconf 78' lang='lat' dir='ltr'><strong>il</strong></span> 
     </span>
    </p>
   </div>
   <div class='ocr_carea' id='block_1_92' title="bbox 2372 4087 3856 4174">
    <p class='ocr_par' dir='ltr' id='par_1_92' title="bbox 2372 4087 3856 4174">
     <span class='ocr_line' id='line_1_92' title="bbox 2372 4087 3856 4174; baseline 0.011 -31"><span class='ocrx_word' id='word_1_677' title='bbox 2372 4087 2552 4145; x_wconf 85' lang='lat' dir='ltr'><strong>Veteri</strong></span> <span class='ocrx_word' id='word_1_678' title='bbox 2582 4089 2932 4152; x_wconf 87' lang='lat' dir='ltr'><strong>Testamento</strong></span> <span class='ocrx_word' id='word_1_679' title='bbox 2962 4101 3119 4169; x_wconf 88' lang='lat' dir='ltr'><strong>quasi</strong></span> <span class='ocrx_word' id='word_1_680' title='bbox 3143 4115 3215 4158; x_wconf 82' lang='lat' dir='ltr'><strong>ex</strong></span> <span class='ocrx_word' id='word_1_681' title='bbox 3258 4102 3565 4174; x_wconf 67' lang='lat' dir='ltr'><strong>praejudicio</strong></span> <span class='ocrx_word' id='word_1_682' title='bbox 3587 4109 3775 4169; x_wconf 65' lang='lat' dir='ltr'><strong>quosque</strong></span> <span class='ocrx_word' id='word_1_683' title='bbox 3797 4102 3856 4160; x_wconf 66' lang='lat' dir='ltr'><strong>P&#39;i‘</strong></span> 
     </span>
    </p>
   </div>
   <div class='ocr_carea' id='block_1_93' title="bbox 2369 4177 3858 4263">
    <p class='ocr_par' dir='ltr' id='par_1_93' title="bbox 2369 4177 3858 4263">
     <span class='ocr_line' id='line_1_93' title="bbox 2369 4177 3858 4263; baseline 0.001 -29"><span class='ocrx_word' id='word_1_684' title='bbox 2369 4181 2488 4236; x_wconf 88' lang='lat' dir='ltr'><strong>nire</strong></span> <span class='ocrx_word' id='word_1_685' title='bbox 2518 4200 2530 4236; x_wconf 91' lang='lat'>:</span> <span class='ocrx_word' id='word_1_686' title='bbox 2558 4183 2647 4239; x_wconf 89' lang='lat' dir='ltr'><strong>hic</strong></span> <span class='ocrx_word' id='word_1_687' title='bbox 2675 4193 2859 4241; x_wconf 90' lang='lat' dir='ltr'><strong>autem</strong></span> <span class='ocrx_word' id='word_1_688' title='bbox 2889 4187 2991 4243; x_wconf 90' lang='lat' dir='ltr'><strong>sub</strong></span> <span class='ocrx_word' id='word_1_689' title='bbox 3012 4190 3310 4263; x_wconf 89' lang='lat' dir='ltr'><strong>disciplina</strong></span> <span class='ocrx_word' id='word_1_690' title='bbox 3335 4193 3531 4249; x_wconf 90' lang='lat' dir='ltr'><strong>Christi</strong></span> <span class='ocrx_word' id='word_1_691' title='bbox 3552 4188 3723 4260; x_wconf 83' lang='lat' dir='ltr'><strong>ﬂagello</strong></span> <span class='ocrx_word' id='word_1_692' title='bbox 3738 4177 3858 4236; x_wconf 76' lang='lat' dir='ltr'><strong>cnidi-</strong></span> 
     </span>
    </p>
   </div>
   <div class='ocr_carea' id='block_1_94' title="bbox 2369 4272 3856 4359">
    <p class='ocr_par' dir='ltr' id='par_1_94' title="bbox 2369 4272 3856 4359">
     <span class='ocr_line' id='line_1_94' title="bbox 2369 4272 3856 4359; baseline 0.004 -29"><span class='ocrx_word' id='word_1_693' title='bbox 2369 4283 2479 4341; x_wconf 90' lang='lat' dir='ltr'><strong>tus,</strong></span> <span class='ocrx_word' id='word_1_694' title='bbox 2503 4274 2661 4344; x_wconf 83' lang='lat' dir='ltr'><strong>juxta</strong></span> <span class='ocrx_word' id='word_1_695' title='bbox 2691 4280 2835 4349; x_wconf 92' lang='lat' dir='ltr'><strong>quod</strong></span> <span class='ocrx_word' id='word_1_696' title='bbox 2860 4283 3123 4354; x_wconf 89' lang='lat' dir='ltr'><strong>propheta</strong></span> <span class='ocrx_word' id='word_1_697' title='bbox 3150 4287 3374 4359; x_wconf 84' lang='lat' dir='ltr'><strong>inquit:</strong></span> <span class='ocrx_word' id='word_1_698' title='bbox 3400 4287 3552 4359; x_wconf 84' lang='lat' dir='ltr'><strong>Virga</strong></span> <span class='ocrx_word' id='word_1_699' title='bbox 3581 4272 3856 4352; x_wconf 61' lang='lat' dir='ltr'><strong>castigaberiﬁi</strong></span> 
     </span>
    </p>
   </div>
   <div class='ocr_carea' id='block_1_95' title="bbox 2369 4362 3955 4449">
    <p class='ocr_par' dir='ltr' id='par_1_95' title="bbox 2369 4362 3955 4449">
     <span class='ocr_line' id='line_1_95' title="bbox 2369 4362 3955 4449; baseline 0.009 -30"><span class='ocrx_word' id='word_1_700' title='bbox 2369 4364 2477 4421; x_wconf 82' lang='lat' dir='ltr'><strong>illia</strong></span> <span class='ocrx_word' id='word_1_701' title='bbox 2506 4366 2636 4424; x_wconf 89' lang='lat' dir='ltr'><strong>Sion</strong></span> <span class='ocrx_word' id='word_1_702' title='bbox 2663 4410 2678 4436; x_wconf 92' lang='lat'><strong>,</strong></span> <span class='ocrx_word' id='word_1_703' title='bbox 2712 4372 2893 4428; x_wconf 87' lang='lat' dir='ltr'><strong>cordis</strong></span> <span class='ocrx_word' id='word_1_704' title='bbox 2920 4374 3219 4432; x_wconf 85' lang='lat' dir='ltr'><strong>conﬁtetur</strong></span> <span class='ocrx_word' id='word_1_705' title='bbox 3248 4379 3540 4449; x_wconf 87' lang='lat' dir='ltr'><strong>puritatem</strong></span> <span class='ocrx_word' id='word_1_706' title='bbox 3562 4416 3576 4442; x_wconf 96' lang='lat'><strong>,</strong></span> <span class='ocrx_word' id='word_1_707' title='bbox 3603 4371 3719 4446; x_wconf 84' lang='lat' dir='ltr'><strong>quod</strong></span> <span class='ocrx_word' id='word_1_708' title='bbox 3737 4362 3860 4422; x_wconf 67' lang='grc' dir='ltr'><strong>οωηίι</strong></span> <span class='ocrx_word' id='word_1_709' title='bbox 3954 4376 3955 4431; x_wconf 62' lang='grc' dir='ltr'><strong>ἒ</strong></span> 
     </span>
    </p>
   </div>
   <div class='ocr_carea' id='block_1_96' title="bbox 2367 4540 3955 4634">
    <p class='ocr_par' dir='ltr' id='par_1_96' title="bbox 2367 4540 3955 4634">
     <span class='ocr_line' id='line_1_96' title="bbox 2367 4540 3955 4634; baseline 0.015 -29"><span class='ocrx_word' id='word_1_710' title='bbox 2367 4565 2427 4605; x_wconf 87' lang='lat' dir='ltr'><strong>se</strong></span> <span class='ocrx_word' id='word_1_711' title='bbox 2480 4553 2684 4609; x_wconf 91' lang='lat' dir='ltr'><strong>tribuat</strong></span> <span class='ocrx_word' id='word_1_712' title='bbox 2740 4554 3120 4616; x_wconf 89' lang='lat' dir='ltr'><strong>invocantibus</strong></span> <span class='ocrx_word' id='word_1_713' title='bbox 3163 4561 3222 4617; x_wconf 91' lang='lat' dir='ltr'><strong>in</strong></span> <span class='ocrx_word' id='word_1_714' title='bbox 3276 4564 3508 4618; x_wconf 88' lang='lat' dir='ltr'><strong>veritate</strong></span> <span class='ocrx_word' id='word_1_715' title='bbox 3541 4559 3688 4634; x_wconf 80' lang='lat' dir='ltr'><strong>(Psal.</strong></span> <span class='ocrx_word' id='word_1_716' title='bbox 3718 4546 3855 4617; x_wconf 55' lang='grc' dir='ltr'><strong>συθ·</strong></span> 
     </span>
    </p>
   </div>
   <div class='ocr_carea' id='block_1_97' title="bbox 2366 4641 3955 4720">
    <p class='ocr_par' dir='ltr' id='par_1_97' title="bbox 2366 4641 3955 4720">
     <span class='ocr_line' id='line_1_97' title="bbox 2366 4641 3955 4720; baseline 0.003 -22"><span class='ocrx_word' id='word_1_717' title='bbox 2366 4643 2434 4698; x_wconf 83' lang='grc' dir='ltr'><strong>Ει</strong></span> <span class='ocrx_word' id='word_1_718' title='bbox 2462 4646 2758 4702; x_wconf 91' lang='lat' dir='ltr'><strong>secundum</strong></span> <span class='ocrx_word' id='word_1_719' title='bbox 2788 4648 3298 4720; x_wconf 86' lang='lat' dir='ltr'><strong>interpretationem</strong></span> <span class='ocrx_word' id='word_1_720' title='bbox 3332 4654 3560 4716; x_wconf 60' lang='lat' dir='ltr'><strong>litteras,</strong></span> <span class='ocrx_word' id='word_1_721' title='bbox 3604 4641 3858 4704; x_wconf 59' lang='lat' dir='ltr'><strong>liberede“</strong></span> <span class='ocrx_word' id='word_1_722' title='bbox 3954 4650 3955 4655; x_wconf 68' lang='grc'><em>“</em></span> 
     </span>
    </p>
   </div>
   <div class='ocr_carea' id='block_1_98' title="bbox 2367 4732 3859 4815">
    <p class='ocr_par' dir='ltr' id='par_1_98' title="bbox 2367 4732 3859 4815">
     <span class='ocr_line' id='line_1_98' title="bbox 2367 4732 3859 4815; baseline 0.01 -26"><span class='ocrx_word' id='word_1_723' title='bbox 2367 4733 2565 4790; x_wconf 88' lang='lat' dir='ltr'><strong>clamat</strong></span> <span class='ocrx_word' id='word_1_724' title='bbox 2592 4752 2607 4792; x_wconf 88' lang='lat'><strong>:</strong></span> <span class='ocrx_word' id='word_1_725' title='bbox 2638 4735 2809 4793; x_wconf 89' lang='lat' dir='ltr'><strong>Servo</strong></span> <span class='ocrx_word' id='word_1_726' title='bbox 2835 4739 3180 4812; x_wconf 87' lang='lat' dir='ltr'><strong>disciplinam</strong></span> <span class='ocrx_word' id='word_1_727' title='bbox 3213 4745 3618 4815; x_wconf 85' lang='lat' dir='ltr'><strong>castigationis,</strong></span> <span class='ocrx_word' id='word_1_728' title='bbox 3641 4752 3765 4796; x_wconf 75' lang='lat' dir='ltr'><strong>servo</strong></span> <span class='ocrx_word' id='word_1_729' title='bbox 3784 4732 3859 4803; x_wconf 58' lang='lat' dir='ltr'><strong>Pie’</strong></span> 
     </span>
    </p>
   </div>
   <div class='ocr_carea' id='block_1_99' title="bbox 2361 4458 3955 4539">
    <p class='ocr_par' dir='ltr' id='par_1_99' title="bbox 2361 4458 3955 4539">
     <span class='ocr_line' id='line_1_99' title="bbox 2361 4458 3955 4539; baseline 0.009 -27"><span class='ocrx_word' id='word_1_730' title='bbox 2361 4458 2509 4529; x_wconf 88' lang='lat' dir='ltr'><strong>justo</strong></span> <span class='ocrx_word' id='word_1_731' title='bbox 2536 4461 2630 4517; x_wconf 89' lang='lat' dir='ltr'><strong>Dei</strong></span> <span class='ocrx_word' id='word_1_732' title='bbox 2663 4463 3033 4522; x_wconf 90' lang='lat' dir='ltr'><strong>moderamine</strong></span> <span class='ocrx_word' id='word_1_733' title='bbox 3076 4480 3341 4539; x_wconf 87' lang='lat' dir='ltr'><strong>agantur,</strong></span> <span class='ocrx_word' id='word_1_734' title='bbox 3370 4480 3428 4526; x_wconf 90' lang='lat' dir='ltr'><strong>ut</strong></span> <span class='ocrx_word' id='word_1_735' title='bbox 3455 4470 3661 4526; x_wconf 87' lang='lat' dir='ltr'><strong>salutem</strong></span> <span class='ocrx_word' id='word_1_736' title='bbox 3681 4459 3858 4520; x_wconf 64' lang='lat' dir='ltr'><strong>omnibus</strong></span> <span class='ocrx_word' id='word_1_737' title='bbox 3954 4458 3955 4527; x_wconf 61' lang='grc' dir='ltr'><strong>ἶ</strong></span> 
     </span>
    </p>
   </div>
   <div class='ocr_carea' id='block_1_100' title="bbox 678 4856 2265 4941">
    <p class='ocr_par' dir='ltr' id='par_1_100' title="bbox 678 4856 2265 4941">
     <span class='ocr_line' id='line_1_100' title="bbox 678 4856 2265 4941; baseline 0.012 -31"><span class='ocrx_word' id='word_1_738' title='bbox 678 4856 913 4930; x_wconf 85' lang='lat' dir='ltr'><strong>Ideoque</strong></span> <span class='ocrx_word' id='word_1_739' title='bbox 952 4868 1207 4930; x_wconf 86' lang='lat' dir='ltr'><strong>tanquam</strong></span> <span class='ocrx_word' id='word_1_740' title='bbox 1238 4873 1497 4919; x_wconf 90' lang='lat' dir='ltr'><strong>curvatus</strong></span> <span class='ocrx_word' id='word_1_741' title='bbox 1544 4867 1714 4923; x_wconf 92' lang='lat' dir='ltr'><strong>multo</strong></span> <span class='ocrx_word' id='word_1_742' title='bbox 1744 4871 1975 4941; x_wconf 91' lang='lat' dir='ltr'><strong>amplius</strong></span> <span class='ocrx_word' id='word_1_743' title='bbox 2001 4873 2179 4928; x_wconf 90' lang='lat' dir='ltr'><strong>anima</strong></span> <span class='ocrx_word' id='word_1_744' title='bbox 2207 4882 2265 4929; x_wconf 89' lang='lat' dir='ltr'><strong>et</strong></span> 
     </span>
    </p>
   </div>
   <div class='ocr_carea' id='block_1_101' title="bbox 679 4958 2262 5029">
    <p class='ocr_par' dir='ltr' id='par_1_101' title="bbox 679 4958 2262 5029">
     <span class='ocr_line' id='line_1_101' title="bbox 679 4958 2262 5029; baseline 0.01 -24"><span class='ocrx_word' id='word_1_745' title='bbox 679 4961 862 5007; x_wconf 85' lang='lat' dir='ltr'><strong>mente</strong></span> <span class='ocrx_word' id='word_1_746' title='bbox 906 4968 1068 5023; x_wconf 88' lang='lat' dir='ltr'><strong>quam</strong></span> <span class='ocrx_word' id='word_1_747' title='bbox 1112 4968 1340 5025; x_wconf 87' lang='lat' dir='ltr'><strong>corpore</strong></span> <span class='ocrx_word' id='word_1_748' title='bbox 1367 4965 1537 5012; x_wconf 91' lang='lat' dir='ltr'><strong>totum</strong></span> <span class='ocrx_word' id='word_1_749' title='bbox 1563 4975 1622 5029; x_wconf 81' lang='lat' dir='ltr'><strong>se</strong></span> <span class='ocrx_word' id='word_1_750' title='bbox 1650 4958 1832 5017; x_wconf 89' lang='lat' dir='ltr'><strong>ﬂectat</strong></span> <span class='ocrx_word' id='word_1_751' title='bbox 1858 4964 1924 5018; x_wconf 90' lang='lat' dir='ltr'><strong>ad</strong></span> <span class='ocrx_word' id='word_1_752' title='bbox 1961 4966 2262 5021; x_wconf 90' lang='lat' dir='ltr'><strong>multitudi-</strong></span> 
     </span>
    </p>
   </div>
   <div class='ocr_carea' id='block_1_102' title="bbox 676 5047 2257 5129">
    <p class='ocr_par' dir='ltr' id='par_1_102' title="bbox 676 5047 2257 5129">
     <span class='ocr_line' id='line_1_102' title="bbox 676 5047 2257 5129; baseline 0.01 -30"><span class='ocrx_word' id='word_1_753' title='bbox 676 5062 800 5100; x_wconf 90' lang='lat' dir='ltr'><strong>nem</strong></span> <span class='ocrx_word' id='word_1_754' title='bbox 831 5047 1326 5102; x_wconf 90' lang='lat' dir='ltr'><strong>misericordiarum</strong></span> <span class='ocrx_word' id='word_1_755' title='bbox 1354 5049 1481 5113; x_wconf 87' lang='lat' dir='ltr'><strong>Dei,</strong></span> <span class='ocrx_word' id='word_1_756' title='bbox 1512 5053 1690 5108; x_wconf 89' lang='lat' dir='ltr'><strong>sciens</strong></span> <span class='ocrx_word' id='word_1_757' title='bbox 1719 5055 1861 5124; x_wconf 92' lang='lat' dir='ltr'><strong>quod</strong></span> <span class='ocrx_word' id='word_1_758' title='bbox 1894 5072 1998 5112; x_wconf 88' lang='lat' dir='ltr'><strong>uon</strong></span> <span class='ocrx_word' id='word_1_759' title='bbox 2028 5058 2257 5129; x_wconf 88' lang='lat' dir='ltr'><strong>abjecit,</strong></span> 
     </span>
    </p>
   </div>
   <div class='ocr_carea' id='block_1_103' title="bbox 668 5140 2260 5221">
    <p class='ocr_par' dir='ltr' id='par_1_103' title="bbox 668 5140 2260 5221">
     <span class='ocr_line' id='line_1_103' title="bbox 668 5140 2260 5221; baseline 0.008 -29"><span class='ocrx_word' id='word_1_760' title='bbox 668 5155 854 5208; x_wconf 80' lang='lat' dir='ltr'><strong>neque</strong></span> <span class='ocrx_word' id='word_1_761' title='bbox 881 5140 1184 5195; x_wconf 83' lang='lat' dir='ltr'><strong>humiliavit</strong></span> <span class='ocrx_word' id='word_1_762' title='bbox 1218 5158 1283 5195; x_wconf 87' lang='lat' dir='ltr'><strong>ex</strong></span> <span class='ocrx_word' id='word_1_763' title='bbox 1307 5142 1468 5198; x_wconf 88' lang='lat' dir='ltr'><strong>corde</strong></span> <span class='ocrx_word' id='word_1_764' title='bbox 1494 5157 1593 5198; x_wconf 91' lang='lat' dir='ltr'><strong>suo</strong></span> <span class='ocrx_word' id='word_1_765' title='bbox 1622 5144 1759 5199; x_wconf 89' lang='lat' dir='ltr'><strong>lilios</strong></span> <span class='ocrx_word' id='word_1_766' title='bbox 1777 5145 2057 5203; x_wconf 89' lang='lat' dir='ltr'><strong>hominum</strong></span> <span class='ocrx_word' id='word_1_767' title='bbox 2085 5159 2144 5204; x_wconf 94' lang='lat' dir='ltr'><strong>ut</strong></span> <span class='ocrx_word' id='word_1_768' title='bbox 2166 5166 2260 5221; x_wconf 83' lang='lat' dir='ltr'><strong>pe-</strong></span> 
     </span>
    </p>
   </div>
   <div class='ocr_carea' id='block_1_104' title="bbox 678 5226 2259 5300">
    <p class='ocr_par' dir='ltr' id='par_1_104' title="bbox 678 5226 2259 5300">
     <span class='ocr_line' id='line_1_104' title="bbox 678 5226 2259 5300; baseline 0.01 -20"><span class='ocrx_word' id='word_1_769' title='bbox 678 5227 842 5283; x_wconf 88' lang='lat' dir='ltr'><strong>rimat</strong></span> <span class='ocrx_word' id='word_1_770' title='bbox 886 5229 952 5283; x_wconf 90' lang='lat' dir='ltr'><strong>ad</strong></span> <span class='ocrx_word' id='word_1_771' title='bbox 989 5229 1309 5300; x_wconf 90' lang='lat' dir='ltr'><strong>supplicium</strong></span> <span class='ocrx_word' id='word_1_772' title='bbox 1332 5272 1345 5295; x_wconf 94' lang='lat'><strong>,</strong></span> <span class='ocrx_word' id='word_1_773' title='bbox 1377 5232 1471 5287; x_wconf 90' lang='lat' dir='ltr'><strong>sed</strong></span> <span class='ocrx_word' id='word_1_774' title='bbox 1501 5240 1560 5287; x_wconf 92' lang='lat' dir='ltr'><strong>ut</strong></span> <span class='ocrx_word' id='word_1_775' title='bbox 1585 5235 1836 5291; x_wconf 87' lang='lat' dir='ltr'><strong>emendet</strong></span> <span class='ocrx_word' id='word_1_776' title='bbox 1878 5245 1935 5292; x_wconf 93' lang='lat' dir='ltr'><strong>et</strong></span> <span class='ocrx_word' id='word_1_777' title='bbox 1965 5226 2166 5295; x_wconf 84' lang='lat' dir='ltr'><strong>relevet</strong></span> <span class='ocrx_word' id='word_1_778' title='bbox 2191 5241 2259 5296; x_wconf 92' lang='lat' dir='ltr'><strong>ad</strong></span> 
     </span>
    </p>
   </div>
   <div class='ocr_carea' id='block_1_105' title="bbox 2364 5008 3856 5089">
    <p class='ocr_par' dir='ltr' id='par_1_105' title="bbox 2364 5008 3856 5089">
     <span class='ocr_line' id='line_1_105' title="bbox 2364 5008 3856 5089; baseline 0.001 -25"><span class='ocrx_word' id='word_1_779' title='bbox 2364 5008 2508 5074; x_wconf 82' lang='lat' dir='ltr'><strong>ﬁdei,</strong></span> <span class='ocrx_word' id='word_1_780' title='bbox 2533 5027 2691 5068; x_wconf 89' lang='lat' dir='ltr'><strong>servo</strong></span> <span class='ocrx_word' id='word_1_781' title='bbox 2711 5012 3050 5071; x_wconf 90' lang='lat' dir='ltr'><strong>dilectionem</strong></span> <span class='ocrx_word' id='word_1_782' title='bbox 3076 5017 3129 5071; x_wconf 93' lang='lat' dir='ltr'><strong>in</strong></span> <span class='ocrx_word' id='word_1_783' title='bbox 3149 5034 3255 5088; x_wconf 90' lang='lat' dir='ltr'><strong>spe</strong></span> <span class='ocrx_word' id='word_1_784' title='bbox 3275 5018 3616 5089; x_wconf 87' lang='lat' dir='ltr'><strong>singulariter</strong></span> <span class='ocrx_word' id='word_1_785' title='bbox 3632 5013 3856 5070; x_wconf 56' lang='lat' dir='ltr'><strong>subvectat.</strong></span> 
     </span>
    </p>
   </div>
   <div class='ocr_carea' id='block_1_106' title="bbox 2364 5103 3861 5176">
    <p class='ocr_par' dir='ltr' id='par_1_106' title="bbox 2364 5103 3861 5176">
     <span class='ocr_line' id='line_1_106' title="bbox 2364 5103 3861 5176; baseline 0.005 -19"><span class='ocrx_word' id='word_1_786' title='bbox 2364 5105 2465 5159; x_wconf 89' lang='lat' dir='ltr'><strong>sub</strong></span> <span class='ocrx_word' id='word_1_787' title='bbox 2493 5103 2587 5161; x_wconf 89' lang='lat' dir='ltr'><strong>Dei</strong></span> <span class='ocrx_word' id='word_1_788' title='bbox 2630 5107 2965 5176; x_wconf 89' lang='lat' dir='ltr'><strong>protectione</strong></span> <span class='ocrx_word' id='word_1_789' title='bbox 2994 5110 3238 5166; x_wconf 89' lang='lat' dir='ltr'><strong>animam</strong></span> <span class='ocrx_word' id='word_1_790' title='bbox 3287 5109 3686 5168; x_wconf 87' lang='lat' dir='ltr'><strong>retractabiliter</strong></span> <span class='ocrx_word' id='word_1_791' title='bbox 3711 5108 3861 5174; x_wconf 61' lang='grc' dir='ltr'><strong>εθιωῆ</strong></span> 
     </span>
    </p>
   </div>
   <div class='ocr_carea' id='block_1_107' title="bbox 2363 5186 3860 5274">
    <p class='ocr_par' dir='ltr' id='par_1_107' title="bbox 2363 5186 3860 5274">
     <span class='ocr_line' id='line_1_107' title="bbox 2363 5186 3860 5274; baseline -0.001 -24"><span class='ocrx_word' id='word_1_792' title='bbox 2363 5196 2506 5267; x_wconf 89' lang='lat' dir='ltr'><strong>quod</strong></span> <span class='ocrx_word' id='word_1_793' title='bbox 2552 5213 2657 5253; x_wconf 91' lang='lat' dir='ltr'><strong>non</strong></span> <span class='ocrx_word' id='word_1_794' title='bbox 2705 5199 2918 5268; x_wconf 87' lang='lat' dir='ltr'><strong>repellit</strong></span> <span class='ocrx_word' id='word_1_795' title='bbox 2966 5200 3020 5256; x_wconf 92' lang='lat' dir='ltr'><strong>in</strong></span> <span class='ocrx_word' id='word_1_796' title='bbox 3066 5204 3467 5274; x_wconf 86' lang='lat' dir='ltr'><strong>sempiternum</strong></span> <span class='ocrx_word' id='word_1_797' title='bbox 3511 5200 3749 5258; x_wconf 85' lang='lat' dir='ltr'><strong>Dominus.</strong></span> <span class='ocrx_word' id='word_1_798' title='bbox 3786 5186 3860 5242; x_wconf 70' lang='grc' dir='ltr'><strong>Μιο</strong></span> 
     </span>
    </p>
   </div>
   <div class='ocr_carea' id='block_1_108' title="bbox 2362 5289 3862 5364">
    <p class='ocr_par' dir='ltr' id='par_1_108' title="bbox 2362 5289 3862 5364">
     <span class='ocr_line' id='line_1_108' title="bbox 2362 5289 3862 5364; baseline -0.002 -21"><span class='ocrx_word' id='word_1_799' title='bbox 2362 5306 2499 5361; x_wconf 89' lang='lat' dir='ltr'><strong>guns</strong></span> <span class='ocrx_word' id='word_1_800' title='bbox 2547 5291 2710 5362; x_wconf 89' lang='lat' dir='ltr'><strong>igitur</strong></span> <span class='ocrx_word' id='word_1_801' title='bbox 2750 5304 3037 5364; x_wconf 83' lang='lat' dir='ltr'><strong>provectus</strong></span> <span class='ocrx_word' id='word_1_802' title='bbox 3083 5299 3287 5355; x_wconf 65' lang='lat' dir='ltr'><strong>animae</strong></span> <span class='ocrx_word' id='word_1_803' title='bbox 3330 5306 3668 5361; x_wconf 86' lang='lat' dir='ltr'><strong>monstratur,</strong></span> <span class='ocrx_word' id='word_1_804' title='bbox 3698 5300 3744 5347; x_wconf 93' lang='lat' dir='ltr'><strong>ut</strong></span> <span class='ocrx_word' id='word_1_805' title='bbox 3770 5289 3862 5342; x_wconf 69' lang='lat' dir='ltr'><strong>inter</strong></span> 
     </span>
    </p>
   </div>
   <div class='ocr_carea' id='block_1_109' title="bbox 677 5318 3860 5460">
    <p class='ocr_par' dir='ltr' id='par_1_109' title="bbox 677 5318 3860 5460">
     <span class='ocr_line' id='line_1_109' title="bbox 677 5318 3858 5406; baseline 0.006 -32"><span class='ocrx_word' id='word_1_806' title='bbox 677 5319 926 5374; x_wconf 87' lang='lat' dir='ltr'><strong>salutem.</strong></span> <span class='ocrx_word' id='word_1_807' title='bbox 974 5318 1138 5389; x_wconf 87' lang='lat' dir='ltr'><strong>Cujus</strong></span> <span class='ocrx_word' id='word_1_808' title='bbox 1176 5321 1419 5391; x_wconf 82' lang='lat' dir='ltr'><strong>profecto</strong></span> <span class='ocrx_word' id='word_1_809' title='bbox 1449 5338 1640 5380; x_wconf 88' lang='lat' dir='ltr'><strong>sensus</strong></span> <span class='ocrx_word' id='word_1_810' title='bbox 1687 5328 2128 5397; x_wconf 89' lang='lat' dir='ltr'><strong>consequentiam</strong></span> <span class='ocrx_word' id='word_1_811' title='bbox 2158 5331 2259 5388; x_wconf 90' lang='lat' dir='ltr'><strong>sub</strong></span> <span class='ocrx_word' id='word_1_812' title='bbox 2362 5318 2499 5361; x_wconf 65' lang='grc'><strong>⁸⁸⁸⁸⁸³</strong></span> <span class='ocrx_word' id='word_1_813' title='bbox 2547 5318 2710 5362; x_wconf 45' lang='grc'><strong>’⁸⁸⁸³⁸⁷</strong></span> <span class='ocrx_word' id='word_1_814' title='bbox 2750 5318 3287 5405; x_wconf 53' lang='grc' dir='ltr'><strong>ντυ’”⁰ι“⁸,³¹¹¹¹¹ξίθ</strong></span> <span class='ocrx_word' id='word_1_815' title='bbox 3330 5318 3668 5406; x_wconf 38' lang='lat' dir='ltr'><strong>{no-&quot;5mm&quot;</strong></span> <span class='ocrx_word' id='word_1_816' title='bbox 3699 5318 3858 5392; x_wconf 80' lang='lat'><strong>&quot;‘.&quot;&quot;“</strong></span> 
     </span>
     <span class='ocr_line' id='line_1_110' title="bbox 677 5380 3860 5460; baseline -0.001 0"><span class='ocrx_word' id='word_1_817' title='bbox 677 5410 912 5460; x_wconf 69' lang='lat' dir='ltr'><strong>Lamech</strong></span> <span class='ocrx_word' id='word_1_818' title='bbox 940 5413 1118 5460; x_wconf 72' lang='lat' dir='ltr'><strong>littera</strong></span> <span class='ocrx_word' id='word_1_819' title='bbox 1143 5418 1507 5460; x_wconf 64' lang='lat' dir='ltr'><strong>nrnimmrilnr,</strong></span> <span class='ocrx_word' id='word_1_820' title='bbox 2610 5394 2689 5440; x_wconf 68' lang='grc' dir='ltr'><strong>ίοι</strong></span> <span class='ocrx_word' id='word_1_821' title='bbox 2726 5395 2981 5458; x_wconf 55' lang='lat' dir='ltr'><strong>tantaque</strong></span> <span class='ocrx_word' id='word_1_822' title='bbox 3010 5400 3135 5446; x_wconf 52' lang='lat' dir='ltr'><strong>“an</strong></span> <span class='ocrx_word' id='word_1_823' title='bbox 3174 5392 3521 5457; x_wconf 68' lang='lat' dir='ltr'><strong>dlscnmlnas</strong></span> <span class='ocrx_word' id='word_1_824' title='bbox 3559 5398 3762 5460; x_wconf 62' lang='lat' dir='ltr'><strong>separa&quot;</strong></span> <span class='ocrx_word' id='word_1_825' title='bbox 3797 5388 3860 5430; x_wconf 57' lang='lat' dir='ltr'><strong>ne.</strong></span> 
     </span>
    </p>
   </div>
   <div class='ocr_carea' id='block_1_110' title="bbox 675 5410 1510 5487">
    <p class='ocr_par' dir='ltr' id='par_1_110' title="bbox 675 5410 1510 5487">
     <span class='ocr_line' id='line_1_111' title="bbox 675 5410 1510 5487; baseline 0.006 -21"><span class='ocrx_word' id='word_1_826' title='bbox 675 5410 914 5470; x_wconf 86' lang='lat' dir='ltr'><strong>Lamech</strong></span> <span class='ocrx_word' id='word_1_827' title='bbox 939 5413 1121 5470; x_wconf 88' lang='lat' dir='ltr'><strong>littera</strong></span> <span class='ocrx_word' id='word_1_828' title='bbox 1143 5418 1510 5487; x_wconf 89' lang='lat' dir='ltr'><strong>prosequitur.</strong></span> 
     </span>
    </p>
   </div>
   <div class='ocr_carea' id='block_1_111' title="bbox 2366 4831 3955 4909">
    <p class='ocr_par' dir='ltr' id='par_1_111' title="bbox 2366 4831 3955 4909">
     <span class='ocr_line' id='line_1_112' title="bbox 2366 4831 3955 4909; baseline 0.009 -28"><span class='ocrx_word' id='word_1_829' title='bbox 2366 4836 2534 4884; x_wconf 90' lang='lat' dir='ltr'><strong>tatem</strong></span> <span class='ocrx_word' id='word_1_830' title='bbox 2564 4831 2944 4900; x_wconf 82' lang='lat' dir='ltr'><strong>professionis,</strong></span> <span class='ocrx_word' id='word_1_831' title='bbox 2981 4850 3142 4892; x_wconf 87' lang='lat' dir='ltr'><strong>servo</strong></span> <span class='ocrx_word' id='word_1_832' title='bbox 3165 4839 3359 4894; x_wconf 91' lang='lat' dir='ltr'><strong>cordis</strong></span> <span class='ocrx_word' id='word_1_833' title='bbox 3389 4833 3858 4909; x_wconf 65' lang='lat' dir='ltr'><strong>integritatemisem</strong></span> <span class='ocrx_word' id='word_1_834' title='bbox 3954 4836 3955 4843; x_wconf 56' lang='grc'><em>“</em></span> 
     </span>
    </p>
   </div>
   <div class='ocr_carea' id='block_1_112' title="bbox 2365 4916 3955 4984">
    <p class='ocr_par' dir='ltr' id='par_1_112' title="bbox 2365 4916 3955 4984">
     <span class='ocr_line' id='line_1_113' title="bbox 2365 4916 3955 4984; baseline 0.008 -13"><span class='ocrx_word' id='word_1_835' title='bbox 2365 4916 2628 4973; x_wconf 92' lang='lat' dir='ltr'><strong>illibatam</strong></span> <span class='ocrx_word' id='word_1_836' title='bbox 2655 4920 2801 4976; x_wconf 90' lang='lat' dir='ltr'><strong>inter</strong></span> <span class='ocrx_word' id='word_1_837' title='bbox 2820 4938 3010 4979; x_wconf 89' lang='lat' dir='ltr'><strong>omnes</strong></span> <span class='ocrx_word' id='word_1_838' title='bbox 3040 4925 3437 4984; x_wconf 65' lang='lat' dir='ltr'><strong>haereticorum</strong></span> <span class='ocrx_word' id='word_1_839' title='bbox 3461 4926 3665 4982; x_wconf 81' lang='lat' dir='ltr'><strong>fraudes</strong></span> <span class='ocrx_word' id='word_1_840' title='bbox 3683 4922 3859 4976; x_wconf 60' lang='lat' dir='ltr'><strong>virium</strong></span> <span class='ocrx_word' id='word_1_841' title='bbox 3954 4938 3955 4984; x_wconf 51' lang='grc' dir='ltr'>ἢ</span> 
     </span>
    </p>
   </div>
   <div class='ocr_carea' id='block_1_113' title="bbox 2362 5472 3955 5551">
    <p class='ocr_par' dir='ltr' id='par_1_113' title="bbox 2362 5472 3955 5551">
     <span class='ocr_line' id='line_1_114' title="bbox 2362 5472 3955 5551; baseline 0.014 -23"><span class='ocrx_word' id='word_1_842' title='bbox 2362 5485 2581 5545; x_wconf 84' lang='lat' dir='ltr'><strong>queata</strong></span> <span class='ocrx_word' id='word_1_843' title='bbox 2619 5478 2886 5536; x_wconf 77' lang='lat' dir='ltr'><strong>charitate</strong></span> <span class='ocrx_word' id='word_1_844' title='bbox 2932 5480 3152 5539; x_wconf 77' lang='lat' dir='ltr'><strong>Christi.</strong></span> <span class='ocrx_word' id='word_1_845' title='bbox 3210 5484 3326 5541; x_wconf 91' lang='lat' dir='ltr'><strong>Sed</strong></span> <span class='ocrx_word' id='word_1_846' title='bbox 3370 5487 3501 5542; x_wconf 90' lang='lat' dir='ltr'><strong>dicit</strong></span> <span class='ocrx_word' id='word_1_847' title='bbox 3541 5498 3651 5540; x_wconf 87' lang='lat' dir='ltr'><strong>cum</strong></span> <span class='ocrx_word' id='word_1_848' title='bbox 3676 5472 3862 5551; x_wconf 68' lang='grc' dir='ltr'><strong>ρτοιιικίί</strong></span> <span class='ocrx_word' id='word_1_849' title='bbox 3954 5472 3955 5551; x_wconf 53' lang='grc' dir='ltr'><strong><em>ἕ</em></strong></span> 
     </span>
    </p>
   </div>
   <div class='ocr_carea' id='block_1_114' title="bbox 1346 5548 3861 5645">
    <p class='ocr_par' dir='ltr' id='par_1_114' title="bbox 1346 5548 3861 5645">
     <span class='ocr_line' id='line_1_115' title="bbox 1346 5548 3861 5645; baseline 0.01 -42"><span class='ocrx_word' id='word_1_850' title='bbox 1346 5548 1574 5589; x_wconf 58' lang='lat' dir='ltr'><strong>Huc“-</strong></span> <span class='ocrx_word' id='word_1_851' title='bbox 1816 5570 1825 5579; x_wconf 77' lang='lat'><strong>‘</strong></span> <span class='ocrx_word' id='word_1_852' title='bbox 2361 5566 2532 5623; x_wconf 86' lang='lat' dir='ltr'><strong>David</strong></span> <span class='ocrx_word' id='word_1_853' title='bbox 2560 5570 2724 5625; x_wconf 87' lang='lat' dir='ltr'><strong>etiam</strong></span> <span class='ocrx_word' id='word_1_854' title='bbox 2750 5570 2889 5627; x_wconf 92' lang='lat' dir='ltr'><strong>inter</strong></span> <span class='ocrx_word' id='word_1_855' title='bbox 2907 5572 3147 5645; x_wconf 86' lang='lat' dir='ltr'><strong>ﬂagella:</strong></span> <span class='ocrx_word' id='word_1_856' title='bbox 3187 5575 3334 5632; x_wconf 84' lang='lat' dir='ltr'><strong>Ecce</strong></span> <span class='ocrx_word' id='word_1_857' title='bbox 3353 5580 3488 5633; x_wconf 86' lang='lat' dir='ltr'><strong>sicut</strong></span> <span class='ocrx_word' id='word_1_858' title='bbox 3515 5574 3642 5630; x_wconf 88' lang='lat' dir='ltr'><strong>oculi</strong></span> <span class='ocrx_word' id='word_1_859' title='bbox 3670 5548 3861 5625; x_wconf 66' lang='lat' dir='ltr'><strong>imm&quot;</strong></span> 
     </span>
    </p>
   </div>
   <div class='ocr_carea' id='block_1_115' title="bbox 2362 5648 3864 5744">
    <p class='ocr_par' dir='ltr' id='par_1_115' title="bbox 2362 5648 3864 5744">
     <span class='ocr_line' id='line_1_116' title="bbox 2362 5648 3864 5744; baseline 0.004 -33"><span class='ocrx_word' id='word_1_860' title='bbox 2362 5661 2415 5712; x_wconf 89' lang='lat' dir='ltr'><strong>in</strong></span> <span class='ocrx_word' id='word_1_861' title='bbox 2441 5661 2687 5716; x_wconf 86' lang='lat' dir='ltr'><strong>manibus</strong></span> <span class='ocrx_word' id='word_1_862' title='bbox 2710 5662 3045 5719; x_wconf 84' lang='lat' dir='ltr'><strong>dominorum</strong></span> <span class='ocrx_word' id='word_1_863' title='bbox 3071 5683 3323 5734; x_wconf 83' lang='lat' dir='ltr'><strong>suorum,</strong></span> <span class='ocrx_word' id='word_1_864' title='bbox 3355 5680 3403 5723; x_wconf 86' lang='lat' dir='ltr'><strong>et</strong></span> <span class='ocrx_word' id='word_1_865' title='bbox 3426 5670 3556 5723; x_wconf 84' lang='lat' dir='ltr'><strong>sicut</strong></span> <span class='ocrx_word' id='word_1_866' title='bbox 3578 5660 3699 5720; x_wconf 78' lang='lat' dir='ltr'><strong>oculi</strong></span> 
     </span>
    </p>
   </div>
   <div class='ocr_carea' id='block_1_116' title="bbox 2357 5743 3866 5816">
    <p class='ocr_par' dir='ltr' id='par_1_116' title="bbox 2357 5743 3866 5816">
     <span class='ocr_line' id='line_1_117' title="bbox 2357 5743 3866 5816; baseline 0 -10"><span class='ocrx_word' id='word_1_867' title='bbox 2357 5750 2416 5807; x_wconf 88' lang='lat' dir='ltr'><strong>in</strong></span> <span class='ocrx_word' id='word_1_868' title='bbox 2437 5751 2680 5809; x_wconf 85' lang='lat' dir='ltr'><strong>manibus</strong></span> <span class='ocrx_word' id='word_1_869' title='bbox 2704 5753 2931 5812; x_wconf 66' lang='lat' dir='ltr'><strong>domina:</strong></span> <span class='ocrx_word' id='word_1_870' title='bbox 2977 5772 3089 5814; x_wconf 71' lang='lat' dir='ltr'><strong>sua:</strong></span> <span class='ocrx_word' id='word_1_871' title='bbox 3121 5771 3139 5812; x_wconf 81' lang='lat'><strong>.&#39;</strong></span> <span class='ocrx_word' id='word_1_872' title='bbox 3174 5758 3256 5814; x_wconf 89' lang='lat' dir='ltr'><strong>ita</strong></span> <span class='ocrx_word' id='word_1_873' title='bbox 3298 5758 3442 5816; x_wconf 82' lang='lat' dir='ltr'><strong>oculi</strong></span> <span class='ocrx_word' id='word_1_874' title='bbox 3474 5756 3628 5813; x_wconf 77' lang='lat' dir='ltr'><strong>nostri</strong></span> <span class='ocrx_word' id='word_1_875' title='bbox 3660 5748 3719 5806; x_wconf 82' lang='lat' dir='ltr'><strong>ad</strong></span> <span class='ocrx_word' id='word_1_876' title='bbox 3739 5743 3866 5802; x_wconf 58' lang='lat' dir='ltr'><strong>Dm</strong></span> 
     </span>
    </p>
   </div>
   <div class='ocr_carea' id='block_1_117' title="bbox 749 5644 2255 5721">
    <p class='ocr_par' dir='ltr' id='par_1_117' title="bbox 749 5644 2255 5721">
     <span class='ocr_line' id='line_1_118' title="bbox 749 5644 2255 5721; baseline 0.006 -21"><span class='ocrx_word' id='word_1_877' title='bbox 749 5644 825 5701; x_wconf 84' lang='lat' dir='ltr'><strong>Ut</strong></span> <span class='ocrx_word' id='word_1_878' title='bbox 843 5657 1129 5704; x_wconf 87' lang='lat' dir='ltr'><strong>contereret</strong></span> <span class='ocrx_word' id='word_1_879' title='bbox 1159 5650 1254 5703; x_wconf 90' lang='lat' dir='ltr'><strong>sub</strong></span> <span class='ocrx_word' id='word_1_880' title='bbox 1280 5650 1497 5719; x_wconf 85' lang='lat' dir='ltr'><strong>pedibus</strong></span> <span class='ocrx_word' id='word_1_881' title='bbox 1519 5651 1629 5706; x_wconf 85' lang='lat' dir='ltr'><strong>suis</strong></span> <span class='ocrx_word' id='word_1_882' title='bbox 1658 5667 1836 5707; x_wconf 88' lang='lat' dir='ltr'><strong>omnes</strong></span> <span class='ocrx_word' id='word_1_883' title='bbox 1858 5652 2058 5708; x_wconf 82' lang='lat' dir='ltr'><strong>vinctos</strong></span> <span class='ocrx_word' id='word_1_884' title='bbox 2077 5664 2255 5721; x_wconf 82' lang='lat' dir='ltr'><strong>teme,</strong></span> 
     </span>
    </p>
   </div>
   <div class='ocr_carea' id='block_1_118' title="bbox 672 5735 2258 5808">
    <p class='ocr_par' dir='ltr' id='par_1_118' title="bbox 672 5735 2258 5808">
     <span class='ocr_line' id='line_1_119' title="bbox 672 5735 2258 5808; baseline 0.011 -20"><span class='ocrx_word' id='word_1_885' title='bbox 672 5745 728 5794; x_wconf 85' lang='lat' dir='ltr'><strong>ut</strong></span> <span class='ocrx_word' id='word_1_886' title='bbox 756 5735 1041 5791; x_wconf 86' lang='lat' dir='ltr'><strong>declinaret</strong></span> <span class='ocrx_word' id='word_1_887' title='bbox 1071 5737 1324 5801; x_wconf 83' lang='lat' dir='ltr'><strong>iudicium</strong></span> <span class='ocrx_word' id='word_1_888' title='bbox 1355 5741 1451 5795; x_wconf 74' lang='lat' dir='ltr'><strong>viri</strong></span> <span class='ocrx_word' id='word_1_889' title='bbox 1475 5741 1529 5796; x_wconf 90' lang='lat' dir='ltr'><strong>in</strong></span> <span class='ocrx_word' id='word_1_890' title='bbox 1550 5752 1831 5808; x_wconf 81' lang='lat' dir='ltr'><strong>conspectu</strong></span> <span class='ocrx_word' id='word_1_891' title='bbox 1851 5742 2022 5800; x_wconf 85' lang='lat' dir='ltr'><strong>vultus</strong></span> <span class='ocrx_word' id='word_1_892' title='bbox 2049 5743 2258 5805; x_wconf 82' lang='lat' dir='ltr'><strong>Altissi-</strong></span> 
     </span>
    </p>
   </div>
  </div>
