4078 6348
193 395 323 449 1175

916 388 1276 447 EXPOSITIO
1312 388 1379 444 IN
1418 386 1993 445 LAMENTATIONES
2024 386 2363 443 JEREMIAE.
2388 418 2459 428 —
2480 386 2609 443 LIB.
2648 386 2732 442 lll.

3298 388 3438 447 1174

195 523 310 562 nunt
338 506 506 561 Deum
538 512 792 565 nostrum,
830 502 994 556 donec
1030 503 1339 556 misereatur
1375 503 1538 556 nostri
1582 500 1753 573 (Psal.
1787 507 1839 566 Α
1862 501 1993 556 laris
2036 509 2118 556 est
2146 501 2290 566 vitae,
2320 511 2587 570 quatenus
2612 500 2853 570 liqueﬁat
2877 501 2997 574 igne
3022 503 3205 559 divino
3228 504 3439 563 ferreus

192 598 375 669 esui).
408 595 535 651 Post
576 594 737 665 hujus
770 596 890 649 lidei
926 595 1307 659 constantiam,
1339 594 1489 648 venit
1514 594 1581 649 ad
1621 594 1759 649 Mem

194 695 445 757 litteram,
473 700 528 747 et
549 690 723 762 surgit
741 691 896 760 quasi
922 690 1308 761 propugnatrix
1325 688 1548 758 justitia‘,
1572 700 1762 745 contra

193 802 375 844 omnes
403 786 718 857 Epicureos,
760 784 843 838 vel
880 784 1044 838 etiam
1087 792 1273 838 contra
1321 798 1414 838 eos
1447 783 1538 853 qui
1578 783 1763 838 dicunt

192 881 354 935 Deum
384 895 492 933 non
522 893 712 933 curare
742 876 1007 932 mortalia.
1038 875 1236 930 Contra
1266 891 1400 944 quos
1432 876 1594 930 etiam
1616 874 1762 929 Psal-

191 990 306 1030 mus
351 988 500 1028 Lxm
527 955 809 1033 attollitur,
845 971 896 1024 in
920 985 1028 1039 quo
1055 970 1206 1025 aiunt
1236 969 1334 1040 ipsi
1361 983 1614 1038 perversa
1635 982 1759 1022 sen-

191 1067 416 1120 tientes:
450 1063 731 1131 Quomodo
772 1062 873 1117 scit
905 1063 1067 1127 Deus,
1099 1070 1193 1115 aut
1232 1062 1277 1116 si
1323 1070 1405 1115 cst
1437 1061 1662 1116 scicntia
1707 1060 1760 1113 in

189 1153 450 1210 excelsis?
480 1154 586 1209 Pro
612 1168 720 1223 quo
746 1153 909 1207 etiam
960 1162 1253 1222 praasentes
1302 1151 1551 1207 versiculi
1582 1150 1759 1206 incre-

187 1259 315 1315 pare
343 1244 598 1300 videntur
625 1259 739 1299 eos.

898 1376 1045 1431 MEM.

256 1526 386 1594 Quis
417 1535 493 1581 est
511 1525 627 1589 iste,
655 1523 847 1594 inquit,
879 1524 967 1595 qui
986 1524 1116 1577 dixit
1139 1533 1192 1577 nt
1215 1524 1382 1592 ﬁeret,
1413 1523 1635 1577 Domino
1658 1540 1760 1577 non

183 1620 393 1689 jubente
416 1632 434 1669 :
460 1634 525 1671 ea:
554 1634 642 1671 ore
671 1615 926 1669 Altissimi
965 1632 1065 1669 non
1113 1615 1441 1683 egrediuntur
1486 1631 1575 1668 nec
1619 1614 1760 1667 mala

192 1727 278 1765 nec
322 1709 505 1763 bona?
540 1706 681 1773 Quid
722 1706 1063 1760 murmurat-it
1103 1707 1256 1758 homo
1302 1706 1500 1769 uirens,
1552 1706 1629 1757 vir
1666 1720 1759 1773 pro

188 1803 410 1873 peccatis
439 1802 547 1856 suis
572 1801 598 1854 ?
646 1799 801 1861 Haec,
836 1808 896 1853 ut
924 1800 1054 1860 dixi,
1089 1799 1187 1852 sub
1225 1797 1359 1851 Mem
1391 1798 1565 1851 littera
1609 1797 1760 1865 plan-

1861 593 2076 661 quideni
2105 593 2313 662 peccati
2341 593 2508 664 rigor,
2523 602 2577 647 et
2602 608 2835 664 superno
2862 594 3139 651 mollescat
3165 597 3435 664 incendio,

1862 686 2150 750 intantum,
2195 687 2442 741 utetiam
2466 695 2656 741 contra
2684 687 3028 743 insolentiam
3062 690 3436 759 reproborum,

1863 776 1962 846 ipsi
1984 792 2080 846 pro
2099 776 2203 832 ﬁde
2229 787 2441 834 certare
2462 778 2742 835 videamur
2767 794 2830 835 ac
2858 780 3069 836 dicere:
3098 783 3229 847 Quis
3244 794 3318 837 est
3341 762 3439 841 isis

1860 871 1949 940 qui
1969 870 2121 937 dixit,
2152 887 2217 926 ea:
2250 888 2339 925 ore
2368 872 2623 928 Altissimi
2653 889 2756 927 non
2803 874 3134 942 egrediantur
3162 892 3254 930 nec
3295 876 3438 930 mala

1862 978 1954 1014 nec
1982 962 2155 1016 bona?
2176 964 2476 1033 praesertim
2507 980 2628 1019 cum
2655 972 2713 1019 et
2738 965 2877 1018 mala
2906 981 3012 1021 non
3043 966 3145 1020 nisi
3171 966 3316 1035 justo
3340 982 3441 1022 suo

1853 1050 2057 1120 judicio
2083 1054 2152 1108 ab
2182 1054 2299 1124 ipso
2322 1064 2465 1120 sunt,
2497 1070 2600 1109 nec
2632 1056 2770 1110 bona
2796 1055 2897 1110 nisi
2929 1055 3046 1125 ejus
3069 1056 3437 1111 misericordia

1860 1153 2188 1213 prmstantur
2212 1164 2223 1197 :
2258 1161 2364 1199 non
2395 1146 2516 1201 dico
2545 1146 2701 1201 bonis
2724 1154 2779 1200 et
2807 1148 3033 1210 sanctis,
3058 1162 3243 1201 verum
3275 1148 3439 1202 etiam

1863 1250 2023 1303 quam
2063 1249 2206 1303 διερο
2237 1234 2481 1304 reprobis
2508 1243 2563 1289 et
2588 1234 2877 1289 damnatis.
2909 1234 3062 1291 Unde
3089 1235 3444 1305 professionis

1824 1372 1829 1375 .
1861 1340 1995 1381 voce
2019 1327 2082 1381 de
2103 1326 2381 1396 utrisque:
2419 1327 2557 1392 Quid
2597 1328 3022 1392 murmuraverit,
3062 1328 3255 1397 inquit,
3286 1329 3441 1383 homo

1861 1418 2051 1481 uirens,
2070 1420 2145 1471 vir
2161 1435 2254 1487 pro
2266 1420 2518 1487 pecccatis
2532 1420 2681 1473 suis?
2702 1419 2852 1485 Quod
2875 1428 2930 1474 et
2948 1419 3178 1474 Paulus:
3199 1418 3243 1473 Ο
3264 1421 3441 1487 homo,

1863 1507 2057 1575 inquit,
2088 1516 2142 1558 tu
2165 1508 2279 1575 quis
2308 1524 2361 1560 es
2390 1508 2478 1577 qui
2503 1509 2813 1580 respondeas
2836 1509 2976 1562 Deo:
3004 1509 3257 1580 Nunquid
3276 1520 3443 1579 potest

1862 1593 2033 1647 dicere
2060 1612 2145 1648 vas
2169 1595 2339 1665 ﬁguli,
2368 1596 2573 1651 scilicet
2597 1606 2731 1653 testa
2757 1599 2832 1653 de'
2854 1600 3040 1655 samiis
3066 1607 3239 1664 terrai,
3268 1599 3446 1665 Quare

1863 1699 1943 1736 me
1970 1684 2044 1736 sic
2082 1684 2291 1752 fecisti?
2332 1685 2503 1755 (Rom.
2542 1686 2643 1758 ix.)
2678 1687 2890 1758 Alioqui
2944 1689 2997 1742 in
3026 1690 3277 1745 omnibus
3313 1691 3444 1760 quid

1864 1776 2219 1829 murmuravit
2267 1779 2429 1831 homo
2476 1778 2685 1843 vivens,
2718 1789 2806 1834 aut
2833 1791 2981 1836 certe
3030 1782 3158 1852 quid
3197 1783 3444 1839 dicturus

189 1866 404 1962 tum”.
436 1890 571 1944 Mem
602 1890 800 1960 quippe
827 1905 891 1942 επ
920 1888 1116 1941 inn-mis
1141 1887 1219 1939 νυι
1247 1904 1311 1939 η
1337 1887 1459 1954 ipsi;
1495 1887 1761 1955 i,,.e,pre_
1792 1872 1839 1932 Β
1865 1874 1949 1962 est
1981 1866 2061 1918 vir
2081 1882 2176 1935 pro
2199 1869 2430 1936 peccatis
2452 1869 2585 1935 suis,
2610 1886 2731 1924 cum
2754 1872 2932 1926 omnia
2955 1873 3282 1929 concluserit
3302 1874 3445 1934 Deus

192 1993 365 2045 tatur;
396 1990 452 2035 et
473 1988 529 2035 ut
559 1980 647 2034 alii
681 1980 865 2035 dicunt
896 1997 908 2032 :
940 1980 1072 2049 ignis
1103 1994 1167 2031 ea:
1187 1976 1406 2040 ultimis,
1435 1977 1527 2031 sed
1559 1985 1766 2030 utrum-

191 2086 445 2144 que‘non
500 2071 776 2127 discordat
827 2086 857 2124 a
914 2078 1063 2125 textu
1116 2067 1272 2137 hujus
1332 2068 1597 2133 lamcnti;
1640 2068 1766 2137 quia

191 2165 367 2235 magni
404 2179 472 2219 ex
516 2162 710 2217 ardore
745 2160 949 2216 amoris
992 2168 1112 2225 est,
1159 2159 1302 2229 quod
1347 2159 1460 2229 jam
1513 2173 1617 2213 non
1667 2173 1767 2229 pro

190 2273 251 2312 se
279 2265 465 2311 contra
507 2254 784 2325 improbos
804 2295 817 2319 ,
843 2268 1003 2323 quam
1036 2267 1132 2322 pro
1162 2252 1271 2306 Deo
1301 2251 1403 2306 ﬁde
1437 2260 1647 2307 certare
1691 2251 1766 2305 vi-

191 2345 369 2402 detur.
390 2346 710 2417 Agbitratur-
726 2344 870 2399 enim
898 2342 1216 2412 obsequium
1247 2357 1305 2396 se
1344 2351 1599 2412 prtestare
1635 2342 1765 2409 Deo,

191 2439 234 2493 si
294 2444 485 2491 contra
544 2436 935 2505 obloquentes,
996 2433 1153 2503 quasi
1218 2432 1283 2487 de
1350 2432 1494 2487 celso
1566 2433 1769 2487 vertice

190 2526 570 2581 subsannando
609 2526 773 2587 dicat,
817 2524 947 2590 Quis
987 2525 1202 2599 est’iste
1242 2524 1330 2593 qui
1366 2524 1498 2576 dixit
1526 2533 1579 2575 ut
1601 2523 1767 2591 ﬁeret,

188 2617 297 2671 Deo
324 2634 431 2671 non
464 2616 722 2686 jabente?
741 2630 805 2669 ac
831 2616 874 2670 si
907 2623 1157 2684 patenter
1180 2614 1344 2678 dicat,
1378 2612 1511 2681 Quis
1536 2622 1619 2668 est
1645 2614 1765 2679 iste,

190 2722 309 2762 cum
336 2707 411 2760 sit
438 2706 579 2761 cinis
607 2714 663 2760 et
693 2705 896 2775 pulvis,
926 2721 1025 2761 suo
1059 2704 1276 2759 inﬂatus
1312 2705 1528 2773 spiritu,
1555 2704 1646 2774 qui
1676 2720 1769 2758 au-

190 2799 314 2853 deat
335 2797 403 2852 de
428 2798 692 2852 immenso
714 2806 768 2851 et
799 2796 1272 2865 incircumscripto
1303 2796 1434 2859 Deo,
1466 2811 1577 2850 sua:
1608 2796 1771 2851 sortis

190 2888 470 2956 disputata
493 2887 695 2951 verbis,
725 2895 781 2941 et
804 2889 1143 2942 subsannare
1166 2901 1265 2940 nos
1290 2886 1380 2956 qui
1416 2884 1767 2956 ﬂagellamur,

192 2993 255 3032 ac
279 2979 323 3032 si
354 2978 451 3031 lilii
476 2977 783 3047 adoptionis
822 2978 1050 3033 necdum
1075 2979 1177 3032 hoc
1200 2978 1398 3031 mundo
1418 2976 1770 3032 damnemur?

191 3070 399 3136 Quibus
418 3069 660 3139 profecto
680 3070 866 3124 verbis
888 3077 1061 3140 patet,
1094 3070 1237 3139 quod
1260 3069 1393 3123 nihil
1424 3084 1528 3123 non
1545 3067 1768 3136 jubente

180 3160 332 3230 justo
354 3176 485 3216 vero
508 3160 603 3215 Dei
618 3160 822 3231 judicio
858 3162 918 3215 ﬁt
946 3161 997 3215 in
1024 3160 1198 3225 nobis,
1223 3175 1288 3215 ac
1306 3170 1589 3230 propterea
1614 3160 1771 3229 quid-

1865 1956 1967 2010 sub
1990 1967 2235 2025 peccato,
2268 1969 2326 2011 ut
2354 1973 2513 2012 omne
2554 1975 2616 2014 os
2657 1961 2989 2027 obstruatur,
3022 1974 3077 2016 et
3129 1964 3225 2019 ﬁat
3271 1965 3448 2021 omnis

1868 2050 2097 2105 mundus
2121 2050 2368 2106 subditus
2390 2051 2499 2106 Deo
2519 2050 2659 2121 (Gal.
2683 2052 2788 2123 ιιι).
2818 2053 3083 2110 Caeterum
3113 2055 3327 2111 desides
3346 2065 3445 2112 aut

1866 2145 2145 2206 vecordes,
2173 2142 2455 2213 ﬁngantde
2480 2144 2734 2200 cordibus
2761 2147 2873 2201 suis
2895 2147 3078 2210 Deum,
3097 2156 3155 2202 ut
3179 2148 3310 2212 dixi,
3336 2165 3445 2203 non

1868 2247 2061 2288 curare
2090 2231 2368 2287 mortalia:
2398 2234 2467 2287 ab
2499 2232 2613 2303 ipso
2656 2242 2804 2299 sunt,
2846 2243 2904 2288 ut
2948 2236 3124 2289 anima
3158 2237 3446 2291 conﬁtetur

1882 2313 2181 2383 disciplinis
2206 2314 2408 2371 Christi
2448 2318 2657 2372 erudita
2684 2319 2819 2373 mala
2842 2320 2925 2375 vel
2949 2321 3110 2375 bona.
3139 2320 3347 2375 Idcirco
3367 2334 3467 2390 op-

1881 2404 2046 2475 pilata
2068 2414 2153 2461 est
2170 2408 2348 2462 omnis
2376 2408 2654 2478 iniquitas,
2683 2425 2783 2464 nec
2799 2411 2961 2465 habet
2984 2411 3111 2480 quid
3145 2414 3469 2483 respondeat

1882 2496 2042 2549 homo
2074 2497 2404 2567 compositus
2431 2499 2560 2563 Deo,
2586 2509 2639 2552 et
2661 2500 2705 2553 si
2742 2499 2836 2554 ﬁat
2854 2515 2950 2554 vas
2980 2501 3032 2553 in
3060 2501 3463 2569 contumeliam,

1880 2585 2005 2639 dum
2031 2587 2272 2655 quotidie
2294 2587 2652 2643 meliorantur
2672 2605 2800 2645 vasa
2829 2605 2991 2646 aurea
3012 2589 3237 2663 ﬂagellis
3268 2591 3383 2654 Dei,
3413 2600 3470 2646 et

1880 2686 2133 2746 argentea
2166 2679 2217 2732 in
2245 2679 2524 2734 honorem.
2554 2679 2667 2736 Hoc
2710 2682 2907 2752 quippe
2935 2683 3102 2738 habet
3128 2698 3193 2738 ex
3219 2683 3461 2740 intimis:

1879 2769 1983 2823 hoc
2006 2778 2059 2823 et
2105 2770 2245 2841 ignis
2271 2785 2337 2825 ex
2365 2771 2587 2836 ultimis,
2617 2773 2718 2828 hoc
2763 2788 2828 2827 ex
2870 2774 3019 2844 ipsis,
3075 2782 3132 2829 ut
3172 2775 3349 2832 omnis
3377 2789 3467 2831 sa-

1877 2859 2137 2928 pientium
2161 2875 2373 2927 sensus,
2387 2862 2567 2918 omnis
2588 2877 2767 2918 sermo
2788 2863 3159 2934 prudentium,
3181 2864 3360 2920 omnis
3370 2864 3468 2920 lla-

1879 2953 2149 3021 grantium
2180 2955 2403 3010 tentatio
2419 2956 2755 3025 passionum,
2779 2957 2958 3013 omnis
2985 2966 3211 3014 conatus
3236 2959 3470 3016 actionis

1877 3046 2057 3101 calore
2080 3057 2331 3103 recoctus
2348 3051 2551 3106 amoris
2585 3051 2703 3116 Dei,
2740 3037 2965 3121 incipiat
2998 3068 3120 3109 esse
3153 3054 3466 3123 pretiosior.

1878 3135 2061 3194 Bonus
2083 3139 2248 3211 igitur
2271 3142 2412 3213 ignis
2432 3143 2581 3198 cbari
2592 3145 2716 3200 tatis
2731 3144 2846 3211 Dei,
2864 3146 3039 3201 bonus
3059 3161 3123 3201 ex
3152 3146 3357 3203 intimis
3382 3147 3468 3201 vi-

185 3252 318 3321 quid
369 3251 621 3322 superius
668 3259 857 3307 εοηιη
903 3251 1073 3306 Deum
1128 3251 1474 3321 lacrymando
1509 3250 1769 3320 prmum,
1798 3221 1843 3284 C
1879 3233 2126 3288 secribus
2153 3232 2378 3289 affectus
2399 3238 2619 3303 amoris,
2648 3238 2823 3294 bonus
2853 3254 2920 3293 ex
2945 3239 3076 3309 ipsis
3100 3240 3259 3295 timor
3279 3254 3471 3310 perse-

186 3346 367 3416 magis
393 3360 463 3400 ex
488 3343 637 3400 fonte
664 3345 883 3416 pietatis
913 3348 1081 3410 venit,
1116 3359 1276 3414 quam
1312 3358 1378 3398 ex
1408 3344 1774 3413 querimonia—

186 3451 313 3491 rum
344 3434 675 3504 prazjudicio.
703 3434 859 3491 Unde
886 3451 1126 3506 praesens
1156 3436 1334 3490 littera
1359 3450 1425 3490 ex
1456 3436 1661 3490 intimis
1688 3451 1776 3492 so-

186 3538 327 3580 lare
356 3525 593 3591 videtur;
621 3527 875 3595 quoniam
907 3527 1166 3596 quidquid
1214 3541 1376 3582 causa
1418 3525 1776 3582 confessionis

187 3616 402 3683 intulit,
430 3632 497 3672 ex
524 3617 730 3672 intimis
753 3617 1051 3674 visceribus
1079 3617 1252 3683 ﬂuxit,
1284 3627 1339 3673 et
1369 3618 1508 3687 ignis
1534 3617 1772 3671 Charita-

188 3707 267 3762 tis
306 3705 496 3761 Deiex
521 3705 726 3761 ultimis
768 3707 1191 3777 praecordiorum
1238 3706 1477 3760 manavit
1503 3704 1774 3770 medullis,

187 3809 253 3855 ut
279 3801 517 3869 quodam
556 3815 699 3855 nexu
743 3800 942 3856 caloris
984 3799 1114 3863 Dei,
1164 3801 1309 3854 intus
1336 3804 1779 3854 concremaretur

186 3890 434 3946 ossibus.
466 3889 558 3946 Sic
585 3891 818 3960 denique
843 3889 999 3961 longe
1033 3906 1197 3960 supra
1228 3890 1280 3943 in
1308 3890 1512 3945 eisdem
1547 3888 1775 3953 threnis,

186 3983 439 4053 ejusdem
484 3990 664 4037 textus
699 3982 896 4037 litterae
950 3984 1055 4037 hoc
1088 3982 1376 4037 ‘continere
1423 3980 1655 4045 videtur,
1695 3979 1779 4033 Ea:

186 4074 327 4137 alto,
359 4074 559 4143 inquit,
593 4074 744 4129 misit
772 4074 950 4144 ignem
980 4074 1034 4128 in
1064 4074 1279 4129 ossibus
1309 4074 1443 4128 meis
1469 4072 1684 4144 (Tliren.
1714 4070 1777 4142 ι).

183 4166 384 4221 Bonus
426 4179 558 4236 ergo
583 4164 732 4220 Deus
755 4206 770 4231 ,
815 4166 909 4236 qui
938 4165 1092 4221 nobis
1114 4166 1259 4220 hunc
1288 4164 1528 4219 immittit
1557 4163 1735 4233 ignem
1762 4204 1775 4225 ,

187 4258 343 4314 unde
376 4258 665 4329 diligentes
691 4273 837 4324 eum,
865 4259 1096 4330 gratiam
1128 4266 1184 4313 et
1210 4258 1435 4329 gloriam
1465 4257 1780 4312 meritorum

187 4352 246 4405 in
308 4358 604 4419 conspectu
655 4349 773 4420 ejus
837 4350 1080 4404 invenire
1142 4350 1446 4419 possimus,
1490 4356 1570 4402 tet
1621 4360 1783 4416 quem

186 4442 247 4497 in
292 4441 454 4497 nobis
497 4440 674 4495 mittat
704 4440 881 4512 ignem
905 4480 921 4506 ,
957 4441 1069 4510 ipse
1099 4454 1198 4494 nos
1226 4440 1436 4493 doceat.
1482 4437 1572 4491 Ait
1598 4437 1740 4491 enim
1766 4475 1781 4502 ,

190 4529 425 4604 ιω
444 4530 627 4601 Ignem
643 4532 754 4585 veni
775 4531 978 4584 mittere
996 4531 1052 4583 in
1074 4539 1288 4593 terram,
1313 4539 1359 4582 et
1382 4528 1506 4600 quid
1527 4526 1662 4593 volo,
1685 4526 1785 4579 nisi

185 4632 252 4676 ut
285 4621 519 4675 ardeat?
556 4619 710 4691 (Luc.
734 4620 859 4692 Ill.)
893 4618 1074 4674 Bonus
1101 4620 1263 4688 igitur
1291 4618 1451 4687 ignis,
1478 4632 1637 4686 quem
1671 4614 1786 4668 vult

185 4713 446 4769 omnium
479 4712 728 4768 Salvator
756 4712 928 4783 magis
958 4711 1237 4782 magisque
1274 4708 1521 4770 accendi,
1561 4721 1788 4777 praeser-

186 4806 301 4859 tim
332 4818 460 4858 eutn
489 4810 546 4858 et
573 4804 691 4873 ipse
720 4803 791 4857 sit
816 4803 955 4874 ignis
978 4816 1168 4865 vorax,
1218 4800 1310 4871 qui
1350 4807 1533 4853 nostra
1566 4805 1787 4866 peccata

184 4904 509 4960 consumet,
541 4895 857 4964 intitnisque
881 4893 1194 4965 pectoribus
1219 4891 1415 4946 divina:
1442 4889 1790 4963 cupiditatem

184 4985 532 5058 cognitionis
582 4982 851 5049 infundat,
882 4998 1149 5054 qua.enus
1180 4982 1367 5037 redeat
1410 4980 1463 5034 in
1512 4978 1668 5033 nobis
1697 4993 1793 5032 cor

184 5088 473 5142 nostrum,
509 5087 570 5134 ut
594 5079 773 5149 capiat
801 5078 1108 5132 divinarum
1140 5076 1336 5131 seriem
1363 5073 1790 5142 Scripturarum,

186 5182 252 5228 et
289 5170 509 5226 hauriat
539 5170 739 5225 fontem
772 5183 926 5238 aquae
954 5167 1198 5222 salientis
1244 5166 1294 5219 in
1326 5164 1493 5218 vitam
1538 5171 1820 5217 aeternam

187 5262 397 5335 (Ioan.
437 5263 534 5330 tv).
562 5259 675 5315 Hoc
696 5272 931 5328 namque
956 5258 1076 5327 igne
1100 5255 1367 5325 CleOphas
1395 5268 1490 5308 cor
1519 5267 1677 5307 suum
1707 5251 1793 5305 di-

187 5354 369 5409 cebat
413 5353 625 5416 ardere,
655 5365 777 5406 cum
827 5348 1077 5403 Christus
1106 5348 1184 5401 eis
1222 5346 1461 5415 aperiret
1487 5343 1799 5412 Scripturas

188 5446 259 5501 in
292 5444 382 5498 via
417 5443 567 5513 (Luc.
601 5443 771 5513 xxiv).
798 5441 1072 5497 Profunda
1105 5443 1267 5513 igitur
1298 5442 1351 5497 in
1380 5440 1559 5496 verbis
1588 5439 1681 5494 Dei
1716 5439 1797 5493 vi-

189 5537 407 5593 demus
428 5534 706 5606 mysteria,
725 5532 928 5589 idcirco
941 5548 1006 5587 ex
1030 5532 1256 5597 intimis,
1274 5532 1555 5596 veletiam,
1580 5540 1639 5584 ut
1661 5529 1798 5583 alius

187 5626 487 5696 interpres
521 5627 616 5691 ait,
642 5640 707 5682 ex
738 5625 873 5696 ipsis
899 5626 1057 5681 debet
1090 5625 1227 5693 ignis
1276 5624 1520 5688 accendi,
1551 5622 1703 5692 quasi
1730 5638 1797 5676 ex

188 5716 706 5774 nltisnisviseerum
738 5717 952 5772 ossibus
985 5724 1180 5771 exurat
1203 5715 1256 5768 in
1289 5715 1444 5769 nobis
1475 5713 1677 5777 fenum,
1703 5714 1799 5767 sti-

185 5808 420 5890 pulam,
448 5807 529 5866 vel
555 5809 835 5884 plumbum
862 5807 1182 5882 iniquitatis,
1214 5805 1300 5862 vel
1345 5805 1603 5879 quidquid
1635 5822 1800 5862 saecu-

1878 3337 2095 3389 verans,
2123 3326 2456 3395 operationis
2481 3344 2697 3400 quoque
2723 3346 2921 3401 corpus
2944 3346 3103 3387 omne
3126 3331 3381 3401 Ecclesiae
3412 3330 3470 3389 in

1880 3413 2099 3486 1449
2119 3426 2357 3471 mutuam
2388 3419 2649 3475 adolescit
2669 3424 2917 3493 gratiam.
2944 3423 3127 3478 Bonus
3148 3423 3364 3492 quidem
3385 3423 3466 3478 di-

1884 3503 2136 3562 lectionis
2159 3508 2319 3578 ignis,
2341 3524 2448 3580 quo
2472 3513 2840 3582 unusquisque
2871 3523 3093 3569 sanctus
3121 3513 3188 3569 ad
3213 3527 3468 3568 reveren-

1878 3594 2006 3660 tiam
2029 3596 2111 3651 sui
2152 3599 2391 3654 auctoris
2432 3601 2782 3657 accenditur:
2823 3603 2919 3676 sed
2962 3602 3053 3672 qui
3079 3602 3247 3657 Deum
3288 3600 3464 3672 diligit

1877 3685 2000 3754 igne
2042 3684 2325 3739 charitatis
2374 3699 2656 3750 accensus,
2703 3699 2811 3739 non
2840 3685 3213 3754 perfunctorie
3260 3687 3458 3757 diligit,

1878 3777 1971 3832 sed
1997 3791 2062 3832 ex
2095 3776 2299 3832 intimis
2322 3776 2497 3847 diligit
2522 3777 2691 3848 legem
2721 3776 2930 3845 ejus,et
2953 3794 3020 3835 ex
3045 3780 3174 3850 ipsis
3192 3789 3461 3851 praecepta

1879 3870 1995 3940 ejus
2021 3870 2273 3935 custodit,
2319 3879 2373 3925 et
2414 3884 2482 3925 ex
2513 3869 2643 3939 ipsis
2663 3870 2930 3940 justiﬁcat
2968 3886 3065 3926 cor
3110 3886 3306 3926 suum:
3352 3887 3461 3928 non

1883 3960 2067 4015 auditu
2110 3960 2375 4015 dictorum
2401 4000 2417 4026 ,
2467 3961 2561 4015 sed
2611 3961 2792 4016 studio
2837 3961 3256 4032 adimpletionis,
3303 3972 3465 4032 atque

1882 4053 2201 4110 incitationis
2225 4052 2511 4109 factorum.
2548 4052 2935 4111 Verumtamen
2972 4055 3042 4110 ab
3084 4054 3170 4111 his
3211 4056 3465 4112 omnibus

1852 4160 1993 4215 ⁸ιιοιι
2024 4145 2187 4200 habet
2214 4146 2402 4201 vivens
2427 4146 2588 4201 homo
2616 4147 2744 4216 quid
2777 4155 3078 4204 murmuret
3107 4163 3206 4218 pro
3229 4148 3470 4220 peccatis

1886 4240 2018 4299 suis.
2049 4240 2235 4296 Justus
2265 4252 2470 4307 autem,
2494 4242 2669 4311 inquit
2695 4242 2930 4311 Spiritus
2956 4242 3187 4307 divinus,
3220 4256 3373 4296 meus
3402 4254 3470 4296 ex

1888 4333 1995 4401 ﬁde
2024 4333 2156 4388 vivit
2185 4332 2349 4403 (Hab.
2387 4338 2469 4403 tt).
2502 4333 2653 4401 Quod
2680 4335 2724 4389 si
2753 4334 2915 4389 homo
2941 4335 3129 4390 vivens
3156 4349 3263 4388 non
3301 4332 3470 4402 justi-

1889 4422 2080 4478 ﬁcatur
2122 4438 2187 4479 ex
2232 4423 2355 4489 ﬁde,
2396 4422 2663 4493 justisque
2690 4424 2944 4493 operibus
2975 4423 3097 4478 ﬁdei
3140 4421 3471 4491 justiﬁeatus

1889 4531 1997 4570 non
2027 4516 2189 4570 habet
2220 4516 2347 4585 quid
2391 4514 2556 4581 dicat,
2586 4525 2790 4585 quanto
2820 4516 2992 4587 magis
3033 4516 3232 4587 impius
3259 4526 3313 4571 et
3339 4531 3468 4586 pec-

1890 4609 2083 4662 calor?
2116 4606 2262 4662 Unde
2307 4608 2583 4678 signanter
2629 4607 2743 4662 ait:
2800 4606 2894 4662 Vir
2932 4625 3027 4678 pro
3069 4607 3292 4678 peccatis
3339 4607 3471 4663 suis.

1892 4696 1986 4751 Vir
2019 4711 2252 4766 namque
2276 4713 2439 4753 sexus
2467 4706 2552 4754 est
2580 4713 2775 4754 nomen
2800 4716 2814 4752 :
2845 4700 3008 4755 homo
3032 4712 3160 4755 vero
3187 4712 3474 4754 commune

1892 4800 1976 4848 est
2016 4792 2287 4847 omnibus.
2340 4792 2517 4876 Upum
2564 4793 2831 4863 siquidem
2878 4808 3065 4849 eorum
3114 4807 3183 4846 ex
3232 4798 3472 4846 natura:

1895 4884 2039 4943 aliud
2072 4899 2201 4939 vero
2232 4885 2551 4956 contingens
2599 4901 2667 4941 ex
2714 4888 2910 4959 gratia,
2954 4894 3013 4941 ut
3053 4899 3227 4955 neque
3272 4884 3365 4954 qui
3408 4899 3477 4940 ex

1894 4975 2187 5045 propagine
2224 4976 2451 5046 originis
2482 4978 2670 5048 prima:
2708 4988 2919 5034 natura:
2947 4975 3269 5045 ﬂagellatur,
3302 4988 3479 5045 neque

1896 5068 1979 5122 vir
2011 5069 2102 5137 qui
2126 5065 2239 5135 jam
2276 5083 2345 5123 ex
2381 5070 2555 5140 gratia
2586 5069 2935 5126 discernitur.
2983 5066 3225 5137 Uterque
3270 5075 3476 5132 tamen,

1894 5159 2024 5216 licet
2056 5160 2241 5217 vivens
2283 5161 2409 5228 ﬁde,
2458 5162 2584 5217 dum
2633 5177 2732 5232 pro
2770 5161 3006 5232 peccatis
3035 5158 3314 5230 afﬂigitur,
3368 5169 3479 5212 non

1899 5255 2062 5310 habet
2111 5262 2246 5309 testa
2294 5254 2420 5325 quid
2469 5262 2657 5311 contra
2719 5254 2935 5325 ﬁgulum
2978 5251 3338 5321 respondeat,
3394 5246 3480 5304 vel

1900 5345 2027 5414 quid
2058 5345 2221 5409 dicat,
2254 5344 2362 5400 Cur
2401 5361 2486 5399 me
2528 5346 2704 5399 fecisti
2734 5345 2834 5408 sic,
2872 5344 2953 5396 vel
3001 5357 3171 5411 quare
3200 5343 3274 5396 ita
3304 5338 3479 5396 facis?

1905 5435 2058 5503 Quod
2088 5438 2224 5492 bene
2259 5436 2560 5507 intelligens
2603 5434 2726 5500 Job,
2760 5434 2887 5488 licet
2933 5434 3114 5491 multis
3141 5434 3485 5490 excruciatus

1909 5528 2201 5597 suppliciis,
2227 5529 2282 5583 in
2307 5528 2557 5584 omnibus
2575 5526 2697 5595 jure
2728 5539 2863 5594 pene
2890 5524 3162 5589 laudatur,
3199 5524 3340 5594 quod
3373 5536 3481 5577 non

1905 5620 2147 5690 peccavit
2172 5618 2329 5674 labiis
2347 5618 2478 5681 suis,
2496 5631 2670 5685 neque
2697 5615 2921 5669 stultum
2946 5615 3074 5684 quid
3101 5622 3288 5669 contra
3304 5610 3482 5667 Deum

1904 5711 2115 5766 locutus
2129 5718 2212 5765 est
2239 5707 2359 5780 (Job
2404 5707 2487 5778 ιι).
2520 5706 2671 5763 Unde
2694 5722 2815 5761 cum
2843 5705 3037 5776 aliquis
3063 5705 3167 5760 ﬁde
3198 5705 3405 5769 vivens,
3424 5709 3489 5757 ut

1908 5812 2166 5876 augeatur
2194 5801 2398 5857 meritis
2426 5818 2437 5853 :
2470 5814 2645 5871 neque
2673 5799 2755 5855 vir
2780 5797 2891 5873 jam
2942 5797 3116 5871 gratia
3157 5797 3424 5857 discretus
3453 5806 3485 5851 ι
