4078 6348
661 360 798 416 H75

1433 353 1489 409 S.
1531 349 1884 408 PASCHASII
1923 343 2266 405 RADBERTI
2302 345 2591 399 ABBATIS
2628 343 3070 402 CORBEIENSIS

3690 366 3790 422 H76

661 492 791 532 sexu
853 471 1181 530 infirmitatis
1204 512 1218 535 ,
1282 480 1340 524 ut
1412 485 1440 522 a
1497 469 1608 524 suis
1666 473 1922 538 purgetur
1981 461 2187 517 delictis
2211 500 2225 525 ,
2256 462 2310 522 Α
2333 459 2526 528 inquit,
2553 461 2944 530 provocavimus
2971 475 2986 514 :
3017 460 3149 528 Quia
3177 463 3398 532 profecto
3419 467 3542 524 aliud
3569 483 3654 540 est,
3685 482 3792 546 quod

661 578 844 623 tamen
888 565 974 636 pie
1026 580 1054 618 a
1104 563 1323 617 domino
1381 561 1692 630 corrigitur,
1748 573 1853 611 non
1901 555 2060 610 habet
2107 553 2237 622 quid

663 659 882 730 objiciat
909 657 1062 721 Deo;
1117 663 1320 725 quanto
1351 652 1523 722 magis
1555 652 1600 706 is
1641 650 1731 720 qui
1776 647 1899 717 jure
1949 646 2002 700 in
2062 660 2237 700 massa

657 749 978 823 perditionis
1011 755 1445 810 connumeratus,
1493 744 1815 800 damnatur?
1850 741 2087 808 Quorum
2123 755 2239 794 om-

662 840 811 895 nium
846 853 946 895 nec
971 839 1112 894 mala
1145 852 1243 892 nec
1262 839 1424 902 bona,
1453 836 1554 890 nisi
1578 834 1727 904 justo
1755 833 1847 888 Dei
1869 831 2075 900 judicio
2115 845 2239 900 pro-

658 932 850 987 venire
895 941 1044 986 recte
1073 929 1388 985 creduntur.
1433 928 1585 983 Nunc
1615 927 1682 981 ad
1713 925 1832 980 Nun
1860 925 2094 979 litteram
2126 939 2238 978 mo-

662 1021 792 1076 ralis
825 1021 985 1092 (quod
1017 1021 1400 1090 sempiternum
1449 1017 1626 1090 sonat)
1675 1032 1867 1073 sensus
1899 1015 2082 1071 venire
2110 1030 2239 1085 gau-

661 1113 781 1177 det,
815 1113 988 1183 cujus,
1016 1121 1072 1166 ut
1096 1111 1227 1176 dixi,
1265 1113 1559 1166 secundum
1583 1109 1900 1164 Hebraicam
1933 1108 2236 1171 veritatem,

661 1204 1029 1272 sempiternum
1058 1203 1431 1272 interpretatio
1460 1210 1652 1257 sonat:
1703 1209 1758 1255 et
1803 1201 1846 1256 si
1893 1200 2033 1256 alius
2075 1201 2239 1254 inter-

659 1308 818 1364 pres,
857 1297 1062 1359 unicus,
1086 1295 1281 1349 dixerit
1313 1314 1325 1347 :
1357 1302 1612 1348 autcerte
1643 1308 1843 1362 pascua
1889 1307 2071 1348 eorum
2110 1292 2238 1346 illud

660 1385 965 1455 significare
1009 1386 1254 1450 voluerit,
1299 1386 1440 1455 quod
1494 1384 1635 1438 nulla
1667 1383 1922 1438 Ecclesia:
1971 1383 2072 1436 alia
2131 1382 2280 1436 sint‘

658 1491 882 1547 pascua,
903 1493 1062 1547 quam
1088 1476 1352 1541 Christus,
1398 1478 1450 1532 in
1478 1477 1630 1547 cujus
1661 1491 1718 1531 se
1755 1477 1970 1545 pascuis
2003 1476 2238 1530 locatum

655 1567 925 1638 Pmpheta
957 1570 1186 1635 laetatur,
1221 1571 1404 1625 dicens
1430 1589 1442 1624 :
1475 1569 1542 1623 1η
1565 1569 1676 1623 loco
1702 1586 1910 1639 pascua:
1937 1569 2006 1621 ibi
2032 1585 2111 1621 me
2132 1567 2239 1621 col-

656 1660 844 1714 locavit
887 1661 1057 1730 (Psal.
1091 1661 1248 1733 xxu).
1301 1661 1418 1731 Ipse
1457 1663 1598 1716 enim
1630 1677 1727 1716 nos
1778 1660 1951 1715 reficit
1980 1669 2031 1714 et
2069 1660 2238 1730 pascit

653 1750 810 1806 bonis
838 1767 1050 1821 pascute
1085 1769 1217 1818 sum,
1251 1755 1605 1808 sacramentis
1637 1753 1845 1808 scilicet
1897 1753 2114 1815 divinis,
2163 1767 2230 1804 ex

2340 553 2523 624 inique
2559 556 2767 624 egimus
2795 573 2807 610 :
2840 563 2896 610 et
2935 556 3092 626 longe
3125 557 3263 613 aliud
3288 564 3417 630 quod
3455 566 3670 626 hactenus
3688 577 3791 633 male

2341 647 2565 718 agendo,
2594 648 2743 718 pium
2767 647 3009 718 judicem
3040 649 3107 704 ad
3132 650 3442 708 iracundiam
3455 672 3756 726 provocamus.

3061 804 3183 843 NUN.

2410 921 2642 989 Idcirco,
2666 923 2864 992 inquit,
2897 932 2952 976 tu
2993 923 3320 978 inexorabilis
3365 941 3433 980 es.
3467 924 3578 982 Haec
3627 945 3800 1002 namque

2340 1017 2506 1072 trium
2546 1028 2797 1067 versuum
2845 1013 3219 1084 intelligentia,
3260 1028 3457 1071 omnem
3487 1015 3800 1088 Scripturarum

2339 1105 2515 1160 reddit
2538 1104 2862 1167 doctrinam.
2887 1115 2941 1157 ut
2970 1115 3260 1158 scrutemur
3294 1106 3398 1160 vias
3425 1118 3622 1172 nostras,
3655 1111 3803 1166 scilicet

2339 1197 2601 1261 actiones,
2623 1206 2670 1250 et
2696 1213 3016 1267 quwramus,
3066 1207 3113 1250 ct
3164 1207 3465 1252 revertamur
3509 1200 3567 1252 ad
3593 1200 3806 1255 Dominum

2339 1303 2435 1359 per
2461 1287 2716 1352 lamenta,
2765 1303 2793 1341 a
2829 1303 2936 1358 quo
2978 1287 3117 1343 male
3169 1287 3495 1344 discessimus
3534 1288 3702 1361 1451
3741 1307 3806 1362 per

2339 1378 2559 1450 ﬂagitia.
2591 1379 2839 1449 Magnum
2871 1380 3034 1450 igitur
3082 1388 3166 1434 est
3210 1396 3610 1451 unumquemque
3637 1384 3807 1451 seipsum

2339 1484 2500 1526 nosse
2529 1487 2540 1522 :
2575 1469 2777 1524 idcirco
2808 1467 3065 1537 jubemur
3093 1478 3153 1524 ut
3192 1479 3478 1525 scrutemur
3515 1471 3630 1536 vias,
3659 1473 3808 1528 scilicet

2341 1563 2583 1617 actiones
2609 1571 2850 1626 nostras,
2896 1563 3141 1618 actiones
3175 1562 3295 1618 ﬁdei
3344 1573 3547 1628 nostrtc,
3577 1574 3625 1618 ut
3663 1577 3811 1619 nosmet

2341 1667 2670 1720 cognoscere
2697 1652 2988 1721 possimus.
3028 1652 3182 1706 Unde
3210 1652 3412 1724 Moyses
3439 1653 3488 1706 in
3513 1653 3636 1724 lege:
3656 1653 3810 1707 Attende

2340 1749 2456 1810 tibi,
2503 1747 2698 1816 inquit,
2734 1764 2796 1801 ne
2844 1746 2939 1815 ﬁat
2982 1746 3196 1800 verbum
3226 1746 3564 1800 absconditum
3612 1748 3656 1800 in
3690 1747 3809 1800 corde.

652 1819 896 1900 ubertate
940 1846 1052 1916 agri
1103 1847 1188 1900 cui
1244 1846 1520 1900 benedixit
1569 1846 1846 1908 Dominus,
1894 1845 2048 1914 cujus
2098 1819 2308 1898 odorB
2339 1837 2480 1901 Tibi,
2511 1838 2704 1906 inquit,
2757 1838 2997 1904 attende,
3036 1844 3091 1893 et
3139 1853 3247 1892 non
3283 1839 3457 1906 utique
3506 1837 3704 1908 pecuniae
3725 1846 3810 1901 tua,

651 1947 867 1993 emanat
897 1939 1032 1993 odor
1058 1939 1362 2004 suavitatis,
1397 1939 1552 2008 quasi
1598 1939 1662 1993 de
1698 1954 1837 1992 novo
1877 1937 2007 1991 ﬂore
2033 1946 2233 1992 sancta!

649 2030 1086 2085 resurrectionis.
1123 2031 1198 2084 De
1245 2029 1399 2098 cujus
1443 2030 1698 2084 nimirum
1727 2029 2060 2098 plenitudine
2079 2029 2235 2083 uber-

649 2119 779 2172 tatis
814 2120 867 2173 in
914 2135 1146 2190 persona
1194 2119 1394 2184 Patris,
1448 2128 1503 2175 et
1544 2119 1841 2190 plenitudo,
1879 2120 2071 2189 inquit,
2117 2121 2231 2192 agri

648 2225 859 2264 mecum
895 2219 997 2266 est.
1033 2211 1108 2264 Ex
1141 2227 1248 2282 quo
1267 2211 1508 2280 profecto
1538 2210 1708 2265 lilium
1735 2210 1976 2265 nascitur
2015 2211 2232 2265 conval—

647 2301 799 2365 lium,
857 2303 926 2358 ob
989 2303 1276 2359 candorem
1335 2303 1672 2366 aeternitatis,
1730 2318 1939 2357 necnon
1996 2311 2052 2357 et
2107 2319 2228 2358 rosa

645 2404 864 2466 propter
889 2397 1201 2466 sanguinem
1238 2396 1450 2468 1450
1476 2396 1766 2451 Dominicre
1798 2396 2084 2465 passionis,
2110 2413 2230 2466 quae

645 2503 774 2542 sane
802 2504 998 2558 pascua
1031 2498 1154 2544 sunt
1187 2489 1591 2559 Scripturarum
1614 2490 1838 2561 mystica
1863 2499 2226 2556 sacramenta,

645 2576 698 2630 in
748 2578 944 2646 quibus
981 2594 1264 2632 monemur
1315 2579 1626 2644 admodum,
1673 2588 1732 2634 ut
1780 2590 2072 2634 scrutemur
2117 2581 2226 2634 vias

643 2678 869 2732 nostras,
917 2678 962 2722 et
991 2687 1312 2738 qua'ramus,
1353 2681 1400 2725 et
1432 2681 1749 2725 revertamur
1800 2672 1868 2725 ad
1920 2672 2222 2727 Dominum.

643 2757 767 2813 Tria
817 2760 1081 2828 siquidem
1121 2762 1440 2831 proposuit;
1494 2771 1551 2816 ut
1605 2773 1910 2817 scrutemur
1955 2764 2109 2833 quasi
2159 2765 2227 2819 ad

647 2865 902 2921 unguem,
923 2849 1076 2917 juxta
1118 2851 1485 2921 philosophos,
1514 2852 1631 2908 vias
1652 2861 1899 2919 nostras;
1939 2862 1993 2908 et
2011 2869 2223 2924 quaera-

644 2958 764 2997 mus
789 2950 936 2997 certe
963 2944 1089 3013 quid
1122 2943 1249 2999 facti
1293 2960 1498 3008 sumus,
1552 2954 1646 2999 aut
1674 2946 1804 3014 quid
1862 2945 2081 3010 fuimus,
2135 2955 2228 3002 aut

641 3033 770 3101 quid
797 3047 917 3088 esse
949 3033 1254 3098 debuimus,
1283 3043 1336 3089 et
1367 3050 1488 3088 cum
1521 3035 1796 3090 inventum
1844 3035 2024 3099 fuerit,
2077 3037 2223 3105 quod

641 3124 708 3177 ad
732 3138 836 3178 non
865 3138 982 3178 esse
1009 3125 1351 3188 tetendimus,
1384 3117 1704 3180 necessitate
1739 3126 2021 3196 compulsi,
2047 3141 2224 3182 rever-

2336 1945 2442 1985 non
2473 1931 2922 2000 possessionibus,
2953 1946 3059 1985 non
3085 1931 3293 1986 viribus
3318 1932 3441 1996 tuis,
3470 1931 3555 1986 sed
3577 1930 3720 1984 animo
3736 1939 3812 1992 tuo,

2336 2033 2400 2074 ac
2431 2021 2594 2075 menti
2624 2028 2750 2086 tute,
2781 2022 2922 2076 unde
2947 2022 3128 2076 omnia
3173 2022 3392 2077 consilia
3421 2029 3472 2076 et
3519 2019 3642 2074 facta
3673 2020 3813 2088 engin-

2335 2111 2618 2181 tionesque
2651 2121 2890 2167 manant.
2932 2113 3006 2166 lbi
3041 2113 3189 2167 enim
3241 2121 3294 2167 te
3333 2113 3556 2176 attende,
3585 2111 3660 2166 ubi
3694 2112 3813 2180 potio-

2334 2219 2446 2260 rem
2481 2215 2532 2261 te
2559 2207 2719 2262 nosti.
2747 2209 2898 2274 Quod
2913 2208 3147 2278 Apollini
3171 2208 3350 2264 Phitio
3368 2209 3576 2280 gentiles
3594 2208 3812 2276 assignant,

2333 2299 2488 2367 quasi
2507 2300 2620 2368 ipse
2646 2309 2835 2354 auctor
2863 2299 3027 2355 fuerit
3050 2301 3216 2372 hujus
3241 2303 3528 2364 sententiae,
3556 2301 3814 2380 qua.dicitur,

2332 2387 2504 2444 Nosce
2535 2391 2788 2460 teipsum,
2827 2407 2950 2447 cum
2980 2393 3046 2448 de
3071 2404 3282 2456 nostro,
3327 2405 3386 2449 ut
3433 2396 3669 2451 credimus
3711 2407 3817 2446 usur-

2330 2492 2456 2551 pata
2486 2482 2551 2536 ad
2597 2499 2693 2538 sua
2730 2485 2987 2560 translata
3021 2486 3090 2540 sit
3123 2505 3135 2540 :
3196 2487 3447 2556 quoniam
3490 2485 3628 2554 longe
3650 2482 3822 2537 anterior

2330 2575 2560 2647 Moyses,
2628 2592 2790 2646 quam
2844 2577 2896 2631 lii
2955 2579 3290 2648 philosophi,
3347 2578 3437 2648 qui
3474 2579 3567 2631 ista
3602 2576 3815 2628 ﬁnxerunt

2331 2663 2467 2721 Hinc
2497 2682 2711 2736 quoque
2760 2667 3016 2722 Salomon
3055 2670 3341 2724 oraculum
3390 2679 3591 2725 secutus
3628 2667 3819 2726 divinum,

2331 2755 2405 2809 ait
2432 2756 2484 2809 in
2516 2756 2754 2811 Canticis
2785 2772 2798 2810 :
2831 2758 2950 2811 Nisi
2972 2759 3111 2812 scias
3144 2769 3198 2813 te
3223 2759 3460 2813 decoram
3492 2759 3612 2811 inter
3646 2755 3820 2807 mulieres

2330 2844 2506 2915 (Cant.
2544 2846 2603 2918 ι).
2635 2845 2748 2902 Hoc
2767 2848 3075 2914 estdicere,
3105 2849 3214 2904 nisi
3245 2863 3532 2921 cognoscas
3552 2858 3597 2902 te
3611 2842 3821 2900 mortalem

2329 2938 2394 2992 ad
2439 2939 2727 3009 imaginem
2758 2940 2852 2994 Dei
2888 2939 3083 2995 factam
3122 2940 3518 3004 rationabilem,
3556 2947 3603 2992 et
3643 2935 3721 2989 nisi
3761 2942 3820 2985 tua

2327 3028 2548 3084 fatearis
2588 3030 2739 3099 prior
2765 3030 2984 3095 delicta,
3014 3031 3116 3086 nisi
3158 3031 3475 3102 iniquitates
3501 3038 3606 3083 tuas
3631 3039 3770 3081 coram
3788 3030 3823 3075 te

2328 3118 2586 3173 habueris
2617 3120 2862 3189 cognitas
2888 3131 2947 3173 ut
2966 3120 3314 3190 justiﬂceris,
3341 3119 3440 3174 nisi
3474 3114 3766 3175 convertaris,
3787 3126 3807 3164 c

641 3223 823 3267 tamur
842 3215 908 3268 ad
939 3215 1244 3270 Dominum.
1281 3215 1380 3271 Ubi
1408 3217 1730 3286 principium
1775 3191 1966 3272 littera:
2012 3233 2110 3273 nos
2135 3219 2218 3273 in-
2250 3191 2296 3255 (ἶ
2326 3211 2474 3280 prior
2499 3225 2722 3266 accuses
2751 3219 3043 3282 antequam
3077 3213 3369 3268 claudatur
3410 3211 3586 3281 janua.
3611 3216 3822 3274 antequam

639 3307 791 3367 vitat.
825 3308 1078 3377 quoniam
1104 3308 1435 3377 utpraemisi,
1473 3316 1528 3362 et
1553 3308 1866 3378 principium
1902 3309 2221 3379 interpreta-

639 3406 745 3450 tur.
764 3396 898 3450 Hine
917 3397 1106 3451 unicus
1132 3396 1310 3452 Patris
1338 3406 1391 3451 et
1414 3397 1580 3452 Filius
1611 3398 1686 3452 ait
1709 3413 1723 3451 :
1763 3397 1874 3468 Ego
1898 3401 2219 3472 principium

635 3488 726 3558 qui
750 3499 797 3542 et
818 3487 1001 3557 loquor
1025 3489 1164 3542 vobis
1195 3487 1376 3560 (Joan.
1409 3487 1549 3560 vm).
1573 3489 1650 3544 Ex
1680 3505 1786 3559 quo
1817 3491 1982 3561 liquet
2012 3492 2220 3548 littera-

640 3595 758 3632 rum
790 3580 1161 3650 interpretatio
1189 3596 1400 3644 sensus,
1438 3582 1578 3650 quod
1616 3581 1684 3636 ab
1711 3581 1935 3637 infantia
1963 3584 2219 3654 parvulos

637 3671 899 3726 elementa
923 3671 1289 3735 Hebraeorum,
1323 3670 1517 3740 quibus
1546 3681 1678 3727 mtas
1710 3672 1931 3743 puerilis
1961 3675 2215 3741 assuevit,

637 3777 808 3832 usque
833 3763 898 3816 ad
947 3763 1309 3816 maturitatem
1337 3761 1553 3816 virtutis
1603 3777 1940 3829 excrescere,
1974 3780 2080 3820 non
2132 3765 2217 3820 in-

641 3854 876 3908 formant
903 3854 970 3906 ad
1012 3853 1220 3908 divinas
1248 3853 1481 3908 latenter
1522 3862 1576 3908 et
1617 3855 1871 3924 mysticas
1916 3855 2220 3927 intelligen-

639 3948 742 4000 tias
787 3946 1082 4000 intendere.
1131 3944 1285 4000 Unde
1310 3953 1365 3999 et
1411 3947 1597 4000 eadem
1641 3944 1760 4000 Nun
1811 3945 1989 4001 littera
2033 3949 2217 4001 unicus

638 4035 985 4104 interpretari
1006 4033 1220 4098 dicitur,
1255 4036 1346 4104 qui
1369 4049 1552 4089 verum
1578 4034 1898 4104 principium
1935 4051 2055 4091 esse
2100 4049 2218 4091 cre-

636 4128 802 4191 ditur,
853 4135 906 4182 et
931 4142 1128 4198 pascua
1173 4141 1361 4182 eorum
1412 4127 1500 4195 qui
1533 4135 1878 4182 revertuntur
1918 4127 1985 4181 ad
2017 4127 2213 4197 ipsum.

637 4221 784 4275 Bona
815 4222 1030 4290 quidem
1075 4236 1275 4292 pascua
1318 4231 1444 4274 sunt
1487 4229 1543 4274 et
1591 4220 1990 4289 Scripturarum
2040 4221 2216 4275 studia

637 4312 959 4378 caelestium,
985 4313 1036 4366 in
1064 4312 1259 4382 quibus
1302 4310 1614 4379 quotidiana
1662 4310 1891 4364 lectione
1923 4309 2214 4379 pascimur,

638 4420 951 4460 recreamur
975 4405 1173 4475 gratia,
1201 4401 1476 4457 reficimur
1503 4401 1822 4472 disciplinis,
1852 4402 1975 4456 dum
2006 4417 2068 4457 ea
2097 4417 2217 4471 quae

638 4496 838 4566 scripta
877 4503 1004 4550 sunt
1031 4495 1398 4564 degustamus,
1451 4502 1544 4548 aut
1588 4503 1840 4564 percepta
1885 4493 2218 4564 frequentius

2325 3304 2439 3358 dies
2468 3303 2658 3358 mortis
2702 3311 2761 3357 ut
2802 3301 2893 3356 fur
2919 3303 3104 3357 veniat
3159 3302 3216 3374 (1
3261 3302 3396 3357 Tim.
3447 3302 3518 3372 v).
3565 3300 3623 3354 Et
3658 3297 3736 3350 hoc
3768 3299 3824 3346 est

2323 3392 2505 3448 dicere
2537 3411 2549 3445 :
2585 3390 2893 3446 Scrutemur
2919 3392 3029 3446 vias
3062 3402 3300 3461 nostras,
3329 3403 3376 3448 et
3398 3403 3687 3463 qucrramtts,
3708 3395 3743 3438 ct
3765 3396 3822 3434 tt-

2322 3493 2586 3537 ucrtamur
2609 3482 2678 3536 ad
2700 3481 3005 3548 Dominum,
3035 3491 3096 3536 ut
3130 3485 3281 3540 scias
3306 3499 3373 3538 ex
3405 3469 3822 3537 confessionefateri

2323 3574 2452 3642 quid
2481 3573 2752 3635 amiseris,
2784 3580 2840 3626 et
2871 3572 3152 3642 requirere
3180 3574 3236 3627 in
3278 3571 3592 3627 soliditatem
3631 3563 3726 3621 ﬁdei
3743 3571 3823 3631 qua

2321 3667 2644 3737 perdideris.
2679 3665 2794 3720 Nisi
2823 3666 2966 3721 scias
2996 3674 3066 3728 te,
3099 3655 3307 3736 inquit,
3332 3682 3366 3720 ο
3393 3664 3600 3735 pulchra
3618 3667 3662 3714 et
3687 3657 3823 3711 decora

2321 3758 2465 3812 inter
2494 3757 2765 3820 mulieres,
2797 3765 2852 3811 et
2880 3757 3049 3824 dicas,
3098 3756 3284 3813 Fusca
3326 3773 3468 3821 sum,
3497 3754 3609 3824 quia
3634 3743 3795 3820 peccati

2321 3849 2418 3902 sed
2449 3850 2664 3912 decora,
2693 3849 2817 3917 quia
2847 3848 3062 3918 diligor,
3097 3863 3166 3902 ex
3200 3849 3310 3903 ﬁde
3329 3847 3555 3902 Abrahae
3581 3848 3730 3896 renata
3760 3847 3804 3904 se

2321 3953 2423 3992 nus
2448 3938 2698 4003 electum,
2723 3938 3084 3993 sacerdOtium
3125 3947 3385 3993 sanctum
3409 3936 3462 4009 (I
3494 3935 3624 3990 Petr.
3646 3932 3710 3996 ιι),
3736 3923 3808 3979 alio

2323 4030 2454 4098 quin
2490 4030 2579 4084 abi
2607 4038 2731 4100 post
2758 4030 2985 4100 vestigia
3019 4046 3274 4101 gregum,
3306 4040 3363 4086 et
3387 4044 3544 4102 pasce
3563 4025 3712 4082 haedos
3729 4029 3824 4077 tuos.

2313 4118 2468 4188 juxta
2500 4120 2848 4176 tabernacula
2873 4120 3067 4177 Cedar.
3094 4121 3328 4177 Multum
3380 4121 3538 4192 igitur
3571 4105 3824 4187 profecitvir

2319 4211 2510 4266 videns
2538 4221 2906 4281 paupertatem
2941 4227 3116 4278 suam,
3162 4212 3400 4283 ﬂagellis
3445 4209 3691 4265 eruditus:
3729 4192 3826 4253 mul-

2320 4310 2544 4372 tumque
2568 4302 2862 4368 convaluit,
2887 4312 3176 4373 postquam
3203 4304 3356 4358 venit
3382 4302 3451 4356 ad
3485 4298 3604 4353 Zain
3637 4294 3824 4347 litteram,

2321 4392 2567 4457 audiens,
2597 4392 2700 4448 duc
2730 4401 2803 4459 te,
2832 4393 3173 4464 multumque
3205 4402 3496 4464 postquam
3520 4384 3675 4444 intulit
3694 4381 3826 4472 justiti!

2321 4497 2485 4553 grave
2518 4499 2680 4552 super
2707 4498 2788 4548 se,
2819 4493 2874 4538 et
2921 4485 3058 4540 sedit
3103 4485 3413 4540 solitarius.
3442 4484 3579 4538 Inter
3598 4488 3698 4546 qua:
3717 4468 3827 4524 nimi-

639 4545 838 4566 --ητη
878 4545 1001 4550 η---
1036 4545 1398 4564 ηοηπηκη,
1454 4545 1540 4548 --__
1590 4545 1839 4564 τυπτψ
1886 4545 2249 4564 Ὄγγα-μ-.

639 4588 994 4641 runninamus.
1052 4585 1198 4640 Bona
1257 4587 1419 4657 igitur
1471 4602 1673 4657 pascua
1722 4587 1966 4654 Christi,
2021 4589 2249 4658 quibus'

2242 4545 2298 4605 D
2323 4545 2444 4627 rum
2470 4545 2819 4630 alta-silentia
2857 4576 3013 4646 plene
3037 4580 3320 4648 cognovit,
3351 4578 3494 4648 quod
3514 4545 3628 4629 haec,
3652 4568 3709 4623 sit
3728 4559 3829 4617 salus

637 4695 766 4748 grex
799 4677 1007 4733 Domini
1038 4677 1331 4748 saginatur.
1365 4678 1510 4731 Bona
1543 4677 1728 4742 etiam,
1783 4678 1836 4731 in
1876 4678 2072 4747 quibus
2099 4679 2217 4733 uni-

637 4787 734 4824 cus
760 4771 927 4840 patris
947 4769 1270 4840 principium
1299 4770 1422 4824 vitaa
1457 4771 1697 4840 pascitur
1724 4771 1867 4824 inter
1907 4770 2014 4825 lilia
2039 4771 2215 4842 splen-

638 4864 768 4916 dore
822 4870 1150 4917 sanctorum.
1218 4860 1372 4916 Unde
1413 4870 1594 4916 monet
1639 4862 1856 4932 egregie
1898 4877 1913 4915 :
1968 4862 2214 4918 Levemus

638 4955 796 5007 corda
862 4965 1039 5008 nostra
1083 4971 1200 5007 cum
1251 4953 1494 5007 manibus
1537 4955 1606 5007 ad
1649 4953 1817 5008 Deum
1885 4956 1941 5008 in
2004 4953 2207 5009 caelum.

641 5047 740 5100 Ubi
761 5062 884 5100 vera
911 5055 1034 5100 sunt
1054 5046 1269 5115 gaudia,
1299 5046 1439 5100 bona
1459 5055 1580 5100 sunt
1607 5061 1828 5116 pascua,
1857 5046 1966 5101 lilia
1995 5047 2213 5101 conval-

636 5141 786 5204 lium,
820 5142 1096 5194 vernantia
1143 5155 1408 5195 rosarum.
1460 5140 1565 5195 Sed
1609 5156 1783 5211 neque
1834 5142 1898 5195 ad
1946 5155 2010 5196 ea
2063 5150 2212 5196 recte

635 5234 797 5286 corda
833 5250 947 5288 sme
972 5233 1220 5289 manibus
1249 5233 1515 5296 levantur,
1549 5247 1721 5301 neque
1748 5247 1940 5286 manus
1971 5231 2087 5286 sine
2111 5247 2210 5301 pu-

639 5322 799 5376 ritate
822 5323 1036 5376 cordis:
1073 5330 1130 5376 ut
1163 5331 1218 5377 et
1254 5321 1537 5391 integritas
1579 5321 1703 5374 fidei
1746 5335 1844 5374 nos
1870 5320 2211 5374 commendet

636 5414 765 5477 Deo,
803 5423 854 5468 et
875 5414 1118 5482 operatio
1143 5413 1288 5478 ﬁdei,
1320 5427 1439 5482 qua:
1464 5427 1560 5481 per
1588 5411 1924 5464 dilectionem
1955 5418 2210 5480 operatur

636 5500 778 5572 (Gal.
835 5512 942 5566 ιχ),
981 5519 1086 5558 non
1114 5503 1292 5557 minus
1319 5518 1437 5567 nos,
1467 5516 1626 5571 quam
1675 5509 1729 5554 et
1779 5509 1963 5555 nostra
2009 5500 2210 5555 referat

634 5593 686 5645 in
737 5593 893 5653 calo,
945 5594 1128 5661 sicque
1166 5593 1467 5648 recolentes
1518 5599 1886 5661 paupertatem
1943 5600 2204 5657 nostram,

629 5681 876 5737 dicamus
904 5685 1012 5737 Deo
1043 5703 1054 5736 :
1088 5684 1197 5737 Nos
1223 5685 1397 5754 inique
1434 5683 1651 5753 egimus,
1697 5691 1754 5736 ut
1780 5691 1835 5736 et
1870 5681 2047 5736 omnis
2074 5683 2207 5737 inte-

629 5770 803 5840 gritas
831 5772 1186 5830 confessionis
1228 5773 1554 5838 declaretur,
1583 5788 1680 5827 nos
1733 5773 1800 5826 ad
1854 5772 2292 5838 iracundiam,“-;

2324 4672 2531 4728 nostra,
2585 4674 2643 4718 ut
2676 4674 2979 4720 scrutemur
3005 4667 3119 4722 vias
3159 4676 3408 4732 nostras,
3461 4673 3516 4720 et
3552 4661 3824 4731 quaramus:

2322 4757 2446 4826 quia
2479 4755 2697 4810 lubricae
2743 4766 2865 4812 sunt
2895 4766 2950 4812 et
2970 4767 3233 4814 tortuosae
3271 4759 3374 4813 vite
3395 4757 3636 4827 juvenum
3672 4749 3716 4802 in
3737 4740 3829 4795 adu-

2323 4851 2577 4906 lescentia
2611 4867 2729 4906 sua.
2758 4853 2909 4920 Quod
2944 4854 3151 4910 si-sero
3183 4855 3386 4924 aliquis
3417 4850 3590 4906 tulerit
3627 4854 3758 4912 super
3787 4846 3828 4887 ³ο

2316 4940 2527 5011 jugum,
2551 4953 2607 4996 et
2640 4943 2839 4998 sederit
2867 4943 3056 4998 saltem
3091 4958 3266 5000 senex
3295 4942 3566 4999 solitarius
3590 4955 3602 4990 :
3634 4935 3828 5004 αυληίυω

2317 5032 2594 5088 deﬂendus
2620 5034 2844 5099 threnis,
2879 5035 3076 5104 quibus
3117 5034 3398 5091 deﬂentur
3429 5036 3729 5102 peccatores.
3763 5011 3826 5084 (ιυί

2316 5126 2431 5182 vias
2445 5127 2587 5193 vitae,
2615 5126 3032 5196 etviasjustitiae
3055 5127 3251 5181 nolunt
3277 5117 3700 5196 apprehendere!
3723 5106 3829 5167 Unde

2314 5217 2614 5286 praevenire
2667 5217 2918 5287 congruit
2974 5232 3144 5272 annos
3200 5216 3509 5287 juventutis
3562 5200 3828 5265 correctione

2315 5321 2573 5377 congrua,
2595 5314 2654 5360 ut
2674 5307 2917 5362 dicamus
2945 5307 3138 5377 singuli
3160 5322 3178 5360 :
3213 5307 3363 5362 Deus
3383 5305 3545 5376 pascit
3565 5316 3638 5354 me
3653 5316 3681 5350 α
3693 5295 3830 5383 jttwf

2313 5407 2420 5451 tute
2444 5413 2559 5450 mea
2584 5396 2755 5468 (Psal.
2793 5397 2944 5468 ιιι).
2976 5397 3046 5451 Et
3082 5396 3260 5452 alibi:
3293 5395 3444 5452 Nihil
3480 5392 3600 5446 mihi
3620 5382 3768 5440 deerit,
3790 5382 3827 5424 tl

2311 5488 2424 5543 loco
2443 5506 2653 5559 pascuis
2679 5489 2751 5542 ibi
2766 5506 2847 5544 me
2868 5489 3136 5545 collocavit
3165 5487 3352 5560 (Psal.
3368 5487 3529 5553 xxtt.)
3545 5485 3605 5539 Et
3631 5482 3724 5534 lucc
3741 5472 3828 5526 sum

2311 5583 2410 5637 sub
2437 5583 2538 5638 hac
2576 5583 2772 5639 littera.
2818 5584 2909 5638 Illa
2937 5600 3066 5640 vero
3113 5599 3324 5654 pascua
3367 5581 3686 5652 sempiternis
3726 5564 3824 5618 ν’ίιέεν

2310 5675 2401 5728 ubi
2436 5676 2627 5732 unicus
2656 5676 2832 5731 Patris
2876 5678 3049 5746 pascit
3091 5678 3240 5733 inter
3268 5677 3423 5732 lilia:
3455 5673 3577 5746 quia
3604 5670 3746 5723 donec
3765 5667 3827 5707 ³⁵⁸

2312 5767 2452 5836 Ρίνθῐ
2480 5770 2616 5838 dieS,
2657 5773 2865 5844 1452
2899 5780 2952 5828 et
2990 5770 3324 5828 inclinentur
3351 5769 3556 5827 umbra
3598 5758 3744 5835 (Cant.
3766 5746 3825 5806 ul.
