4078 6348
220 365 357 426 H77

996 363 1358 424 EXPOSlTlO
1391 366 1459 423 IN
1493 361 2078 425 LAMENTATlONES
2114 365 2451 425 JEREMIAS.
2489 400 2562 412 -
2588 366 2714 426 LIB.
2755 370 2840 427 Ill.

3339 374 3478 434 H78

218 486 322 540 ho'c
345 481 521 538 solum
548 478 704 536 nobis
727 478 851 535 vita:
879 479 1174 535 subsidium
1215 489 1319 545 est,
1349 488 1411 535 ut
1452 480 1695 536 levemus
1726 482 1792 537 ad
1820 480 1953 542 Ain
2004 481 2209 551 signum
2257 483 2344 537 cui
2384 482 2779 554 contradicetur,
2812 483 2964 556 (Luc.
3017 486 3099 559 ιι).
3143 486 3316 555 Unde,
3348 465 3474 560 quia

218 572 559 637 eumeorda,
582 587 704 627 cum
733 571 1004 637 manibus,
1053 571 1109 625 in
1159 571 1381 637 ctelum,
1411 580 1466 626 et
1510 572 1790 627 dicamus:

217 665 423 721 Delicta
436 664 728 735 juventutis
752 677 901 728 mete,
927 671 976 717 et
1013 662 1325 733 ignorantia:
1352 678 1502 728 metr,
1536 680 1598 717 ne
1616 663 1797 717 memi-

219 757 356 811 neris
388 753 562 827 (Psal.
590 752 760 825 xxrv).
799 753 1065 822 Quoniam
1101 752 1349 825 graviora
1379 761 1505 809 sunt
1550 763 1796 809 senectu-

219 850 308 913 tis,
334 860 507 917 quam
514 844 816 916 juventutis
835 844 1077 899 vulnera.
1122 843 1255 898 Nam
1282 859 1447 899 unum
1469 859 1657 899 eorum
1697 843 1795 900 de-

214 939 444 995 bilitatis
490 947 575 994 est
622 937 966 993 remedium:
1008 935 1154 991 aliud
1185 951 1315 993 vero
1365 937 1531 992 robur
1581 936 1792 992 salutis.

215 1030 423 1087 Salutis
454 1030 719 1087 medicina
747 1029 956 1085 vulneri
994 1030 1294 1099 quatritur:
1336 1030 1509 1101 gratia
1537 1046 1666 1086 vero
1704 1046 1790 1085 sa-

212 1124 391 1179 nitati.
424 1122 653 1192 Ideoque
691 1122 805 1179 ait:
858 1121 1067 1176 Bonum
1101 1129 1177 1176 est
1209 1121 1320 1176 viro
1362 1138 1480 1176 cum
1516 1121 1794 1191 portaverit

201 1215 398 1288 jugum
426 1216 480 1268 in
497 1214 767 1284 juventute
788 1230 906 1279 sua,
938 1228 1005 1269 eo
1042 1212 1185 1284 quod
1214 1212 1338 1280 (etsi
1363 1214 1584 1270 senibus
1616 1229 1792 1270 reme-

208 1308 362 1363 dium
408 1313 489 1361 cst
529 1306 776 1361 desinere
815 1305 1065 1377 peccare)
1097 1305 1381 1361 stimulant
1422 1320 1515 1361 eos
1570 1314 1794 1376 peccata

209 1414 335 1464 sua,
376 1398 614 1469 exagitat
638 1397 1024 1453 conscientiam
1053 1397 1387 1451 consuetudo
1432 1378 1798 1465 peccandifet

208 1492 425 1562 longior
465 1506 592 1547 usus
634 1490 838 1547 erroris
876 1504 1017 1560 saepe
1068 1488 1374 1544 instabilem
1433 1489 1582 1543 facit.
1643 1488 1796 1543 Unde

209 1585 340 1639 huic
366 1584 421 1638 in
451 1581 689 1654 periculo
716 1597 805 1637 res
847 1588 931 1636 est
956 1598 969 1635 :
994 1578 1180 1649 juveni
1204 1587 1385 1634 autem
1430 1578 1483 1632 in
1516 1579 1677 1632 bono.
1730 1577 1798 1631 Et

205 1674 397 1729 nescio
439 1689 562 1730 cum
593 1671 841 1729 sederitis
877 1671 1241 1743 singulariter,
1276 1670 1321 1725 si
1357 1668 1518 1724 facile
1558 1669 1797 1723 inveniat

204 1765 473 1836 aequalem
517 1780 620 1819 una
650 1779 773 1819 cum
817 1765 980 1820 unico
1008 1765 1180 1835 patris
1217 1762 1355 1818 Filio
1387 1762 1686 1826 solitarius,
1738 1762 1795 1815 in

1898 571 2116 627 abstulit
2152 573 2410 630 Dominus
2452 590 2641 630 omnes
2677 574 2844 631 fortes
2887 585 2940 631 et
2986 579 3319 649 magnificos,
3359 597 3476 639 me-

1899 662 2003 717 rito
2049 663 2129 718 eis
2182 663 2452 719 sublatum
2506 666 2776 737 plangitur
2813 668 3161 739 adjutorium,
3213 687 3280 728 eo
3333 674 3478 743 quod

1898 753 2195 823 adjutorem
2221 755 2408 819 Deum,
2443 756 2692 813 indurato
2727 759 2911 824 corde,
2942 759 3298 831 reliquerunt.
3339 762 3477 819 Nam

1898 854 1953 902 et
2007 847 2148 902 idem
2209 849 2469 918 propheta
2530 849 2685 920 longe
2736 848 2849 919 jam
2914 865 3075 922 supra
3134 868 3321 909 vocem
3380 855 3477 912 Dei

1898 938 2191 1008 praemisit,
2254 939 2489 994 dicens:
2528 937 2664 994 Ecce
2713 942 2959 995 constitui
3017 951 3066 996 te
3122 943 3275 998 hodie
3324 961 3481 1015 super

1897 1038 2074 1099 gentes
2128 1038 2176 1085 et
2230 1046 2386 1101 super
2437 1047 2626 1101 regna,
2667 1040 2722 1084 ut
2773 1030 2979 1097 evellas,
3026 1040 3072 1086 et
3117 1034 3378 1100 destruas,
3428 1043 3478 1088 et

1898 1118 2139 1190 dissipes,
2186 1131 2234 1175 et
2278 1122 2572 1190 disperdas,
2612 1131 2661 1176 et
2704 1122 2905 1193 plantes
2948 1121 3081 1194 (.Ier.
3109 1125 3247 1197 vm).
3278 1125 3477 1182 Contra

1897 1225 2017 1280 qua:
2056 1219 2289 1282 quatuor
2336 1213 2532 1278 tristia,
2579 1213 2685 1269 duo
2726 1213 2844 1268 laeta
2889 1214 3139 1285 opposuit
3172 1234 3184 1269 :
3214 1217 3339 1287 quia
3371 1234 3478 1274 non

1899 1310 2146 1370 poterant
2170 1302 2425 1359 :edificari
2468 1305 2627 1371 bona,
2658 1305 2760 1360 nisi
2793 1306 3065 1361 destructa
3093 1318 3275 1363 essent
3304 1309 3441 1363 mala
3460 1349 3473 1374 ,

1900 1408 2000 1448 nec
2023 1394 2253 1464 plantari
2285 1396 2511 1466 optima,
2538 1397 2641 1452 nisi
2666 1398 3071 1454 eradicarentur
3095 1402 3346 1470 pessima.
3378 1401 3479 1458 Hic

1900 1493 2080 1540 autem
2130 1486 2552 1543 cradicationem
2600 1496 2656 1543 et
2704 1489 3125 1560 indignationem
3170 1507 3228 1547 se
3274 1492 3481 1565 plangit

1897 1574 2130 1643 positum
2159 1576 2213 1630 in
2252 1578 2427 1633 medio
2466 1578 2785 1649 populorum
2819 1597 2832 1633 :
2866 1581 2991 1649 quia
3029 1596 3239 1649 omnes,
3276 1583 3403 1653 quia
3445 1600 3476 1639 a

1898 1663 2116 1721 Christo
2147 1666 2199 1720 in
2233 1669 2482 1737 passione
2520 1670 2933 1738 oberraverunt,
2965 1673 3224 1729 eradicati
3257 1684 3382 1730 sunt
3412 1677 3479 1731 de

1900 1764 2042 1810 terra
2082 1758 2396 1825 viventium,
2442 1761 2811 1835 indignatione
2856 1774 3133 1834 perpetua.
3172 1766 3375 1822 Idcirco
3423 1776 3479 1823 et

203 1859 325 1912 loco
359 1870 574 1927 pascuae
606 1856 835 1922 locatus,
860 1872 984 1912 cum
1008 1846 1064 1912 et
1090 1857 1204 1928 ipse
1232 1848 1599 1929 singularibus
1627 1857 1793 1912 dona-
1819 1843 1867 1904 B
1894 1849 2155 1919 prepheta
2184 1862 2402 1921 propter
2426 1868 2519 1908 eos
2546 1862 2781 1923 quatuor
2804 1854 3028 1921 inducit,
3060 1857 3267 1912 scilicet
3292 1876 3305 1912 :
3337 1858 3475 1928 0pc-

202 1949 356 2003 bitur
397 1948 656 2018 praemiis,
714 1948 1057 2005 etditabitur
1105 1948 1283 2004 donis.
1333 1948 1470 2004 Hinc
1516 1957 1602 2005 est
1646 1952 1790 2021 quod

201 2041 427 2111 quietus
442 2048 498 2094 et
527 2038 750 2096 feriatus
775 2039 845 2095 ab
873 2040 1020 2095 omni
1042 2040 1475 2110 interpellatione
1508 2043 1791 2096 mundana:

202 2134 610 2203 sollicitudinis,
627 2142 683 2190 et
695 2134 1081 2205 voluptatibus,
1096 2135 1292 2191 divinis
1312 2150 1511 2192 vacans
1532 2134 1785 2201 oraculis,

201 2224 478 2291 Leeemus,
525 2224 717 2295 inquit,
742 2225 902 2279 corda
928 2242 1046 2280 cum
1066 2225 1307 2280 manibus
1331 2225 1401 2279 ad
1430 2225 1713 2281 Dominunt
1732 2228 1789 2280 in

204 2316 417 2381 caelum,
462 2327 523 2372 ut
548 2316 895 2388 singulariter
946 2332 1011 2373 ea
1040 2316 1342 2373 referamus
1368 2333 1487 2387 quae
1514 2334 1636 2371 cum
1678 2318 1790 2372 Deo

200 2392 733 2464 viventibus‘soleut
779 2407 989 2464 felicius
1016 2409 1153 2464 dari.
1203 2408 1421 2464 Interim
1472 2417 1649 2463 tamen
1691 2424 1790 2478 pro

196 2503 498 2575 praeteritis
524 2518 778 2558 curemus
807 2501 976 2557 Deum
1003 2517 1123 2557 cum
1162 2502 1415 2573 lacrymis
1458 2508 1513 2556 et
1538 2501 1789 2571 precibus

197 2592 500 2648 instantius
528 2606 781 2657 exorare,
828 2600 883 2647 ct
916 2592 1161 2647 confiteri
1187 2592 1330 2662 quod
1359 2606 1455 2647 nos
1484 2599 1670 2646 sumus
1696 2589 1789 2660 qui

195 2686 392 2756 inique
417 2685 647 2755 egimus,
675 2699 775 2740 nos
803 2684 893 2753 qui
914 2683 987 2745 ad
1036 2683 1369 2739 iracundiam
1409 2696 1784 2753 provocamus.

192 2777 414 2832 Idcirco
443 2777 570 2847 quia
603 2774 879 2847 praeterita
907 2776 1206 2840 abundant,
1231 2790 1332 2830 nec
1358 2775 1642 2845 prtesentia
1666 2789 1787 2830 ces-

193 2878 352 2933 sant,
379 2868 625 2923 dicamus
660 2882 783 2923 cum
810 2868 1112 2938 propheta:
1151 2865 1287 2934 Quia
1339 2873 1396 2920 tu
1438 2864 1790 2921 inexorabihs

191 2979 280 3018 es.
314 2962 386 3016 Et
410 2960 536 3031 quia
563 2976 663 3016 nos
696 2975 803 3016 non
831 2959 1003 3025 audit,
1033 2974 1140 3015 non
1173 2960 1291 3029 ejus
1339 2958 1789 3029 inexsuperabilis

189 3054 438 3118 bonitas,
468 3052 561 3107 sed
585 3060 772 3107 nostra
802 3050 1004 3106 malitia
1030 3049 1179 3105 facit.
1209 3048 1361 3105 Unde
1386 3057 1533 3106 recte
1554 3048 1788 3105 Samech

186 3146 381 3201 littera
428 3144 693 3213 sequitur,
723 3157 842 3213 quae
870 3141 996 3197 audi
1031 3140 1116 3196 vel
1148 3141 1539 3211 ﬁrmamentum
1591 3154 1789 3196 sonare

1894 1940 2047 1993 ruisti
2079 1942 2133 1995 in
2164 1940 2362 2010 furore,
2393 1952 2441 1997 et
2480 1945 2782 2011 percussisti
2819 1962 2912 1999 nos
2938 1959 2956 1997 :
2982 1946 3237 2013 occidisti,
3269 1965 3361 2002 nec
3389 1966 3477 2019 pe-

1890 2031 2119 2101 percisti.
2164 2030 2390 2103 Operuit
2427 2034 2642 2104 quidem
2692 2036 2744 2090 in
2791 2035 2974 2093 furore
3025 2054 3124 2095 suo
3172 2039 3477 2095 velamento

1892 2123 2152 2177 caecitatis
2191 2121 2385 2179 faciem
2430 2122 2761 2194 Iudaeorum,
2800 2142 2867 2183 ne
2902 2139 3287 2199 agnosceretur
3322 2132 3478 2187 Chri-

1892 2221 2024 2268 stus.
2066 2212 2220 2271 Unde
2262 2224 2317 2271 et
2362 2216 2606 2273 velamen
2645 2219 2879 2289 positum
2915 2231 3035 2277 erat
3085 2238 3249 2293 super
3282 2222 3476 2279 faciem

1892 2304 2059 2377 Moysi
2086 2306 2281 2378 (Exod.
2300 2312 2505 2380 χχχιι),
2536 2311 2677 2380 quod
2693 2325 2860 2382 usque
2874 2314 3032 2369 hodie
3044 2314 3258 2385 legitur.
3278 2315 3343 2369 Et
3358 2331 3479 2385 per-

1890 2400 2060 2455 cussit
2085 2414 2178 2455 eos
2200 2400 2353 2471 plaga
2386 2402 2739 2471 dispersionis
2770 2404 2822 2459 in
2850 2406 3122 2476 gentibus,
3158 2422 3258 2462 nec
3295 2417 3474 2463 tamen

1890 2492 2125 2547 sensisse
2146 2507 2240 2548 eos
2258 2493 2552 2553 cernimus.
2575 2494 2786 2550 Occidit
2812 2510 2961 2560 vero,
2985 2498 3200 2567 quando
3223 2499 3473 2568 spiritum

1890 2583 2075 2653 gratiae
2104 2583 2227 2638 vitze
2257 2584 2478 2639 abstulit
2516 2604 2530 2639 :
2569 2586 2695 2656 quia
2727 2586 2813 2642 lex
2850 2587 3147 2657 spiritualis
3180 2597 3264 2644 est
3290 2588 3470 2659 (Rom.

1890 2676 2016 2746 vn),
2057 2689 2123 2729 ne
2169 2676 2413 2746 spiritum
2455 2679 2577 2733 vitae
2615 2679 2668 2733 in
2723 2680 2913 2760 eadem
2954 2680 3070 2752 iege
3102 2682 3466 2753 perciperent.

1891 2763 2001 2820 Nec
2030 2768 2293 2836 pepercit,
2336 2769 2552 2839 quando
2593 2778 2649 2826 et
2674 2771 2849 2841 gratia
2880 2787 2907 2826 a
2938 2772 3157 2843 templo,
3202 2788 3233 2827 a
3271 2772 3408 2845 lege,
3439 2789 3472 2830 a

1891 2855 2004 2910 solo
2026 2859 2233 2925 patriae,
2261 2867 2313 2913 et
2340 2861 2407 2915 ab
2428 2861 2682 2917 omnibus
2706 2863 2913 2934 expulit
2941 2864 3062 2920 fidei
3092 2867 3469 2923 sacramentis.

1893 2947 2045 3004 Unde
2094 2950 2264 3006 nubes
2315 2952 2559 3022 Opposita
2606 2964 2950 3024 peccatorum
3000 2964 3188 3011 contra
3236 2973 3354 3024 nos,
3405 2972 3475 3013 ne

1891 3048 2133 3095 transeat
2160 3042 2333 3097 oratio
2362 3057 2572 3109 eorum,
2601 3045 2725 3115 jure
2756 3046 3045 3117 plangitur.
3085 3047 3186 3115 Qui
3218 3048 3473 3104 nimirum

1889 3131 2057 3195 locus,
2106 3147 2213 3187 non
2260 3135 2438 3189 minus
2473 3150 2636 3206 supra
2675 3150 2962 3207 personam
2989 3136 3191 3194 Christi
3220 3138 3476 3211 intelligi-

186 3237 457 3291 videtur:
484 3241 542 3289 et
567 3242 628 3289 ut
658 3242 844 3289 noster
889 3232 1159 3301 interpres
1205 3230 1301 3296 ait,
1347 3229 1671 3300 adjutorium
1707 3229 1786 3284 in-
1814 3228 1861 3292 C
1892 3232 2000 3289 tur,
2028 3240 2189 3295 quam
2217 3233 2271 3281 et
2303 3242 2465 3298 super
2485 3225 2734 3283 Jeremiae
2763 3229 3154 3300 interpretatur
3179 3245 3195 3284 :
3224 3231 3350 3302 quia
3384 3231 3474 3287 .le-

188 3334 553 3400 terpretatur,
575 3325 720 3397 quod
748 3326 866 3397 ipse
890 3331 1070 3380 textus
1096 3337 1351 3379 versuum
1379 3321 1637 3377 insinuat.

888 3474 1113 3515 SAIECF.

269 3594 539 3667 Operuisti
568 3592 727 3657 enim,
769 3590 965 3662 inquit,
1017 3590 1074 3643 in
1128 3588 1327 3657 furore,
1377 3595 1425 3641 et
1471 3585 1778 3657 percussisti

181 3706 292 3745 nos
321 3704 341 3742 :
366 3683 624 3749 occidisti,
649 3699 741 3738 nec
778 3680 1073 3752 pepercisti.
1106 3676 1404 3749 Opposuisti
1439 3676 1626 3730 nubem
1670 3676 1783 3740 tibi,

180 3796 257 3833 ne
286 3783 521 3831 transeat
573 3772 765 3827 oratio.
804 3769 1234 3831 Eradicationem
1281 3778 1328 3821 et
1368 3765 1783 3836 indignationem

174 3865 418 3939 posuisti
471 3879 552 3917 me
602 3862 658 3916 in
703 3860 871 3915 medio
901 3858 1232 3930 populorum.
1288 3855 1496 3924 Quibus
1543 3854 1787 3926 proiecto

176 3956 406 4019 verbis,
441 3953 612 4024 liquet
638 3966 832 4007 sensus
855 3950 1072 4014 litteras,
1112 3948 1255 4018 quod
1296 3945 1623 4017 adjutorium
1639 3945 1787 4016 juste

174 4064 257 4104 an
268 4047 480 4102 feretur
499 4045 569 4100 ab
588 4043 691 4109 eis,
721 4041 813 4112 qui
835 4050 891 4096 et
911 4040 1077 4096 multa
1102 4039 1168 4094 de
1187 4027 1477 4108 praeteritis
1501 4043 1787 4108 aggregata

172 4155 305 4195 non
328 4136 594 4207 plangunt
621 4152 636 4189 :
678 4134 900 4202 insuper
925 4140 980 4186 et
1016 4145 1153 4186 nova
1182 4129 1464 4184 veteribus
1502 4127 1783 4193 addentes,

168 4233 348 4303 pium
379 4228 613 4300 judieem
640 4225 709 4280 ad
735 4222 1070 4280 iracundiam
1109 4228 1423 4291 provocant,
1462 4227 1517 4275 et
1544 4218 1786 4288 quotidie

168 4320 581 4392 delinquendo,
600 4317 985 4374 inexorabilem
1012 4315 1274 4370 reddunt:
1298 4322 1353 4369 et
1377 4314 1517 4368 sicut
1542 4312 1788 4382 superius

167 4420 341 4476 idem
386 4412 651 4484 propheta
699 4410 800 4466 sub
838 4408 1024 4465 eadem
1052 4408 1233 4463 littera
1281 4404 1516 4461 Samech
1561 4404 1784 4475 plangit,

166 4506 447 4571 Abstulit,
480 4504 673 4575 inquit,
703 4502 959 4557 Dominus
995 4500 1059 4555 de
1106 4498 1276 4554 medio
1299 4498 1401 4551 mei
1426 4512 1601 4550 omnes
1627 4495 1787 4565 fortes

1891 3316 2093 3371 remias
2148 3316 2379 3372 excelsus
2436 3317 2648 3373 Domini
2701 3319 2921 3375 dicitur.
2980 3321 3238 3377 Dominus
3292 3330 3473 3377 autem

1890 3406 2157 3462 destruxit
2192 3423 2355 3480 regna
2399 3408 2619 3474 diaboli,
2660 3424 2779 3479 qua:
2809 3411 2911 3464 sibi
2943 3410 2996 3465 in
3037 3409 3250 3466 excelso
3275 3411 3473 3467 montis

1889 3496 2219 3563 ostenderat,
2247 3505 2302 3552 et
2326 3497 2664 3553 adversarias
2684 3499 2917 3568 perdidit
2941 3507 3258 3570 potestates,
3288 3499 3473 3555 delens

1889 3589 2306 3661 chirographum
2350 3605 2538 3645 earum
2587 3591 2640 3645 in
2676 3605 2838 3646 cruce
2873 3589 3019 3663 (Col.
3050 3590 3142 3663 ιι).
3176 3591 3223 3645 A
3258 3589 3473 3665 1454

1888 3680 2103 3752 quibus,
2151 3682 2241 3751 qui
2271 3682 2512 3737 membra
2550 3693 2675 3737 sunt
2711 3682 2870 3751 hujus
2918 3685 3185 3753 corporis,
3228 3683 3470 3739 ablatum

1888 3779 1972 3825 est
1994 3786 2153 3826 omne
2183 3770 2530 3840 adjutorium,
2557 3781 2612 3829 et
2640 3782 2897 3829 statutum
2921 3783 3004 3830 est
3026 3776 3193 3831 chaos
3215 3791 3469 3846 magnum

1887 3861 2030 3917 inter
2057 3877 2151 3918 eos
2174 3863 2264 3933 qui
2310 3864 2544 3933 praesciti
2567 3874 2621 3920 et
2645 3866 3011 3935 prmdestinati
3038 3877 3165 3923 sunt
3188 3866 3255 3922 ad
3280 3868 3467 3930 vitam,

1888 3963 2051 4025 atque
2078 3955 2221 4011 inter
2261 3971 2356 4012 eos
2391 3956 2483 4027 qui
2526 3957 2870 4027 praeordinati
2908 3966 3051 4021 sunt,
3077 3958 3225 4029 justo
3259 3967 3314 4013 et
3343 3973 3471 4013 vero

1880 4045 1986 4100 Dei
2005 4046 2228 4117 judicio,
2260 4047 2328 4102 ad
2351 4048 2692 4119 supplicium.
2726 4046 2878 4104 Unde
2898 4063 2964 4103 ex
2988 4048 3279 4119 Evangelio
3299 4048 3471 4103 Abra-

1888 4137 2015 4192 ham
2061 4137 2129 4193 ad
2176 4139 2394 4194 divitem
2428 4158 2441 4193 :
2474 4138 2624 4194 Inter
2665 4156 2758 4194 nos
2795 4148 2842 4194 et
2880 4156 2966 4194 vos
2995 4140 3153 4195 chaos
3199 4156 3468 4211 magnum,

1889 4229 2084 4299 inquit,
2108 4230 2378 4300 ﬁrmatum
2406 4240 2483 4284 est
2508 4240 2563 4284 ut
2600 4247 2704 4285 non
2739 4231 2935 4301 possint
2973 4230 3092 4284 inde
3131 4230 3256 4297 huc,
3308 4245 3472 4301 neque

1887 4338 1953 4376 ex
1991 4322 2125 4381 hinc
2149 4320 2275 4375 illuc
2301 4331 2624 4376 transmeare
2653 4320 2805 4393 (Luc.
2834 4320 2966 4391 τινι).
3000 4320 3292 4392 Propterea
3325 4329 3471 4377 recte

1889 4430 1921 4469 ιι
1948 4414 2268 4484 quibusdam
2302 4412 2685 4484 interpretibus
2719 4413 2877 4484 hujus
2918 4413 3112 4469 littera:
3148 4414 3472 4483 interpreta-

1891 4508 1988 4575 tio,
2022 4507 2432 4577 ﬁrmamentum,
2462 4515 2556 4561 aut
2583 4506 2709 4561 audi
2738 4507 3142 4577 interpretatur.
3173 4507 3289 4563 Non
3323 4506 3468 4563 enim

165 4598 571 4669 προδαῆναι.
594 4597 659 4668 ι),
684 4594 790 4660 vel,
817 4602 876 4649 ut
906 4591 1075 4648 nostri
1087 4590 1302 4647 codices
1327 4587 1537 4661 1453
1565 4589 1783 4654 habent,

1891 4602 2062 4656 otiose
2102 4600 2234 4656 dicit
2270 4600 2413 4664 audi,
2465 4599 2609 4669 quod
2653 4613 2939 4655 commune
2982 4608 3066 4656 est
3101 4600 3370 4663 omnibus,
3414 4606 3471 4655 et

161 4689 517 4763 magniﬁcos
544 4686 764 4743 vocavit
789 4685 1077 4741 adversum
1108 4698 1195 4739 me
1229 4690 1439 4752 tempus
1467 4698 1480 4735 :
1504 4689 1563 4736 ut
1597 4687 1785 4735 conte-

162 4790 346 4841 reret
382 4781 437 4836 in
467 4795 555 4835 me
592 4778 796 4834 electos
831 4790 999 4832 meos.
1047 4774 1164 4829 Non
1200 4772 1345 4828 enim
1397 4779 1525 4826 tunc
1565 4768 1789 4824 abstulit

158 4888 390 4935 omnes
413 4873 612 4930 Iudaeae
634 4870 802 4927 fortes
818 4868 1100 4934 Dominus,
1121 4866 1338 4938 quando
1365 4866 1418 4920 in
1439 4864 1784 4936 Babyloniam

162 4965 478 5037 regionem
519 4961 832 5017 Iudaeorum
877 4958 1123 5029 captivus
1171 4957 1363 5013 ductus
1408 4963 1492 5011 est
1532 4953 1780 5026 populus,

156 5059 287 5117 sed
316 5054 543 5128 quando
561 5052 779 5110 Christo
803 5051 1042 5117 advenit,
1058 5057 1113 5105 et
1133 5048 1435 5105 libertatem
1460 5047 1654 5101 animae
1672 5058 1784 5100 suae

156 5161 474 5223 synagoga
495 5144 707 5215 captiva
733 5158 842 5199 non
867 5142 1026 5208 vidit,
1049 5140 1299 5197 nesciens
1327 5138 1580 5211 gravibus
1603 5137 1784 5193 incur-

152 5251 320 5299 vata
350 5238 614 5311 peccatis,
643 5236 839 5293 mentis
863 5249 975 5291 sua:
1000 5234 1209 5304 erigere
1232 5232 1522 5297 cervicem,
1553 5239 1608 5286 et
1635 5245 1783 5302 quae-

153 5338 319 5392 dam
360 5331 486 5387 ﬁdei
527 5329 667 5386 colla
700 5330 768 5385 ad
803 5328 979 5384 lucem
1021 5325 1361 5398 cogitationis
1399 5323 1663 5379 attollere.
1693 5322 1780 5378 ld-

148 5429 345 5485 circo
373 5422 623 5478 Christus
645 5421 801 5492 quasi
828 5420 1123 5476 eradicatio
1148 5426 1205 5474 et
1236 5416 1534 5485 indignatio
1576 5415 1783 5485 positus

148 5528 273 5576 est
312 5518 370 5572 in
404 5515 580 5571 medio
604 5514 943 5586 populorum.
968 5512 1104 5567 Hinc
1130 5512 1245 5581 ipse
1267 5512 1343 5565 ait
1374 5528 1387 5564 :
1420 5509 1533 5580 Ego
1562 5510 1696 5575 veni,
1727 5519 1784 5563 ut

147 5610 431 5667 videntes
450 5623 555 5661 non
571 5607 801 5670 videant,
820 5616 867 5659 ct
887 5605 976 5675 qui
1000 5605 1168 5658 rident
1187 5602 1310 5656 σανεὶ
1330 5601 1461 5670 ﬁant
1482 5600 1664 5672 (Joan.
1679 5600 1779 5671 ιι).

150 5703 251 5759 Et
306 5698 528 5754 Simeon
566 5712 721 5751 eum-
738 5697 1038 5766 suscipiens
1065 5714 1079 5749 :
1109 5693 1248 5749 Ecce
1282 5693 1482 5764 positus
1518 5701 1591 5745 est
1616 5692 1700 5745 hic
1726 5692 1782 5746 in

130 5793 432 5857 'rua'nam,
488 5803 534 5845 et
597 5792 1024 5847 resurrectionem
1060 5788 1342 5843 multorum
1398 5786 1453 5840 in
1486 5784 1676 5852 Israel,
1729 5795 1778 5842 et

1888 4693 2124 4764 suppetit
2146 4692 2416 4747 universis
2438 4691 2553 4761 ipso
2568 4689 2693 4762 jure
2715 4699 2939 4747 naturae.
2966 4691 3081 4748 Non
3105 4701 3188 4748 est
3208 4692 3465 4757 otiosum,

1888 4786 2128 4854 inquam,
2174 4783 2317 4853 quod
2360 4783 2560 4838 dicitur
2607 4782 2755 4850 audi,
2800 4784 2965 4839 etiam
3018 4798 3141 4840 cum
3183 4785 3337 4839 inviti
3376 4792 3468 4839 aut

1886 4876 2034 4931 aliud
2074 4884 2313 4946 agentes,
2344 4890 2535 4930 sonum
2572 4883 2751 4932 tamen
2777 4886 2871 4931 aut
2897 4890 3083 4933 vocem
3113 4876 3300 4932 audire
3329 4875 3467 4933 sole-

1886 4984 2027 5024 mus.
2059 4966 2165 5023 Sed
2188 4968 2316 5038 quia
2346 4984 2453 5023 non
2485 4969 2695 5025 esthoc
2720 4970 2893 5025 solum
2928 4970 3134 5037 audire,
3164 4973 3307 5041 quod
3340 4986 3468 5042 sup-

1885 5061 2022 5133 petit
2050 5060 2238 5115 audire
2263 5058 2435 5117 oillcio
2456 5068 2686 5129 natura},
2714 5063 2807 5118 sed
2836 5060 2962 5117 illud
2988 5064 3131 5133 quod
3160 5064 3332 5134 majus
3360 5072 3464 5131 est,

1886 5164 1947 5209 ut
1984 5154 2173 5209 audias
2200 5169 2306 5209 non
2351 5169 2449 5209 usu
2476 5162 2683 5209 tantum
2712 5154 2972 5224 corporis,
3004 5169 3164 5223 quam
3192 5148 3466 5209 intellectu

1886 5244 2083 5300 mentis
2114 5262 2127 5299 :
2154 5244 2278 5300 ideo
2312 5244 2621 5315 diligentius
2659 5234 2940 5299 considera
2977 5242 3134 5302 istius
3161 5243 3354 5300 litterae
3378 5245 3465 5300 in-

1885 5335 2347 5404 terpretationem,
2391 5335 2694 5404 seriemque
2725 5348 3001 5400 versuum,
3046 5342 3169 5403 post
3205 5334 3462 5389 moralem

1887 5427 2318 5499 intelligentiam,
2351 5428 2479 5498 quid
2507 5435 2764 5497 sequatur
2790 5441 2905 5493 eos,
2933 5443 3161 5498 quorum
3192 5427 3245 5482 in
3267 5427 3466 5498 sempi-

1890 5528 2105 5575 ternum
2134 5518 2287 5576 furor
2312 5519 2573 5589 peccandi
2600 5528 2924 5589 perseverat.

2560 5666 2786 5707 GADECH.

1959 5784 2113 5842 Unde
2137 5785 2420 5857 opposuisti
2444 5785 2628 5842 nubem
2651 5785 2765 5853 tibi,
2789 5802 2852 5842 ne
2876 5795 3104 5842 transeat
3129 5785 3316 5841 oratio.
3340 5783 3463 5842 Alia
