4078 6348
651 296 787 358 H79

649 413 848 485 quippe
896 409 1066 464 nubes
1111 407 1246 463 levis
1290 407 1515 479 legitur,
1570 422 1731 478 super
1782 423 1943 476 quam
1995 406 2312 469 ascenditA

649 502 940 560 Christus:
975 499 1075 553 alia
1124 497 1293 553 nubes
1333 498 1507 555 lucida
1551 508 1605 553 et
1653 499 1879 554 candida
1916 517 1927 552 :
1963 498 2066 552 alia
2108 512 2235 552 vero

652 593 959 649 tenebrosa.
994 588 1098 644 seu
1122 590 1291 645 nuhes
1318 605 1437 660 qua:
1467 590 1711 660 opposita
1738 589 2026 661 plangitur,
2053 589 2235 645 densi-

650 692 813 739 tatem
836 690 1181 752 peccatorum
1212 680 1503 751 signiﬁcat.
1534 680 1666 735 Nam
1699 690 1752 736 et
1777 680 2025 736 columba
2055 681 2235 747 nubis,

650 792 768 846 qua:
810 772 1169 843 prmcedehat,
1222 770 1465 826 Hebraeis
1503 773 1827 829 exeuntibus
1873 790 1939 829 ex
1977 772 2233 844 Aigypto,

652 865 886 934 mediam
903 879 960 918 se
982 877 1277 932 opponens,
1304 864 1445 917 inter
1461 861 1743 934 Egyptios
1761 870 1920 931 atque
1942 861 2196 918 Hehrzeos
2221 878 2234 915 :

652 956 765 1026 ipsa
797 933 1095 1024 eademque
1131 953 1220 1007 lux
1266 962 1386 1007 erat
1427 933 1748 1010 exeuntibus
1790 954 1912 1010 ﬁliis
1956 954 2238 1033 Israel,'et

652 1047 871 1102 caecitas
904 1044 1173 1117 [Egyptiis
1204 1044 1403 1117 (Exod.
1432 1050 1573 1116 xm).
1606 1046 1683 1101 Ita
1717 1056 1771 1102 et
1798 1048 1969 1102 nuhes
1994 1046 2240 1118 corporis

652 1138 854 1196 Christi
903 1138 993 1192 lux
1038 1137 1384 1192 credentibus
1419 1155 1431 1190 :
1466 1154 1569 1192 non
1626 1139 1970 1194 credentibus
2023 1153 2239 1204 autem,

654 1232 890 1296 czecitas,
913 1238 967 1283 et
990 1238 1137 1300 petra
1163 1230 1422 1293 seandali,
1450 1246 1655 1284 necnon
1677 1238 1729 1284 et
1754 1230 1884 1299 lapis
1905 1229 2238 1283 oll'ensiunis.

659 1322 830 1388 Unde,
860 1321 1053 1392 inquit,
1078 1319 1338 1390 Operuisti
1362 1320 1414 1373 in
1439 1321 1637 1390 furore.
1671 1320 1807 1388 Quid
1838 1321 1980 1374 enim
2006 1320 2239 1389 operuit,

658 1413 762 1468 nisi
804 1413 930 1484 quia
965 1412 1198 1481 seipsum
1240 1410 1523 1464 Dominum
1572 1412 1624 1464 in
1664 1411 1881 1465 homine
1920 1410 2243 1465 occultavit?

660 1507 729 1564 Et
758 1507 1082 1579 percussisti,
1105 1521 1168 1561 ac
1194 1506 1238 1560 si
1270 1506 1433 1567 dicat,
1469 1505 1688 1561 vulnere
1716 1505 2061 1560 inﬁdelitatis.
2093 1503 2245 1559 Occi-

659 1600 784 1656 disti
812 1599 894 1655 sui
921 1600 975 1654 iu
1000 1597 1335 1668 paenitudine
1358 1597 1555 1651 cordis.
1591 1596 1701 1651 Nec
1724 1597 2016 1667 j‘cpercisti,
2048 1596 2239 1663 inquit,

667 1705 891 1767 propter
946 1694 1287 1750 severitatem
1314 1692 1522 1763 judicii.
1548 1692 1613 1746 Et
1643 1691 1778 1753 lure,
1808 1692 2047 1759 inquam,
2079 1689 2247 1742 nubes

1469 293 1526 349 S.
1566 291 1923 349 PASCIIASII
1968 290 2315 348 RADBERTI
2352 290 2645 348 ABBATIS
2683 286 3132 347 CORBEIENSIS

3695 311 3794 372 “80

3084 417 3185 456 AIN.

2411 500 2607 553 Oculus
2645 515 2790 551 meus
2826 497 3047 569 aﬁlictus
3083 505 3171 559 est,
3214 512 3298 550 nec
3332 501 3493 566 tacuit,
3525 519 3573 555 eo
3597 508 3801 575 quodnon

2338 603 2467 657 esset
2499 592 2719 664 requies,
2756 599 2811 646 et
2840 590 2893 643 in
2932 588 3094 643 tertio
3135 587 3231 643 sub
3275 587 3424 660 hujus
3459 591 3621 647 littera:
3643 612 3802 654 versu:

2341 682 2540 738 Oculus
2568 698 2712 736 meus
2751 679 3083 750 deprtrdatus
3124 688 3215 743 est,
3249 678 3428 749 inquit,
3457 684 3649 739 animum
3683 705 3805 744 meum

2342 775 2558 846 (Thren.
2582 773 2685 845 ιιι).
2706 772 2970 839 Quoniam
2990 770 3260 826 oculorum
3290 783 3369 827 est
3387 773 3609 842 oﬁicium,
3624 782 3809 837 annum

2340 865 2482 935 quod
2513 864 2766 920 viderint.
2804 862 2872 917 Et
2907 861 3154 917 Christus
3190 863 3303 919 aliis
3339 865 3525 933 positus
3554 880 3624 921 est
3661 869 3703 923 in
3736 876 3810 927 rui-

2342 973 2489 1021 nam,
2530 956 2650 1011 aliis
2693 957 2744 1010 in
2776 954 3244 1010 resurrectionem.
3274 954 3371 1008 Per
3394 955 3485 1009 Ain
3511 955 3705 1012 litteram
3724 976 3813 1015 Ocno

2342 1049 2515 1104 lorum
2542 1048 2713 1103 olIicia
2742 1049 3108 1112 declarantur,
3138 1055 3195 1100 ut
3216 1063 3341 1102 sane
3364 1046 3571 1103 deﬂeant
3593 1064 3673 1117 pro
3694 1050 3814 1105 allen-

2342 1140 2445 1205 sis;
2497 1140 2581 1194 vel
2624 1140 2786 1193 etiam
2834 1154 2900 1192 ex
2948 1138 3214 1192 desiderio
3263 1138 3437 1210 gratire
3487 1140 3813 1210 ingemiscant:

2343 1247 2570 1301 quorum
2620 1229 2854 1284 ollicium
2909 1239 2991 1282 est
3048 1244 3257 1298 semper
3310 1230 3542 1284 delectari
3596 1232 3814 1298 suavibus,

2344 1321 2540 1377 oll‘ctuli
2592 1331 2768 1375 autem
2817 1321 3075 1375 adversis.
3129 1320 3273 1375 Unde
3318 1320 3491 1376 Ennon
3533 1336 3652 1391 szepe
3684 1323 3818 1379 oculus

2345 1413 2728 1484 suppliciorum
2752 1413 2965 1475 dicitur,
2991 1411 3204 1485 15,56
3228 1411 3409 1466 oculus
3429 1413 3818 1477 tentationis,oculi

2345 1506 2514 1569 hcedi,
2565 1503 2706 1558 oculi
2760 1504 2958 1568 vitulzr,
3004 1504 3190 1558 oculus
3237 1504 3589 1576 generationis,
3626 1512 3700 1557 aut
3739 1504 3820 1559 lens

2346 1598 2725 1671 generationis,
2776 1598 2829 1651 in
2867 1613 2975 1667 quo
3012 1595 3315 1667 baptizabat
3353 1596 3570 1651 Joannes
3599 1615 3608 1649 :
3634 1606 3821 1665 quatenus

2346 1704 2533 1742 eorum
2561 1688 2846 1743 alllictione
2874 1704 2969 1758 per
2996 1688 3198 1758 fontem
3224 1688 3563 1760 generationis
3587 1688 3633 1741 in
3652 1686 3824 1756 adeptio-

659 1787 907 1857 opposita
942 1796 1027 1842 est
1063 1800 1246 1840 coram
1281 1784 1451 1838 oculis
1496 1783 1690 1837 diviure
1720 1782 2036 1851 majestatis,
2079 1796 2241 1850 quam
2273 1778 2320 1838 B
2350 1800 2472 1838 nem
2524 1791 2707 1837 renata
2745 1782 3034 1835 transirent
3076 1780 3305 1835 ﬁliorum
3350 1781 3457 1835 Dei.
3494 1780 3552 1833 Et
3588 1781 3670 1833 hoc
3695 1788 3752 1833 est
3774 1777 3825 1832 di-

660 1894 767 1934 nun
800 1888 979 1948 potest
1006 1877 1238 1932 transire
1272 1874 1509 1945 quandiu
1540 1873 1759 1927 caecitas
1804 1888 1869 1925 ex
1899 1880 2051 1940 parte
2078 1871 2243 1924 Israel

658 1971 925 2025 manserit
970 1969 1299 2024 inﬁdelitatis
1337 1969 1530 2025 oratiu.
1586 1967 1791 2021 Idcirco
1830 1966 2079 2021 Christus
2121 1964 2246 2034 jure

659 2062 955 2119 eradicatio
985 2072 1041 2117 et
1068 2063 1364 2134 indignatio
1392 2064 1597 2134 positus
1625 2078 1742 2118 esse
1771 2062 2064 2132 plangitur,
2104 2061 2246 2115 sicut

661 2154 726 2209 de
768 2154 1071 2209 inﬁdelibus
1115 2155 1505 2221 comminatur;
1548 2163 1830 2225 propterea
1894 2154 2066 2222 inquit
2116 2169 2245 2223 pro-

660 2245 823 2313 pheta
866 2253 922 2299 et
964 2246 1391 2316 prtecedentibus
1432 2260 1552 2314 qua:
1595 2254 1914 2314 sequuntur,
1976 2243 2112 2297 Deus
2150 2244 2244 2297 de-

658 2347 821 2391 struet
845 2346 915 2402 te,
946 2338 1000 2391 in
1026 2338 1184 2407 linem
1212 2337 1388 2392 evellet
1425 2349 1494 2403 te,
1525 2346 1573 2391 et
1601 2337 1871 2407 emigrabit
1900 2346 1947 2389 te
1974 2336 2038 2389 de
2076 2334 2247 2388 taber-

661 2427 870 2492 naculo,
894 2437 941 2481 et
967 2428 1197 2482 radicem
1222 2437 1365 2481 tuam
1389 2428 1452 2481 de
1472 2437 1611 2481 terra
1643 2427 1915 2481 viventium
1941 2422 2112 2495 (Psal.
2144 2424 2242 2496 LI).

661 2517 729 2571 Et
765 2519 866 2572 hoc
897 2528 979 2573 est
1018 2528 1198 2574 textus
1226 2519 1383 2588 hujus
1419 2518 1629 2582 littcrze,
1659 2518 1798 2572 sicut
1827 2516 2042 2580 dicitur,
2072 2515 2193 2569 audi
2227 2532 2242 2569 :

661 2610 917 2681 quoniam
941 2609 1506 2681 incomprehensibilia
1530 2608 1741 2681 1455
1763 2615 1885 2663 sunt
1905 2607 2104 2678 judicia
2128 2607 2243 2663 Dei.

660 2701 866 2756 Idcirco
896 2711 1078 2759 monet
1121 2717 1219 2771 per
1245 2703 1385 2757 hanc
1429 2701 1662 2756 litteram
1700 2716 1803 2771 qua
1835 2699 2053 2763 dicitur,
2099 2699 2243 2763 audi,

664 2800 724 2844 ut
767 2807 956 2848 omnes
985 2794 1051 2848 ad
1083 2792 1494 2863 intelligentiam
1534 2793 1777 2857 redeant,
1823 2801 1877 2846 et
1918 2807 1978 2846 ex
2017 2791 2100 2845 his
2128 2807 2247 2861 qua:

665 2882 921 2937 dicuntur
945 2884 1124 2939 cordis
1150 2883 1504 2955 intelligibilia
1535 2884 1855 2954 percipiant.
1892 2882 2045 2939 Unde
2070 2891 2124 2935 et
2154 2898 2247 2936 su-

664 2988 762 3051 pra
785 2974 885 3029 sub
907 2975 1009 3030 hac
1032 2974 1208 3030 littera
1235 2974 1474 3030 :Lacum
1496 2974 1726 3030 calcavit
1749 2974 2024 3039 Dominus,
2053 2972 2247 3042 inquit,

663 3064 859 3134 virgini
898 3064 1019 3120 ﬁlia:
1048 3064 1219 3131 Iudae,
1250 3080 1355 3121 non
1382 3064 1524 3135 quod
1554 3072 1680 3118 tunc
1706 3062 1988 3127 Dominus,
2029 3070 2089 3116 ut
2113 3061 2245 3128 dixi,

2347 1890 2470 1930 cere
2505 1893 2516 1927 :
2549 1873 2747 1929 Oculus
2776 1890 2929 1928 meus
2955 1872 3183 1928 afﬂictus
3212 1881 3312 1936 cst,
3342 1873 3503 1927 oculis
3537 1881 3585 1925 et
3608 1871 3825 1936 doloribus,

2347 1982 2448 2020 nec
2499 1966 2681 2021 tacuit.
2740 1965 2924 2035 Itaque
2976 1966 3102 2035 quia
3157 1966 3334 2021 nullus
3385 1965 3574 2019 clamor
3621 1964 3673 2017 ad
3712 1964 3825 2017 Deum

2349 2057 2641 2111 ascendere
2665 2056 2925 2120 creditur,
2954 2071 3115 2125 quam
3150 2055 3352 2110 clamor
3379 2055 3693 2125 lacrymartun
3713 2071 3725 2106 :
3745 2052 3830 2121 quia

2348 2157 2404 2202 et
2460 2148 2504 2202 si
2548 2163 2707 2202 voces
2757 2148 2931 2201 surda:
2978 2155 3121 2211 sunt,
3174 2162 3544 2216 nonnunquam
3581 2161 3724 2200 coram
3760 2143 3832 2196 Deo

2350 2239 2600 2310 Iacrymte
2646 2255 2880 2310 semper,
2932 2247 3072 2293 teste
3113 2238 3321 2308 Spiritu
3368 2249 3560 2303 sancto,
3606 2236 3772 2293 maxilla
3796 2233 3832 2288 in

2350 2330 2566 2396 coelum,
2592 2347 2712 2385 cum
2739 2332 2883 2385 omni
2913 2331 3155 2385 clamore
3185 2332 3366 2386 cordis
3392 2332 3653 2385 ascendere
3674 2329 3835 2399 probau-

2350 2430 2460 2477 tur.
2496 2423 2647 2491 Quod
2677 2434 2853 2478 autetn
2897 2422 3087 2478 Ennon
3126 2423 3321 2479 oculus
3357 2423 3698 2495 suppliciorum
3719 2420 3835 2472 inter-

2348 2524 2617 2588 pretatur,
2644 2516 2694 2569 in
2722 2530 2827 2585 quo
2857 2516 3095 2585 baptizat
3123 2513 3384 2578 Joannes,
3416 2514 3535 2584 quid
3558 2512 3679 2567 aliud
3701 2508 3837 2573 innuit,

2351 2610 2457 2664 nisi
2487 2610 2627 2679 qtmd
2660 2617 2879 2664 renatus
2909 2610 3186 2664 desiderat
3226 2610 3325 2664 sibi
3360 2608 3560 2679 propria
3594 2614 3766 2676 peccata
3784 2602 3839 2657 di-

2352 2703 2513 2767 mitti,
2542 2720 2770 2773 quorutn
2799 2703 3055 2776 supplicia
3087 2705 3260 2759 corde
3288 2704 3507 2774 provido
3528 2696 3845 2773 perhorrescat?

2351 2794 2535 2864 Itaque
2569 2794 2694 2849 licet
2738 2795 2926 2851 oculus
2965 2797 3357 2866 suppliciorum
3389 2795 3603 2856 dicatur,
3638 2788 3846 2861 prazviden.

2353 2886 2424 2940 tis
2459 2895 2539 2941 est
2569 2895 2746 2941 tamen
2784 2886 3068 2957 supplicia,
3102 2903 3214 2942 non
3246 2887 3569 2943 sustinentis.
3604 2884 3739 2939 Porro
3758 2894 3844 2933 ocu-

2354 2975 2437 3029 lus
2465 2977 2796 3039 tentatinnis,
2827 2979 2950 3047 quia
2996 2994 3093 3048 per
3121 2994 3252 3033 eum
3299 2993 3439 3048 sa‘pe
3477 2986 3723 3032 tentamur.
3745 2969 3847 3026 I'ude

2356 3066 2642 3122 Salvator:
2676 3068 2777 3133 Qui
2808 3070 3008 3134 viderit,
3046 3072 3247 3141 inquit,
3290 3072 3549 3125 mulierem
3588 3071 3647 3123 ad
3679 3063 3849 3134 concupi-

666 3157 812 3215 forcs
834 3158 1134 3224 abstulerit,
1167 3158 1383 3228 quando
1405 3159 1597 3214 ductus
1624 3168 1707 3212 est
1729 3157 1976 3227 captivus
1995 3155 2245 3225 populus,
2276 3137 2324 3199 Ο
2354 3160 2601 3213 scendunt
2644 3176 2781 3224 eam,
2818 3160 2935 3229 jam
2970 3137 3265 3216 matcliatus
3309 3173 3382 3215 cst
3424 3177 3533 3215 eam
3565 3161 3613 3213 in
3646 3154 3763 3211 corde
3789 3166 3848 3205 suo

666 3253 759 3309 sed
807 3252 1023 3323 quando
1063 3251 1310 3308 Christus
1361 3251 1598 3305 advenit.
1656 3248 1807 3304 Tunc
1861 3248 2059 3319 quippe
2100 3246 2251 3302 lacus

667 3344 843 3401 lactus
880 3342 1077 3399 ludatis
1105 3344 1284 3414 passio
1315 3341 1635 3407 Salvatoris,
1674 3356 1795 3412 quae
1830 3339 2081 3411 gentibus
2122 3351 2251 3408 por-

667 3443 776 3488 tam
825 3434 1014 3489 salutis
1053 3431 1309 3489 ostendit.
1359 3432 1493 3487 Nam
1538 3447 1670 3486 crux
1710 3430 1946 3494 Domini,
1978 3429 2118 3484 sicut
2146 3441 2253 3483 non

666 3526 1015 3582 credentibus
1043 3526 1399 3597 praecipitium
1438 3532 1540 3590 est,
1584 3525 1656 3578 ita
1695 3522 2041 3578 credentibus
2066 3528 2253 3589 portus

667 3616 876 3671 salutis.
920 3616 986 3671 Et
1023 3616 1144 3671 ideo
1172 3614 1435 3686 praemisit
1477 3613 1759 3683 propheta,
1791 3611 1935 3675 audi,
1976 3619 2034 3664 ut
2074 3608 2254 3663 futura

665 3721 1024 3779 cognosceres
1051 3706 1305 3777 quoniam
1339 3705 1576 3762 torcular
1601 3705 1718 3776 (aut
1742 3704 1889 3759 lacus
1903 3702 2059 3772 juxta
2091 3702 2253 3756 aliam

666 3799 1197 3871 interpretationem)
1246 3814 1405 3871 quem
1459 3798 1687 3854 calcavit
1744 3796 2005 3851 Dominus
2058 3795 2253 3866 virgini

671 3889 795 3945 ﬁlia:
831 3888 1004 3957 Judse,
1034 3890 1264 3946 calcavit
1290 3899 1349 3944 ut
1396 3906 1464 3946 ex
1494 3890 1609 3960 ipso
1633 3888 1899 3958 passionis
1923 3887 2088 3958 praeln
2122 3884 2255 3943 ﬁdes

668 3979 1013 4036 credentium"
1070 3980 1414 4047 claresceret,
1478 3988 1573 4035 aut
1637 3978 1736 4033 faex
1805 3977 2135 4032 inﬁdelitatis
2202 3978 2254 4033 in

671 4089 950 4129 amurcam
979 4076 1258 4131 transiret.
1280 4075 1553 4131 Moraliter
1576 4085 1780 4138 autem,
1806 4082 1952 4129 recte
1974 4090 2032 4129 se
2053 4074 2258 4146 plangit

667 4165 868 4231 anima,
899 4167 1115 4236 quando
1153 4167 1384 4238 caligine
1423 4166 1637 4237 operuit
1675 4165 1997 4235 iniquitatis,
2038 4175 2096 4220 ut
2134 4182 2257 4235 per-

664 4272 878 4312 cussam
934 4269 1097 4330 atque
1142 4261 1377 4315 occisam
1432 4260 1630 4315 sentiat
1676 4258 1826 4327 justo
1878 4260 1975 4317 Dei
2015 4260 2252 4329 judicio,

665 4359 859 4420 agente
899 4352 1121 4406 vulnere
1154 4352 1439 4422 pravitatis
1477 4366 1605 4406 suae.
1649 4351 1748 4406 Cui
1791 4351 2041 4423 opposita
2082 4352 2255 4407 nubes

664 4441 941 4513 plangitur
986 4442 1325 4508 delictorum,
1376 4458 1498 4512 qua:
1551 4443 1722 4514 magis
1770 4451 1959 4498 contra
2008 4458 2107 4498 nos
2147 4441 2255 4497 cla-

666 4550 817 4597 mare
862 4549 1024 4603 quam
1092 4550 1320 4590 exorare
1369 4534 1600 4591 videtur.
1658 4533 1810 4590 Unde
1867 4534 2129 4590 Dominus
2182 4535 2251 4590 ad

663 4625 794 4681 Cain
830 4644 843 4680 :
875 4625 1009 4680 Ecce
1037 4642 1135 4680 vox
1163 4628 1433 4697 sanguinis
1461 4626 1642 4696 fratris
1679 4627 1755 4681 tui
1790 4628 1854 4681 de
1881 4636 2023 4682 terra
2056 4626 2248 4680 clamat

663 4716 732 4769 ad
760 4732 840 4771 me
863 4713 1012 4786 (Gen.
1047 4715 1143 4787 tv).
1172 4716 1238 4771 Et
1264 4717 1393 4787 quid
1419 4726 1503 4771 est
1532 4717 1731 4780 dicere,
1766 4717 1833 4772 de
1862 4725 2006 4772 terra
2051 4717 2250 4772 clamat

664 4807 731 4861 ad
755 4820 861 4874 me,
890 4807 993 4861 nisi
1016 4807 1141 4877 quia
1168 4816 1379 4863 terrena
1408 4808 1684 4880 cogitatio,
1711 4818 1766 4863 et
1788 4807 2072 4864 suﬁ‘ocatio
2096 4809 2245 4876 boni,

664 4906 827 4968 atque
870 4898 1182 4954 immanitas
1216 4900 1537 4955 delictorum
1579 4899 1710 4955 facit
1741 4916 1809 4955 ne
1843 4901 2012 4970 possit
2061 4908 2247 4955 nostra

661 4990 839 5045 oratio
862 4990 1095 5045 transire
1122 4989 1188 5044 ad
1222 4989 1410 5055 Deum,
1443 5006 1544 5046 nec
1572 4992 1685 5062 ipse
1714 4991 1996 5047 orantibus
2024 5006 2250 5062 parcere

663 5080 838 5145 nobis,
890 5080 1015 5135 dum
1071 5080 1277 5137 clamor
1324 5082 1565 5152 quotidie
1616 5092 1803 5139 contra
1852 5099 1950 5139 nos
1992 5084 2058 5139 de
2104 5094 2247 5141 terra

662 5186 914 5226 crescens
952 5172 1220 5242 augetur?
1270 5171 1390 5229 Jam
1446 5173 1700 5245 deinceps
1753 5188 1922 5244 usque
1969 5176 2037 5229 ad
2084 5175 2248 5231 ﬁnem

661 5266 822 5337 hujus
870 5266 1162 5337 alphabeti,
1193 5268 1375 5338 passio
1412 5267 1625 5324 Domini
1663 5269 1781 5324 luce
1820 5269 2021 5326 clarius
2049 5285 2253 5327 resera-

661 5364 768 5412 tur.
794 5358 1000 5414 Idcirco
1033 5358 1117 5413 his
1146 5360 1217 5413 ita
1244 5360 1559 5429 praemissis,
1589 5361 1715 5430 quid
1746 5360 1849 5415 Ain
1882 5362 2062 5416 littera
2085 5363 2250 5433 signi-

661 5446 808 5515 ﬁcet,
837 5449 1157 5519 pendamus.
1190 5448 1292 5503 Ain
1329 5450 1547 5521 quippe,
1570 5450 1722 5519 juxta
1753 5450 2072 5507 llebraicam
2112 5454 2250 5509 veri-

665 5547 853 5607 tatem,
878 5541 1079 5607 oculus,
1111 5540 1195 5595 vel
1223 5541 1341 5611 fons
1373 5542 1777 5613 interpretatur.
1809 5543 1960 5599 Unde
1985 5546 2248 5616 propheta

662 5630 761 5684 sub
811 5631 913 5687 hac
962 5631 1377 5704 signiﬁcatione,
1425 5633 1555 5705 quia
1602 5633 1792 5691 oculus
1837 5634 2243 5707 interpretatur,

657 5718 815 5785 valde
845 5723 1042 5781 allusit.

2358 3250 2571 3320 (Matth.
2609 3252 2681 3317 γ).
2712 3250 2770 3304 Et
2806 3267 2908 3304 non
2941 3252 3077 3306 dixit
3106 3253 3458 3326 simpliciter,
3486 3253 3569 3323 qui
3602 3248 3755 3304 viderit
3774 3259 3852 3297 mu-

2357 3341 2566 3403 lierem,
2624 3342 2716 3394 sed
2764 3343 2830 3395 ad
2882 3346 3405 3412 concupiscendum.
3466 3344 3664 3400 Oculum
3702 3336 3851 3407 quidem

2358 3437 2609 3501 absolvit,
2643 3447 2878 3497 mentem
2910 3442 3119 3512 ligavit.
3162 3445 3322 3501 Unde
3365 3461 3467 3499 non
3500 3444 3637 3505 dixit,
3666 3436 3853 3491 adultera-

2358 3529 2435 3583 vit
2461 3546 2581 3585 eam
2611 3532 2768 3587 oculo
2803 3535 2895 3588 sed
2926 3535 2979 3589 in
3018 3537 3209 3592 corde.
3241 3536 3446 3593 Oculus
3471 3548 3633 3592 autem
3668 3522 3851 3593 ιιοιιιίφά

2358 3620 2422 3673 ad
2455 3624 2730 3679 sinistram
2753 3634 2857 3692 est,
2881 3626 3025 3697 quod
3053 3644 3118 3682 ea
3154 3646 3281 3700 qua:
3311 3647 3342 3685 a
3367 3629 3565 3685 dextris
3587 3634 3707 3687 sunt,
3728 3632 3857 3693 pecca-

2358 3718 2444 3765 tor
2474 3713 2654 3769 vidcre
2684 3731 2790 3769 non
2818 3718 3009 3785 possit.
3039 3718 3344 3790 Propterea
3377 3728 3587 3775 sanctus
3609 3714 3711 3770 dicit
3739 3706 3856 3764 :Pro-

2356 3806 2590 3861 videbam
2616 3807 2895 3863 Dominum
2926 3811 2980 3866 in
3010 3825 3300 3881 conspectu
3326 3831 3441 3869 meo
3467 3827 3664 3881 semper.
3684 3802 3857 3877 ςκοηία

2357 3917 2391 3953 a
2425 3900 2622 3955 dextris
2650 3910 2723 3956 est
2758 3904 2886 3958 mihi
2925 3922 2988 3959 ne
3022 3923 3368 3963 commovear
3403 3905 3567 3978 (Psal.
3590 3900 3710 3972 xxv).
3737 3896 3859 3950 Estel

2356 3993 2546 4050 oculus
2590 3995 2772 4050 vitula:
2824 4015 2838 4051 :
2892 3999 3019 4067 quia
3073 3999 3223 4056 sicut
3280 4018 3311 4055 a
3357 4000 3469 4071 jugi
3518 3998 3622 4054 loro
3662 3988 3862 4048 attrahunt

2358 4086 2695 4156 iniquitates,
2736 4104 2845 4144 non
2886 4090 3325 4162 disrumpentes,
3369 4107 3540 4161 neque
3578 4081 3860 4142 abscindat“is

2357 4177 2665 4246 ιποιπίυω,
2718 4179 2812 4234 sed
2866 4179 3024 4251 longe
3077 4184 3370 4239 trahentes
3420 4183 3543 4237 fune
3588 4181 3861 4248 peccato!“-

2358 4266 2560 4325 Oculus
2595 4286 2811 4341 quoque
2860 4275 3264 4343 generationis,
3307 4285 3402 4331 aut
3441 4275 3555 4329 fons
3594 4258 3863 4342 generationis

2360 4361 2561 4417 dicitur
2591 4382 2603 4416 :
2634 4364 2759 4432 quia
2806 4379 2871 4419 ex
2924 4365 3217 4422 oculorum
3271 4377 3515 4439 aspectu,
3561 4372 3645 4419 aut
3674 4361 3781 4414 bona
3805 4357 3866 4439 alt!

2359 4453 2586 4509 adversa
2617 4465 2967 4526 generantur.
2994 4456 3213 4514 Idcirco
3240 4469 3295 4518 et
3325 4437 3428 4513 Ain
3455 4457 3634 4513 merito
3652 4437 3863 4507 oculnstcl

2356 4545 2477 4602 fons
2505 4547 2704 4602 dicitur
2736 4566 2748 4602 :
2782 4549 2909 4618 quia
2941 4549 3082 4604 sicut
3125 4551 3196 4605 de
3250 4550 3406 4606 fonte
3446 4557 3637 4604 tractus
3664 4539 3865 4597 fluvium

2355 4654 2611 4695 emanare
2644 4640 2898 4695 .cernitur
2956 4641 3029 4695 ita
3066 4656 3134 4695 ex
3187 4642 3314 4697 visu
3352 4640 3639 4701 oculorum,
3677 4625 3791 4701 quasi
3824 4619 3864 4671 ⁸⁵⁸

2356 4731 2526 4798 fonte,
2569 4732 2731 4803 longo
2772 4719 3037 4803 proﬂuvio
3090 4734 3246 4789 bona
3295 4734 3410 4814 vel.
3429 4732 3564 4790 mala
3601 4724 3865 4814 generali"?-

2352 4823 2793 4892 Quotiescunque
2818 4823 2888 4879 ad
2917 4824 3054 4879 bona
3082 4826 3250 4881 nobis
3273 4803 3593 4896 aperiuntur
3615 4803 3863 4889 perﬁciendi.

2354 4916 2508 4984 quasi
2539 4913 2660 4970 fons
2682 4914 2908 4985 justitite
2940 4924 2997 4970 et
3035 4916 3194 4983 origo
3234 4916 3433 4988 gratia:
3474 4913 3621 4971 nobis
3658 4902 3865 4963 adoritur:

2351 5007 2566 5077 quoties
2592 5022 2721 5062 vero
2750 5009 2817 5062 ad
2862 5008 3087 5071 malum,
3129 5009 3214 5065 illi
3249 5012 3467 5080 utique,
3496 5006 3582 5076 qui
3616 4996 3757 5072 ill“mi
3782 4990 3866 5080 sui“

2350 5100 2482 5155 Adae
2502 5108 2724 5171 propter
2746 5116 2963 5170 poenam
2988 5103 3227 5171 peccati,
3261 5078 3424 5159 nobis
3453 5105 3746 5156 reserantur.
3766 5078 3869 5142 Unde

2352 5170 2784 5263 idempropheta
2837 5170 3003 5263 longe
3038 5210 3209 5264 supra
3258 5196 3315 5250 iu
3361 5196 3564 5251 eisdem
3606 5184 3774 5244 threnis
3802 5170 3866 5229 ωδ

2352 5286 2538 5338 eadem
2561 5282 2740 5337 littera
2764 5282 2897 5338 Ain:
2922 5282 3034 5353 Ego
3054 5284 3302 5355 plorans,
3327 5286 3526 5357 inquit,
3544 5293 3589 5339 et
3609 5276 3759 5335 oculus

2352 5375 2613 5429 deducens
2641 5391 2857 5445 aquam,
2886 5376 3011 5445 quia
3047 5375 3205 5446 longe
3235 5354 3419 5446 factus
3445 5386 3519 5431 est
3551 5392 3582 5428 a
3610 5386 3680 5425 me
3700 5354 3867 5420 comi"

2352 5478 2437 5522 tor
2456 5478 2757 5522 convertens
2780 5469 3014 5522 animam
3046 5486 3223 5524 meam
3260 5469 3494 5538 (Thren.
3528 5467 3589 5540 ι).
3618 5463 3717 5520 Non
3758 5452 3867 5526 ἰδίω

2353 5560 2647 5616 abductum
2679 5575 2737 5614 se
2767 5560 3033 5629 propheta
3081 5561 3146 5615 de
3182 5563 3358 5618 terris
3406 5563 3519 5617 suis
3561 5572 3673 5615 esse
3700 5544 3862 5645 dolet?“

2350 5652 2446 5707 sed
2486 5667 2514 5705 a
2548 5650 2767 5707 Christo
2814 5650 3069 5722 populum
3117 5652 3576 5725 relinquendum,
3619 5641 3867 5706 consulam?

2350 5759 2584 5819 nemque
2620 5742 2814 5801 futurae
2843 5743 2972 5802 vita
2995 5745 3269 5805 cernebat
3294 5747 3575 5805 amissam.
3603 5742 3664 5800 Et
3694 5739 3784 5793 hac
3813 5726 3868 5781 ⁸⁸
