4078 6348
238 329 378 387 1181

976 328 1334 388 EXPOSITIO
1372 330 1438 385 IN
1474 330 2051 387 LAMENTATIONES
2089 330 2426 389 JEREMIE.
2467 364 2535 374 —
2571 332 2700 389 LIB.
2741 333 2825 389 ΙΙΙ.

3376 338 3517 397 1189

243 444 462 518 1457
502 443 718 512 inquam
749 442 973 498 dolenda
1010 446 1314 514 captivitas,
1354 462 1474 515 qua:
1515 455 1713 500 aeterna
1742 452 1825 500 est
1851 447 1898 507 Α
1927 445 2130 502 Idcirco
2171 447 2358 500 oculus
2389 462 2573 501 amore
2600 446 2801 501 Christi
2829 445 3083 517 repletus,
3116 447 3415 518 deprtedari
3435 452 3517 506 ’Πτ-

237 539 498 592 libertate
553 536 782 607 privata.
851 534 1004 591 Unde
1060 537 1546 609 imprazsentiarum
1596 538 1826 596 afﬂictus

235 629 518 699 plangitur
558 628 747 683 oculus
786 642 886 683 nec
936 630 1191 695 tacuisse,
1238 646 1303 686 eo
1330 632 1475 701 quod
1509 632 1651 686 nulla
1684 642 1827 688 esset

234 721 481 791 requies.
528 718 683 774 Nulla
734 719 896 791 igitur
932 721 1180 789 requies,
1211 722 1303 777 ubi
1330 722 1420 792 qui
1458 722 1823 777 consolabitur

239 810 488 881 Spiritus
510 818 731 865 sanctus
755 812 1057 864 recesserit.
1077 810 1389 867 Paracletus
1410 830 1643 882 namque
1661 814 1823 883 spiri-

238 912 355 967 tus,
380 901 693 956 consolator
714 901 932 966 dicitur,
973 912 1028 955 et
1068 902 1186 957 ideo
1217 904 1307 973 qui
1336 905 1403 958 ab
1428 904 1545 972 ejus
1581 894 1824 959 sancim-

236 993 460 1048 catione
514 994 873 1057 recesserint,
917 993 1117 1049 nullam
1159 996 1264 1051 diei
1318 995 1565 1063 Sabhali,
1623 998 1674 1051 in
1718 1015 1823 1068 qua

240 1084 392 1144 Deus
416 1086 750 1155 requievisse
798 1085 1026 1157 legitur,
1074 1088 1315 1156 requiem
1354 1088 1629 1143 invenient
1666 1088 1821 1158 (Gen.

243 1177 328 1247 tt).
367 1175 514 1244 Quos
537 1176 694 1248 longe
726 1178 1029 1248 praevidens
1051 1178 1239 1233 oculus
1253 1180 1583 1249 prophetalis
1603 1221 1618 1245 ,
1637 1195 1820 1235 eorum

239 1277 522 1339 perpetua:
552 1270 881 1340 captivitatis
901 1286 1216 1334 aerumnam,
1252 1286 1414 1340 quam
1443 1272 1680 1342 perﬁdiae
1703 1288 1825 1341 pre-

238 1359 320 1415 tio
349 1359 731 1415 damnatorum
769 1361 996 1431 populus
1038 1362 1201 1417 habet
1231 1363 1529 1428 exsolvere,
1574 1364 1697 1432 jure
1732 1373 1824 1419 re-

237 1450 425 1518 quiem
456 1464 644 1504 senon
672 1451 939 1507 invenisse
963 1451 1127 1523 luget.
1162 1452 1267 1507 Sed
1290 1455 1415 1524 quia
1448 1454 1573 1509 licet
1596 1454 1824 1510 alllictus

236 1555 344 1595 nec
376 1542 565 1606 tacuit,
601 1543 886 1596 Dominum
917 1545 1223 1613 respexisse
1264 1552 1318 1598 et
1345 1545 1545 1599 vidisse
1576 1547 1640 1599 de
1676 1546 1825 1600 caelis

235 1628 451 1684 infert:
484 1633 737 1701 quoniam
778 1634 867 1705 qui
908 1636 1306 1703 perseveraverit
1354 1652 1515 1704 usque
1558 1636 1611 1689 in
1644 1636 1821 1704 ﬁnem,

235 1721 325 1777 hic
346 1723 524 1778 salvus
560 1726 657 1778 erit
681 1724 897 1796 (Matth.
931 1726 1006 1797 χ).
1058 1726 1195 1781 Sunt
1238 1727 1383 1780 enim
1412 1727 1554 1781 oculi
1587 1727 1823 1793 Domini,

1931 537 2073 590 citur
2095 537 2350 599 animam,
2376 545 2433 590 ut
2458 546 2628 591 totum
2656 551 2715 591 se
2739 536 3072 605 exspolietur
3097 552 3126 591 a
3149 553 3226 604 se,
3255 548 3311 594 et
3337 548 3519 597 trans-

1929 627 2121 682 fundat
2164 645 2222 684 se
2262 628 2315 681 in
2353 628 2519 681 Deum
2562 628 2699 682 ultra
2746 643 2823 683 se.
2872 627 2938 681 In
2976 631 3206 696 cunctis,
3231 631 3425 701 inquit,
3450 632 3517 702 ﬁ-

1929 722 2100 775 liabus
2152 720 2292 775 urbis
2340 736 2468 775 mere
2519 734 2536 771 :
2584 720 2711 791 quia
2764 734 2861 790 per
2909 719 3147 790 singulas
3192 721 3516 780 delictorum

1931 812 2264 877 aﬂ‘eetiones,
2319 820 2373 868 et
2418 821 2631 866 teternze
2660 811 2785 866 vita:
2826 811 3200 882 cogitationes,
3255 823 3420 869 totam
3459 830 3520 872 se

1930 904 2083 973 quasi
2127 903 2491 973 deprzedatam
2541 916 2569 955 a
2616 916 2674 956 se
2717 900 2954 956 refundit
2989 902 3045 955 in
3092 904 3281 969 Deum,
3324 914 3383 959 ut
3409 919 3517 960 una

1929 1012 2052 1048 cum
2096 996 2203 1049 Deo
2233 993 2559 1048 inveniatur.
2617 992 2684 1046 Et
2737 992 2852 1047 hzee
2877 1000 2961 1046 est
3008 992 3190 1049 littera
3235 1010 3355 1064 qua:
3398 995 3517 1066 fons

1927 1086 2011 1140 vel
2040 1085 2219 1138 oculus
2249 1085 2659 1153 interpretatur,
2690 1088 2869 1136 utnec
2897 1081 3086 1135 oculus
3107 1082 3224 1136 sine
3259 1081 3408 1139 fonte
3428 1085 3514 1139 in-

1926 1176 2195 1237 veniatur,
2227 1188 2326 1228 nec
2360 1172 2481 1227 fons
2504 1172 2620 1226 sine
2645 1170 2804 1225 oculo
2846 1169 3149 1226 dilectionis
3190 1187 3255 1226 ex
3284 1172 3439 1228 nobis
3463 1182 3520 1229 et

1929 1268 1981 1322 in
2013 1268 2165 1322 nobis
2210 1282 2430 1342 manare
2477 1265 2732 1319 credatur
2764 1282 2776 1317 :
2809 1272 3076 1334 quatenus
3113 1281 3213 1335 pro
3258 1267 3371 1321 suis
3422 1280 3518 1321 ex-

1929 1360 2170 1413 cessibus
2215 1357 2362 1413 fonte
2425 1356 2791 1426 rebaptizetur
2840 1356 3199 1427 lacrymarum
3227 1398 3242 1423 ,
3292 1366 3347 1412 et
3393 1358 3516 1413 fons

1930 1453 2031 1507 isto
2081 1453 2350 1506 nutriatur
2396 1437 2554 1507 oculo
2629 1460 2831 1505 sancta:
2897 1452 3408 1521 contemplationis,
3455 1460 3517 1506 ut

1929 1546 2099 1614 possit
2129 1545 2306 1598 dicere
2350 1543 2531 1596 anima
2582 1542 2692 1597 Deo
2735 1542 3029 1596 devincta:
3077 1541 3251 1597 Orabo
3299 1544 3512 1612 spiritu,

1929 1636 2088 1689 orabo
2144 1647 2193 1689 et
2236 1644 2423 1699 mente,
2465 1633 2689 1704 psallunt
2726 1634 2936 1703 spiritu,
2986 1633 3209 1705 psallam
3257 1645 3303 1688 et
3345 1644 3513 1689 mente

1929 1730 1979 1801 (l
2020 1728 2141 1783 Cor.
2166 1745 2218 1792 κ,
2252 1728 2360 1799 14).
2389 1728 2646 1796 Sequitur
2682 1727 2794 1781 Phe
2821 1728 2997 1782 littera
3047 1729 3217 1783 tribus
3245 1729 3357 1784 suis
3386 1743 3511 1783 ver-

235 1815 396 1886 cujus
435 1816 661 1899 figuram
709 1806 971 1887 Propheta
1009 1819 1169 1890 geﬁt,
1203 1820 1347 1873 sicut
1377 1833 1575 1889 Sponsa
1623 1820 1822 1874 dicitur
1850 1805 1898 1864 Β
1926 1820 2073 1874 sibus
2103 1819 2385 1886 explicata.
2410 1817 2522 1870 Phe
2549 1833 2784 1885 namque
2808 1819 2933 1881 oris,
2973 1827 3032 1872 ut
3059 1834 3219 1888 supra
3248 1818 3509 1889 prazmisi,

234 1904 293 1961 in
332 1903 613 1959 Canticis:
668 1903 821 1959 Oculi
849 1908 925 1961 tui
958 1926 1019 1962 ac
1044 1909 1090 1963 si
1110 1910 1327 1979 piscina:
1372 1911 1427 1963 in
1452 1909 1710 1977 llesebon,
1765 1912 1819 1964 in

234 1997 406 2065 portis
420 1995 550 2063 ﬁlia:
575 1995 928 2052 multitudinis
959 1998 1186 2071 (Cantic.
1210 2000 1331 2072 vn).
1365 2001 1502 2068 Quid
1525 2002 1668 2056 enim
1695 2010 1820 2057 sunt

234 2086 462 2155 piscina:
491 2086 544 2140 in
577 2086 845 2153 Hesebon,
879 2088 981 2147 nisi
1020 2090 1416 2147 rationabilitas
1453 2101 1505 2146 et
1533 2093 1817 2149 abundan-

236 2180 317 2235 tia
350 2180 719 2236 doctrinarum
755 2182 807 2236 in
831 2184 1274 2253 cogitationibus,
1306 2201 1425 2254 qure
1446 2196 1528 2240 est
1567 2186 1819 2242 Ecclesia:

239 2271 298 2324 in
340 2271 543 2341 portis?
568 2271 664 2326 Cui
694 2272 890 2327 merito
928 2273 1168 2328 defertur
1214 2275 1500 2330 multitudo
1536 2276 1815 2332 doctrinm.

238 2357 390 2416 Filiae
422 2362 567 2416 enim
599 2361 980 2429 multitudinis,
1026 2366 1320 2434 posteritas
1356 2374 1437 2422 est
1464 2367 1819 2436 plurimarum

233 2452 657 2518 sententiarum,
702 2454 959 2523 quoniam
989 2453 1257 2524 Propheta
1285 2457 1463 2526 inquit
1493 2476 1505 2510 :
1540 2455 1818 2511 Pertrans-

232 2542 389 2597 ibunt
439 2542 552 2598 dies
597 2544 836 2615 plurimi,
884 2554 933 2600 et
973 2545 1246 2615 multiplex
1275 2548 1370 2600 erit
1404 2548 1622 2601 scientia
1656 2548 1815 2615 (Dan.

232 2635 360 2707 xu).
395 2634 636 2702 Quarum
663 2638 854 2693 oculus
879 2654 985 2693 non
1019 2646 1179 2704 tacet,
1210 2655 1331 2693 cum
1361 2641 1547 2695 multis
1581 2641 1818 2717 inebria-

237 2736 329 2783 tur
356 2728 635 2800 lacrymis,
667 2730 839 2787 donec
887 2732 1142 2802 respiciat
1174 2741 1228 2787 et
1255 2732 1434 2803 videat
1462 2735 1721 2790 Dominus
1753 2735 1820 2790 de

233 2818 412 2875 cmlis.
432 2818 651 2875 Interim
675 2829 854 2878 tamen
878 2823 1083 2894 inquit:
1103 2820 1300 2879 Oculus
1323 2841 1465 2879 meus
1485 2826 1818 2895 deprwdatus

233 2920 310 2964 est
340 2911 574 2964 animum
613 2927 783 2966 meam
820 2913 875 2967 in
920 2915 1119 2968 cunctis
1150 2915 1361 2984 ﬁliabus
1393 2918 1535 2971 urbis
1560 2934 1705 2972 metr.
1737 2918 1819 2973 Ex

235 3016 348 3072 quo
398 3002 658 3073 propheta
702 3004 983 3060 evidenter
1029 3005 1265 3063 futurum
1315 3008 1517 3065 Christi
1550 3009 1817 3080 judicium

236 3091 548 3159 denuntiat,
581 3110 645 3149 eo
677 3096 821 3167 quod
850 3099 1143 3166 praivideat
1178 3116 1296 3170 qua:
1321 3111 1547 3158 ventura
1577 3112 1701 3159 sunt
1734 3105 1815 3160 ci-

236 3182 499 3240 vitalibus
519 3183 689 3251 Judae,
721 3193 776 3241 et
806 3202 877 3242 .ea
908 3189 1056 3242 omni
1097 3189 1411 3260 profusione
1452 3192 1818 3264 lacrymarum

238 3274 432 3331 deﬂet:
472 3278 594 3347 quia
636 3277 832 3332 malam
861 3278 1037 3349 impia:
1062 3280 1233 3350 plebis
1255 3298 1364 3337 sum
1390 3284 1670 3353 perﬁdiam
1696 3302 1822 3356 pro-

238 3371 478 3435 videbat,
511 3386 614 3442 qua
644 3373 996 3442 pertinaciter
1017 3375 1294 3446 preprium
1325 3386 1617 3447 negaverat
1637 3388 1822 3435 aucto-

238 3478 377 3517 rem.
406 3460 513 3518 Sed
542 3462 727 3519 oculus
751 3464 987 3519 animam
1024 3467 1321 3535 depraedari
1352 3468 1567 3534 dicitur,
1598 3471 1821 3540 quando

236 3567 432 3607 omnes
452 3551 674 3608 aﬂ'ectus
702 3554 902 3610 doloris
925 3565 980 3611 et
1020 3559 1273 3613 mmroris
1296 3557 1565 3624 elfuderit,
1600 3562 1818 3630 quando

237 3658 457 3698 omnem
488 3643 799 3715 languorem
838 3656 893 3701 et
916 3647 1169 3702 ardorem
1212 3649 1380 3703 animi
1413 3665 1511 3719 per
1548 3652 1819 3724 lacrymas

238 3736 654 3801 monstraverit,
709 3739 924 3807 quando
967 3754 1131 3795 omne
1177 3755 1498 3810 quocunque
1543 3753 1628 3798 est
1666 3746 1715 3799 in
1755 3762 1819 3801 ea

239 3824 396 3894 quasi
438 3823 633 3880 ﬂuvius
663 3827 727 3881 de
754 3826 899 3882 fonte
937 3830 1018 3884 sic
1055 3828 1349 3897 efﬂuxerit,
1381 3832 1514 3887 sicut
1557 3836 1819 3903 propheta

226 3913 412 3968 David
450 3914 578 3969 dicit
609 3934 622 3969 :
652 3916 849 3987 Defecit
890 3921 1067 3973 anima
1104 3938 1218 3976 mea
1244 3924 1297 3976 in
1322 3921 1555 3978 salutare
1576 3935 1745 3991 tuum,
1768 3936 1819 3980 et

239 4005 382 4060 oculi
404 4008 506 4061 mei
533 4009 585 4061 in
612 4008 871 4079 eloquium
894 4020 1064 4078 tuum,
1086 4013 1310 4068 dicentes
1338 4028 1355 4065 :
1386 4014 1609 4080 Quando
1631 4034 1817 4072 conso-

237 4097 432 4153 laberis
460 4101 580 4154 me?
618 4097 791 4162 (Psal.
816 4102 1029 4175 cxvm.)
1064 4103 1143 4158 Ad
1174 4105 1276 4160 hoc
1310 4106 1505 4177 quippe
1548 4108 1725 4162 anima
1753 4110 1820 4164 ab

234 4190 400 4246 oculo
439 4191 801 4261 deprzedatur,
839 4204 899 4247 ut
939 4210 1038 4249 suo
1067 4195 1342 4251 adhaereat
1379 4195 1657 4263 Creatori,
1703 4199 1818 4255 suis

232 4281 547 4352 exspoliata
586 4284 812 4351 viribus,
845 4293 900 4339 et
947 4301 1005 4341 se
1043 4293 1210 4341 totam
1241 4286 1489 4342 relundat
1546 4288 1677 4343 fonti
1720 4291 1820 4359 piae

235 4374 525 4429 ubertatis.
593 4376 801 4432 Defecit
853 4378 1104 4447 quidem,
1159 4394 1225 4433 eo
1289 4381 1430 4451 quod
1484 4382 1820 4451 concupiscit

234 4481 403 4530 eum,
455 4467 608 4536 cujus
653 4455 905 4538 passione
948 4479 1032 4524 est
1088 4469 1314 4525 salvata.
1366 4470 1592 4538 Defecit,
1652 4482 1711 4526 ut
1762 4474 1816 4527 in

236 4571 409 4612 unum
478 4557 725 4627 spiritum
795 4567 1087 4624 transeat,
1150 4568 1203 4614 et
1268 4559 1325 4614 fit
1397 4577 1534 4615 unus
1592 4563 1815 4632 spiritus

233 4662 363 4703 cum
410 4646 538 4703 Deo.
592 4647 743 4704 Unde
794 4649 1071 4719 signanter
1113 4664 1126 4702 :
1174 4649 1511 4718 Deprwdatus
1558 4663 1675 4715 est,
1724 4652 1816 4706 ‘in-

231 4738 380 4808 quit,
432 4738 613 4792 oculus
663 4755 808 4792 meus
859 4739 1089 4793 animam
1142 4756 1343 4805 meam,
1395 4748 1448 4795 et
1498 4756 1602 4794 non
1651 4741 1813 4807 oculi,

234 4840 297 4885 ut
350 4846 456 4884 una
507 4846 660 4886 mens
704 4822 824 4886 cum
881 4832 990 4887 Deo
1034 4831 1359 4902 intelligatur
1403 4831 1617 4905 1458
1658 4834 1813 4903 sicuti

231 4921 488 4978 Christus
518 4923 569 4977 in
600 4922 837 4979 Canticis
862 4925 926 4978 ad
954 4940 1201 4994 sponsam
1232 4924 1303 4978 ait
1336 4943 1348 4977 :
1392 4923 1691 4978 Vulnerasti
1728 4942 1817 4978 cor

230 5030 433 5078 meum,
495 5013 778 5068 vulnerasti
825 5016 1037 5087 (inquit)
1082 5016 1134 5069 in
1165 5033 1267 5069 uno
1309 5015 1576 5069 oculorum
1607 5026 1817 5070 tuorum

233 5102 425 5174 (Cant.
456 5104 554 5177 tv).
580 5105 647 5159 Et
674 5107 887 5171 merito,
921 5108 1044 5176 quia
1066 5107 1313 5161 Christus
1342 5106 1393 5159 in
1426 5122 1530 5161 uno
1558 5105 1714 5161 oculo
1740 5106 1819 5161 vi-

233 5196 419 5261 detur,
449 5211 556 5250 non
585 5195 802 5266 quidem
833 5196 1067 5259 carnali,
1113 5196 1205 5251 sed
1237 5194 1521 5265 spirituali,
1554 5209 1617 5249 ac
1648 5194 1822 5266 diligi-

234 5295 345 5340 tur.
407 5284 511 5339 Alii
565 5286 781 5355 quidem
838 5295 962 5341 suut
1009 5286 1150 5341 oculi
1201 5286 1400 5351 carnis,
1453 5285 1545 5339 alii
1599 5287 1711 5356 qui,
1762 5292 1823 5340 ut

233 5375 479 5431 diximus
518 5376 690 5443 aperti
719 5384 842 5430 sunt
876 5376 929 5431 iu
958 5376 1128 5431 Adam
1155 5375 1309 5443 (Gen.
1333 5375 1433 5447 ιιι),
1479 5375 1571 5430 alii
1606 5374 1820 5441 mentis,

230 5466 329 5536 qui
362 5474 641 5521 transeunt
684 5467 737 5521 in
793 5484 955 5521 unum
980 5508 995 5533 ,
1025 5478 1085 5521 ut
1119 5468 1190 5523 sit
1236 5483 1387 5522 mens
1413 5484 1517 5521 una
1545 5484 1664 5523 cum
1692 5468 1822 5533 Deo,

233 5563 329 5617 alii
360 5562 505 5618 oculi
540 5562 796 5619 Ecelesim
828 5582 841 5617 :
876 5565 999 5634 quia
1042 5580 1237 5634 sponsa
1271 5563 1406 5617 duos
1449 5564 1586 5634 gerit
1616 5563 1822 5629 oculos,

233 5655 499 5711 moralem
549 5652 957 5726 ac'mysticum.
998 5654 1102 5709 Sed
1133 5655 1389 5725 mysticus
1436 5654 1648 5723 plenius
1679 5655 1824 5710 videt

233 5747 410 5805 Deum
453 5756 509 5806 et
557 5741 979 5817 acutius,‘licet
1033 5746 1250 5803 moralis
1302 5734 1505 5803 dulcior
1554 5745 1818 5803 videatur.

601 5942 633 5977 Ο

1844 4511 1894 4570 D

1923 1912 2325 1981 interpretatur,
2367 1911 2521 1980 juxta
2568 1911 2704 1964 alios
2738 1926 2868 1965 vero
2915 1911 3274 1981 interpretes,
3314 1913 3507 1978 erravi,

1925 2003 2038 2057 sive
2067 2019 2124 2055 os
2165 1991 2346 2071 aperui
2373 2017 2568 2056 sonare
2597 2001 2827 2055 videtur.
2885 2000 3035 2056 Unde
3073 2001 3333 2073 propheta
3361 2001 3513 2072 plan-

1921 2111 2049 2166 gens
2075 2096 2227 2164 quasi
2254 2111 2319 2149 ex
2350 2095 2518 2166 ipsius
2541 2093 2733 2150 littera:
2760 2102 2905 2148 textu
2938 2111 2952 2147 :

2652 2244 2754 2282 PHE

1993 2361 2341 2429 Aperuerunt,
2361 2361 2556 2431 inquit,
2572 2379 2728 2432 super
2740 2378 2832 2416 no-
2857 2378 2913 2415 os
2928 2378 3082 2415 suum
3097 2376 3274 2414 omnes
3296 2359 3502 2414 inimici

1924 2455 2108 2507 nostri.
2147 2454 2237 2509 Sic
2268 2456 2482 2525 quidem
2524 2456 2576 2509 in
2605 2455 2852 2526 plurimis
2882 2456 3325 2510 lamentationum
3355 2455 3501 2515 litte-

1924 2544 2002 2598 ris
2053 2546 2291 2599 alludere
2338 2546 2598 2610 invenies,
2639 2554 2695 2600 ut
2732 2556 2787 2601 et
2822 2547 3018 2601 litterae
3060 2560 3251 2601 sensus
3308 2547 3507 2601 verbo-

1924 2653 2040 2688 rum
2068 2637 2332 2705 aperiant,
2378 2648 2434 2691 et
2480 2639 2644 2693 verba
2671 2654 2908 2693 consona
2931 2653 3063 2693 voce
3103 2652 3320 2693 sensum
3353 2639 3501 2692 litte—

1924 2744 2105 2782 rarum
2145 2730 2414 2799 expleant.
2446 2730 2595 2785 Unde
2636 2748 2741 2786 non
2772 2733 2973 2787 'minus
3002 2748 3217 2788 errasse
3244 2733 3508 2804 propheta

1923 2836 1981 2874 se
2022 2821 2240 2883 fatetur,
2300 2824 2596 2878 secundum
2634 2840 2849 2880 sensum
2893 2827 3104 2890 litterre,
3148 2825 3290 2897 quod
3324 2835 3505 2882 textus

1921 2913 2169 2967 versiculi
2200 2915 2478 2982 sequentis
2508 2916 2768 2982 insinuat,
2818 2933 2941 2972 cum
2987 2919 3107 2975 ait:
3158 2916 3415 2972 Formido
3456 2927 3505 2972 et

1921 3004 2137 3075 laqueus
2183 3006 2326 3074 facta
2366 3017 2439 3060 est
2477 3008 2624 3062 nobis
2677 3010 2978 3064 uaticinatio
3027 3021 3073 3065 et
3118 3011 3381 3065 contritio.
3432 3011 3508 3065 Ex

1925 3111 2032 3166 quo
2060 3096 2303 3166 profecto
2350 3098 2537 3167 liquet,
2586 3100 2727 3169 quod
2771 3101 2976 3155 erroris
3010 3101 3081 3155 sit
3130 3116 3342 3165 sensus,
3375 3117 3510 3170 quo-

1926 3189 2070 3242 niam
2105 3189 2417 3243 vaticinatio
2465 3191 2858 3260 prophetarum
2884 3232 2899 3256 ,
2928 3201 2982 3247 et
3030 3192 3286 3247 contritio
3326 3191 3507 3247 cordis

1924 3291 2134 3343 eorum,
2165 3279 2559 3334 correctionem
2606 3289 2660 3334 et
2706 3280 3131 3337 satisfactionem
3173 3282 3506 3352 poenitentiae

1924 3368 2096 3438 magis
2120 3369 2542 3438 persuadebunt,
2567 3386 2730 3440 quam
2757 3386 3000 3425 errorem
3020 3372 3072 3425 in
3104 3373 3315 3442 pupula.
3353 3370 3506 3429 Unde

1922 3475 1953 3514 e
1976 3461 2249 3513 contrario
2286 3461 2410 3529 quia
2461 3477 2525 3515 ex
2561 3464 2835 3531 prophelre
2880 3464 3140 3519 vaticinio
3163 3463 3394 3519 formido
3424 3466 3506 3520 in-

1923 3550 2182 3606 sanabilis
2226 3552 2581 3622 peccantibus
2604 3553 2902 3617 aceiderat,
2926 3564 2981 3609 et
3006 3554 3229 3624 laqueus
3251 3556 3391 3612 facta
3422 3566 3507 3613 est

1921 3642 2176 3696 contritio
2201 3644 2481 3712 prophetae
2511 3645 2795 3713 gementis,
2836 3646 3040 3701 idcirco
3067 3648 3167 3701 sub
3195 3648 3295 3703 hac
3322 3648 3504 3703 littera

1921 3734 2292 3805 significanter
2336 3735 2600 3800 insinuat,
2646 3738 2862 3805 erravi,
2919 3754 3024 3792 non
3068 3741 3210 3808 quod
3238 3742 3503 3811 propheta

1920 3834 2100 3881 motus
2135 3828 2202 3881 sit
2231 3828 2504 3896 gressibus
2557 3827 2678 3883 fidei
2728 3845 2838 3884 suae
2879 3841 2939 3885 ut
2981 3842 3214 3898 erraret,
3257 3834 3349 3888 sed
3379 3834 3503 3902 quia

1919 3916 2148 3986 populus
2194 3918 2545 3972 oberraverat
2593 3918 2881 3984 intantum,
2924 3930 2982 3975 ut
3026 3919 3141 3989 ejus
3171 3924 3422 3977 contritio
3448 3934 3505 3979 et

1920 4006 2260 4069 vaticinium,
2302 4008 2529 4077 laqueus
2577 4009 2762 4073 ruinae,
2793 4019 2848 4063 et
2878 4008 3110 4066 formido
3146 4011 3360 4085 1459
3384 4030 3504 4069 cor-

1921 4099 2181 4153 rectionis
2204 4107 2367 4153 esset.
2414 4098 2566 4154 Unde
2612 4115 2676 4154 ex
2711 4115 2938 4169 persona
2980 4102 3150 4172 plebis
3176 4103 3502 4170 oberrantis,

1921 4198 1980 4243 ut
2026 4189 2353 4256 elementum
2395 4202 2693 4262 exponeret
2740 4209 2927 4248 eorum
2978 4193 3254 4260 infamiae,
3313 4195 3506 4251 indidit

1922 4285 2033 4338 suis
2072 4285 2253 4338 verbis
2296 4284 2424 4353 quid
2471 4285 2674 4338 eisdem
2727 4284 3041 4339 acciderat:
3086 4286 3341 4355 quoniam
3378 4302 3506 4356 pro-

1920 4385 2039 4445 pter
2068 4375 2497 4429 incredulitatem
2527 4391 2733 4440 eorum,
2752 4375 3063 4430 vaticinium
3097 4378 3505 4449 prephetarum,

1921 4476 1975 4522 et
2002 4467 2254 4521 contritio
2282 4466 2461 4521 cordis
2482 4482 2691 4530 eorum,
2720 4466 2944 4535 laqueus
2969 4477 3089 4522 erat
3114 4467 3219 4523 illis
3244 4478 3297 4523 et
3326 4458 3501 4536 ruina,

1925 4558 1995 4611 ita
2030 4566 2083 4610 ut
2140 4557 2467 4626 perimerent
2496 4571 2609 4621 eos,
2641 4570 2708 4609 ne
2749 4557 2802 4609 in
2838 4557 3055 4612 nomine
3096 4557 3198 4612 Dei
3219 4557 3506 4628 loqueren-

1925 4658 2012 4703 tur
2039 4650 2105 4702 ad
2128 4663 2240 4702 eos.
2267 4647 2419 4715 Quod
2441 4662 2668 4701 cernens
2690 4645 2957 4718 PrOpheta
2986 4666 2998 4703 :
3028 4647 3319 4703 Divisiones
3342 4665 3505 4719 aqua—

1927 4757 2042 4794 rum
2073 4739 2292 4811 (inquit)
2319 4738 2536 4792 deduxit
2560 4737 2741 4791 oculus
2774 4755 2941 4801 meus,
2970 4739 3026 4793 in
3047 4740 3356 4793 contritione
3376 4738 3505 4807 ﬁlia:

1922 4832 2101 4903 populi
2133 4832 2249 4885 mei.
2290 4832 2675 4887 Verumtamen
2704 4831 2810 4885 alia
2831 4831 3086 4887 contritio
3118 4832 3501 4902 prophetarum

1923 4939 1990 4977 ex
2023 4923 2303 4976 devotione
2331 4921 2524 4976 divinae
2567 4921 2953 4991 inspirationis,
2995 4922 3098 4976 alia
3130 4938 3259 4977 vero
3304 4937 3490 4976 eorum

1927 5013 2041 5084 qui,
2088 5028 2185 5083 pro
2225 5014 2462 5083 peccatis
2489 5013 2634 5068 omni
2688 5013 3013 5068 contritione
3063 5011 3267 5076 aﬂlicti,
3309 5012 3502 5083 spiritu

1928 5106 2263 5161 vexabantur
2283 5105 2506 5160 erroris.
2543 5088 2790 5175 Alioquin
2825 5104 2965 5161 Deus
2992 5104 3280 5160 contritum
3313 5112 3368 5157 et
3399 5104 3502 5157 hu-

1930 5195 2191 5252 miliatum
2236 5212 2343 5250 non
2393 5204 2692 5265 sperneret,
2749 5194 2850 5249 nisi
2888 5205 2943 5249 et
2985 5194 3087 5265 ipsi
3112 5194 3425 5249 vaticinium
3451 5201 3506 5248 et

1928 5287 2309 5346 contritionem
2353 5301 2561 5351 eorum,
2604 5285 2695 5356 qui
2742 5301 2838 5356 pro
2882 5284 3012 5354 ipsis
3041 5283 3293 5354 gentibus
3319 5282 3531 5353 fatiga-_

1928 5381 2124 5435 bantur
2143 5379 2293 5449 prius
2319 5376 2670 5447 sprevissent,
2714 5382 2769 5429 et
2808 5375 3231 5429 immutaverunt
3262 5370 3506 5428 formidi-

1928 5487 2050 5526 nem
2081 5485 2202 5539 quae
2228 5467 2370 5523 nulla
2413 5475 2531 5521 erat
2563 5465 2664 5520 nisi
2708 5464 2875 5520 Deum
2916 5464 3260 5535 repellerent.
3295 5463 3504 5518 Idcirco

1927 5572 1976 5617 et
2004 5558 2320 5615 vaticinatio
2352 5556 2491 5611 facta
2514 5565 2597 5611 est
2623 5557 2703 5612 eis
2726 5556 2968 5626 laqueus.
2993 5556 3146 5623 Quod
3172 5555 3224 5610 in
3251 5555 3504 5625 passione

1900 5651 2138 5705 'Domini
2169 5647 2430 5703 accidisse
2467 5646 2597 5700 nulli
2631 5645 2874 5713 dubium,
2921 5661 3084 5717 super
3130 5661 3315 5717 quem,
3347 5660 3410 5700 ac
3455 5644 3503 5700 si

1928 5746 2041 5799 [I330
2063 5754 2295 5817 persona
2322 5737 2563 5794 omnium
2590 5739 2805 5796 dicatur
2830 5739 3197 5797 membrorum
3229 5756 3243 5795 :
3268 5737 3503 5821 Aperite:
