4078 6348
641 344 778 406 H83

1422 340 1481 400 S.
1521 341 1877 401 PASCHASII
1917 336 2266 398 RADBERTI
2301 341 2589 397 ABBATIS
2628 336 3080 397 CORBEIENSIS

3652 361 3749 414 ll8i

641 476 950 536 runt-super
997 462 1089 518 nos
1132 478 1308 517 omnes
1340 451 1560 515 inimici
1583 461 1746 515 nostri
1774 476 1831 514 os
1860 475 2036 514 suum.
2075 457 2207 525 Qui-
2237 457 2288 519 Α
2313 471 2509 526 sponsa
2534 473 2547 509 :
2583 455 2655 510 ita
2683 464 2742 509 ut
2771 469 2800 508 a
2828 453 3093 524 principio
3131 453 3245 509 fidei
3270 458 3512 515 transierit
3550 469 3757 539 saeculum,

642 559 744 615 bus
773 557 1003 613 formido
1050 554 1191 609 facta
1229 562 1313 608 est
1338 553 1514 606 amnis
1539 552 1921 622 prophetarum
1954 548 2215 605 vaticina-

643 651 717 705 tio
748 668 762 704 :
791 665 898 704 non
944 657 1004 702 ut
1044 661 1111 700 ex
1141 660 1205 701 ea
1246 644 1651 714 corrigerentur
1698 649 1917 712 propter
1963 641 2215 696 duritiam

641 739 821 795 cordis
849 753 1059 803 eorum,
1090 735 1184 792 sed
1213 752 1281 791 ne
1312 735 1691 805 contingerent
1717 734 1783 789 de
1813 733 1904 787 illo
1924 747 2043 802 qua:
2068 732 2213 803 lege-

636 830 854 886 bantur.
889 830 1227 901 Quapropter
1273 827 1453 899 passio
1487 837 1543 881 et
1588 825 1842 881 contritio
1894 824 2215 879 humilitatis

642 918 845 975 Christi
874 919 1016 974 facta
1046 926 1128 974 est
1180 918 1260 974 eis
1297 917 1521 986 laqueus
1558 916 1810 971 omnibus
1853 931 1959 971 non
1990 917 2215 971 creden-

640 1011 785 1067 tibus
811 1012 865 1066 iu
888 1012 1121 1066 ruinam.
1151 1008 1305 1065 Unde
1352 1008 1621 1079 Propheta
1654 1007 1807 1078 quasi
1830 1022 1895 1062 ex
1928 1008 2097 1077 ipsius
2129 1007 2216 1062 lit-

638 1110 770 1158 terte
790 1118 956 1159 sono:
984 1103 1124 1169 Quia
1156 1119 1212 1156 os
1240 1102 1443 1172 aperui,
1474 1110 1521 1155 et
1548 1101 1744 1154 attraxi
1774 1100 2012 1170 spiritum
2040 1098 2212 1171 (Psal.

635 1193 853 1263 cxvm).
893 1194 1197 1249 Divisiones
1237 1207 1498 1262 aquarum
1540 1191 1760 1246 deduxit
1790 1190 1981 1246 oculus
2015 1206 2209 1255 meus;

638 1284 791 1354 quasi
824 1284 970 1338 dicat
996 1283 1125 1337 illud
1165 1298 1232 1337 ex
1262 1281 1555 1351 Evangelio
1582 1300 1594 1335 :
1637 1280 1758 1335 Nisi
1792 1280 2003 1336 loculus
2032 1284 2105 1336 eis
2130 1298 2212 1335 es-

637 1390 747 1430 sent
768 1384 814 1429 et
835 1374 1198 1444 prwdicarem,
1220 1383 1489 1444 peccatum
1511 1390 1612 1427 non
1640 1374 1884 1428 haberent
1901 1371 2081 1445 (Joan.
2099 1373 2209 1443 xv).

638 1462 793 1520 Nunc
822 1474 1001 1520 autem
1032 1463 1427 1520 inexeusahiles
1475 1463 1627 1529 facti,
1682 1463 1909 1534 laqueus
1960 1464 2101 1518 facta
2130 1472 2215 1518 est

636 1555 719 1611 eis
746 1554 1080 1620 vaticinatio,
1134 1569 1199 1609 eo
1234 1554 1375 1623 quod
1428 1569 1533 1607 non
1573 1551 1904 1608 crediderint
1941 1553 1995 1606 in
2019 1553 2214 1622 quibus

634 1660 698 1701 os
726 1646 911 1715 aperui
945 1643 1129 1716 (Joan.
1164 1644 1203 1712 ι)
1232 1686 1247 1709 ,
1297 1653 1354 1698 ut
1386 1643 1786 1699 inexcusabilcs
1836 1653 2039 1699 essent.
2088 1643 2214 1698 Pro-

634 1746 822 1809 pterea
841 1748 891 1793 et
923 1739 1023 1793 sub
1055 1738 1155 1793 hac
1178 1738 1380 1803 littera,
1411 1738 1567 1809 longe
1604 1754 1765 1807 supra
1788 1737 2213 1810 lacrymabiliter

2318 558 2374 604 et
2392 550 2469 604 sic
2491 549 2705 603 demum
2741 547 3113 618 pertransierit
3149 548 3212 602 ad
3250 565 3469 621 regnum.
3512 556 3614 613 Hasc
3640 564 3743 632 siqui

2318 639 2437 695 dem
2468 640 2644 710 gratia
2692 638 2925 709 Spiritus
2975 637 3145 692 sancti
3185 637 3297 695 aliis
3334 641 3443 701 lous
3474 657 3562 713 est,
3586 650 3680 707 aliis
3698 670 3765 723 νυ.

2273 750 2279 757 ο
2317 738 2455 795 teus,
2482 730 2603 786 aliis
2629 745 2759 785 vero
2783 731 2972 784 hortus
2996 730 3295 799 conclusus,
3318 733 3426 792 fons
3445 739 3663 811 signatus,
3684 748 3768 804 aliis

2317 822 2596 877 hortorum
2644 823 2816 886 rivus,
2851 837 2971 892 qua:
3002 821 3056 876 in
3080 823 3306 881 Ecclesia
3335 830 3469 896 quasi
3504 832 3659 890 divisio
3674 853 3768 893 con-

2316 925 2653 970 numeratur.
2710 916 2843 969 Aliis
2888 917 3120 985 impetus
3170 916 3471 973 descendens
3507 938 3531 973 a
3559 922 3718 980 Libano
3734 941 3771 983 et

2317 1015 2547 1073 magnus
2574 1002 2792 1072 quidem
2821 1005 3055 1075 impetus
3088 1005 3178 1074 qui
3207 1021 3458 1077 nunquam
3485 1003 3650 1068 deficit.
3669 1012 3777 1081 Ουθιι

2318 1101 2498 1148 autem
2532 1093 2827 1148 divisiones
2851 1094 3039 1150 oculus
3080 1096 3351 1153 deduxisse
3388 1113 3579 1169 gemens
3614 1117 3663 1156 ac
3700 1104 3779 1173 μιν

2319 1198 2446 1238 rans
2497 1183 2752 1249 insinuat,
2803 1184 2918 1239 sive
2970 1185 3095 1255 quia
3150 1201 3307 1257 quam
3360 1198 3545 1245 meatus
3589 1190 3777 1249 inundan-

2316 1274 2454 1354 tium
2501 1273 2873 1331 ﬂuentorum:
2934 1278 3007 1331 ita
3062 1288 3120 1331 ut
3171 1279 3546 1336 exuberantium
3586 1282 3817 1354 lacrytuar

2315 1347 2651 1421 rum'duetus
2695 1382 2794 1437 per
2836 1366 3043 1440 singula
3095 1370 3178 1424 sui
3228 1370 3399 1426 cordis
3434 1369 3645 1428 ell‘udcrit
3677 1347 3781 1430 amo-

2318 1459 2397 1514 ris
2451 1460 2693 1529 germina
2719 1499 2734 1525 ,
2788 1460 2902 1515 sive
2974 1461 3118 1530 quod
3177 1461 3458 1519 ahlueudos
3508 1464 3783 1533 superinduit

2313 1552 2502 1608 cordis'
2535 1553 2788 1618 crimina,
2851 1554 3142 1619 intantmn,
3198 1565 3256 1608 ut
3299 1555 3452 1609 etiam
3491 1557 3671 1611 easdem
3709 1558 3787 1627 ipse

2314 1641 2502 1697 oculus
2532 1642 2821 1698 deduxerit
2862 1645 3159 1699 divisiones
3189 1660 3282 1715 per
3305 1646 3471 1701 omnia
3516 1647 3689 1701 timoris
3709 1648 3785 1702 dis-

2315 1733 2569 1799 crimina,
2602 1735 2683 1789 vel
2741 1735 2901 1790 etiam
2951 1737 3153 1792 amoris
3201 1737 3432 1793 vulnera.
3477 1736 3606 1793 Unde
3651 1753 3787 1807 sponsa

636 1828 808 1883 series
833 1827 1167 1883 ostenditur:
1211 1827 1479 1897 Expandit
1506 1826 1636 1881 Sion
1658 1844 1849 1881 manus
1869 1844 2015 1893 snas,
2040 1838 2087 1881 et
2110 1844 2211 1882 non
2242 1812 2288 1874 Β
2316 1824 2370 1880 in
2433 1824 2669 1881 Canticis
2703 1845 2716 1881 :
2755 1826 3043 1881 Vulnerata
3117 1826 3389 1883 cbaritatis
3427 1841 3517 1899 ego
3570 1842 3682 1883 sum.
3720 1826 3809 1881 lla»

635 1928 709 1973 est
739 1918 828 1989 qui
858 1917 1156 1972 consoletur
1180 1934 1315 1981 eam,
1343 1931 1406 1971 ac
1419 1916 1464 1972 si
1494 1926 1741 1986 patenter
1768 1918 1911 1972 dicat
1943 1936 1955 1971 :
1987 1918 2211 1989 Dignam

637 2008 1129 2063 remunerationem
1177 2007 1383 2063 erroris
1423 2008 1639 2078 recipit,
1668 2024 1785 2079 qum
1824 2009 2211 2079 expandenlem

637 2115 829 2155 manus
863 2101 916 2154 in
959 2115 1121 2155 cruce
1151 2100 1338 2154 audire
1385 2099 1637 2170 neglexit,
1695 2110 1749 2155 et
1800 2102 1900 2155 sub
1950 2100 2051 2156 alis
2098 2100 2215 2171 ejus

2314 1917 2403 1974 bet
2432 1919 2576 1973 enim
2631 1919 2713 1974 vis
2758 1920 2952 1974 summi
3005 1919 3212 1976 doloris
3259 1920 3340 1976 vel
3381 1921 3581 1985 amoris,
3627 1932 3673 1974 ut
3708 1935 3789 1975 cum

2315 2006 2571 2080 lacrymis
2616 2009 3013 2078 quodammodo
3056 2010 3175 2081 ipse
3217 2010 3400 2065 oculus
3455 2010 3625 2065 mentis
3660 2025 3705 2065 se
3738 2009 3790 2062 vi-

2316 2100 2507 2157 deatur
2538 2099 2746 2172 1561
2795 2100 3102 2165 effundere,
3151 2117 3347 2173 easque
3391 2101 3628 2157 deducere
3667 2100 3791 2168 lacry-

637 2191 929 2246 succedere
992 2189 1208 2260 refugit.
1268 2188 1497 2259 Dignum
1548 2190 1713 2260 igitur
1764 2199 1821 2245 ut
1870 2192 1981 2260 ipsa
2026 2201 2213 2262 postea
2312 2208 2452 2257 mas,
2479 2207 2548 2247 ex
2577 2209 2683 2263 quo
2714 2202 2966 2263 tanquam
3002 2209 3068 2248 ex
3098 2194 3445 2249 divisionibus
3469 2191 3792 2262 aquanuu,im-

634 2281 963 2349 expanderet
1015 2294 1228 2344 manus,
1276 2289 1330 2334 et
1385 2280 1751 2335 consolantem
1805 2281 2049 2336 invenire
2110 2299 2213 2338 non
2311 2291 2470 2353 pctus
2523 2282 2724 2338 doloris
2769 2283 2852 2338 vel
2898 2286 3102 2340 amoris
3150 2285 3509 2340 vehementior
3548 2282 3792 2338 declaratur.

634 2379 836 2442 posset.
882 2369 1019 2425 Hinc
1054 2369 1332 2441 signanter
1365 2370 1440 2425 ait
1466 2370 1732 2441 Propheta
1768 2389 1781 2425 :
1811 2370 1876 2425 In
1909 2373 2217 2427 contritione
2310 2372 2462 2429 Felix
2489 2374 2652 2444 igitur
2679 2374 2801 2430 talis
2825 2376 3107 2448 decursus,
3141 2386 3197 2431 et
3220 2375 3387 2431 beata:
3418 2374 3683 2435 divisiones,
3712 2384 3793 2439 qua

642 2460 769 2530 filia:
794 2459 974 2531 populi
1003 2461 1123 2526 mei,
1178 2460 1300 2530 quia
1329 2461 1431 2515 etsi
1469 2470 1593 2515 ante
1630 2462 1917 2516 adventum
1958 2462 2167 2517 Domini
2198 2504 2212 2528 ,

635 2552 999 2623 captivitatem
1063 2550 1367 2606 Iudaeorum
1436 2550 1638 2605 illatam
1694 2565 1813 2606 esse
1871 2566 1899 2605 a
1945 2550 2211 2607 Chald:eis

644 2642 844 2700 deﬂere
872 2644 1143 2709 videatur,
1203 2651 1382 2698 tamen
1421 2644 1738 2714 prophetico
1788 2644 2000 2714 spiritu,
2053 2645 2211 2698 istam

639 2737 812 2810 magis
875 2737 1244 2806 captivitatem
1305 2737 1656 2807 praevidens,
1725 2752 1828 2807 qua
1894 2751 1987 2791 eos
2063 2735 2217 2790 intel-

636 2826 856 2898 ligibilis
921 2825 1205 2882 Chaldasus
1275 2826 1376 2880 sub
1428 2827 1672 2895 perpetui
1739 2827 1941 2882 erroris
2002 2826 2213 2880 vincula

637 2919 909 2987 subjecit,
967 2928 1022 2974 et
1061 2919 1371 2973 domestica!
1422 2919 1640 2973 virtutis
1689 2928 1936 2974 extorres
1969 2919 2053 2979 ,de
2101 2928 2213 2972 sta-

642 3011 723 3064 tu'
756 3010 944 3081 patria:
1013 3010 1312 3065 devotionis
1381 3009 1712 3074 eliminatis,
1788 3009 2090 3080 lor-ginquze
2138 3007 2217 3063 af-

639 3100 770 3156 fecit
798 3100 1010 3174 1460
1038 3099 1421 3155 dominationis
1450 3099 1658 3155 exsilio.
1683 3099 1813 3168 Qua:
1854 3098 2096 3170 profecto
2119 3098 2217 3153 mi-

639 3192 859 3248 serabili
905 3192 1150 3262 deplorat
1190 3192 1394 3247 dolore.
1447 3191 1600 3246 Nulla
1646 3192 1789 3246 enim
1827 3191 1998 3261 patria
2035 3191 2215 3245 verior
2243 3176 2287 3238 (ἶ

533 3300 539 3305 ·
640 3286 880 3341 omnium
920 3286 972 3339 in
1024 3283 1124 3341 hac
1168 3284 1642 3355 peregrinatione,
1680 3298 1841 3354 quam
1891 3283 2038 3352 ﬁdes.
2086 3282 2215 3351 Qua:

644 3376 900 3431 nimirum
942 3391 1036 3432 eos
1097 3378 1188 3448 qui
1236 3377 1392 3448 longe
1424 3386 1576 3432 erant
1620 3392 1789 3447 prope
1828 3392 1949 3432 esse
1983 3376 2219 3441 fecit,ct

642 3465 876 3521 advenas
899 3476 1059 3537 atque
1088 3469 1420 3539 peregrinos,
1471 3469 1704 3524 civitatis
1737 3484 1981 3538 supernae
2010 3470 2216 3539 patriae,

635 3555 760 3627 jure
804 3558 1113 3622 conuexuit,
1152 3558 1292 3613 sicut
1337 3560 1602 3630 scriptum
1648 3569 1774 3615 est:
1810 3558 1950 3629 Ergo
1977 3559 2093 3629 jam
2116 3576 2219 3613 non

640 3649 783 3713 estis,
810 3649 886 3702 ait
916 3648 1224 3718 Apostolus,
1256 3650 1481 3717 hospites
1521 3659 1569 3703 et
1610 3650 1844 3715 aduente,
1872 3649 1963 3704 sed
2000 3651 2119 3703 estis
2146 3650 2220 3703 ci-

640 3754 724 3793 ues
752 3750 1073 3804 sanctorum,
1096 3749 1144 3793 et
1174 3739 1444 3793 domestici
1461 3738 1556 3793 Dei
1587 3738 1802 3810 (Ep/tes.
1834 3738 1918 3811 tt).
1953 3739 2059 3795 Sed
2092 3740 2218 3809 quia

643 3831 711 3885 ab
738 3830 822 3885 his
840 3831 1110 3895 omnibus,
1139 3829 1344 3885 scilicet
1371 3845 1401 3884 a
1423 3830 1539 3885 solo
1564 3830 1772 3901 patriae,
1802 3846 1832 3885 a
1857 3831 1987 3896 Deo,
2009 3839 2063 3884 et
2091 3830 2214 3895 fide,

642 3927 697 3974 et
721 3920 871 3990 lege,’
912 3928 965 3974 et
999 3929 1320 3977 testamento
1364 3929 1571 3985 sancto,
1614 3922 1941 3977 contritione
1988 3921 2217 3991 dispersi

642 4017 819 4073 erant,
846 4019 993 4065 recte
1028 4011 1103 4065 ait
1136 4026 1151 4065 :
1190 4009 1478 4065 Divisiones
1521 4027 1776 4081 aquarum
1799 4011 2014 4065 deduxit
2036 4009 2218 4064 oculus

644 4117 807 4155 meus.
833 4101 1068 4171 Optabat
1094 4103 1235 4158 enim
1268 4119 1325 4159 se
1348 4119 1470 4159 cum
1499 4103 1667 4159 Paulo
1691 4103 1954 4185 apostolo,
1989 4112 2047 4157 ut
2075 4103 2220 4157 acsti-

644 4206 754 4259 mo,
786 4196 1070 4249 anathema
1093 4210 1211 4251 esse
1240 4211 1361 4250 cum
1388 4194 1644 4251 fratribus
1671 4196 1783 4250 suis
1806 4193 1982 4266 (Rom.
2013 4194 2109 4261 ix).
2140 4194 2219 4249 Ex

644 4298 753 4353 quo
781 4293 947 4354 patet,
995 4287 1136 4357 quod
1183 4302 1375 4355 magna
1416 4288 1489 4342 sit
1534 4288 1801 4357 possessio
1832 4288 2134 4349 charitatis,
2165 4295 2220 4344 et

646 4371 836 4429 hortus
858 4376 1171 4431 deliciarum
1197 4377 1520 4447 praecipuus,
1554 4377 1606 4431 in
1640 4392 1745 4448 quo
1771 4378 2012 4432 omnium
2050 4378 2222 4433 virtu-

644 4472 760 4520 tum
786 4480 980 4536 genera
1005 4468 1339 4533 nutriuntur,
1369 4483 1433 4523 ex
1457 4485 1564 4539 quo
1586 4470 1738 4539 quasi
1756 4469 1822 4523 de
1846 4470 2100 4539 paradiso
2126 4486 2219 4527 vo-

643 4529 867 4627 luptatis
908 4558 1026 4613 fons
1067 4529 1348 4624 ascendit,
1372 4529 1701 4629 qui-irrigat
1735 4529 1919 4615 omnia
1952 4560 2217 4617 virtutum
2244 4529 2299 4590 Β

645 4662 863 4719 genera.
897 4648 1136 4703 Primum
1183 4665 1242 4705 se
1295 4651 1547 4707 attollens
1594 4652 1648 4706 in
1692 4660 1925 4721 quatuor
1953 4652 2218 4708 virtutum

646 4741 847 4810 capita,
874 4756 938 4796 ac
966 4741 1011 4796 si
1041 4742 1255 4797 demum
1279 4757 1377 4813 per
1402 4758 1592 4798 omnes
1618 4743 1911 4799 divisiones
1926 4759 2215 4817 aquarum,

646 4842 704 4887 ut
750 4835 929 4889 omnia
960 4835 1226 4890 inebrient
1262 4834 1385 4892 fidei
1416 4844 1471 4891 et
1500 4851 1709 4891 morum
1746 4836 2014 4907 germina.
2043 4833 2221 4892 Gran—

580 4975 588 4982 .
650 4926 793 4981 diter
855 4927 999 4982 enim
1063 4926 1314 4982 affectum
1380 4928 1620 4997 gerentis
1681 4927 2054 4998 paenitentiam
2124 4943 2220 4983 ex-

646 5017 864 5086 pressit,
895 5025 989 5071 aut
1016 5017 1267 5071 nimirum
1294 5016 1595 5072 dilectionis
1625 5031 1866 5071 amorem
1890 5016 2219 5088 designavit,

649 5107 940 5161 secundum
969 5106 1094 5161 illud
1120 5107 1262 5179 quod
1300 5107 1353 5161 in
1375 5106 1610 5162 Canticis
1636 5108 1897 5176 scriptum
1920 5118 2002 5163 est
2025 5126 2037 5162 :
2070 5106 2220 5163 Fons

647 5196 941 5264 hortorum,
986 5208 1174 5270 puteus
1210 5215 1469 5270 aquarum
1506 5200 1779 5254 viventium
1805 5240 1819 5266 ,
1868 5215 1985 5253 cum
2027 5202 2220 5270 impetu

648 5289 962 5346 descendens
984 5309 1016 5346 a
1046 5290 1245 5346 Libano
1272 5289 1448 5363 (Cant.
1473 5291 1569 5361 tv).
1598 5289 1718 5345 Ista:
1742 5290 1906 5362 igitur
1928 5291 2221 5347 divisiones

650 5396 934 5452 aquarum,
980 5399 1086 5438 non
1138 5385 1318 5440 minus
1364 5383 1588 5438 abluunt
1616 5391 1858 5454 peccata,
1896 5398 2018 5438 cum
2055 5384 2218 5439 etiam

652 5489 747 5545 per
772 5468 961 5531 omnes
986 5475 1301 5531 deliciarum
1342 5476 1551 5532 areolas
1586 5475 1777 5542 fluunt,
1810 5485 1868 5530 ut
1892 5476 2071 5531 omnia
2094 5492 2221 5531 aro-

652 5572 856 5618 matum
898 5565 1122 5636 irrigent
1150 5581 1368 5637 genera.
1415 5566 1560 5634 Quas
1589 5567 1879 5622 divisiones
1893 5566 2090 5622 Christi
2122 5565 2223 5622 Ec-

651 5652 837 5719 clesia,
870 5667 996 5709 cum
1026 5657 1224 5726 impetu
1273 5658 1489 5712 deducit
1512 5676 1538 5711 a
1568 5657 1773 5712 Libano
1804 5657 2069 5712 abluendo
2096 5672 2221 5727 pee-

654 5750 799 5812 cata,
821 5759 888 5799 ex
916 5746 1067 5819 cujus
1101 5747 1302 5819 impetu
1351 5749 1468 5820 puri
1513 5748 1699 5809 fontis.
1745 5748 1915 5804 allluit
1956 5765 1986 5804 a
2011 5749 2219 5807 Libano

2315 2461 2383 2516 de
2428 2463 2631 2516 unitate
2660 2460 2822 2527 oculi,
2850 2471 2904 2516 et
2940 2464 3177 2531 puritate
3214 2463 3376 2518 fontis
3409 2463 3607 2518 veniunt
3630 2459 3798 2530 Spiritus

2316 2553 2510 2605 sancti.
2540 2551 2721 2608 Bonus
2769 2553 3022 2623 impetus,
3056 2556 3150 2625 qui
3202 2556 3373 2611 nescit
3412 2556 3603 2617 lzedere,
3632 2562 3676 2607 et
3700 2551 3799 2605 norit

2316 2642 2539 2712 implere
2574 2662 2585 2697 :
2614 2645 2869 2713 quoniam
2906 2647 3082 2701 sancti
3127 2648 3317 2719 repleti
3368 2646 3575 2718 apostoli
3608 2645 3714 2716 (Act.
3740 2641 3799 2711 ιι),

2316 2734 2470 2804 quasi
2502 2736 2889 2791 vehementiori
2916 2738 3090 2807 gratia
3125 2749 3306 2794 musto
3337 2737 3569 2793 inebriati
3590 2750 3642 2790 ac
3670 2730 3800 2802 repleti

2317 2824 2685 2895 culpabantur.
2723 2827 3029 2883 Deducebat
3063 2838 3116 2883 et
3151 2830 3238 2902 illa
3269 2846 3333 2885 ex
3363 2827 3625 2899 Evangelio
3653 2822 3802 2879 hssdi-

2318 2916 2553 2972 visiones
2592 2902 2879 2988 aquarum,
2914 2936 3035 2991 qua:
3080 2922 3332 2994 irrigavit
3376 2923 3527 2992 pedes
3562 2915 3804 2979 Donnini,ct

2318 3007 2440 3064 fidei
2467 3026 2577 3065 sua:
2604 3012 2779 3081 pretio
2804 3012 2938 3068 emit
2965 3014 3166 3069 animm
3199 3030 3313 3070 sua:
3351 3023 3405 3071 et
3429 3012 3645 3084 corporis
3665 3007 3807 3063 sanita-

2320 3111 2449 3157 tem.
2478 3101 2703 3156 Deduxit
2728 3116 2857 3175 ergo
2885 3113 2938 3159 et
2961 3102 3132 3160 David
3161 3106 3262 3161 bas
3281 3104 3559 3161 divisiones
3587 3096 3804 3156 secundum

2319 3193 2745 3263 magnitudinem
2777 3205 2833 3250 et
2874 3196 3279 3277 multitudinem
3312 3197 3611 3253 delictorum
3635 3202 3808 3251 suorum,

2318 3302 2384 3342 ex
2421 3287 2616 3357 quibus
2671 3288 2736 3343 de
2779 3298 3002 3360 peccato
3029 3294 3264 3363 gratiam
3296 3293 3496 3357 retulit,
3522 3298 3572 3345 et
3602 3303 3681 3357 pro
3704 3292 3807 3339 reatu

2318 3397 2383 3436 ex
2413 3382 2764 3439 divisionibus
2794 3400 3056 3455 aquarum
3098 3389 3368 3443 virtutum
3406 3400 3613 3457 quasque
3641 3377 3812 3437 cum“:

2320 3475 2395 3528 vit
2422 3476 2579 3531 dona.
2612 3476 2689 3531 Ex
2721 3478 2917 3547 quibus
2950 3481 3335 3550 et'apostolus,
3364 3488 3484 3551 post
3506 3478 3673 3532 trinam
3695 3484 3809 3538 nega-

2322 3569 2542 3635 tionem,
2576 3572 2803 3639 gratiam
2851 3573 2934 3627 sui
2979 3576 3190 3643 recepit
3236 3572 3559 3645 apostolatus
3583 3566 3706 3640 (Luc.
3731 3559 3812 3629 vn)-

2320 3664 2457 3732 Quid
2498 3665 2661 3737 igitur
2698 3682 2762 3721 ex
2810 3668 2891 3723 his
2932 3668 3107 3722 dicant
3162 3668 3533 3732 divisionibus,
3563 3677 3664 3719 cum
3697 3652 3813 3723 malls

2321 3756 2401 3809 vis
2440 3755 2637 3827 eloquii
2676 3755 2963 3822 minuitur,
2998 3773 3164 3827 quam
3205 3760 3431 3814 ubertas
3460 3755 3601 3810 nobis
3625 3751 3816 3816 Iacrymi'

2321 3861 2438 3901 rum
2475 3848 2638 3902 corde
2666 3849 2937 3903 obdurato
2979 3849 3059 3903 vel
3090 3850 3272 3920 gratia
3308 3846 3571 3920 aperitur?
3607 3842 3724 3897 Unde
3747 3836 3817 3889 Da-

2320 3938 2409 3991 vid
2439 3947 2493 3993 et
2522 3939 2610 3992 alii
2649 3939 3030 4010 quampluritni
3077 3943 3146 3995 ad
3198 3942 3438 3996 medium
3467 3930 3820 3994 deducantur.“l

2321 4044 2387 4083 ex
2444 4029 2528 4084 his
2580 4031 2861 4100 percipere
2914 4033 3208 4101 possimus,
3246 4033 3376 4103 quid
3423 4031 3516 4102 ipsi
3560 4042 3644 4098 pro
3674 4018 3817 4077 eisdem

2322 4120 2623 4185 retulerint,
2651 4122 2741 4191 qui
2773 4137 2869 4191 pro
2896 4123 3053 4176 modo
3082 4123 3340 4177 criminis
3384 4121 3608 4176 lamenta
3635 4106 3821 4180 lacrimis

2322 4214 2653 4268 coauxcrint.
2688 4214 2825 4268 Dicit
2862 4214 3005 4268 enim
3039 4214 3299 4269 :Lavabo
3334 4232 3427 4285 per
3470 4207 3675 4280 singulas
3702 4207 3822 4255 ιιοίια

2322 4303 2508 4357 lectum
2556 4321 2748 4369 meum,
2786 4304 3032 4375 lacrymis
3072 4307 3205 4361 meis
3248 4315 3473 4361 stratum
3512 4315 3664 4357 meum
3700 4287 3824 4362 riga“

2324 4392 2499 4463 (Psal.
2534 4396 2649 4468 vt).'
2674 4396 2853 4467 Atque
2902 4398 3094 4452 iterum
3137 4418 3153 4453 :
3204 4397 3447 4453 Fuerunt
3492 4394 3610 4448 milii
3646 4389 3827 4453 luem!

2325 4503 2453 4541 mea:
2486 4504 2645 4558 panes
2675 4485 2847 4557 (Psal.
2881 4497 2986 4554 et);
3020 4505 3237 4545 necnon
3263 4500 3311 4543 et
3331 4486 3567 4560 poculum
3591 4492 3727 4535 meum
3747 4485 3827 4526 cm

2322 4580 2447 4649 ﬂetu
2490 4579 2764 4633 misccbam
2810 4578 2981 4641 (Psal.
3031 4580 3247 4653 cxvttt).
3292 4581 3361 4635 Et
3406 4587 3463 4632 ut
3504 4576 3689 4629 videres
3725 4564 3831 4620 lere-

2326 4670 2486 4725 miam
2538 4669 2840 4724 imitantem
2885 4669 3031 4724 illum
3070 4688 3082 4724 :
3116 4670 3350 4736 Exitus,
3403 4665 3601 4738 inquii.
3642 4663 3831 4730 "quam

2323 4760 2648 4815 deduxerunt
2704 4760 2842 4814 oculi
2879 4761 2999 4814 mei.
3036 4760 3103 4815 Et
3151 4776 3265 4816 non
3310 4759 3476 4821 dixit,
3508 4756 3623 4827 quia
3666 4746 3830 4814 θωίεθτι

2324 4855 2451 4925 quia
2476 4852 2734 4925 ﬂagellor,
2766 4854 2908 4923 quod
2946 4853 3270 4921 maledicor,
3305 4861 3363 4910 et
3387 4868 3417 4908 a
3448 4847 3651 4924 proprio
3673 4834 3857 4908 deiicior'

2326 4943 2440 4999 solo
2483 4943 2566 4999 vel
2604 4960 2930 5014 persequor;
2963 4943 3055 4999 sed
3096 4945 3231 5015 quia
3279 4959 3387 4999 non
3435 4934 3678 4998 custodivi
3712 4931 3833 4996 I98em

2324 5045 2493 5102 tuam,
2518 5037 2761 5093 Domine.
2786 5039 2863 5093 Ac
2886 5038 2930 5093 si
2957 5038 3191 5094 diceret:
3211 5037 3533 5095 Fluentihus
3559 5028 3708 5088 oculis
3724 5018 3833 5077 meis

2323 5127 2543 5197 deploro
2586 5143 2650 5183 ea
2696 5143 2815 5199 qua:
2859 5128 2964 5184 illis
3010 5130 3411 5201 aspicientibus
3460 5123 3658 5182 admisi.
3691 5108 3837 5172 Habuit

2323 5217 2537 5287 quidem
2570 5218 2711 5273 idem
2749 5219 2912 5273 multa
2949 5218 3053 5275 alia
3095 5236 3221 5291 qum.
3259 5219 3503 5283 deﬁeret,
3531 5214 3607 5270 vel
3635 5211 3835 5267 incestum

2327 5307 2469 5373 lilize,
2496 5308 2580 5363 vel
2620 5309 2893 5364 interitum
2926 5310 3154 5366 ﬁliorum
3189 5311 3282 5383 (II
3322 5310 3450 5381 Reg.
3479 5306 3594 5376 xm)
3622 5323 3634 5356 :
3661 5299 3736 5355 sed

2332 5416 2435 5455 non
2480 5401 2584 5457 hoc
2619 5417 2678 5457 se
2712 5401 2921 5458 ﬂevisse
2968 5404 3114 5467 dicit,
3148 5404 3251 5458 sed
3295 5404 3424 5475 quia
3469 5414 3570 5456 nou
3615 5384 3839 5450 ωειοᾶὶτὶι

2330 5493 2501 5565 legem
2542 5494 2772 5551 Domini.
2824 5495 3274 5565 Quandoquidem
3310 5513 3340 5551 a
3371 5494 3569 5550 sanctis
3613 5485 3722 5540 viris
3752 5477 3838 5547 Ph”

2329 5588 2502 5658 culpa,
2547 5605 2709 5658 quam
2752 5605 2988 5644 aerumna
3035 5590 3335 5662 plangitur.
3391 5588 3537 5647 Unde
3584 5590 3633 5638 et
3676 5574 3764 5632 lilio
3800 5568 3840 5621 in

2329 5690 2502 5735 morte
2537 5681 2710 5750 posito
2742 5680 2823 5749 (11
2867 5680 2989 5752 Reg.
3026 5685 3136 5752 xu),
3173 5698 3283 5737 nec
3312 5682 3495 5737 cibum
3532 5670 3745 5741 sumpsit,
3769 5672 3841 5716 nec

2329 5770 2534 5839 regium
2582 5772 2857 5837 thronum,
2891 5788 2989 5828 uec
3035 5772 3212 5828 cubile
3260 5770 3537 5834 ascendit,
3572 5762 3655 5820 sed
3690 5759 3842 5814 strain!
