4078 6348
241 321 369 379 1185

947 315 1309 375 EXPOSITIO
1345 316 1413 374 ΙΝ
1450 314 2026 373 LAMENTATIONES
2062 314 2401 373 JEREMLE.
2437 345 2505 356 -—
2542 314 2669 370 LIB.
2706 314 2789 372 Ill.

3348 313 3489 376 i186

242 438 292 492 in
343 445 520 500 terra,
555 431 773 504 jejunus
818 446 940 488 eum
982 431 1239 504 lacrymis
1280 431 1533 500 planxit:
1566 430 1653 485 ubi
1697 444 1803 485 non
1830 430 1877 490 Α
1907 428 2022 483 avis
2083 428 2202 494 illa,
2255 429 2321 483 de
2366 443 2473 499 qua
2518 428 2715 499 legitur
2771 428 2827 484 in
2878 427 2979 484 Job
3014 446 3026 483 :
3068 426 3319 483 Semitam
3370 432 3483 510 auis

243 536 341 582 tam
390 525 482 580 lilii
522 531 773 589 mortem,
812 537 973 591 quam
1009 521 1218 592 peccati
1260 537 1475 591 plenam
1525 535 1804 576 removere

242 620 566 682 desiderans,
605 614 771 671 ﬂevit.
801 612 891 669 Sic
937 621 990 668 et
1036 613 1299 668 Jeremias
1330 630 1343 666 :
1381 612 1693 675 Divisiones,
1722 611 1805 666 in-

240 712 378 784 quit,
429 725 689 782 aquarum
727 707 940 763 deduxit
986 690 1168 761 oculus
1205 722 1349 760 meus
1395 706 1449 760 in
1495 705 1803 759 contritione

238 804 355 873 ﬁlia:
383 799 560 871 populi
590 798 712 852 mei.
746 795 1023 866 Siquidem
1050 811 1158 852 non
1187 803 1396 850 tantum
1419 796 1541 850 vita:
1567 809 1805 865 praesen-

240 896 306 950 tis
328 891 704 949 contritionem
733 887 943 960 lugens,
972 902 1134 957 quam
1162 902 1320 957 passa
1345 894 1427 942 est
1446 886 1514 941 ab
1537 885 1801 953 hostibus,

237 1000 388 1055 quam
441 981 607 1040 etiam
655 988 875 1050 propter
915 978 1102 1033 aeterni
1151 978 1394 1049 supplicii
1442 991 1693 1046 poenam,
1736 990 1803 1031 eo

235 1074 370 1147 quod
412 1081 636 1145 propter
682 1069 1145 1142 impainitudjnem
1190 1078 1246 1125 et
1294 1070 1547 1125 duritiam
1590 1065 1800 1140 1462

237 1169 407 1226 cordis
461 1182 650 1223 eorum
710 1171 935 1220 noverat
989 1182 1001 1218 :
1047 1164 1173 1234 quia
1230 1162 1425 1232 duplici
1481 1161 1802 1217 contritione

236 1260 399 1332 (juxta
444 1258 587 1329 quod
637 1257 896 1327 scriptum
926 1255 1032 1327 est)
1070 1255 1136 1310 de
1160 1254 1260 1310 sub
1295 1254 1448 1310 caelis
1493 1259 1801 1309 contereret

233 1368 323 1408 eos
374 1350 649 1406 Dominus.
706 1346 882 1402 Flevit
936 1346 1101 1416 igitur
1156 1345 1418 1415 pr0pheta
1476 1342 1657 1414 populi
1718 1340 1801 1397 sui

231 1459 494 1501 aerumnas
540 1449 596 1497 et
636 1439 931 1512 angustias,
958 1436 1104 1494 ﬂevit
1152 1444 1208 1491 et
1250 1435 1519 1491 excidium
1567 1433 1796 1503 patriae:

232 1539 324 1593 sed
352 1535 521 1607 magis
565 1532 778 1588 ﬂevisse
819 1520 1242 1599 creditur'qued
1267 1536 1321 1583 et
1357 1526 1458 1596 ipsi
1488 1540 1652 1596 super
1696 1524 1802 1580 Do-

234 1629 432 1684 minum
461 1641 524 1682 os
552 1622 889 1695 aperuerint,
914 1630 974 1677 ut
1002 1620 1227 1691 legimus
1250 1618 1305 1674 in
1335 1617 1607 1689 passione,
1640 1613 1802 1670 Chri-

230 1727 367 1775 stum
395 1715 829 1787 blasphemantes
871 1718 927 1767 et
974 1709 1381 1775 maledicentes,
1408 1706 1550 1762 unde
1598 1713 1655 1760 et
1698 1704 1799 1775 ipsi

231 1822 261 1863 a
287 1804 499 1862 diabolo
526 1803 681 1875 quasi
712 1803 777 1859 de
804 1801 1230 1873 reciprocatione
1268 1799 1563 1855 vindictam
1598 1797 1801 1852 habue-
1823 1788 1877 1852 Β

229 1904 369 1952 runt.
416 1894 591 1950 Flevit
641 1902 696 1948 et
740 1891 993 1948 Christus
1038 1891 1093 1947 in
1136 1891 1387 1963 passione
1440 1888 1591 1961 (Luc.
1642 1890 1801 1959 χχιι),

230 1987 441 2057 quando
485 1985 747 2056 prolixius
787 1984 996 2054 positus
1033 1984 1088 2038 in
1131 1983 1323 2055 agonia
1357 1981 1556 2048 oravit,
1586 1980 1803 2051 quando

229 2087 283 2135 et
310 2085 458 2151 gutta
496 2074 774 2148 sanguinis
806 2076 874 2131 ab
911 2090 999 2142 eo,
1027 2089 1128 2145 pro
1166 2074 1321 2130 nobis
1350 2074 1559 2140 dolens,
1592 2073 1645 2127 in
1689 2080 1799 2128 ter-

231 2186 346 2227 ram
382 2169 599 2227 decidit.
628 2168 800 2225 Flevit
826 2177 881 2224 et
912 2183 1073 2239 super
1104 2168 1275 2239 ipsam
1302 2167 1559 2223 miseram
1585 2160 1801 2221 Jerusa-

229 2262 334 2318 lem
361 2262 510 2333 (Luc.
538 2260 694 2332 xrx);
724 2259 871 2316 ﬂevit
911 2269 1089 2316 autem
1128 2267 1185 2315 et
1222 2274 1383 2330 super
1407 2258 1672 2313 Lazarum
1700 2274 1714 2310 :
1743 2264 1803 2311 ut

231 2369 298 2410 ex
346 2355 446 2410 hoc
495 2367 873 2425 cognosceres,
916 2352 1131 2422 quantis
1184 2352 1469 2407 atterimur
1503 2349 1680 2416 malis,
1714 2348 1802 2404 vel

229 2446 423 2516 quibus
469 2457 691 2515 egemus
735 2443 986 2498 lamentis
1021 2441 1199 2513 (loan.
1233 2440 1310 2514 χ).
1342 2438 1504 2497 Flent
1536 2448 1715 2494 autem
1747 2446 1804 2493 et

228 2537 422 2602 Sancti,
449 2545 643 2592 euntes
679 2543 735 2593 et
773 2537 1050 2590 mittentes
1081 2533 1287 2589 semina
1321 2548 1438 2599 sua,
1473 2547 1538 2587 ac
1568 2546 1664 2603 per
1693 2531 1804 2587 sin-

226 2627 346 2699 gula
386 2626 679 2682 divisiones
725 2625 930 2680 ducunt
958 2639 1241 2693 aquarum,
1274 2631 1332 2677 ut
1373 2622 1566 2678 melius
1611 2621 1803 2677 aeterni

220 2717 485 2790 germinis
532 2717 737 2773 fructus
783 2718 839 2772 in
887 2731 1117 2772 messem
1144 2723 1346 2787 surgat.
1375 2713 1520 2782 Quas
1557 2728 1690 2769 sane
1724 2713 1804 2766 la-

226 2824 537 2883 erymarum
600 2810 891 2866 divisiones
954 2808 1143 2865 melius
1195 2808 1447 2880 precibus
1508 2807 1802 2878 impetrare

225 2916 533 2973 possumus,
564 2902 826 2957 mittendo
852 2901 1054 2979 semina
1082 2900 1317 2971 pietatis,
1347 2914 1510 2972 quam
1539 2898 1802 2955 doctrinis

226 2993 490 3049 ediscere.
522 2992 729 3048 Idcirco
757 3004 813 3049 et
839 2992 906 3048 ad
936 2992 1356 3049 consolationem
1401 2991 1580 3047 devoti
1625 2998 1804 3045 trans-

224 3092 431 3139 eamne.
471 3081 749 3153 Siquidem
786 3081 928 3139 Sade
972 3082 1154 3138 littera
1205 3082 1469 3153 sequitur,
1518 3096 1637 3152 qua:
1682 3097 1804 3136 con-

223 3176 418 3232 solatio
457 3144 786 3245 vel-justitia
831 3175 1236 3244 interpretatur.
1281 3144 1407 3230 Post
1439 3144 1799 3247 lacrymarum
1828 3144 1882 3213 α

225 3267 544 3332 divisiones,
571 3275 695 3337 post
722 3280 915 3335 graves
947 3266 1266 3321 torrentium
1294 3263 1469 3331 ﬂetus,
1505 3272 1628 3336 post
1654 3279 1808 3319 ama-

223 3358 521 3413 ritudinem
568 3356 703 3412 tanti
750 3356 984 3423 doloris,
1019 3365 1140 3427 post
1183 3354 1524 3412 formidinem
1554 3354 1802 3411 immensi

224 3451 582 3517 discriminis,
612 3459 735 3522 post
764 3450 987 3521 laqueos
1015 3448 1381 3516 contritionis,
1415 3456 1538 3519 post
1574 3448 1810 3518 apertio-

224 3563 352 3604 nem
387 3555 443 3603 et
478 3546 879 3603 insultationem
907 3546 1017 3601 oris
1043 3545 1404 3610 inimicorum,
1438 3543 1571 3599 satis
1612 3557 1809 3614 oppor-

225 3650 363 3696 tune
411 3638 729 3704 consolatio,
762 3639 816 3694 id
857 3648 940 3694 est
983 3637 1124 3694 Sade
1162 3636 1343 3692 littera
1388 3635 1716 3699 intercessit,
1749 3641 1810 3688 ut

226 3730 324 3801 qui
356 3730 698 3802 gravioribus
731 3730 987 3785 aerumnis
1023 3744 1213 3800 plenas
1246 3728 1656 3784 commissorum
1696 3726 1810 3782 lue-

226 3820 343 3876 rint
367 3819 676 3886 criminum,
700 3826 919 3890 sperent
944 3816 1336 3889 indulgentiam
1359 3814 1582 3885 iustitiae
1607 3824 1661 3871 et
1686 3830 1812 3871 con-

225 3913 553 3970 solationem
588 3911 929 3967 remissionis
960 3929 974 3965 :
1003 3921 1059 3966 et
1086 3910 1178 3980 qui
1209 3908 1423 3964 ﬂetibus
1453 3923 1517 3962 ac
1556 3906 1810 3979 lacrymis

224 4004 455 4076 propria
475 4002 671 4058 delicta
696 4002 940 4065 laverint,
970 4002 1209 4072 requiem
1233 4007 1543 4056 mereantur
1561 3998 1806 4069 adipisci.

228 4096 343 4153 Sed
398 4096 616 4165 requies
663 4094 829 4160 nulla,
862 4093 964 4149 nisi
1014 4109 1082 4147 ex
1134 4091 1384 4162 passione
1425 4090 1649 4156 Christi,
1683 4105 1812 4145 vera

221 4188 513 4260 probatur.
559 4184 686 4241 Ideo
731 4199 865 4241 voce
892 4184 1269 4253 Redemptoris
1318 4182 1471 4253 quasi
1514 4196 1614 4252 pro
1656 4181 1812 4238 nobis

216 4280 355 4349 jure
387 4275 677 4348 plangitur.

953 4360 1105 4400 SADE.

222 4522 225 4527 ι
311 4457 607 4514 Venatione
629 4456 917 4531 eruperunt
959 4474 1041 4513 me
1082 4457 1238 4529 quasi
1280 4473 1428 4512 avem
1470 4457 1669 4512 inimici
1714 4456 1815 4511 mei

218 4551 425 4625 gratis.
466 4548 642 4622 Lapsa
687 4558 763 4604 est
808 4549 863 4604 in
906 4547 1079 4603 lacum
1124 4549 1234 4602 vita
1272 4563 1410 4614 mea,
1441 4556 1490 4602 et
1533 4554 1816 4618 posuerunt

218 4644 469 4716 lapidem
516 4659 674 4715 super
712 4660 814 4698 me.
846 4642 1244 4697 Inundaocrunt
1280 4658 1433 4713 aqua:
1468 4657 1626 4711 super
1662 4649 1815 4709 caput

218 4751 413 4791 meum
442 4752 461 4801 ;
493 4736 606 4789 dixi
632 4751 651 4789 :
688 4732 851 4789 Perii.
882 4733 1086 4800 Quibus
1112 4730 1355 4802 profecto
1392 4729 1670 4786 versiculis
1689 4769 1704 4795 ,
1751 4744 1818 4784 ex

217 4822 498 4895 passione
534 4821 765 4887 Domini,
799 4819 1098 4891 corisolatio
1137 4818 1373 4875 ﬁdelium
1410 4817 1734 4883 ostenditur,
1765 4825 1819 4871 et

202 4914 464 4987 'justitia:
497 4914 691 4984 quibus
721 4910 1105 4983 justiﬁeamur,
1136 4910 1256 4965 luce
1292 4908 1491 4965 clarius
1524 4907 1819 4979 praedican-

220 5015 327 5059 tur
358 5021 373 5057 :
407 5002 533 5058 licet
558 5001 1164 5073 perﬁdorum-impietas
1202 5000 1518 5064 aeereverit,
1547 4999 1635 5069 qui
1665 4996 1821 5068 quasi

217 5095 534 5153 venatione
577 5110 731 5150 avem
768 5110 890 5150 cum
936 5093 1127 5166 gladiis
1168 5102 1225 5150 et
1260 5093 1510 5160 fustibus,
1546 5092 1819 5149 Christum

217 5186 497 5246 videlicet
519 5188 992 5258 apprehenderunt
1015 5187 1184 5258 gratis
1209 5185 1425 5257 (Matth.
1451 5187 1621 5259 xxvi).
1652 5184 1821 5241 Porro

219 5285 305 5342 de
327 5283 569 5341 Ieremia
597 5283 858 5353 propheta
898 5281 1042 5352 quod
1085 5289 1275 5353 captus
1317 5281 1388 5336 sit
1430 5281 1619 5353 gratis.
1649 5281 1821 5336 mani-

217 5377 383 5435 festa
427 5384 514 5433 est
552 5376 947 5446 interpretatio,
983 5375 1125 5446 quod
1167 5375 1221 5430 in
1263 5375 1379 5431 lacu
1418 5376 1645 5446 positus,
1678 5376 1821 5447 quod

223 5470 670 5531 inundaverant,
692 5482 757 5522 ac
801 5466 844 5522 si
890 5482 1151 5537 aquarum
1182 5465 1376 5522 ﬂuctus
1409 5466 1616 5539 1m
1645 5482 1825 5538 perse-

222 5561 465 5635 quendo
489 5574 652 5631 super
678 5566 838 5629 caput
863 5558 911 5614 ei
939 5558 1069 5613 nulli
1099 5558 1319 5615 dubium
1355 5576 1367 5612 :
1403 5559 1497 5614 sed
1522 5560 1586 5614 de
1608 5541 1825 5614 Christo

220 5652 594 5708 manifestius
623 5651 782 5705 datur
812 5650 1032 5719 intelligi
1057 5666 1072 5704 :
1103 5650 1194 5720 qui
1222 5658 1279 5704 ut
1309 5651 1424 5706 avis
1448 5659 1636 5721 captus
1664 5666 1825 5707 vena-

224 5745 398 5803 tione
445 5743 717 5818 plaugitur
762 5742 815 5799 iu
862 5743 1101 5813 peccatis
1148 5741 1368 5799 nostris.
1406 5741 1525 5813 lpse
1561 5742 1703 5798 enim
1747 5752 1828 5800 est

1905 518 2163 590 ignorabit
2193 519 2344 573 homo
2374 517 2496 590 (Job
2528 520 2748 590 xxvru).
2778 518 3029 590 Alioquin
3056 519 3103 576 si
3126 535 3249 579 eum
3281 536 3484 591 cogno-

1904 615 2140 681 vissent,
2189 629 2464 683 nunquam
2510 613 2797 669 Domiuum
2844 613 3028 686 gloria:
3083 613 3484 672 crueilixissent

1906 702 1958 775 (Ι
1989 704 2112 759 Cor.
2145 705 2231 775 ιι).
2263 703 2428 773 Cujus
2456 704 2710 759 nimirum
2751 706 2973 762 semitas
3002 706 3269 777 ignoravit
3297 707 3479 774 homo,

1905 794 2047 864 quod
2087 796 2274 861 etiam,
2314 802 2452 851 teste
2483 795 2740 865 Apostolo
2770 796 2907 868 (Col.
2941 798 3005 869 ι),
3045 798 3255 855 saeculis
3296 808 3351 855 et
3386 814 3480 871 ge-

1906 888 2279 945 nerationibus
2328 890 2568 961 ignotum
2624 890 2771 958 fuit;
2824 900 2880 946 et
2918 895 3320 964 generationem
3366 893 3483 963 ejus

1904 980 2026 1050 quis
2052 982 2363 1037 enarrabit?
2387 982 2521 1055 (Isa.
2552 983 2691 1056 Lm.)
2722 984 2885 1040 Beata
2935 987 3099 1057 igitur
3142 989 3257 1043 avis
3298 988 3349 1043 in
3386 1004 3482 1058 spe

1905 1072 2342 1142 repromissionis
2369 1073 2524 1130 nobis
2560 1074 2739 1131 calore
2778 1085 2833 1132 et
2867 1077 3277 1135 adumbratione
3307 1078 3482 1134 sancti

1905 1164 2140 1234 Spiritus
2186 1166 2487 1238 progenita,
2526 1182 2644 1222 sme
2691 1176 2856 1234 cortu,
2887 1185 3007 1240 quae
3052 1170 3179 1225 licet
3222 1171 3275 1225 in
3321 1171 3483 1227 terris

1903 1259 2189 1314 venatione
2239 1259 2580 1315 inimicorum
2626 1260 2698 1315 sit
2743 1273 2934 1331 capta,
2978 1276 3194 1332 semper
3240 1262 3482 1317 caelestia

1905 1350 2093 1403 tenuit.
2119 1348 2392 1404 Fortassis
2420 1364 2551 1421 ergo
2580 1350 2694 1420 ipse
2718 1358 2800 1406 est
2829 1350 3029 1421 aquila,
3057 1366 3177 1421 quae
3207 1351 3332 1406 dum
3358 1366 3484 1421 pro-

1902 1449 2062 1497 vocat
2098 1441 2272 1512 pullos
2302 1457 2429 1498 suos
2455 1440 2635 1512 (Deut.
2664 1442 2863 1513 χχχιι),
2901 1442 3108 1499 scilicet
3146 1440 3381 1508 Iudaeos,
3413 1442 3482 1499 ad

1903 1533 2209 1597 velandum,
2238 1534 2495 1605 expandit
2525 1534 2639 1590 alas
2679 1551 2805 1591 suas
2849 1551 3010 1608 super
3047 1552 3159 1601 eos,
3191 1544 3246 1591 et
3273 1551 3483 1593 assum-

1902 1624 2033 1692 psit,
2064 1634 2226 1694 atque
2272 1625 2508 1695 portavit
2536 1626 2590 1681 in
2625 1626 2866 1683 humeris
2905 1627 3040 1694 suis,
3061 1627 3255 1697 laqueo
3293 1642 3481 1683 eorum

1906 1722 2094 1784 captus
2122 1725 2224 1779 est,
2254 1714 2309 1769 in
2340 1715 2550 1771 insidiis
2580 1715 2795 1787 (Matth.
2823 1716 3002 1789 χχιιι).
3032 1717 3134 1785 Qui
3163 1718 3287 1773 dum
3316 1717 3486 1773 voluit

1905 1820 1999 1861 eos
2030 1822 2323 1878 aggregare
2358 1809 2457 1864 sub
2493 1808 2594 1864 alis
2614 1810 2726 1865 suis
2772 1826 2836 1865 ac
2864 1811 2908 1865 si
2937 1811 3154 1882 gallina,
3183 1810 3484 1866 inﬁrmatus

1904 1897 2272 1966 apprehensus
2297 1906 2382 1953 est
2418 1913 2485 1953 ex
2512 1899 2836 1955 infirmitate
2861 1902 3060 1957 carnis.
3090 1902 3243 1958 Unde
3266 1900 3485 1972 signau-

1904 1995 1987 2038 ter
2012 1985 2084 2039 ait
2116 2006 2129 2039 :
2159 1985 2328 2058 Lapsa
2358 1998 2431 2042 est
2458 1988 2511 2043 in
2538 1988 2711 2043 lacum
2740 1991 2843 2045 vita
2876 2008 3011 2046 mea.
3037 1991 3208 2059 Quem
3241 1992 3483 2063 profecto

1902 2072 2076 2129 lacum
2108 2076 2221 2144 ipse
2247 2076 2473 2132 calcavit
2501 2077 2648 2133 soliis
2677 2077 2894 2150 (Matth.
2946 2080 3058 2152 xv),
3091 2081 3215 2136 dum
3253 2089 3484 2136 mortem

1904 2166 2185 2222 moriendo
2229 2169 2482 2238 peremit,
2507 2179 2562 2224 et
2602 2170 2765 2235 vitam
2818 2174 3148 2244 resurgendo
3190 2176 3482 2245 reparavit.

1904 2251 2231 2322 Posueruat,
2280 2257 2475 2328 inquit,
2519 2259 2746 2329 lapidem
2788 2278 2944 2333 super
2992 2280 3093 2318 me.
3140 2264 3279 2333 Quid
3324 2267 3487 2337 igitur

1904 2346 2144 2416 apertius
2197 2347 2264 2402 de
2304 2348 2558 2417 passione
2597 2349 2823 2416 Christi,
2855 2353 2981 2421 quid
3008 2354 3332 2421 evidentius,
3360 2372 3484 2412 cum

1902 2447 1958 2493 et
2007 2438 2145 2509 lapis
2174 2438 2389 2511 (Matth.
2417 2456 2587 2506 xxv",
2615 2443 2829 2513 xxvm),
2864 2444 3021 2516 longe
3064 2445 3153 2500 diu
3191 2448 3260 2502 ad
3298 2464 3487 2502 monu-

1908 2537 2149 2584 mentum
2181 2544 2344 2600 super
2371 2545 2494 2586 eum
2523 2532 2865 2603 praedicatur,
2896 2534 2987 2604 qui
3027 2544 3214 2605 postea
3262 2537 3317 2591 in
3356 2552 3482 2608 pas-

1906 2623 2077 2690 sione,
2102 2624 2282 2696 sigillo
2306 2641 2410 2680 una
2435 2641 2558 2681 cum
2588 2627 2903 2683 custodibus
2930 2628 3237 2699 assignatus
3263 2629 3483 2700 legitur,

1907 2724 1962 2772 et
1988 2716 2057 2771 ab
2080 2716 2271 2788 angelo
2298 2716 2577 2772 revolutus
2608 2718 2893 2789 gloriosius
2925 2720 3281 2790 praedicatur?
3308 2720 3482 2777 Esti-

1907 2815 2086 2863 matus
2134 2817 2216 2864 est
2266 2809 2430 2881 igitur
2463 2806 2712 2865 Christus
2761 2827 2882 2866 cum
2931 2812 3381 2868 descendentibus
3427 2807 3508 2868 in'

1908 2898 2084 2955 lacum
2133 2899 2304 2970 (Psal.
2353 2902 2621 2969 Lxxxvu),
2665 2902 2805 2958 sicut
2850 2893 3013 2960 homo
3060 2905 3177 2960 sine
3219 2904 3488 2977 adiutorio
3579 2940 3582 2944 λ

1908 2989 2050 3046 inter
2077 3000 2320 3047 mortuos
2351 2991 2505 3048 liber.
2535 2991 2802 3060 Quoniam
2844 3009 2875 3047 a
2914 3011 3116 3049 summa
3152 2995 3290 3052 cmlo
3317 3011 3486 3066 egros-

1909 3082 1988 3137 sio
2020 3083 2134 3153 ejus
2163 3082 2335 3155 (Psal.
2359 3085 2537 3155 xvru).
2578 3084 2645 3139 Et
2682 3085 2728 3140 si
2767 3085 2833 3140 ad
2864 3087 3155 3142 novissima
3192 3087 3293 3143 laci
3325 3089 3487 3145 deve-

1911 3175 2012 3243 nit,
2036 3184 2093 3231 et
2121 3192 2383 3233 occursus
2405 3176 2522 3246 ejus
2548 3192 2717 3248 usque
2744 3178 2810 3233 ad
2839 3194 3107 3245 summum
3130 3180 3266 3250 ejus.
3298 3179 3486 3253 Sequi-

1911 3279 2047 3326 tur:
2089 3269 2489 3326 Inundaverunt
2543 3287 2694 3342 aqua:
2744 3287 2901 3341 super
2938 3282 3094 3341 caput
3145 3288 3335 3327 meum.
3387 3273 3486 3328 Per

1913 3377 2082 3433 aquas
2112 3377 2347 3431 namque
2376 3360 2664 3416 multitudo
2697 3361 2970 3432 plangitur
3000 3363 3357 3417 insurrexisse
3402 3377 3485 3418 su-

1909 3468 2008 3524 per
2038 3452 2345 3516 Christum,
2399 3452 2491 3522 qui
2540 3460 2704 3522 caput
2743 3452 2906 3507 totius
2943 3452 3198 3509 Ecclesiae
3230 3454 3487 3509 creditur.

1910 3545 1990 3600 Ex
2034 3560 2142 3615 quo
2181 3544 2450 3617 (quamvis
2480 3553 2537 3599 et
2566 3544 2634 3599 ad
2663 3543 2780 3613 ejus
2808 3544 2947 3600 dicta
2977 3545 3244 3615 pertineat
3272 3552 3486 3615 propter

1910 3635 2303 3690 immanitatem
2332 3635 2593 3705 angustiae
2621 3634 2907 3708 passionis)
2940 3643 3119 3691 tamen
3146 3636 3356 3707 plenius
3387 3652 3487 3692 vox

1910 3725 2186 3791 Ecclesiae,
2234 3724 2443 3781 scilicet
2483 3725 2649 3780 totius
2693 3725 2968 3795 corporis,
3010 3725 3205 3782 deﬂere
3255 3727 3490 3792 videtur,

1912 3817 2053 3886 quod
2077 3816 2492 3881 inundaverunt,
2523 3830 2587 3871 ac
2609 3816 2654 3871 si
2679 3814 2873 3872 ﬂuctus
2902 3832 3164 3887 aquarum
3204 3817 3345 3873 mole
3371 3834 3489 3872 ma-

1914 3908 2212 3981 gnitudinis
2269 3923 2431 3978 super
2481 3908 2754 3965 Christum
2801 3910 3006 3965 inimici
3052 3910 3220 3981 gratis
3269 3920 3327 3965 ut
3367 3926 3490 3966 eum

1914 4000 2264 4070 perimerent.
2299 3998 2454 4055 Unde
2497 4014 2717 4071 sponsa,
2757 4015 2877 4069 qua:
2905 3998 3018 4069 jam
3065 4001 3377 4071 quantisper
3410 4002 3489 4056 vi.

1914 4088 2142 4144 debatur
2167 4087 2389 4143 collecta
2427 4088 2479 4142 in
2522 4089 2780 4145 membris
2808 4089 3028 4154 ChriSti,
3060 4105 3183 4146 mox
3214 4092 3367 4160 quasi
3400 4107 3490 4163 spe

1916 4178 2158 4248 decepta,
2202 4193 2333 4233 voce
2377 4179 2732 4237 dubitationis
2773 4180 2971 4236 dixisse
3003 4181 3273 4253 plangitur
3298 4182 3491 4239 :Perii.

1917 4269 2086 4327 Periit
2120 4285 2353 4339 namque
2380 4270 2557 4324 omnis
2587 4271 2900 4342 aggregatio
2925 4272 3305 4342 discipulorum
3336 4272 3489 4330 Chri-

1919 4362 2013 4429 sti,
2036 4363 2251 4433 quando
2278 4361 2465 4417 relicto
2484 4378 2550 4417 eo
2570 4362 2768 4434 singuli
2793 4362 3079 4436 fugerunt;
3098 4366 3259 4437 periit
3279 4367 3492 4437 quando

1921 4464 2287 4526 negaverunt;
2351 4455 2514 4525 periit
2576 4455 2791 4524 quando
2847 4469 3034 4513 omnes
3093 4457 3493 4513 dubitaverunt.

1924 4547 2215 4617 Propterea
2261 4546 2427 4617 igitur
2475 4545 2561 4601 his
2604 4545 2850 4601 versibus
2881 4555 3025 4602 recte
3053 4556 3179 4603 ante
3214 4548 3385 4618 posita
3413 4557 3492 4604 est

1925 4639 2066 4696 Sade
2106 4639 2306 4703 littera,
2338 4652 2459 4709 quae
2499 4636 2796 4693 consolatio
2825 4637 3039 4711 1m
3066 4640 3453 4709 interpretatur
3479 4658 3492 4672 ο

1923 4731 2176 4803 quoniam
2221 4730 2324 4784 nisi
2358 4728 2657 4785 consolatio
2698 4730 2914 4785 adesset
2946 4730 3179 4800 Spiritus
3217 4731 3389 4787 sancti
3432 4747 3492 4788 ac

1921 4825 1994 4896 pii
2042 4823 2276 4893 pastoris
2321 4823 2557 4889 Domini,
2602 4836 2729 4878 mox
2764 4837 2950 4878 eorum
2995 4823 3130 4880 ﬁdes
3171 4824 3411 4890 abiisset,
3443 4834 3493 4881 ei

1922 4931 2114 4973 omnes
2141 4915 2191 4970 hi
2219 4915 2526 4986 periissent.
2555 4915 2636 4969 Ex
2666 4930 2775 4986 quo
2802 4923 2970 4987 patet,
2998 4917 3141 4986 quod
3172 4917 3348 4973 omnis
3378 4926 3489 4974 ten-

1928 5007 2060 5062 tatio
2106 5005 2194 5060 illa
2243 5005 2528 5076 passionis,
2570 5021 2678 5061 non
2719 5007 2836 5062 sine
2874 5006 3238 5064 consolatione
3265 5007 3492 5080 Spiritus

1926 5097 2097 5154 sancti
2128 5096 2379 5168 lbi-t:qui
2426 5113 2520 5154 eos
2566 5098 2832 5155 relevaret
2875 5099 2940 5155 de
2984 5095 3297 5158 inﬁdelitate
3332 5102 3401 5158 ad
3437 5102 3492 5157 ﬁ-

1927 5192 2069 5256 dem,
2112 5190 2178 5244 de
2203 5188 2580 5261 desperatione
2611 5190 2679 5246 ad
2706 5205 2877 5260 spem,
2904 5190 2973 5246 de
3000 5203 3235 5248 mmrore
3263 5192 3330 5248 ad
3364 5208 3491 5263 gau-

1928 5282 2096 5346 dium,
2122 5283 2189 5337 de
2214 5281 2365 5350 lapsu
2405 5282 2611 5351 peccati
2635 5282 2704 5337 ad
2727 5282 2959 5338 veniam.
2988 5281 3127 5340 Hinc
3153 5300 3368 5355 quoque
3396 5287 3502 5341 Do~

1930 5373 2111 5429 minus
2144 5370 2211 5426 ad
2241 5370 2459 5427 Petrum
2490 5390 2503 5425 :
2540 5370 2649 5441 Ego
2680 5387 2774 5442 pro
2799 5381 2849 5426 te
2880 5374 3078 5442 rogavi,
3106 5372 3281 5439 Patre,
3311 5384 3366 5428 ut
3396 5391 3500 5431 non

1931 5464 2139 5534 deﬁciat
2177 5462 2308 5532 ﬁdes
2336 5473 2427 5517 tua
2459 5460 2609 5533 (Luc.
2639 5461 2795 5533 xxu).
2816 5462 3197 5519 Verumtamen
3239 5473 3502 5535 quantum

1932 5572 1999 5613 ex
2028 5557 2144 5627 ipso
2170 5553 2290 5617 luit,
2314 5567 2537 5624 negasse
2579 5568 2683 5607 non
2739 5552 3017 5609 dubitatur
3042 5573 3054 5608 :
3082 5566 3341 5626 quantum
3371 5572 3502 5614 vero

1933 5651 2166 5729 exDeo,
2193 5649 2247 5703 in
2274 5646 2614 5729 prmscienlia
2643 5647 2844 5702 mansit
2872 5666 2883 5701 :
2913 5648 2985 5703 ita
3023 5657 3079 5703 et
3115 5665 3218 5704 vox
3259 5650 3501 5707 omnium

1934 5724 2194 5813 quantum
2238 5754 2305 5796 ex
2342 5724 2498 5809 ipsis,
2520 5745 2665 5792 recte
2693 5737 2894 5806 sonuit,
2927 5738 3069 5795 Perii
3103 5755 3117 5799 :
3148 5750 3407 5808 quantum
3433 5757 3504 5798 es
