4078 6348
665 313 802 371 HW

1450 310 1512 371 S.
1552 308 1909 370 PASCHASII
1942 304 2289 364 RADBERTI
2329 300 2618 358 ABBATIS
2655 295 3106 358 CORBEIENSIS

3688 307 3784 365 “88

662 435 1029 510 promissione
1054 442 1112 490 et
1132 432 1470 506 prmscientia
1501 433 1573 502 pii
1596 430 1860 499 magistri,
1886 425 2251 483 consolatione
2278 428 2325 487 Α
2354 422 2517 475 etiam
2557 420 2623 473 de
2676 417 2984 472 novissimis
3031 414 3160 469 lacis
3203 414 3462 471 conﬁtetur
3499 434 3548 475 se
3584 421 3789 482 invocasse

666 538 905 602 recepta,
954 528 1087 583 fides
1141 526 1338 581 invicta
1384 526 1603 577 mansit.
1655 520 2011 577 Consolamur
2067 529 2243 572 autem

669 622 940 677 interdum
989 619 1173 674 multis
1225 618 1616 685 scripturarum
1665 614 1871 673 modis.
1906 611 2249 667 consolamur

666 723 723 770 et
750 729 813 768 ex
845 712 939 767 Dei
986 708 1380 771 misericordia,
1407 705 1754 761 consolamur
1781 712 1836 757 et
1865 703 1970 757 alio
2004 701 2248 756 consola-

670 804 836 859 tionis
883 816 1096 871 genere,
1137 797 1350 868 quando
1393 796 1713 851 delictorum
1756 808 1947 864 graves
1994 790 2249 863 persolvi-

668 912 791 953 mus
814 910 1020 966 pmnas.
1059 901 1118 945 ut
1160 892 1327 945 habes
1357 889 1407 943 in
1441 888 1614 943 lsaia:
1647 886 2024 948 Consolmnini,
2064 883 2250 955 popula

668 1004 838 1053 meus,
874 983 1237 1047 consolamini,
1272 982 1395 1035 dicit
1432 981 1572 1035 Deus
1619 990 1800 1034 vester.
1840 977 2135 1048 Loquimini
2181 977 2250 1030 ad

668 1074 1123 1150 corderusalem,
1162 1083 1208 1127 et
1251 1072 1499 1125 advocate
1533 1086 1671 1135 eam,
1708 1070 1834 1139 quia
1883 1067 2136 1137 completa
2175 1076 2249 1121 est

669 1168 876 1222 malitia
924 1167 1060 1236 ejus,
1094 1166 1310 1219 dimissa
1358 1172 1434 1225 est
1480 1164 1728 1233 iniquitas
1780 1160 1925 1215 illius
1972 1158 2104 1231 (Isti.
2151 1159 2245 1230 tv).

670 1257 921 1327 Suscepit
974 1258 1039 1311 de
1102 1272 1265 1310 manu
1310 1254 1522 1309 Domini
1570 1252 1804 1323 duplicia
1850 1265 1950 1321 pro
2002 1251 2250 1305 omnibus

670 1351 911 1422 peccatis
948 1350 1079 1404 suis.
1112 1349 1209 1404 Cui
1237 1364 1366 1403 sane
1395 1347 1695 1402 Jerusalem
1733 1346 1831 1401 etsi
1886 1345 2019 1400 fides
2044 1345 2248 1410 deerat,

670 1454 829 1510 pinna
880 1438 1238 1494 satisfaceret.
1285 1437 1613 1493 Revelantur
1655 1444 1835 1490 autem
1883 1432 2250 1489 consolatione

668 1544 973 1600 pmnarum,
1007 1529 1097 1599 qui
1128 1527 1481 1584 absolvuntur
1507 1525 1876 1581 consolatione
1910 1524 2247 1579 meritorum.

670 1618 1024 1675 Consolamur
1062 1628 1243 1673 autem
1278 1618 1441 1672 etiam
1479 1624 1534 1671 et
1560 1630 1720 1686 quam
1761 1629 1904 1684 sape
1942 1612 2252 1668 tentationi-

668 1712 769 1767 bus
799 1712 966 1766 variis
1006 1720 1061 1766 et
1091 1711 1431 1766 sermonibus
1468 1707 1679 1779 praefati
1726 1706 1974 1777 discipuli
2004 1704 2200 1760 Christi
2231 1722 2245 1758 :

2352 512 2519 566 Deum
2548 508 2783 572 Patrem,
2809 508 2860 561 in
2887 507 3040 577 cujus
3068 504 3306 559 nimirum
3339 514 3452 576 typo
3469 508 3605 566 Jonas
3627 513 3678 567 de
3697 530 3789 570 m-

2354 610 2435 656 tre
2465 600 2569 654 ceti
2591 600 2854 653 clamasse
2875 597 2940 650 ad
2968 595 3135 649 Deum
3165 594 3343 665 legitur
3355 597 3792 673 (Jon.u).Proptem

2350 693 2493 763 quod
2541 708 2703 763 supra
2734 692 2999 763 pmmisit
3032 691 3185 760 quasi
3217 706 3278 744 ex
3308 707 3507 761 persona
3533 696 3699 752 Domini
3722 716 3793 755 non

2349 783 2710 852 desperantis,
2754 784 2846 838 sed
2886 798 2951 836 ex
2981 781 3154 836 forma
3181 797 3372 845 eorum,
3397 784 3477 851 qui
3503 783 3704 853 fugerunt
3737 804 3797 843 re-

2350 874 2656 947 linquentes
2684 877 2991 940 Dominum,
3046 890 3147 929 vox
3186 875 3449 931 dubietatis
3486 877 3557 931 vel
3588 878 3798 935 increduli-

2354 972 2479 1026 tatis
2510 971 2607 1026 fuit
2629 973 2783 1041 :quia
2828 972 3055 1026 necdum
3083 970 3347 1025 erantfide
3368 972 3560 1038 firmati,
3587 988 3665 1028 nec
3680 976 3803 1031 sancti

2354 1061 2588 1131 Spiritus
2609 1063 2781 1130 gratia
2803 1060 3160 1115 corroborati.
3192 1061 3423 1131 Alioquin
3444 1061 3530 1117 Job
3549 1065 3802 1133 passionibus

2347 1150 2459 1222 jam
2489 1152 2765 1222 probatus,
2800 1161 2982 1208 certus
3006 1152 3100 1207 Dei
3135 1153 3348 1218 auxilio,
3376 1154 3502 1224 quod
3526 1155 3628 1209 siin
3646 1154 3804 1225 profun-

2350 1245 2477 1301 dum
2509 1247 2728 1310 inferni,
2772 1246 2964 1316 inquit,
3001 1246 3278 1300 demersus
3303 1245 3458 1311 fuero,
3496 1247 3600 1301 inde
3623 1262 3689 1301 me
3710 1248 3802 1303 libe-

2351 1338 2498 1391 rabis
2520 1354 2533 1390 :
2557 1346 2758 1407 quanto
2781 1338 2952 1406 magis
2979 1345 3168 1391 auctor
3190 1337 3306 1391 vitae
3329 1337 3391 1391 de
3414 1337 3664 1406 semetipso
3679 1348 3805 1392 certus

2351 1424 2533 1490 fuerit,
2567 1427 2655 1495 qui
2688 1428 2753 1480 ad
2784 1426 2996 1481 Patrem
3045 1426 3269 1505 fidenter
3298 1427 3367 1479 ita
3393 1426 3623 1495 loquitur,
3646 1426 3803 1482 dicens:

2353 1516 2419 1571 In
2452 1518 2535 1570 die
2566 1534 2669 1588 qua
2696 1519 2927 1571 invocavi
2955 1528 3025 1584 te,
3062 1518 3277 1575 Domine
3296 1558 3310 1581 ,
3335 1518 3503 1571 dixisti
3524 1558 3536 1579 ,
3564 1517 3653 1571 noli
3669 1520 3805 1572 timere.

2353 1607 2644 1679 Pr0pterea
2681 1616 2737 1662 et
2758 1609 2844 1663 hic
2874 1623 3060 1663 vocem
3090 1623 3261 1663 meam
3290 1609 3362 1662 ait
3388 1609 3563 1662 audisti
3593 1623 3605 1660 :
3630 1604 3695 1660 Ne
3711 1624 3809 1659 ater-

2353 1708 2432 1754 tas
2460 1717 2639 1753 aurem
2668 1710 2811 1754 tuam
2835 1718 2865 1753 a
2888 1699 3119 1771 singultu
3151 1717 3281 1764 meo,
3308 1709 3353 1754 et
3383 1698 3655 1753 clamoribus
3681 1713 3811 1766 appro-

667 1805 923 1875 Quoniatn
991 1806 1217 1860 tentatio
1281 1774 1595 1873 patientiam
1662 1774 1938 1871 operatur,
1988 1799 2247 1869 patientia
2277 1774 2324 1847 Β
2349 1792 2613 1862 pinquasti
2640 1809 2738 1845 me.
2764 1792 2906 1862 Ergo
2934 1792 3018 1846 cui
3040 1791 3202 1847 Pater
3232 1799 3417 1862 praesto
3441 1799 3564 1854 erat,
3587 1792 3724 1859 perire
3739 1804 3808 1842 non

668 1913 799 1952 vero
822 1912 992 1967 spem.
1035 1896 1392 1951 Consolamur
1424 1904 1479 1949 et
1509 1894 1780 1965 lacrymis,
1809 1908 1929 1947 cum
1957 1893 2248 1945 abluuntur

668 1986 897 2040 crimina
933 2004 946 2039 :
977 1994 1036 2039 ut
1078 1995 1161 2039 est
1215 1985 1342 2039 illud
1397 1985 1451 2037 in
1502 1983 1729 2037 Psalmis
1757 2001 1769 2036 :
1802 1982 2065 2035 Discedite
2102 1999 2133 2034 a
2169 1995 2249 2035 me

669 2093 845 2130 omnes
866 2076 955 2147 qui
979 2076 1268 2144 operamini
1298 2075 1624 2153 iniquitatem
1655 2091 1672 2129 :
1701 2075 1950 2145 quoniam
1982 2071 2247 2126 exaudivit

673 2165 926 2220 Dominus
976 2182 1144 2221 vocem
1197 2167 1363 2236 ﬂetus‘
1403 2166 1502 2219 mei
1547 2163 1719 2236 (Psal.
1758 2165 1855 2235 γι).
1896 2163 2249 2219 Consolamur

669 2272 800 2313 vero
844 2272 1007 2327 quam
1067 2274 1209 2328 saepe
1258 2258 1482 2330 ﬂagellis
1526 2275 1539 2311 :
1584 2258 1710 2328 quia
1764 2272 1871 2312 non
1914 2256 2250 2311 obliviscitur

668 2348 811 2405 Deus
838 2350 1105 2414 misereri,
1133 2365 1306 2419 neque
1335 2353 1389 2405 in
1419 2360 1678 2405 aeternum
1710 2348 1953 2420 projiciet
1984 2364 2117 2418 quos
2153 2364 2250 2419 pu-

669 2444 868 2501 taverit
914 2443 1273 2513 castigandos.
1317 2441 1471 2498 Unde
1513 2442 1757 2496 decursis
1803 2441 2100 2511 suppliciis,
2130 2455 2250 2509 quae

664 2545 888 2612 propter
931 2544 1156 2606 peccata
1209 2533 1460 2597 tulimus,
1509 2531 1823 2600 frequenter
1869 2532 2143 2586 cernimus
2196 2531 2249 2585 in

666 2646 762 2703 spe
791 2628 936 2700 quod
971 2627 1039 2682 ad
1079 2626 1292 2682 veniam
1336 2625 1690 2695 pertinemus.
1716 2623 1880 2677 Poena
1905 2623 2049 2678 enim
2079 2622 2251 2677 corri-

665 2723 763 2797 git,
792 2730 847 2777 et
875 2721 1127 2776 emendat
1174 2731 1467 2773 errantem.
1502 2717 1655 2784 Quod
1688 2717 1732 2772 si
1766 2717 1885 2771 talis
1920 2717 2118 2785 estqui
2157 2733 2251 2772 ne-

654 2812 830 2886 'queat
854 2812 1152 2876 emendari,
1178 2825 1563 2878 nonnunquam
1600 2818 1692 2863 aut
1737 2808 1984 2864 aufertur
2030 2823 2095 2863 ex
2139 2823 2250 2862 me-

667 2907 777 2971 dio,
809 2914 901 2959 aut
940 2903 1069 2958 facit
1109 2916 1269 2973 poena
1305 2917 1372 2955 ne
1407 2902 1652 2969 graviora
1676 2901 1997 2955 committat.
2029 2901 2104 2954 Ex
2132 2900 2251 2970 qui-

667 2997 770 3051 bus
798 3006 854 3051 et
879 2996 1000 3049 aliis
1026 2992 1439 3062 quamplurimis
1466 2992 1819 3045 tentationum
1852 3001 1944 3044 aut
1972 2991 2249 3059 angustia-

670 3102 790 3140 rum
818 3084 991 3139 modis
1021 3091 1169 3152 patet
1198 3096 1409 3145 sensus,
1432 3081 1574 3150 quod
1608 3097 1879 3149 nunquam
1910 3080 2133 3151 ﬂagellis
2160 3089 2251 3135 aut

670 3176 1060 3233 tentationibus
1080 3172 1232 3227 abest
1258 3172 1558 3227 consolatio
1582 3171 1816 3240 Spiritus
1844 3142 2041 3238 sancti,
2072 3174 2113 3227 si
2143 3189 2248 3227 non
2277 3142 2322 3205 ί)

669 3267 1029 3340 permanserit
1076 3264 1275 3319 duritia
1308 3272 1365 3319 et
1408 3264 1763 3333 impmnitudo
1813 3265 2010 3319 cordis.
2056 3266 2122 3319 Et
2167 3266 2251 3320 hae

671 3368 799 3415 sunt
849 3357 1071 3428 iustitiae
1136 3356 1375 3418 Domini,
1428 3356 1623 3424 quibus
1679 3354 2062 3423 justiticamur.
2111 3356 2251 3413 Sade

673 3464 932 3520 namque,
961 3457 1019 3503 ut
1042 3448 1297 3514 diximus,
1327 3448 1490 3502 etiam
1516 3456 1570 3502 et
1592 3448 1813 3517 justitiw
1842 3449 2247 3519 interpretatur,

672 3554 731 3600 ut
758 3545 826 3602 sit
855 3559 1063 3607 sensus,
1094 3541 1233 3612 quod
1283 3557 1347 3596 ex
1385 3543 1639 3611 passione
1679 3542 1892 3596 Domini
1934 3543 2119 3597 multis
2153 3542 2253 3597 mi-

671 3637 1086 3693 sericordiarum
1130 3635 1323 3700 modis,
1355 3634 1668 3689 consolante
1706 3634 1916 3706 1465
1955 3651 2053 3690 nos
2084 3634 2255 3704 Spiri-

673 3741 730 3787 tu
753 3738 969 3794 sancto,
998 3727 1158 3782 etiam
1189 3736 1245 3782 et
1273 3728 1371 3797 ipsi
1404 3727 1628 3798 flagellis
1653 3743 1716 3782 ac
1742 3729 2101 3797 passionibus,
2127 3743 2252 3783 ncc-

672 3836 779 3878 non
819 3829 876 3875 et
904 3819 1287 3874 tentationibus
1334 3819 1558 3873 Domino
1594 3820 1955 3888 justiticamur
1998 3819 2248 3874 correcti.

672 3914 825 3983 Quod
862 3914 1003 3968 bene
1030 3912 1183 3967 diviti
1221 3927 1285 3966 ex
1319 3911 1606 3981 Evangelia
1652 3912 1717 3965 de
1758 3912 1966 3966 Lazaro
2013 3912 2250 3967 dicitur:

674 4005 807 4072 Fili,
832 4007 1104 4062 recordare
1128 4007 1252 4077 quia
1287 4006 1522 4074 recepisti
1552 4005 1684 4059 bona
1724 4006 1775 4058 in
1800 4006 1903 4059 vita
1933 4016 2044 4068 tua,
2075 4015 2121 4058 et
2145 4003 2252 4059 La-

675 4115 832 4152 zarus
858 4096 1098 4152 similiter
1124 4096 1299 4149 mala:
1333 4113 1468 4149 nunc
1514 4105 1685 4149 autem
1727 4097 1808 4149 hic
1852 4095 2170 4159 consolatur,
2196 4105 2253 4149 tu

674 4204 792 4242 vero
835 4187 1089 4241 cruciaris
1127 4185 1277 4257 (Luc.
1310 4186 1447 4256 xvr).
1482 4185 1557 4239 Ex
1590 4201 1697 4255 quo
1729 4182 1893 4254 patet,
1932 4187 2073 4254 quod
2108 4186 2254 4240 nulla

673 4288 755 4335 est
788 4278 1148 4334 tribulationis
1189 4279 1460 4349 angustia,
1493 4279 1608 4332 sine
1647 4278 2012 4333 consolatione
2044 4293 2254 4333 merce-

676 4370 777 4435 dis,
809 4370 911 4425 nisi
947 4370 1234 4440 prohibeat
1270 4378 1506 4423 mentem
1555 4384 1620 4423 ne
1668 4370 1970 4438 corrigatur
2009 4370 2255 4439 impietas

674 4469 770 4516 aut
814 4462 1168 4531 impaenitudo
1215 4460 1413 4516 cordis.
1456 4460 1573 4514 iam
1618 4469 1739 4530 post
1776 4462 2103 4530 passionem,
2136 4467 2257 4530 post
2282 4497 2333 4557 Β

676 4553 1022 4616 tentationes,
1049 4559 1170 4621 post
1204 4552 1628 4607 consolationem
1661 4553 1794 4621 spei,
1833 4553 1961 4622 quid
2000 4563 2257 4623 sequatur

674 4639 968 4695 videamus.

747 4729 1007 4797 Sequitur
1032 4737 1217 4807 autem
1246 4729 1428 4799 Coph,
1481 4732 1622 4800 quod
1672 4733 1870 4786 vacatio
1909 4732 2137 4799 dicitur,
2170 4733 2256 4789 vel

669 4816 825 4887 juxta
852 4818 1013 4873 alium
1053 4819 1426 4888 interpretem,
1458 4821 1743 4886 conclusio,
1775 4822 1887 4876 sive
1913 4824 2084 4891 aspice
2110 4862 2125 4887 ,
2162 4836 2253 4877 so-

677 4925 808 4965 nare
840 4911 1073 4966 videtur.
1100 4912 1252 4968 Unde
1279 4920 1336 4967 et
1363 4913 1430 4966 ad
1457 4928 1648 4967 sonum
1673 4914 1884 4979 litterae,
1905 4932 2008 4984 qua
2041 4916 2253 4971 vocatio

677 5002 897 5070 dicitur,
938 5020 1063 5059 mox
1093 5014 1455 5062 consonanter
1483 5005 1681 5061 allusit.

1378 5152 1531 5192 COPH.

747 5268 992 5325 Inuocaui
1016 5287 1200 5327 nomen
1231 5283 1380 5327 tuum
1400 5314 1415 5339 ,
1449 5272 1691 5329 Domine.
1731 5274 1883 5342 Quod
1908 5276 2072 5331 etiam
2095 5294 2256 5347 supra

678 5357 869 5416 fecisse
917 5361 1164 5429 dicimus,
1196 5363 1288 5419 ubi
1326 5379 1446 5419 cum
1495 5366 1739 5421 eamdem
1772 5366 2005 5421 litteram
2049 5384 2255 5438 praepo-

677 5451 805 5516 suit,
833 5467 895 5507 ac
920 5453 964 5508 si
992 5468 1057 5508 ex
1086 5455 1256 5525 ipsius
1285 5471 1419 5511 sono
1450 5472 1596 5522 mox,
1625 5458 1820 5527 inquit,
1837 5460 2020 5513 vocavi
2051 5460 2254 5516 amicos

679 5557 849 5598 meos.
887 5545 981 5600 Est
1009 5555 1187 5601 autem
1214 5563 1315 5602 vox
1346 5548 1547 5605 Christi
1593 5550 1888 5605 secundum
1920 5564 2253 5622 assumptum

681 5633 911 5690 formam
961 5639 1193 5695 hominis
1236 5643 1484 5711 passione
1518 5643 1585 5696 ad
1622 5643 1838 5698 Patrem
1871 5663 1883 5698 :
1917 5646 2041 5715 quia
2090 5661 2252 5717 supra

683 5721 941 5787 doluerat.
984 5728 1155 5802 Lapsa
1202 5742 1284 5788 est
1328 5733 1380 5787 in
1413 5732 1589 5789 lacum
1618 5736 1721 5789 vita
1756 5752 1891 5792 mea.
1920 5736 2073 5793 Nunc
2124 5752 2253 5794 vero

2346 1893 2557 1955 poterat
2588 1903 2600 1938 :
2631 1884 2784 1953 cujus
2812 1900 2998 1941 vocem
3027 1886 3371 1950 exaudierat,
3409 1884 3626 1939 dubitare
3665 1896 3808 1951 nequa-
3838 1950 3863 1973 .

2348 1993 2509 2047 quam
2533 1985 2779 2049 ‘poterat.
2814 1979 2919 2034 Sed
2944 1980 3069 2049 quia
3097 1979 3245 2048 Coph
3267 1978 3423 2033 etiam
3450 1974 3681 2031 conclusio
3699 1974 3812 2027 inter-

2349 2080 2615 2141 pretatur,
2633 2071 2755 2142 jure
2780 2072 2900 2140 quis
2924 2071 3166 2141 perierit,
3192 2084 3404 2141 gemens
3427 2077 3531 2123 orat
3552 2086 3565 2121 :
3590 2066 3656 2119 Ne
3675 2074 3813 2118 avertat

2350 2183 2529 2221 aurem
2569 2177 2712 2220 tuam
2746 2185 2777 2220 a
2811 2167 3041 2236 singultu
3087 2182 3202 2219 meo
3232 2176 3279 2218 et
3308 2163 3614 2217 clamoribus.
3653 2159 3729 2225 Qui
3763 2157 3814 2209 in.

2350 2268 2605 2313 carnatus
2632 2259 2815 2321 etiam,
2843 2259 2994 2329 juxta
3026 2257 3192 2311 alium
3221 2251 3627 2326 prophetam,-ad
3644 2259 3813 2304 extrema

2349 2349 2612 2403 montium
2641 2347 3019 2411 descenderat,
3061 2357 3224 2401 terrae
3268 2346 3498 2401 vectibus
3532 2338 3814 2397 conclususﬁ-

2350 2442 2638 2498 ducialiter
2690 2440 2883 2513 agebat
2923 2457 3043 2496 cum
3083 2439 3266 2504 Patre,
3317 2438 3452 2509 quod
3502 2434 3746 2491 sublevaret
3774 2429 3817 2485 de

2350 2536 2695 2606 corruptione
2728 2537 2892 2589 vitam
2942 2534 3132 2605 ipsius,
3188 2533 3288 2589 sub
3323 2548 3423 2602 qua
3452 2542 3717 2600 suppressus
3748 2538 3817 2578 una

2351 2625 2627 2681 nobiscum
2655 2642 2753 2697 pro
2801 2626 2956 2680 nobis
2998 2624 3215 2697 1466
3258 2622 3439 2678 dolens
3484 2620 3682 2690 lugebat.
3716 2613 3820 2671 Unde

2352 2718 2522 2787 inquit
2557 2737 2569 2771 :
2607 2717 2851 2772 Inuocaui
2892 2722 3077 2771 nomen
3114 2727 3287 2781 tuum,
3324 2714 3545 2777 Domine,
3570 2712 3624 2765 de
3641 2708 3737 2763 lacis
3758 2721 3822 2757 που

2352 2806 2573 2860 visst'mis
2602 2805 2750 2876 (Jan.
2784 2807 2865 2877 ιι).
2911 2806 3064 2873 Quod
3102 2814 3159 2861 et
3199 2805 3387 2861 Ionam
3418 2803 3591 2859 fecisse
3615 2801 3668 2855 de
3694 2804 3821 2851 ventre

2352 2899 2542 2954 bellum
2573 2900 2799 2970 legimus
2830 2902 2881 2954 in
2922 2900 3207 2970 prophetia
3236 2899 3393 2968 hujus
3420 2894 3652 2968 mysterii.
3677 2891 3726 2945 Et
3746 2889 3824 2942 ideo

2353 3002 2502 3047 recte
2531 2992 2681 3062 Coph
2732 2992 3005 3047 conclusio
3057 2992 3266 3047 dicitur
3299 3033 3314 3058 ,
3368 2989 3601 3061 quoniam
3639 2979 3826 3040 conclusit

2353 3088 2493 3141 Deus
2526 3088 2707 3140 omnia
2742 3088 2838 3140 sul:
2869 3099 3117 3155 peccato,
3162 3096 3224 3140 ut
3273 3086 3536 3156 aperiatur
3566 3079 3693 3134 nobis
3716 3075 3826 3144 ianua

2354 3178 2475 3230 vitae
2503 3218 2516 3241 ,
2571 3177 2658 3245 qui
2692 3176 2931 3230 conclusi
2969 3192 3191 3232 eramus
3236 3177 3335 3231 sub
3362 3180 3566 3245 peccato
3597 3167 3710 3240 (Gal.
3742 3160 3826 3227 ut).

2353 3287 2451 3343 per
2481 3286 2601 3325 eum
2632 3271 2722 3341 qui
2754 3272 3003 3326 detentus
3032 3280 3113 3325 cst
3150 3272 3203 3325 in
3250 3268 3580 3339 corruptione
3613 3259 3764 3321 carnis.
3795 3258 3831 3305 εί

2354 3366 2501 3419 venit
2525 3380 2693 3433 usque
2713 3366 2777 3417 ad
2811 3365 3103 3419 novissima
3134 3363 3369 3419 laci.llle
3392 3356 3590 3431 quidem
3616 3345 3829 3410 invocandi)

2355 3456 2640 3511 exauditus
2670 3465 2752 3510 est
2784 3467 3037 3525 tanquam
3070 3456 3250 3521 filius,
3291 3471 3396 3510 non
3425 3454 3552 3507 alter
3591 3449 3718 3508 Deus.
3744 3439 3832 3492 3"“

2355 3550 2539 3614 homo,
2585 3549 2677 3603 sed
2708 3566 2845 3603 unus
2878 3550 3129 3617 idemque
3158 3549 3427 3612 Christus,
3471 3542 3696 3599 mediator
3719 3529 3831 3586 DeiCl

2355 3639 2631 3693 hominum
2665 3639 2716 3710 (I
2747 3638 2882 3692 Tim.
2914 3644 2997 3707 tl).
3030 3638 3138 3693 Nos
3172 3649 3352 3693 autem
3384 3634 3569 3705 duplici
3594 3624 3835 3684 vallaticon'

2355 3732 2615 3796 clusione,
2642 3732 2851 3802 peccati
2880 3732 3086 3787 scilicet
3117 3742 3172 3786 et
3204 3728 3578 3802 corruptionis,
3607 3718 3834 3779 exaudiatur

2356 3838 2452 3894 per
2491 3823 2690 3893 ipsum,
2728 3832 2783 3877 et
2834 3823 2977 3891 quod
3022 3823 3075 3876 in
3108 3823 3205 3878 illo
3245 3820 3519 3893 praecessit
3541 3813 3670 3871 nobis
3691 3811 3730 3863 in
3749 3818 3836 3897 spe.

2356 3914 2629 3968 credimus
2649 3912 3008 3982 profuturum.
3027 3912 3329 3983 Propterea
3351 3925 3497 3982 ergo,
3511 3898 3835 3991 appropinqtafll

2356 4021 2459 4069 me,
2489 4003 2699 4075 inquit,
2748 4005 2803 4057 in
2848 4005 2930 4058 die
2970 4006 3189 4075 quando
3234 4003 3471 4058 invocavi
3492 4010 3557 4063 te,
3593 3988 3765 4048 dixisti:

2358 4099 2561 4163 timeas,
2589 4108 2649 4152 ut
2674 4100 2815 4168 quod
2844 4098 2935 4153 ille
2972 4071 3188 4154 scilicet
3229 4107 3396 4167 caput
3432 4103 3649 4149 nostrum
3671 4071 3839 4176 desci-

2357 4192 2640 4246 ducialiter
2689 4193 3031 4262 pratsumpsit
3060 4203 3325 4264 tanquam
3370 4190 3506 4245 filius
3528 4228 3540 4252 ,
3567 4199 3651 4239 nos
3673 4177 3790 4231 etiam
3810 4180 3845 4219 ιιι

2358 4298 2422 4338 eo
2455 4292 2509 4337 ct
2538 4298 2633 4353 per
2662 4300 2783 4337 eum
2808 4300 3087 4353 speremus
3118 4294 3380 4354 tanquam
3411 4278 3647 4335 membra.
3666 4268 3844 4354 Fannii“

2360 4376 2515 4430 nobis
2548 4377 2807 4445 imprimit
2835 4377 3116 4431 invocandi
3146 4419 3162 4443 ,
3212 4375 3442 4439 orandi,
3474 4360 3750 4439 suspirandi.
3777 4351 3848 4447 013:

2360 4466 2572 4531 mandi,
2630 4481 2752 4520 cum
2801 4468 2946 4521 omni
2988 4468 3325 4522 contritione
3372 4463 3546 4521 cordis
3581 4441 3848 4529 praesume“il

2364 4555 2688 4613 ﬁducialiter
2719 4566 2774 4612 et
2820 4559 3091 4629 sperandi.
3136 4560 3352 4613 idcirco
3399 4557 3521 4626 quia
3555 4550 3689 4621 juxta
3719 4542 3849 4629 litim

2364 4664 2603 4714 sensum,
2637 4649 2832 4718 duplici
2866 4648 3246 4704 concludimur
3286 4647 3429 4702 vallo
3474 4663 3487 4699 :
3533 4626 3849 4698 circurusl’l“em

2364 4739 2621 4794 debemus
2653 4749 2864 4794 nosmet
2911 4750 2963 4795 ct
2994 4742 3242 4810 aspicere
3296 4742 3439 4796 sicut
3488 4744 3695 4807 prtesens
3733 4721 3851 4809 littera

2363 4831 2618 4884 insinuat.
2676 4832 2881 4885 Dicitur
2914 4832 3057 4885 enim
3108 4828 3488 4901 interpretari,
3531 4822 3703 4892 aspice.
3746 4824 3790 4862 ³⁸
3821 4814 3851 4853 ⁵³

2362 4928 2608 4988 patenter
2632 4921 2827 4975 clamet
2863 4939 2873 4973 :
2903 4921 3141 4991 Aspicite
3186 4923 3337 4991 quod
3371 4915 3653 4975 mortalitas
3670 4908 3853 4962 etcofm‘

2361 5009 2492 5079 ptio,
2520 5018 2682 5079 atque
2704 5026 2893 5080 aspera
2921 5013 3158 5065 conditio
3178 5013 3352 5067 sortis
3376 5025 3542 5080 usque
3563 5005 3622 5059 ad
3642 4991 3853 5055 [ιονὶδείω³

2362 5099 2465 5153 laci
2498 5101 2739 5154 adduxit.
2778 5100 2894 5168 Quo
2926 5113 2977 5156 te
3001 5104 3212 5172 peccati
3258 5104 3488 5173 laqueus
3524 5081 3854 5153 irrevocabili“I

2360 5190 2624 5245 conclusit
2644 5192 2845 5261 aspice,
2876 5201 2929 5247 et
2956 5208 3177 5248 causam
3203 5172 3432 5263 periculi
3461 5189 3562 5245 noli
3583 5172 3852 5265 dissimulant.

2360 5284 2597 5337 maxime
2622 5300 2742 5338 cum
2778 5283 2970 5338 letbale
3000 5284 3070 5338 sit
3097 5285 3399 5339 discrimen
3451 5277 3709 5346 unicuique
3730 5256 3855 5359 confll'

2360 5374 2490 5428 tioni
2545 5392 2638 5430 sua
2686 5375 2922 5445 pericula
2974 5393 3080 5432 non
3118 5378 3389 5447 aspicere.
3431 5358 3852 5447 ConcluditurelllIn

2360 5467 2729 5537 unusquisque
2797 5444 3232 5523 tumescentibus
3294 5465 3585 5522 visceribus
3640 5444 3851 5511 Ecclesia.

2360 5558 2700 5613 concluditur
2736 5560 2984 5616 hostibus
3031 5561 3242 5630 laqueis
3296 5560 3622 5617 insidiarum.
3658 5556 3703 5601 et
3743 5542 3851 5633 inm):

2363 5649 2527 5701 meris
2549 5651 2801 5718 periculis
2830 5653 3169 5707 concluditur
3202 5670 3215 5705 :
3254 5663 3313 5708 ut
3342 5653 3535 5708 femina
3561 5640 3740 5717 quando
3760 5630 3851 5702 l1“t

2362 5742 2675 5813 (secundum
2711 5743 3079 5821 Evangelium)
3109 5747 3394 5804 tristitiam
3420 5747 3568 5802 habet
3592 5738 3739 5811 (Iona.
3759 5722 3847 5791 xult
