4078 6348
251 357 384 418 1189

959 364 1322 425 EXPOSITIO
1358 364 1426 422 IN
1462 357 2044 422 LAMENTATIONES
2081 361 2424 422 JEBEMIE.
2463 367 2685 424 —LIB.
2720 367 2808 429 111.

3386 347 3524 428 uel)

249 496 368 538 cum
424 481 709 561 περιδρομή
763 483 1048 548 matricis,’
1075 498 1179 553 qua
1243 480 1536 553 principale
1595 478 1828 549 pectoris
1853 477 1908 538 Α
1933 492 2104 546 usque
2151 478 2218 533 ad
2265 477 2400 534 ﬁnes
2440 481 2590 536 orbis
2625 490 2785 548 terra:
2812 479 2986 552 (Ρεαι.
3026 483 3204 557 xvm).
3238 485 3354 552 Qua
3391 501 3518 558 pro-

250 573 416 646 ipsius
441 574 728 644 premitur,
755 573 1049 628 immensas
1077 583 1133 630 et
1163 574 1472 628 innumeras
1499 573 1703 642 patitur
1735 589 1833 626 an-

250 665 454 738 gustias
495 683 507 718 :
548 664 890 720 conclmlitur
932 679 1060 734 ergo
1097 679 1202 718 non
1237 663 1536 718 minoribus
1566 662 1830 734 angustiis

247 758 442 814 mentis
472 773 634 828 quam
663 757 926 827 corporis.
956 754 1187 825 Majores
1230 756 1374 810 enim
1411 764 1573 810 testas
1625 755 1834 810 febres-

245 865 350 922 que
400 847 705 903 animorum
767 855 892 901 sunt
953 862 1114 916 quam
1166 861 1476 916 corporum.
1531 844 1832 902 Conclusus

246 943 390 999 enim
413 943 682 997 viscerum
713 940 1015 995 tumoribus
1045 939 1310 994 medicum
1330 939 1543 1008 quaerit,
1572 946 1630 993 ut
1658 940 1832 1010 possit

243 1035 560 1108 propulsare
609 1033 868 1105 pericula,
908 1043 962 1088 et
989 1034 1282 1089 constricta
1311 1033 1514 1088 laxare.
1541 1033 1620 1086 Ad
1657 1047 1830 1104 quem

245 1129 468 1183 veniens
504 1128 772 1192 medicus,
824 1135 993 1180 tentat
1027 1129 1241 1191 omnia,
1297 1126 1542 1196 explorat
1593 1126 1826 1180 interna.

251 1221 399 1275 Unde
428 1229 484 1275 et
515 1235 613 1274 nos
651 1233 936 1274 monemur
960 1217 1318 1287 nosmetipsos
1344 1217 1608 1287 aspicere,
1633 1216 1830 1272 mentis

246 1313 422 1378 oculo,
465 1313 662 1384 quibus
687 1312 1061 1368 concludimur
1089 1312 1266 1378 malis,
1298 1321 1616 1383 nostrasque
1642 1313 1826 1368 consi-

246 1404 438 1459 derare
465 1403 737 1470 miserias,
763 1413 818 1458 et
846 1419 1174 1474 cognoscere
1200 1413 1429 1469 nosmet,
1460 1405 1827 1474 orationisque

244 1495 568 1550 medicinam
600 1510 862 1565 quaerere.
895 1494 1186 1566 Propterea
1217 1512 1346 1566 ergo
1379 1496 1525 1566 Copb
1569 1505 1712 1552 recte
1741 1513 1826 1551 vo-

244 1586 380 1640 eatio
411 1586 628 1651 dicitur,
669 1595 936 1656 quatenus
962 1587 1228 1641 medicum
1263 1585 1468 1658 jugiter
1494 1587 1822 1654 invocemus,

243 1681 334 1751 qui
370 1679 436 1734 de
469 1678 608 1735 ccelo
637 1679 783 1733 venit
810 1678 1096 1751 languores
1124 1677 1333 1751 15,67
1367 1689 1582 1735 nostros
1608 1695 1820 1736 curare.

245 1769 380 1826 Hinc
412 1786 627 1841 quoque
666 1771 780 1840 ipse
811 1770 924 1826 ait:
961 1768 1084 1825 Non
1124 1787 1252 1840 opus
1279 1781 1353 1824 est
1395 1771 1538 1825 sanis
1569 1772 1819 1836 medicus,

241 1863 332 1919 sed
361 1863 441 1917 his
480 1863 570 1934 qui
605 1861 738 1916 male
785 1861 972 1916 habent
1020 1860 1235 1931 (Matth.
1287 1861 1384 1934 Ix).
1441 1860 1618 1917 Habes
1662 1862 1827 1932 igitur

241 1955 486 2019 vulnera,
531 1969 596 2010 ne
621 1953 840 2009 dill‘eras
868 1953 1206 2009 medicinam.
1258 1951 1454 2023 Aspiée
1493 1953 1664 2008 oculis
1692 1969 1828 2024 quo-

244 2046 402 2100 modo
454 2045 744 2101 conclusus
779 2045 891 2110 sis,
945 2045 1116 2100 oculis
1163 2045 1370 2100 scilicet
1411 2045 1609 2115 quibus
1659 2045 1826 2100 David

240 2140 500 2196 auxilium
531 2139 778 2211 quresivit
821 2149 876 2194 et
905 2141 1120 2195 meruit.
1155 2138 1366 2205 Levavi,
1408 2139 1602 2210 inquit,
1648 2139 1825 2194 oculos

240 2249 379 2286 meos
402 2233 471 2286 ad
501 2244 720 2298 montes,
752 2232 888 2286 unde
920 2233 1079 2286 veniet
1107 2231 1367 2286 auxilium
1395 2231 1826 2286 mihi.Auxilium

247 2342 414 2380 meum
441 2345 473 2380 a
511 2325 735 2380 Domino
768 2323 942 2397 (Psal.
968 2325 1117 2395 cits).
1148 2325 1340 2396 Aspice
1365 2342 1494 2397 ergo
1525 2334 1579 2382 et
1613 2341 1828 2396 semper

240 2417 421 2487 aspice
454 2435 467 2470 :
511 2417 637 2488 quia
668 2415 810 2471 oculi
835 2413 964 2484 justi
1005 2430 1220 2485 semper
1249 2415 1317 2469 ad
1358 2415 1666 2470 Dominum.
1713 2415 1827 2472 lloc

239 2513 437 2584 quippe
465 2519 650 2566 monet
686 2509 824 2566 idem
864 2508 965 2564 sub
991 2508 1093 2564 hac
1141 2509 1319 2564 littera
1353 2518 1500 2565 retro
1527 2551 1542 2576 ,
1596 2510 1824 2565 dicens:

238 2600 526 2672 Consurge,
563 2602 916 2673 expergiscere
945 2601 1000 2655 in
1033 2611 1182 2655 nocte
1227 2600 1281 2655 in
1323 2601 1580 2672 principio
1624 2601 1828 2672 vigilia-

239 2712 353 2749 rum
384 2709 403 2746 :
435 2694 643 2765 effunde
671 2695 804 2748 sicut
844 2711 981 2765 aqua
1012 2710 1102 2748 cor
1141 2703 1287 2747 tuum
1335 2704 1455 2747 ante
1493 2703 1824 2764 conspectum

242 2786 486 2852 Domini,
533 2784 720 2841 extolle
747 2787 816 2839 ad
844 2803 962 2840 eum
999 2803 1186 2840 manus
1217 2795 1337 2840 tuas
1377 2784 1592 2856 (Thren.
1627 2784 1710 2856 ιι).
1748 2786 1822 2840 Ex

236 2856 343 2948 qu.o
375 2877 618 2932 insinuat
648 2885 862 2948 partum
897 2875 1262 2932 conclusionis
1308 2885 1507 2931 nostrae
1529 2917 1544 2942 ,
1586 2876 1825 2932 ostendit

239 2971 542 3054 angustias,
574 2982 629 3026 et
657 2981 842 3026 monet
873 2971 972 3026 sub
998 2971 1147 3027 onmi
1179 2969 1479 3025 intentione
1517 2968 1700 3023 cordis
1735 2985 1826 3024 re-

237 3064 476 3119 medium
521 3064 676 3118 nobis
714 3063 952 3118 salutare
995 3077 1258 3132 quaerere.
1309 3059 1519 3115 Idcirco
1573 3060 1672 3116 sub
1723 3061 1825 3114 bac

235 3153 418 3209 littera
450 3154 732 3224 proposuit
761 3152 917 3207 nobis
947 3151 1325 3223 Redemptoris
1361 3151 1528 3206 nostri
1557 3149 1815 3206 formam:

1933 568 2072 623 fecto
2097 584 2229 624 voce
2250 571 2448 626 clamat
2471 581 2632 642 caput
2657 582 2920 639 nostrum,
2937 573 3172 630 clamant
3191 586 3244 630 et
3271 578 3518 634 membra

1935 657 2124 730 ipsius,
2154 661 2354 717 clamat
2378 661 2579 718 Rachel
2609 663 2828 735 plorans
2851 664 2990 721 ﬁlios
3012 682 3157 722 suos.
3192 665 3273 722 Ne
3296 681 3521 738 avertas,

1935 751 2204 822 inquiens,
2233 771 2414 810 aurem
2449 755 2666 828 1m
2692 767 2835 810 tuam
2861 775 2893 812 a
2928 760 3160 830 singultu
3193 777 3306 815 meo
3336 771 3383 816 et
3411 762 3515 818 cla-
3575 763 3580 770 ’

1933 845 2185 898 moribus.
2217 845 2429 902 Clamat
2454 857 2508 902 et
2538 847 2769 920 Moyses,
2804 849 2890 905 cui
2938 851 3136 906 dicitur
3169 871 3181 905 ε
3217 853 3358 918 Quid
3405 855 3514 909 cla-

1933 953 2047 992 mas
2077 939 2146 992 ad
2172 957 2254 994 me
2286 939 2482 1013 (Exod.
2513 951 2647 1014 xw),
2676 945 2890 1015 quando
2919 944 3105 1000 orabat
3151 963 3250 1017 pro
3297 951 3516 1019 populo.

1934 1027 2041 1084 Sed
2076 1032 2165 1086 alii
2206 1032 2448 1090 clamant
2497 1035 2551 1090 in
2585 1037 2767 1102 corde,
2805 1037 2894 1092 alii
2945 1038 3256 1108 loquuntur.
3313 1039 3522 1110 Loque-

1932 1123 2096 1179 batur
2145 1135 2324 1182 autem
2377 1127 2533 1184 Anna
2583 1129 2670 1197 (11
2697 1129 2826 1202 Reg.
2854 1133 2958 1204 xl),
2995 1133 3121 1202 quia
3171 1149 3269 1204 pro
3298 1137 3524 1206 privatis

1931 1218 2126 1272 orabat
2157 1221 2339 1286 rebus,
2370 1221 2420 1276 id
2443 1231 2548 1288 est,
2592 1239 2692 1294 pro
2739 1223 2879 1280 ﬁliis.
2920 1225 3198 1282 Clamabat
3227 1236 3281 1282 et
3310 1227 3522 1300 Moyses

1931 1322 2126 1377 magno
2151 1311 2344 1365 ardore
2372 1313 2656 1369 cbaritatis
2690 1333 2703 1368 :
2736 1314 2975 1371 clamant
2996 1327 3050 1372 et
3079 1319 3250 1373 sancti
3291 1321 3390 1374 sub
3423 1336 3520 1375 ara

1931 1397 2023 1454 Dei
2054 1400 2316 1457 immenso
2347 1403 2583 1460 clamore
2610 1405 2803 1462 all'ectu
2835 1407 3070 1477 pietatis.
3102 1409 3258 1466 Unde
3303 1412 3522 1483 signan-

1932 1498 2018 1546 ter
2062 1492 2162 1548 sub
2217 1493 2321 1550 hac
2372 1494 2550 1550 littera
2604 1498 2882 1554 conclusio
2929 1509 3129 1557 nostra:
3163 1503 3523 1560 demersionis

1930 1584 2288 1654 exprimitur,
2331 1597 2387 1642 et
2441 1589 2748 1657 invocatio,
2813 1602 2873 1648 ut
2925 1593 3153 1665 amplius
3221 1595 3520 1652 clamemus

1929 1675 2269 1741 ostenditur,
2312 1687 2476 1749 atque
2510 1682 2803 1754 unicuique
2853 1686 3089 1742 dicitur:
3136 1688 3331 1759 Aspice
3375 1691 3520 1761 quod

1929 1764 2218 1821 conclusus
2241 1765 2492 1835 tenearis,
2518 1773 2715 1842 quibus
2740 1776 2996 1846 appulsus
3027 1781 3310 1848 angustiis.
3331 1779 3518 1836 Clama

1931 1855 1982 1910 in
2012 1857 2328 1914 fortitudine
2343 1863 2408 1916 ad
2433 1879 2553 1918 cum
2577 1867 2667 1935 qui
2695 1877 2892 1936 praesto
2919 1878 3004 1924 est
3029 1888 3042 1924 :
3079 1869 3160 1925 Ne
3190 1882 3392 1928 avertas
3422 1891 3520 1928 au-

1932 1965 2038 2004 rem
2090 1960 2236 2005 tuam
2267 1971 2298 2006 a
2331 1956 2563 2026 singultu
2594 1975 2707 2013 meo
2747 1970 2795 2014 et
2834 1959 3188 2026 clamoribus;
3216 1965 3341 2034 quia
3389 1981 3522 2022 con-

1929 2039 2089 2096 clusit
2143 2043 2285 2099 Deus
2315 2047 2494 2100 omnia
2534 2048 2633 2103 sub
2670 2059 2932 2120 peccato,
2964 2061 3023 2106 ut
3072 2055 3314 2110 omnium
3351 2057 3518 2112 mise-

1929 2141 2130 2186 reatur.
2187 2135 2339 2191 Unde
2384 2137 2716 2214 Apostolus:
2753 2139 2937 2196 Miseri
2983 2152 3148 2198 estote
3194 2154 3240 2199 et
3279 2146 3516 2216 plorata,

1930 2225 2066 2276 risus
2108 2235 2276 2279 vester
2329 2229 2383 2282 in
2427 2229 2626 2284 luctum
2673 2241 3042 2299 convertatur,
3087 2244 3135 2289 et
3170 2237 3423 2306 gaudium
3461 2236 3518 2293 in

1927 2330 2218 2369 maerorem.
2253 2315 2305 2370 Η
2312 2319 2628 2376 umiliarnini
2654 2324 2708 2377 in
2731 2335 3009 2395 conspectu
3033 2326 3264 2392 Domini,
3295 2340 3342 2384 et
3371 2330 3517 2385 exal-

1927 2406 2056 2461 tabit
2085 2426 2172 2464 vos
2202 2408 2349 2482 (Gal.
2376 2412 2485 2484 ιιι).
2519 2413 2596 2469 Ac
2618 2416 2662 2469 si
2686 2425 2873 2484 aperte
2893 2417 3035 2472 dicat
3067 2435 3080 2472 :
3110 2419 3350 2488 Aspicite
3379 2437 3514 2477 con-

1927 2499 2226 2558 clusionem
2280 2515 2570 2570 vestram,
2626 2515 2680 2560 et
2728 2507 2967 2577 plangite
3023 2509 3272 2565 miserias
3318 2511 3516 2581 quibus

1928 2593 2164 2649 conclusi
2205 2596 2358 2650 estis.
2402 2595 2654 2652 lnvocate
2689 2597 2755 2652 de
2798 2598 3106 2654 novissimis
3135 2599 3268 2656 lacis
3299 2600 3466 2657 Deum
3493 2645 3512 2671 ,

1926 2685 2160 2741 clamate
2211 2687 2531 2757 sapienter:
2565 2689 2690 2758 quia
2733 2689 2996 2760 sapientia
3043 2690 3176 2746 foris
3228 2691 3512 2761 clamitat,

1926 2776 2089 2831 etiam
2130 2778 2183 2832 in
2230 2779 2424 2848 plateis
2476 2779 2567 2834 dat
2620 2794 2808 2835 vocem
2860 2796 3014 2835 suam
3047 2779 3231 2850 (Prov.
3281 2783 3344 2856 ι).
3375 2781 3514 2852 Quia

1928 2876 2078 2924 tanto
2115 2878 2168 2924 tn
2207 2871 2424 2942 excelso
2465 2872 2698 2942 amplius
2741 2874 2994 2940 auditur,
3030 2883 3238 2945 quanto
3263 2877 3318 2930 in
3349 2877 3517 2936 corde

1927 2960 2205 3017 ardentius
2252 2979 2374 3018 cum
2425 2963 2529 3019 ﬁde
2553 2973 2606 3020 et
2637 2966 2906 3022 desiderio
2933 2966 2999 3020 ad
3032 2965 3200 3022 Deum
3232 2969 3512 3026 transfun-

1925 3051 2092 3118 ditur,
2121 3053 2211 3122 qui
2253 3068 2468 3124 sempcr
2498 3055 2698 3126 ubique
2726 3063 2886 3110 rectm
2917 3056 3038 3112 ﬁdei
3066 3074 3309 3128 prtesens
3345 3062 3516 3118 senti-

1929 3152 2054 3198 tur:
2083 3145 2339 3213 quoniam
2368 3162 2534 3217 prope
2571 3155 2656 3202 est
2689 3148 2952 3203 Dominus
2975 3151 3226 3206 omnibus
3251 3152 3515 3229 invocan-

231 3247 506 3320 quomodo
535 3247 698 3301 etiam
728 3247 793 3302 de
815 3246 950 3302 lacis
975 3245 1287 3301 novissimis
1317 3245 1534 3300 invocat
1568 3255 1774 3314 patrem
1801 3285 1815 3311 ,
1847 3211 1894 3276 Ο
1927 3237 2069 3292 libus
2089 3252 2164 3302 ϐε,
2183 3239 2434 3294 omnibus
2457 3241 2551 3310 qui
2583 3241 2836 3296 invocant
2865 3257 2987 3297 eum
3017 3244 3070 3297 in
3095 3245 3338 3302 veritate.
3361 3243 3516 3305 Unde

230 3341 506 3413 quomodo
535 3340 762 3395 ﬁdenter
799 3349 960 3404 orat,
991 3338 1261 3408 quomodo
1298 3337 1465 3408 gemit
1495 3345 1548 3392 et
1583 3336 1780 3391 clamat
1801 3377 1817 3402 ,

231 3451 340 3489 non
373 3449 526 3500 voce,
552 3433 646 3488 sed
672 3433 997 3488 contritione
1023 3430 1226 3496 cordis,
1271 3437 1327 3485 et
1356 3443 1552 3500 magno
1583 3428 1821 3482 clamore

229 3527 452 3592 mentis,
496 3525 767 3596 quomodo
814 3523 982 3578 Deum
1018 3523 1217 3593 ubique
1257 3531 1577 3592 prmsentem
1610 3522 1774 3576 sentit
1800 3561 1818 3588 ,

225 3617 502 3688 quomodo
553 3613 1072 3686 appropinquantem
1113 3627 1172 3668 se
1203 3612 1256 3666 in
1289 3612 1376 3666 die
1412 3611 1769 3666 invocationis
1801 3652 1817 3678 ,

225 3707 395 3762 etiam
433 3706 576 3761 inter
619 3704 898 3778 angustias
946 3701 1194 3775 intelligit
1249 3724 1261 3756 :
1305 3703 1576 3772 quomodo
1633 3701 1818 3756 auditu

223 3798 412 3854 cordis
454 3796 602 3852 audit
639 3797 808 3852 Deum
839 3795 1104 3850 dicentem
1137 3794 1258 3850 :Ne
1298 3795 1510 3860 timeas,
1557 3795 1664 3850 imo
1697 3809 1816 3849 om-

223 3890 391 3946 nibus
412 3888 676 3960 profecto,
702 3902 825 3942 cum
854 3886 998 3941 dicat
1032 3905 1044 3940 :
1079 3884 1192 3958 Ego
1223 3887 1319 3940 vici
1345 3886 1598 3940 mundum
1631 3886 1813 3956 (Joan.

223 3982 366 4050 xu).
407 3979 476 4034 Et
513 3980 622 4034 hare
668 3987 744 4033 est
773 3978 990 4032 victoria
1018 3994 1136 4048 qua:
1171 3978 1328 4032 vincit
1371 3977 1648 4042 mundum,
1684 3977 1816 4045 ﬁdes

222 4084 410 4130 nostra
457 4071 522 4142 (Ι
549 4071 708 4126 Joan.
751 4069 838 4142 v).
883 4069 1037 4125 Unde
1084 4069 1254 4124 David
1302 4070 1525 4124 aiebat:
1560 4070 1816 4124 Dominus

218 4165 548 4222 illuminatio
577 4181 691 4218 mea
728 4173 776 4218 et
799 4164 944 4218 salus
972 4180 1104 4225 mea,
1131 4180 1282 4235 quem
1308 4163 1538 4217 timebo?
1561 4162 1816 4219 Dominus

213 4263 490 4326 protector
512 4254 630 4308 vine
656 4269 804 4319 mete,
827 4270 860 4306 a
882 4270 982 4324 quo
1003 4253 1312 4322 trepidabo?
1333 4249 1505 4324 (Psal.
1534 4254 1708 4325 χχιιι.)
1739 4253 1816 4310 Ac

217 4347 268 4402 si
307 4355 561 4418 patenter
597 4346 744 4401 dicat
798 4363 812 4399 :
867 4343 1056 4399 Nullus
1114 4345 1204 4416 qui
1261 4345 1430 4399 Deum
1491 4354 1814 4416 praesentem

216 4439 414 4505 sentit,
448 4439 640 4494 timere
666 4437 845 4494 debet.
878 4436 991 4492 Etsi
1023 4436 1078 4490 in
1109 4436 1226 4508 ipso
1255 4437 1505 4501 vivimus,
1534 4451 1816 4492 movemur

213 4541 278 4590 et
327 4547 520 4588 sumus
559 4530 699 4601 (Aet.
733 4529 868 4603 xvu)
893 4572 908 4595 ,
942 4539 1089 4586 recte
1119 4529 1340 4584 omnino
1384 4529 1655 4600 trepidare
1706 4545 1813 4584 non

1922 3332 1989 3388 ad
2019 3333 2129 3390 Res
2158 3334 2394 3390 litteram
2419 3338 2777 3396 conﬁdentius
2808 3341 3076 3398 veniatur.
3111 3342 3220 3400 Rss
3241 3343 3512 3414 siquidem

1921 3434 2074 3494 caput
2113 3433 2206 3480 aut
2253 3427 2440 3496 capitis
2483 3428 2645 3482 etiam
2684 3429 2771 3484 vel
2806 3431 3065 3501 primatus
3100 3432 3508 3502 interpretatur.

1919 3513 2093 3586 Caput
2120 3528 2204 3572 est
2236 3533 2366 3588 ergo
2391 3519 2475 3574 vel
2504 3519 2679 3576 forma
2728 3523 2947 3591 capitis,
2994 3531 3052 3578 ut
3101 3524 3510 3580 consideremus

1921 3615 2200 3662 auctorem
2232 3609 2378 3676 vitae,
2411 3617 2574 3680 caput
2594 3611 2847 3668 videlicet
2874 3623 3143 3680 nostrum,
3174 3629 3239 3670 ex
3266 3630 3374 3686 quo
3395 3632 3513 3672 om-

1921 3698 2070 3752 nium
2105 3698 2360 3755 foveatur
2387 3703 2651 3769 membra,
2693 3703 2783 3772 qui
2810 3706 2947 3776 regit
2973 3715 3028 3760 et
3054 3706 3239 3776 implet
3259 3708 3510 3766 sensibus

1918 3791 2118 3846 omnia.
2169 3791 2372 3848 Sensus
2422 3795 2564 3848 enim
2609 3797 2889 3866 sapientis,
2929 3798 2981 3852 in
3011 3800 3185 3870 capite
3211 3798 3347 3868 ejus.
3380 3799 3508 3857 lude

1919 3883 2116 3938 ductus
2145 3883 2371 3954 spiritus
2392 3900 2489 3955 per
2513 3899 2704 3941 omnes
2732 3903 2993 3944 venarum
3021 3902 3254 3957 meatus,
3282 3899 3422 3946 totas
3451 3891 3507 3946 in

1917 3981 2101 4044 partes
2127 3977 2374 4044 corporis
2403 3975 2550 4031 vires
2579 3977 2813 4044 derivat,
2838 3979 3058 4052 sanguis
3082 3979 3276 4036 lustrat
3300 3981 3506 4049 omnia,

1917 4075 2078 4121 ornat
2109 4067 2312 4121 omnia.
2351 4065 2579 4123 Sublato
2607 4084 2738 4140 ergo
2762 4071 2940 4140 capite
2961 4111 2977 4138 ,
3011 4085 3206 4142 corpus
3235 4073 3354 4128 sine
3401 4086 3504 4128 no-

1918 4165 2064 4220 mine
2108 4174 2216 4228 est,
2251 4167 2699 4250 ncc'agnoscitur
2724 4209 2739 4235 ,
2772 4184 2871 4225 nec
2900 4169 3007 4224 ulla
3053 4180 3303 4240 superest
3339 4186 3505 4228 causa

1917 4257 2158 4313 vivendi.
2181 4257 2334 4315 Unde
2358 4260 2486 4329 quid
2515 4275 2620 4316 vox
2643 4261 2838 4331 capitis
2858 4263 2925 4318 de
2953 4278 3012 4319 se
3033 4264 3250 4330 sentiat,
3265 4263 3352 4321 vel
3374 4264 3505 4336 quid

1917 4352 1984 4407 de
2013 4368 2072 4408 se
2099 4360 2412 4423 praesumat,
2443 4353 2748 4410 audiamus.

2652 4507 2770 4547 RES.

213 4639 536 4696 possumus.
567 4620 716 4678 Talis
761 4622 930 4694 igitur
974 4637 1080 4677 vox
1130 4621 1331 4686 cordis,
1378 4620 1608 4690 talisque
1637 4621 1770 4676 ﬁdes
1794 4661 1810 4688 ,
1841 4583 1896 4646 Β
1991 4623 2277 4691 Judicasti,
2309 4625 2552 4694 Domine,
2577 4643 2795 4684 causam
2817 4626 3010 4685 animae
3029 4647 3178 4698 meae,
3213 4631 3502 4704 redemptor

213 4729 456 4788 magnus
477 4723 562 4770 est
585 4714 649 4768 ad
681 4715 848 4770 Deum
873 4715 1093 4778 clamor,
1121 4730 1226 4769 non
1253 4713 1400 4769 vocis
1423 4714 1810 4785 magnitudine,

213 4808 320 4862 sed
365 4807 812 4878 magnanimitate
850 4807 1048 4861 cordis.
1092 4806 1188 4860 Est
1226 4805 1371 4861 enim
1411 4821 1514 4860 vox
1553 4805 1732 4860 cordis
1759 4814 1816 4861 et

213 4899 438 4955 clamor
475 4897 838 4968 lacryma‘rum
869 4914 881 4949 :
908 4898 1031 4966 quia
1061 4905 1222 4950 estet
1251 4911 1357 4950 vox
1393 4895 1670 4966 sanguinis
1693 4911 1815 4967 quae

213 4988 289 5042 ad
326 4985 500 5046 Deum
537 4987 806 5057 pervenit.
842 4985 1052 5042 Clamat
1093 5001 1223 5057 ergo
1266 5001 1362 5041 cor
1403 4995 1674 5052 nostrum,
1705 5001 1814 5042 non

213 5094 364 5134 sono
391 5077 561 5142 vocis,
590 5077 682 5133 sed
709 5077 1096 5149 cogitationum
1123 5076 1478 5142 sublimitate,
1511 5085 1809 5132 concentu-

212 5186 332 5242 que
381 5169 667 5224 virtutum.
701 5167 934 5225 Grandis
981 5168 1101 5224 ﬁdei
1133 5168 1369 5232 clamor,
1405 5183 1503 5237 per
1543 5183 1703 5238 quam
1754 5167 1807 5222 in

213 5261 425 5332 spiritu
466 5259 771 5330 adoptionis
820 5259 1136 5325 clamamus,
1182 5259 1332 5315 Abba
1383 5269 1556 5333 pater.
1594 5260 1661 5314 Et
1696 5259 1811 5330 ipse

213 5353 456 5424 spiritus
481 5351 678 5406 clamat
718 5353 770 5406 in
803 5353 959 5407 nobis
984 5353 1066 5408 vel
1097 5368 1193 5422 pro
1217 5352 1374 5408 nobis
1400 5353 1688 5424 gemitibus
1723 5353 1808 5408 in-

213 5445 627 5502 enarrabilibus
666 5443 837 5516 (Rom.
887 5445 1027 5517 vm).
1077 5445 1268 5516 Magna
1309 5461 1406 5500 vox
1435 5442 1662 5512 iustitiae
1687 5485 1702 5511 ,
1757 5450 1814 5499 et

215 5555 426 5611 magna
465 5539 722 5605 cbaritas,
754 5554 850 5609 per
889 5555 1051 5610 quam
1108 5540 1302 5594 mortui
1362 5541 1672 5609 loqmmtur,
1705 5553 1812 5594 non

215 5632 406 5688 solum
440 5630 755 5704 loquuntur,
805 5646 992 5686 verum
1023 5632 1188 5686 etiam
1224 5631 1367 5686 sicut
1405 5631 1536 5686 Abel
1578 5631 1814 5688 clamant

195 5719 387 5796 ἶϐεη.
425 5723 520 5796 tv).
556 5723 746 5796 Magna
796 5723 896 5778 fuit
944 5739 1049 5778 vox
1081 5723 1469 5810 apostolorum,
1511 5739 1630 5794 qua:
1678 5723 1812 5777 exiit

214 5817 279 5878 in
313 5833 536 5876 omnem
567 5827 795 5892 terram,
835 5825 890 5876 et
928 5833 1155 5896 magnus
1179 5819 1418 5889 clamor,
1445 5820 1536 5894 qui
1565 5819 1813 5895 pervenit

1923 4719 2039 4772 vita:
2066 4735 2212 4772 mete.
2260 4715 2477 4785 Vidisti,
2531 4720 2788 4789 Domine,
2843 4723 3171 4794 iniquitatem
3227 4731 3504 4780 adversum

1923 4825 2002 4861 me
2026 4821 2044 4858 :
2060 4808 2250 4878 judica
2269 4809 2533 4877 judicium
2571 4826 2764 4865 meum.
2813 4809 3000 4868 Vidisti
3027 4829 3229 4868 omnem
3269 4813 3496 4882 furorem

1923 4917 2101 4955 eorum
2128 4901 2405 4955 adrersum
2449 4917 2550 4966 me,
2602 4905 2874 4960 universas
2919 4905 3258 4976 cogitationes
3296 4921 3490 4963 eorum.

1925 4993 2050 5048 llaec
2083 5007 2182 5046 vox
2221 5008 2326 5047 non
2373 4993 2550 5048 minus
2573 4993 2766 5064 capitis
2793 5004 2903 5061 est,
2941 5009 3102 5066 quam
3129 5004 3184 5051 et
3213 4993 3456 5066 corporis
3481 5013 3494 5050 :

1914 5085 1991 5140 ita
2031 5093 2090 5138 ut
2129 5099 2231 5139 nec
2267 5098 2466 5153 corpus
2500 5084 2617 5140 sine
2651 5086 2852 5157 capite,
2893 5100 2990 5140 nec
3024 5094 3187 5156 caput
3225 5085 3341 5140 sine
3379 5100 3501 5140 cor-

1913 5189 2045 5247 pore
2118 5173 2442 5229 inveniatur.
2503 5173 2710 5229 Idcirco
2757 5173 3020 5244 judicium
3079 5183 3135 5228 et
3198 5174 3518 5244 redemptis

1913 5266 2104 5333 simul,
2139 5264 2352 5338 1569
2375 5267 2528 5335 quasi
2571 5267 2622 5321 in
2659 5283 2761 5321 una
2795 5281 3024 5336 persona
3056 5265 3310 5336 precibus
3340 5266 3489 5324 Patri

1911 5355 2339 5414 commendatur.
2361 5355 2492 5410 Nam
2503 5356 2761 5427 judicium
2783 5356 2838 5410 in
2852 5370 3014 5411 causa
3033 5356 3248 5421 animae,
3273 5366 3331 5411 ut
3347 5355 3492 5428 justa

1915 5450 2244 5517 inveniatur,
2273 5449 2438 5504 totius
2469 5449 2712 5518 corporis
2745 5463 2954 5503 summa
2987 5449 3148 5520 capiti
3193 5449 3477 5507 tribuitur:

1918 5541 2214 5612 redemptio
2256 5555 2415 5605 vero,
2463 5549 2521 5594 ut
2559 5540 2626 5594 de
2660 5546 2833 5593 morte
2875 5539 2940 5592 ad
2981 5539 3146 5593 vitam
3184 5539 3493 5608 proﬁciant,

1916 5634 2127 5705 corpori
2149 5641 2464 5704 praestatur:
2489 5631 2742 5701 quoniam
2773 5645 2874 5686 nec
2906 5630 2996 5686 ille
3034 5631 3344 5702 redemptus
3370 5629 3495 5700 jure

1916 5727 2133 5791 dicitur,
2151 5725 2242 5796 qui
2273 5737 2546 5793 nunquam
2571 5730 2654 5778 est
2674 5725 3012 5779 venundatus
3035 5724 3134 5779 sub
3149 5732 3497 5794 peccato,nec

1916 5819 2017 5876 iste
2037 5819 2149 5876 suis
2169 5816 2374 5873 viribus
2385 5816 2624 5874 conﬁsus
2638 5817 2806 5874 Deum
2834 5818 2900 5874 ad
2922 5817 3186 5888 judicium
3207 5827 3496 5883 provocat.
