4078 6348
565 307 701 379 iis?

1352 317 1411 374 S.
1450 317 1806 376 PASCHASII
1841 318 2188 375 RADBERTI
2220 317 2513 375 ABBATIS
2547 318 2995 377 CORBEIENSIS

3702 323 3851 385 H92-

567 432 671 487 nisi
688 429 898 502 justitia
918 437 1112 502 capitis
1124 428 1271 486 Patri
1302 431 1357 486 in
1379 446 1488 487 uno
1508 447 1735 503 corpore
1777 432 2141 488 commendet.
2174 434 2228 496 Α
2255 440 2385 500 tem,
2410 443 2610 489 nostras
2637 436 2811 506 duplae
2835 436 3027 493 mortis
3053 436 3357 508 redemptio
3380 438 3726 496 exhibeatnr.
3751 439 3837 499 ld-

567 525 743 582 Causa
763 526 927 597 igitur
942 524 1190 582 Christus
1213 525 1311 582 fuit
1329 527 1494 582 t0tius
1517 527 1907 598 redemptionis
1921 535 2145 583 nostrar.
2180 600 2195 616 .

569 620 637 675 Et
660 621 780 676 ideo
802 631 923 691 post
943 636 1163 676 causam
1189 620 1475 690 judicium,
1503 630 1625 691 post
1644 621 1904 691 judicium
1934 622 2148 677 redem-

482 774 491 783 κ
568 710 683 781 ptio
713 712 839 767 vita:
866 712 1210 783 sempiternte
1250 713 1531 783 sequitur:
1568 713 1824 783 quoniam
1858 713 1964 768 nisi
1988 726 2151 768 causa

568 800 769 858 Christi
801 802 1004 858 nullum
1047 803 1204 859 nobis
1243 804 1349 860 nisi
1383 805 1628 877 supplicii
1652 804 1917 877 judicium
1942 812 2145 860 manet.

571 890 709 948 Hinc
724 909 876 950 more
902 904 1179 951 oratorum
1202 895 1523 952 clementem
1540 895 1779 966 judicem
1805 897 1872 951 ad
1894 896 2153 967 pietatem

572 984 807 1039 invocat.
857 985 1097 1042 Primum
1140 985 1349 1057 justum
1362 988 1601 1060 judicem
1624 988 1938 1053 conﬁtetur,
1962 986 2156 1044 deinde

573 1091 791 1130 causam
817 1077 1013 1133 animae
1033 1094 1144 1135 suae
1169 1094 1270 1135 cur
1287 1080 1517 1145 venerit,
1542 1079 1810 1146 insinuat;
1836 1080 2158 1150 redemptio-

573 1184 697 1224 nem
724 1179 948 1242 propter
987 1187 1148 1243 quam
1186 1173 1338 1229 venit
1375 1174 1601 1240 retexit,
1650 1174 1884 1246 seipsum
1922 1174 2157 1245 pretium

574 1260 753 1328 atlert,
806 1271 1154 1336 nostramque
1195 1266 1363 1321 vitam
1384 1308 1399 1333 ,
1426 1276 1649 1337 propter
1676 1265 1962 1322 charitatis
1994 1264 2156 1336 spiri‘

576 1363 712 1421 tum,
744 1371 900 1411 suam
929 1372 1050 1413 esse
1083 1357 1341 1423 declarat,
1376 1367 1641 1428 quatenus
1668 1357 1825 1414 sicuti
1848 1372 1947 1413 nos
1969 1356 2022 1411 in
2046 1354 2157 1421 illo,

577 1446 651 1501 ita
684 1456 739 1502 et
763 1448 877 1518 ipse
904 1448 958 1504 in
989 1448 1146 1505 nobis
1169 1449 1336 1505 vivat.
1374 1448 1715 1505 Postremum
1754 1463 1881 1505 vero
1911 1448 2161 1503 adversa—

577 1540 782 1595 riorum
806 1539 1043 1597 furorem
1068 1541 1329 1599 adversus
1353 1557 1411 1597 se
1438 1549 1850 1608 commemorat,
1884 1548 1945 1595 ut
1969 1539 2165 1610 aequis-

578 1632 774 1687 simum
781 1630 1018 1701 judicem
1036 1636 1103 1690 ad
1114 1636 1420 1705 aequitatem
1430 1634 1639 1704 judicii,
1655 1634 1807 1706 quasi
1823 1634 2164 1704 mquissimus

579 1723 911 1795 supplicator
940 1726 1150 1783 devotis
1186 1727 1440 1799 precibus
1472 1726 1711 1783 inﬂectat
1757 1726 2027 1790 rVidisti,
2055 1725 2163 1780 Do-

2253 526 2405 581 circo
2432 535 2605 581 restat
2632 535 2691 582 ut
2727 528 2891 599 capiti
2918 529 3185 598 primatus
3218 538 3469 585 servetur
3490 530 3841 599 Ecclesim,et

2252 637 2351 692 per
2373 622 2665 692 primatum
2681 622 2876 693 capitis
2901 622 3110 695 integra
3134 624 3283 679 salus
3311 625 3670 680 custodiatur.
3696 625 3839 682 Alio-

2255 713 2384 783 quin
2415 713 2594 769 nullus
2612 713 2905 783 primatum
2930 715 3158 783 perdere
3181 722 3383 785 potest,
3410 715 3499 770 cui
3526 731 3645 771 non
3669 716 3843 771 subla-

2255 814 2345 862 tus
2364 814 2448 861 est
2477 804 2745 861 Christus.
2770 804 3063 876 Propterea
3089 804 3147 861 ﬁt
3164 814 3326 876 caput
3352 806 3607 862 servandi
3638 823 3844 861 summa

2256 897 2421 954 studii
2444 904 2607 967 atque
2648 895 2831 967 operis
2860 897 3056 962 nostri,
3102 913 3313 953 summa
3358 898 3587 970 negotii,
3638 914 3845 954 summa

2258 989 2391 1059 Spei,
2424 1002 2634 1043 summa
2670 987 2951 1043 virtutum.
2996 986 3185 1044 Omnis
3225 998 3406 1043 autem
3433 1004 3650 1045 summa
3689 989 3849 1044 studii

2258 1079 2433 1134 nostri
2472 1086 2577 1144 est,
2611 1087 2671 1134 ut
2708 1080 2878 1135 simus
2910 1081 2965 1135 in
2988 1080 3197 1136 unitate
3239 1082 3486 1152 corporis
3519 1080 3755 1147 Christi,
3798 1089 3855 1138 et

2259 1173 2620 1244 compaginati
2670 1173 2722 1228 in
2751 1174 2959 1230 unitate
2997 1175 3225 1245 capitis,
3269 1189 3336 1230 ex
3385 1191 3495 1245 quo
3533 1190 3702 1231 omne
3738 1191 3854 1232 eor-

2259 1283 2362 1338 pus
2390 1282 2486 1337 per
2518 1267 3043 1337 compaginationem
3073 1276 3129 1322 et
3155 1267 3557 1339 colligationem
3598 1267 3856 1323 submini-

2264 1368 2493 1416 stratum
2512 1361 2709 1415 crescit
2728 1361 3038 1432 copulatum
3068 1360 3121 1416 in
3154 1371 3505 1431 augmentum
3528 1370 3781 1419 sanctum
3805 1362 3857 1419 in

2264 1452 2510 1508 Domino.
2528 1452 2593 1506 Et
2608 1451 2775 1508 Isaias
2790 1470 2804 1507 :
2821 1451 3027 1523 Aufert,
3044 1453 3241 1524 inquit,
3256 1472 3287 1508 α
3299 1453 3495 1509 ludam
3513 1465 3671 1525 caput
3682 1465 3730 1508 et
3745 1470 3837 1508 ceu

2265 1547 2389 1601 dam
2417 1544 2532 1616 (Isa
2553 1544 2653 1613 lx),
2685 1544 2895 1600 scilicet
2924 1545 3137 1599 initium
3160 1553 3218 1600 et
3242 1545 3426 1600 tinem.
3456 1545 3572 1601 Hoc
3602 1558 3739 1601 sane
3770 1559 3856 1600 α-

2266 1636 2565 1707 putJudaza
2589 1644 2717 1691 tunc
2747 1636 2949 1702 amisit,
2981 1636 3196 1707 quando
3219 1635 3405 1693 Iesum
3432 1637 3729 1692 Dominum
3755 1652 3854 1691 non

2268 1729 2491 1799 recepit,
2517 1729 2571 1783 in
2595 1743 2703 1798 quo
2728 1727 2982 1784 Ecclesia:
3017 1728 3282 1799 primatus
3310 1736 3365 1783 et
3394 1727 3733 1799 principium
3769 1727 3859 1783 eli-

580 1830 744 1897 mme,
773 1815 1011 1872 furorem
1033 1832 1220 1875 eorum
1240 1818 1526 1875 adversum
1552 1834 1673 1884 me;
1696 1818 1876 1873 vidisti
1906 1817 2168 1888 iniquita-
2194 1820 2243 1881 Β
2270 1822 2435 1892 gitur,
2467 1820 2560 1890 qui
2587 1828 2671 1875 est
2692 1819 3083 1891 primogenitus
3110 1835 3178 1876 ex
3213 1819 3443 1874 mortuis
3464 1859 3481 1884 ,
3520 1820 3575 1874 in
3603 1835 3717 1890 quo
3743 1819 3861 1874 vita

582 1913 687 1960 tem
708 1948 722 1972 ,
763 1906 890 1964 licet
925 1909 1263 1980 reprobando
1295 1926 1515 1967 causam
1548 1909 1743 1965 anima:
1775 1925 1907 1965 mea:
1929 1908 2168 1978 judicem

580 1997 851 2069 eligendo.
870 2000 948 2055 Ex
971 2001 1168 2072 quibus
1186 2003 1368 2058 verbis
1380 2011 1551 2073 patet,
1571 2018 1731 2073 quam
1759 2002 1939 2057 omnia
1964 2001 2168 2073 judicia

581 2091 631 2145 ei
655 2093 922 2161 pendeant
940 2094 1085 2166 quod
1108 2096 1445 2167 iniquitatem
1462 2096 1577 2167 ipse
1599 2096 1936 2168 reprobando
1957 2095 2166 2166 puniat,

582 2198 744 2253 quam
767 2185 1030 2255 judicium
1063 2187 1319 2244 divinitus
1357 2189 1623 2255 intendat,
1653 2188 1796 2259 quod
1837 2204 2054 2243 omnem
2086 2185 2170 2240 fu.

583 2289 762 2331 rorem
788 2277 1047 2334 adversus
1084 2278 1379 2335 Ecclesium
1419 2279 1656 2346 Christi,
1689 2296 1849 2352 quam
1881 2278 2168 2351 cogitatio-

583 2383 682 2423 nes
720 2368 1056 2440 singulorum
1104 2372 1346 2428 excutiat
1379 2391 1392 2427 :
1445 2374 1711 2444 etprius,
1748 2380 1807 2427 ut
1846 2372 1988 2438 dixi,
2018 2387 2171 2427 more

584 2460 861 2516 rhetorum
900 2463 1002 2518 sibi
1032 2465 1322 2536 propitium
1361 2465 1509 2537 pium
1543 2465 1782 2535 judicem
1816 2465 2167 2528 reconciliet:

582 2551 776 2609 deinde
809 2563 992 2625 partes
1029 2556 1462 2613 adversariorum
1508 2558 1768 2623 insinuat,
1818 2574 1881 2613 ac
1927 2571 2023 2627 per
2069 2557 2171 2611 hoc

583 2647 739 2716 quasi
776 2646 843 2702 ad
878 2649 1058 2704 omnia
1085 2651 1328 2706 membra
1375 2651 1624 2722 spiritum
1661 2651 1852 2722 agendi
1876 2658 1931 2705 et
1961 2665 2168 2721 praesu-

582 2740 762 2795 mendi
806 2746 969 2811 atque
1007 2742 1258 2799 credendi
1302 2743 1573 2799 diffundit.
1624 2743 1749 2800 Haec
1796 2728 2030 2816 namque
2067 2757 2172 2799 vox

556 2832 880 2891 electorum
914 2835 968 2889 in
998 2850 1226 2909 corpore
1249 2836 1474 2904 Christi,
1505 2838 1596 2908 qui
1628 2838 1919 2910 primatum
1950 2837 2171 2893 benedi-

583 2925 778 2981 ctionis
808 2926 989 2997 adepti
1020 2936 1163 2984 sunt.
1204 2928 1313 2985 Res
1344 2930 1545 3001 quippe
1570 2932 1836 3002 primatus
1864 2944 2060 2986 sonare
2087 2928 2171 2983 vi-

583 3016 762 3081 detur,
800 3017 1056 3087 quoniam
1093 3019 1231 3076 alius
1266 3029 1351 3075 est
1379 3020 1611 3091 populus
1651 3021 1743 3091 qui
1768 3035 1863 3091 per
1891 3020 2034 3076 Esau
2060 3020 2173 3090 pri-

585 3108 857 3179 mogenita
890 3123 985 3165 sua
1004 3111 1263 3175 vendidit,
1303 3111 1441 3167 alius
1465 3112 1555 3168 ille
1581 3112 1673 3182 qui
1704 3113 1853 3167 emit.
1886 3110 2043 3177 Nam,
2075 3111 2170 3166 Ja-

2271 1915 2484 1985 negotia
2535 1915 2643 1969 Deo
2689 1912 2836 1969 Patri
2865 1912 3188 1968 offeruntur.
3217 1913 3337 1982 Ipse
3367 1912 3591 1983 quidem
3642 1921 3731 1968 est
3756 1912 3861 1983 prio

2269 2013 2448 2061 matus
2474 2013 2660 2059 noster
2697 2012 2753 2059 et
2785 2003 2928 2068 linis,
2958 2003 3084 2073 quia
3115 2002 3230 2073 ipse
3251 2011 3335 2058 est
3356 2003 3570 2073 primus
3593 2012 3654 2057 et
3691 2003 3863 2056 novis-

2270 2095 2487 2150 simus:
2519 2096 2633 2165 ipse
2662 2103 2747 2150 est
2788 2094 2911 2149 linis
2958 2093 3094 2166 legis
3135 2095 3203 2148 ad
3237 2093 3509 2162 justitiam
3551 2094 3707 2149 omni
3751 2108 3863 2149 cre-

2272 2186 2457 2242 denti:
2488 2202 2588 2256 per
2612 2202 2772 2257 quem
2806 2187 2985 2243 omnis
3024 2186 3283 2256 iniquitas
3324 2194 3518 2241 contra
3558 2200 3665 2241 nos
3690 2193 3862 2240 erecta

2272 2278 2545 2348 dejicitur,
2558 2280 2820 2349 judicium
2849 2288 3096 2336 nostrum
3122 2279 3373 2352 erigitur,
3399 2278 3556 2335 furor
3578 2281 3865 2335 adversas.

2274 2375 2408 2429 tium
2443 2375 2857 2437 condemnatur,
2888 2382 2945 2429 et
2980 2389 3078 2445 per
3100 2372 3463 2443 cogitationes
3495 2389 3690 2429 eorum
3716 2372 3867 2443 quasi

2273 2481 2304 2521 a
2326 2467 2507 2522 radice
2532 2481 2696 2536 opera
2722 2466 2962 2538 inspecta
2984 2466 3369 2535 reprobantur,
3394 2473 3457 2520 ut
3477 2473 3534 2520 et
3552 2473 3746 2521 noster
3762 2464 3871 2536 pri—

2274 2568 2453 2614 matus
2473 2573 2594 2613 cum
2617 2558 2792 2629 capite
2811 2555 3165 2630 gloriﬁcetur,
3191 2564 3355 2627 atque
3378 2570 3571 2612 eorum
3598 2555 3871 2627 philargy-

2276 2650 2358 2706 ria
2386 2653 2795 2706 condemnetur.
3591 2677 3617 2702 .

2354 2741 2472 2797 Jam
2502 2742 2760 2813 deinceps
2806 2740 2903 2797 Sin
2948 2741 3128 2797 littera
3156 2749 3347 2798 contra
3373 2754 3475 2797 nos
3504 2740 3641 2812 quid
3682 2740 3876 2797 aﬂ'erat

2274 2836 2393 2892 nari
2432 2836 2689 2901 lamento,
2715 2833 3180 2906 introspiciamus.

2352 3111 2560 3185 14⁸11
2577 3111 2615 3166 Α
2625 3109 3052 3176 udisti,Domine,
3067 3109 3263 3180 inquit,
3278 3080 3559 3180 opprobria
3573 3117 3763 3164 eorum
3776 3126 3880 3164 ous-

586 3199 688 3255 cob
738 3199 1031 3271 primatum
1100 3202 1491 3259 benedictionis
1557 3202 1776 3273 quietus
1845 3201 2166 3273 acquisivit,
2197 3201 2244 3266 C
2275 3221 2362 3260 nes
2377 3203 2714 3274 cogitationes
2732 3219 2933 3267 eorum,
2966 3201 3242 3256 adversum
3266 3217 3369 3255 me.
3397 3198 3565 3255 Labia
3590 3202 3877 3271 insurgen-

585 3292 729 3349 Esau
756 3308 886 3349 vero
915 3293 1258 3367 philargyria:
1296 3297 1537 3361 deditus,
1565 3297 1823 3367 perdidit.
1878 3296 1984 3352 Iste
2019 3312 2174 3351 nam-

584 3401 690 3456 que
716 3395 802 3443 est
835 3388 1134 3458 primatus,
1160 3389 1302 3459 quod
1342 3388 1451 3445 Res
1492 3389 1672 3445 littera
1711 3406 1906 3447 sonare
1939 3390 2170 3445 videtur.

587 3478 741 3535 Unde
768 3466 975 3552 singula
1014 3481 1261 3553 corporis
1288 3480 1531 3537 membra
1561 3484 1793 3555 gratiam
1833 3482 2025 3553 capitis
2051 3496 2173 3552 par-

586 3572 799 3642 ticipari
825 3573 1043 3640 debent,
1075 3582 1132 3630 et
1152 3574 1444 3645 primatum
1475 3576 1663 3647 gratia:
1689 3574 1970 3648 frugaliter
1991 3583 2175 3631 custo-

587 3663 738 3719 dire:
770 3673 1038 3735 quatenus
1059 3666 1127 3721 ad
1151 3666 1361 3738 singula
1383 3667 1577 3738 capitis
1599 3668 1843 3723 membra
1869 3667 2014 3738 vigor
2050 3681 2173 3737 per-

585 3757 784 3812 veniat.
810 3756 1062 3827 Alioquin
1109 3758 1226 3814 sine
1273 3758 1470 3814 decore
1511 3774 1631 3825 suo,
1657 3773 1857 3829 corpus
1898 3766 2174 3815 mortuum

579 3848 747 3920 jacet.
781 3850 839 3905 In
873 3850 1050 3920 capite
1072 3850 1273 3907 etenim
1303 3851 1490 3923 jugum
1517 3852 1667 3915 vitae,
1697 3851 1750 3905 in
1778 3850 1954 3920 capite
1976 3849 2175 3919 prima-

587 3950 672 3997 tus
716 3942 1045 3999 hzereditatis
1073 3952 1300 4008 nostrae.
1339 3944 1392 3999 in
1438 3944 1616 4015 capite
1650 3945 1821 4016 gratia
1862 3943 2171 3999 vetustatis.

586 4034 785 4101 Fertur
820 4037 964 4091 enim
990 4036 1212 4093 coluber
1252 4036 1467 4110 15.70
1505 4052 1629 4093 cum
1671 4046 1895 4108 urgetur
1918 4034 2176 4107 periculis

587 4135 749 4195 caput
786 4127 1117 4184 abscondere
1148 4143 1384 4199 semper,
1416 4138 1473 4183 et
1501 4129 1555 4183 in
1596 4130 1782 4184 orbem
1826 4144 1884 4184 se
1918 4128 2175 4199 colligere

585 4216 799 4286 objecta
836 4217 1044 4289 reliqua
1070 4227 1225 4290 parte
1249 4219 1514 4289 corporis.
1546 4218 1620 4273 Ita
1653 4220 1709 4273 et
1738 4219 1983 4274 membra
2019 4218 2175 4273 Chri-

584 4307 655 4363 sti
686 4317 867 4378 caput,
901 4310 1045 4381 quod
1069 4309 1320 4366 Christus
1348 4321 1452 4375 est,
1474 4310 1786 4367 custodiunt
1804 4318 1859 4365 et
1879 4310 2172 4381 primatum

585 4399 877 4456 observant
909 4400 1037 4471 quia
1064 4418 1076 4455 :
1104 4400 1164 4456 ln
1193 4401 1310 4471 ipso
1332 4401 1514 4456 omnia
1546 4410 1821 4468 constant,
1849 4410 1904 4455 et
1935 4402 2048 4471 ipse
2092 4408 2176 4456 est

585 4500 748 4563 caput
795 4493 1041 4563 corporis
1087 4493 1361 4549 Ecclesiae.
1407 4493 1521 4551 Hoc
1558 4495 1757 4566 quippe
1789 4494 1914 4565 quia
1953 4493 2173 4549 miseria

2274 3298 2405 3349 tium
2432 3293 2591 3359 milii,
2614 3303 2662 3347 et
2689 3292 3052 3347 meditationes
3088 3307 3272 3345 eorum
3316 3290 3598 3345 adversum
3639 3307 3724 3345 nte
3767 3301 3879 3345 tota

2273 3385 2377 3439 die.
2405 3384 2697 3439 Sessionem
2711 3400 2912 3449 eorum,
2936 3392 2984 3437 et
3002 3381 3435 3437 resurrectionem
3461 3381 3577 3436 uide
3601 3395 3620 3433 :
3641 3397 3741 3452 ego
3760 3399 3881 3436 ειιιι
3915 3405 3919 3408 ν

2254 3470 2257 3473 ’
2274 3476 2506 3547 psalmus
2534 3491 2734 3530 eorum.
2762 3473 2897 3528 Nam
2922 3473 3019 3530 Sin
3045 3482 3105 3528 ut
3132 3473 3471 3543 praemissum
3492 3480 3601 3538 est,
3634 3475 3879 3527 dentiam

2276 3566 2701 3637 interpretatur:
2736 3572 2873 3619 etut
2898 3564 2990 3619 alii
3030 3565 3238 3630 dicunt,
3281 3578 3445 3634 super
3475 3564 3685 3620 vulnus.
3724 3564 3875 3620 Den-

2276 3658 2410 3713 tium
2451 3657 2649 3728 quippe
2679 3656 2939 3711 adversus
2978 3654 3257 3711 Christum
3285 3656 3577 3727 opprobria
3607 3656 3884 3729 plangun-

2277 3760 2383 3806 tur.
2413 3749 2481 3804 Et
2510 3748 2793 3805 Psalmista
2819 3763 2835 3803 :
2865 3748 3057 3803 Dentes
3080 3765 3261 3803 eorum
3290 3765 3440 3802 arma
3460 3789 3474 3812 ,
3505 3758 3552 3802 et
3575 3751 3795 3819 sagittae
3832 3758 3883 3805 et

2275 3841 2457 3913 lingua
2483 3857 2663 3895 eorum
2697 3839 2904 3911 gladius
2943 3837 3329 3911 acutusszal.
3362 3839 3497 3910 va).
3525 3839 3775 3907 Quorum
3805 3841 3878 3895 la-

2275 3933 2363 3988 bia
2406 3932 2797 4003 insurgentium
2826 3939 3014 3986 contra
3056 3932 3342 3987 veritatem
3367 3973 3382 3997 ,
3427 3946 3494 3986 ac
3519 3932 3564 3986 si
3602 3931 3751 3986 labia
3784 3934 3885 3988 do-

2276 4023 2387 4079 losa
2411 4024 2464 4078 in
2496 4024 2660 4080 corde
2688 4030 2743 4079 et
2768 4024 2933 4079 corde
2953 4023 3120 4079 locuti
3141 4033 3286 4079 sunt.
3311 4022 3606 4094 Propterea
3632 4024 3885 4094 igituret

2278 4115 2445 4172 David
2471 4118 2572 4173 sub
2586 4118 2687 4171 hac
2707 4117 2919 4174 littera:
2948 4115 3243 4190 Principes,
3261 4119 3456 4189 inquit,
3478 4121 3744 4188 persecuti
3752 4130 3882 4176 sunt

2276 4228 2357 4267 me
2375 4210 2729 4284 gratisKPsal.
2751 4211 2963 4284 cxvtn),
2981 4222 3041 4268 nt
3056 4212 3568 4269 ostenderetiletum
3591 4212 3765 4282 hujus
3787 4214 3883 4271 lit-

2278 4312 2406 4359 terae
2433 4304 2575 4373 quod
2607 4318 2771 4372 super
2798 4303 2994 4359 vulnus
3018 4303 3235 4360 dicitur.
3272 4303 3410 4359 Nam
3436 4314 3493 4360 et
3517 4303 3644 4359 alibi
3673 4307 3887 4363 vatici-

2277 4396 2477 4459 nando,
2510 4410 2632 4449 cum
2652 4392 2789 4463 ejus,
2812 4395 2966 4465 quasi
2990 4394 3284 4467 Evangelio
3303 4395 3641 4453 describeret
3660 4398 3889 4467 passio-

2276 4502 2426 4553 nem,
2466 4487 2608 4542 inter
2632 4496 2831 4543 caetera
2868 4488 3022 4553 dicit,
3054 4503 3120 4544 ac
3141 4488 3186 4543 si
3217 4488 3284 4543 ad
3306 4487 3525 4544 Patrem
3551 4506 3565 4541 :
3599 4488 3886 4556 Quoniam

583 4586 799 4643 vivendi
827 4603 984 4643 usum
1011 4595 1068 4641 et
1111 4586 1342 4644 fructum
1375 4604 1482 4645 non
1510 4588 1751 4644 habebit.
1777 4589 1833 4643 ln
1863 4589 2058 4659 quibus
2084 4589 2171 4643 ni-
2197 4567 2252 4628 Ι)
2278 4598 2440 4652 quem
2474 4590 2530 4636 tu
2560 4582 2869 4654 percusisti,
2893 4583 3163 4653 persecuti
3185 4592 3328 4647 sunt,
3355 4593 3412 4640 et
3434 4599 3602 4655 super
3628 4584 3885 4643 dolorem

584 4681 783 4735 mirum
808 4679 979 4735 tribus
1006 4680 1253 4736 versibus
1274 4683 1457 4736 omnia
1481 4681 1777 4737 electorum
1817 4682 2039 4752 praemia
2076 4695 2173 4751 per

582 4779 748 4842 caput
766 4771 910 4841 quod
930 4769 1178 4827 Christus
1196 4780 1281 4827 est
1294 4770 1443 4826 Patri
1462 4772 1925 4836 commendantur,
1949 4770 2173 4841 ejusque

579 4860 785 4934 judicio
829 4863 1107 4933 redempta
1148 4871 1205 4918 et
1249 4861 1544 4932 iustiﬁcata
1596 4860 1912 4918 offeruntur.
1967 4862 2172 4918 Deinde

583 4969 715 5012 vero
742 4955 919 5011 omnis
946 4956 1204 5027 iniquitas
1230 4964 1287 5011 et
1313 4955 1467 5011 furor
1497 4956 1934 5020 adversantium,
1964 4955 2170 5027 cogita:-

583 5045 865 5117 tionesque
894 5048 1243 5117 reproborum
1271 5046 1723 5113 condemnantur,
1746 5055 1802 5102 et
1837 5042 1975 5102 mira
2008 5047 2171 5103 totius

584 5137 829 5208 corporis
873 5136 1073 5194 Christi
1112 5136 1293 5193 unitas
1343 5137 1679 5202 declaratur,
1735 5153 1856 5193 cum
1900 5136 2003 5192 sub
2037 5136 2170 5209 jugo

583 5229 827 5284 omnium
850 5230 1004 5300 quasi
1027 5230 1078 5284 in
1104 5243 1336 5301 persona
1362 5230 1555 5299 capitis
1581 5228 1693 5284 Deo
1715 5228 1863 5284 Patri
1890 5228 2173 5283 aufertur?

582 5319 916 5392 Redemptor,
941 5322 1115 5392 inquit
1146 5362 1161 5386 ,
1188 5322 1307 5376 vita:
1346 5337 1495 5386 mete,
1530 5320 1620 5377 ubi
1658 5320 1763 5375 alia
1793 5321 2171 5391 interpretatio

584 5416 750 5471 habet
788 5415 1051 5485 defensor.
1102 5417 1176 5471 Ex
1208 5432 1315 5487 quo
1353 5416 1559 5487 liquido
1582 5415 1917 5485 fostenditur,
1950 5425 2009 5470 ut
2035 5416 2167 5482 dixi,

584 5507 727 5579 quod
782 5506 1081 5579 redemptio
1120 5508 1382 5564 membris
1427 5508 1707 5581 congruit,
1751 5506 1992 5564 defensio
2043 5522 2172 5565 vero

584 5612 738 5666 atque
765 5598 1024 5653 membris
1049 5606 1103 5654 et
1139 5600 1302 5670 capiti
1328 5618 1340 5655 :
1374 5608 1639 5670 quatenus
1678 5599 1975 5668 redemptio
1997 5614 2062 5654 ac
2083 5598 2173 5655 de-

586 5691 761 5747 fensio
798 5693 964 5748 totius
1008 5709 1233 5750 summae
1273 5704 1473 5751 nostra:
1507 5696 1855 5761 salvationis,
1884 5711 1981 5767 per
2010 5694 2169 5750 Chri-

586 5796 731 5843 stum
754 5789 867 5845 Deo
886 5788 1034 5845 Patri
1059 5787 1336 5857 oﬂ'eratur,
1361 5798 1421 5844 ut
1439 5805 1535 5861 per
1560 5788 1856 5861 simplicem
1881 5787 1996 5859 ejus
2026 5805 2168 5845 mor-

2279 4675 2564 4731 vulnerum
2615 4689 2855 4731 meorum
2882 4676 3203 4732 addiderunt
3226 4673 3404 4745 (Psat.
3429 4679 3643 4749 vam).
3693 4676 3887 4750 Super

2279 4767 2520 4823 dolorem
2545 4782 2777 4838 namque
2800 4766 3044 4824 vulneris
3070 4767 3361 4836 addidisse,
3388 4778 3474 4825 est
3504 4771 3573 4824 de
3601 4769 3886 4826 medicina

2279 4872 2508 4920 mortem
2544 4864 2862 4935 sumpsisse.
2887 4863 3040 4920 Unde
3077 4864 3322 4935 apposita
3362 4873 3449 4919 est
3488 4864 3757 4933 iniquitas
3788 4864 3885 4920 Ju-

2278 4955 2520 5011 dzeorum
2568 4971 2731 5026 super
2769 4954 3114 5025 iniquitatem
3156 4955 3435 5025 ipsorum,
3488 4956 3559 5011 ob
3610 4955 3884 5014 duritiam

2276 5046 2457 5102 cordis
2484 5048 2747 5117 ipsorum,
2775 5062 2842 5102 ne
2865 5047 3130 5102 intrarent
3165 5048 3218 5101 in
3244 5048 3514 5119 justitiam
3539 5034 3883 5111 Deifetczo

2274 5149 2393 5198 tera
2420 5157 2541 5212 quae
2561 5142 2836 5197 dicuntur.
2860 5140 2927 5196 Et
2940 5142 3044 5198 hoc
3068 5158 3133 5197 ex
3157 5156 3296 5197 sono
3316 5141 3479 5212 hujus
3506 5140 3726 5207 littera,
3754 5159 3884 5215 qua:

2273 5248 2436 5304 super
2461 5232 2654 5287 vulnus
2686 5232 3073 5301 interpretatur
3103 5240 3281 5287 textus
3317 5231 3543 5287 lamenti
3569 5251 3583 5286 :
3613 5235 3886 5301 quoniam

2273 5340 2338 5379 ex
2368 5324 2636 5380 medicina
2660 5324 2795 5379 dura
2831 5331 3093 5379 curantur
3125 5323 3374 5379 vulnera.
3408 5323 3474 5378 lli
3504 5339 3633 5379 vero
3676 5338 3883 5396 super-

2274 5418 2618 5483 addiderunt,
2647 5417 2739 5488 qui
2782 5427 2837 5472 et
2877 5416 3019 5470 mala
3046 5417 3158 5487 {pro
3188 5416 3345 5472 bonis
3388 5416 3787 5481 reddiderunt,
3828 5425 3886 5473 et

2277 5512 2556 5583 perfidiam
2599 5529 2666 5568 ex
2714 5512 2818 5567 tide
2853 5512 3267 5567 vaticinantium
3310 5520 3679 5576 messuerunt,
3704 5522 3885 5584 atque

2276 5605 2516 5676 perﬁdia!
2547 5620 2657 5660 suae
2686 5606 2972 5661 homicidia
3002 5605 3416 5675 subjunxerunt.
3444 5606 3579 5673 Quae
3608 5607 3879 5661 nimirum

2276 5697 2416 5752 mala
2451 5697 3017 5763 consummatajustus
3050 5698 3275 5762 arbiter,
3300 5698 3456 5768 quasi
3488 5706 3881 5753 consummato

2269 5788 2493 5862 judicio,
2525 5791 2633 5846 Deo
2653 5789 2801 5844 Patri
2829 5788 3099 5864 puniendo
3127 5787 3305 5845 oﬂ'ert.
3337 5788 3691 5845 lncredulitas
3714 5802 3882 5847 nan-
