4078 6348
176 333 321 393 H93

907 334 1270 393 EXPOSI'I‘IO
1306 334 1376 392 1N
1407 332 1990 392 LAMENTATIONES
2025 334 2365 395 JEREMIAE.
2405 367 2476 380 -—
2514 336 2645 392 LIB.
2680 336 2768 393 Ill.

3323 339 3464 398 HN

177 459 288 518 que
314 461 504 502 eorum
528 448 723 503 vulnus
747 444 867 514 fuit,
911 464 1072 518 super
1103 449 1296 504 vulnus
1334 458 1515 504 autem
1544 449 1770 519 perﬁdia
1798 451 1848 511 A
1873 457 1929 505 et
1947 451 2154 521 gratiae,
2175 440 2266 522 qui
2283 450 2595 507 vulneribus
2611 452 2812 507 nostris
2831 452 3088 508 adhibeat
3111 453 3460 522 medicinam,

178 549 238 596 et
296 541 598 612 peremptio
671 541 904 596 Domini.
955 540 1128 596 Porro
1173 557 1338 612 super
1381 541 1594 605 vulnus,
1639 540 1770 609 quid

180 642 336 690 recte
388 633 492 688 nisi
535 634 988 690 medicamentum
1035 635 1345 704 apponitur,
1388 649 1495 704 quo
1529 633 1772 689 vulneris

180 727 457 783 acerbitas
487 727 792 798 mitigetur?
821 727 998 797 Super
1020 728 1216 783 vulnus
1251 728 1431 797 igitur
1454 727 1633 783 oleum
1685 728 1771 782 in-

175 820 456 887 funditur,
498 829 560 876 ut
583 820 760 877 omnis
785 821 1023 878 vulneris
1049 821 1322 877 molliatur
1347 819 1632 890 asperitas.
1663 818 1772 876 Su-

177 931 284 988 per
310 915 505 971 vulnus
541 915 830 986 malagma,
853 915 938 970 vel
970 915 1150 979 fibula,
1174 930 1340 985 super
1371 915 1566 971 vulnus
1585 915 1776 986 alliga-

180 1014 332 1072 tura,
349 1007 545 1077 quibus
564 1022 724 1063 omne
745 1007 940 1061 vulnus
957 1007 1220 1061 foveatur.
1243 1007 1350 1061 Sed
1372 1004 1427 1060 h'i
1453 1008 1518 1061 de
1540 1008 1776 1078 recipro-

175 1098 430 1160 catione,
460 1096 664 1165 rejecto
690 1097 1115 1160 medicamento,
1141 1111 1306 1165 super
1330 1095 1522 1151 vulnus
1549 1095 1774 1150 inﬁdeli-

179 1189 337 1252 tatis,
365 1187 647 1258 perﬁdiam
674 1186 776 1242 sibi
805 1196 861 1242 et
889 1194 1119 1242 mortem
1147 1186 1488 1252 addiderunt,
1533 1185 1691 1241 sicuti
1719 1194 1777 1241 et

177 1297 375 1338 omnes
405 1283 619 1352 reprobi
665 1298 728 1338 ex
759 1282 1017 1351 patientia
1059 1281 1152 1337 Dei
1187 1281 1364 1351 (Rom.
1396 1285 1478 1349 ιι).
1504 1281 1639 1337 Nam
1681 1282 1776 1338 bo-

177 1371 332 1427 nitas
357 1372 560 1428 Christi
588 1379 644 1426 et
668 1372 951 1441 patientia,
983 1386 1172 1426 omnes
1199 1372 1265 1426 ad
1294 1372 1668 1441 paenitentiam
1693 1371 1774 1426 in-

174 1465 340 1528 vitat,
391 1464 489 1535 ipsi
535 1480 666 1520 vero
704 1466 1003 1520 secundum
1053 1465 1307 1520 duritiam
1357 1465 1536 1520 cordis
1561 1479 1770 1530 eorum,

175 1558 559 1613 tliesaurizant
586 1559 688 1614 sibi
712 1560 848 1613 iram
885 1559 935 1612 in
962 1559 1047 1612 die
1070 1558 1163 1612 irae
1194 1567 1245 1612 ct
1271 1558 1616 1614 revelationis
1637 1557 1774 1628 justi

171 1648 368 1723 iudicii
391 1649 506 1704 Dei.
530 1647 588 1702 ln
613 1649 810 1718 quibus
830 1648 1073 1718 profecto
1096 1649 1361 1714 versibus,
1381 1649 1549 1702 Deum
1573 1647 1773 1718 ubique

174 1749 509 1812 praesentem
565 1742 802 1796 insinuat
845 1742 1000 1812 (Isai.
1053 1742 1118 1812 ι),
1157 1742 1241 1798 cui
1303 1751 1360 1797 et
1417 1743 1771 1812 cogitationes

178 1831 403 1904 1472
429 1840 484 1887 et
502 1832 879 1888 meditationes
906 1833 1087 1888 cordis
1113 1847 1297 1888 eorum
1335 1832 1592 1902 profectae
1630 1841 1774 1889 sunt.
1805 1821 1855 1881 B

174 1923 427 1986 Audisti.
451 1922 662 1991 inquit,
696 1924 974 1993 opprobria
1007 1932 1055 1976 et
1112 1939 1289 1976 omnes
1321 1924 1660 1992 cogitationes
1690 1940 1778 1978 eo-

172 2030 321 2066 rum.
355 2011 496 2080 Quia
528 2014 632 2068 hoc
661 2023 741 2068 est
775 2013 847 2067 illi
885 2014 1073 2069 audire
1098 2014 1241 2082 quod
1271 2021 1324 2067 et
1362 2014 1563 2078 videre,
1596 2014 1778 2070 videre

171 2119 310 2160 vero
338 2106 484 2174 quod
514 2113 568 2160 et
593 2099 947 2174 scire,'quem
979 2104 1122 2159 nulla
1161 2105 1331 2160 latere
1378 2113 1601 2175 queunt,
1631 2104 1777 2159 nulla

169 2196 578 2267 subterfugere.
599 2195 704 2250 Sed
734 2196 970 2266 reprobi.
994 2211 1056 2250 ex
1088 2196 1346 2266 patientia
1367 2195 1484 2261 Dei,
1509 2197 1660 2265 quasi
1687 2212 1777 2251 su-

167 2306 281 2363 per
307 2289 499 2345 vulnus
524 2289 734 2359 peccati
764 2290 817 2343 in
848 2288 1165 2358 poenitentia
1195 2289 1295 2343 sibi
1331 2273 1697 2344 thesaurizant
1722 2290 1775 2344 in

170 2384 272 2440 die
294 2384 408 2439 iraa.
433 2383 586 2440 Unde
611 2384 857 2454 sequitur
883 2401 896 2436 :
925 2381 1224 2438 Sessionem
1245 2399 1423 2437 eorum
1442 2392 1489 2436 et
1516 2399 1776 2436 resurrec-

166 2477 377 2531 tionem
401 2492 582 2530 eorum
603 2475 737 2540 vide,
763 2491 854 2544 ego
877 2491 991 2528 sum
1014 2472 1259 2528 Psalmus
1285 2491 1484 2528 eorum.
1508 2472 1775 2540 Quoniam

168 2566 492 2624 insultando
513 2576 567 2622 et
585 2565 968 2621 subsannando
990 2565 1220 2634 reprobe
1250 2578 1354 2619 non
1379 2564 1558 2620 minus
1585 2573 1776 2621 contra

167 2667 361 2731 caput,
398 2674 562 2730 quam
601 2667 653 2714 et
695 2667 887 2714 contra
929 2672 1128 2727 corpus
1155 2657 1404 2723 saeviunt,
1437 2657 1595 2727 quasi
1622 2657 1774 2727 pravi

165 2751 388 2822 iudices
415 2759 471 2806 et
515 2752 767 2806 doctores
811 2749 865 2804 in
895 2750 1158 2804 cathedra
1187 2749 1487 2806 residentes
1512 2749 1774 2821 pestileno

167 2844 291 2907 tiae,
315 2857 548 2912 quorum
566 2840 678 2910 jam
700 2840 879 2896 nullus
900 2838 1114 2896 fovetur
1133 2840 1515 2907 medicamine,
1537 2840 1629 2897 ubi
1651 2855 1776 2924 spes

167 2935 328 2990 nulla
363 2943 447 2989 est
475 2932 826 2989 refundendae
865 2929 1086 2996 salutis,
1129 2931 1254 3001 quia
1288 2931 1380 2987 ubi
1417 2945 1578 2988 omne
1613 2940 1774 3002 caput

165 3026 493 3097 languidum
517 3033 571 3081 et
589 3039 752 3080 omne
781 3039 876 3080 cor
897 3037 1156 3089 mcerens,
1189 3039 1219 3078 a
1244 3024 1448 3080 vertice
1473 3023 1667 3094 capitis
1687 3039 1766 3079 us-

166 3135 283 3191 que
313 3118 384 3172 ad
407 3116 864 3188 plantampedis,
897 3115 1042 3170 nulla
1091 3125 1175 3170 est
1210 3115 1267 3170 in
1295 3129 1361 3171 eo
1399 3115 1638 3181 sanitas,
1681 3115 1775 3170 ubi

1876 542 1968 611 qui
2011 541 2351 614 alligaturam
2395 544 2686 598 verborum
2727 544 3028 600 ccelestium
3069 561 3234 618 super
3266 547 3464 603 vulnus

1876 632 2118 702 imponat
2144 633 2379 706 15.73,
2417 635 2637 690 dicens:
2681 632 3049 690 Paenitentiam
3080 637 3236 707 agite,
3267 655 3462 708 appro-

1873 725 2051 796 quabit
2076 726 2213 780 enim
2241 741 2454 796 regnum
2477 724 2722 780 caelorum
2772 725 2987 798 (Matth.
3010 726 3105 796 Iv).
3131 726 3278 783 Bona
3303 729 3466 800 igitur

1876 814 2180 887 alligatura,
2203 833 2322 888 qua:
2348 817 2626 873 vulnerata
2657 827 2834 884 curat,
2865 818 3140 874 confracta
3165 820 3460 875 connectit.

1873 912 1943 968 Et
1979 914 2100 970 ideo
2143 929 2237 970 eos
2278 917 2540 985 propheta
2571 917 2670 971 sub
2714 917 2799 972 his
2830 917 3082 973 versibus
3114 917 3466 989 infatigabili-

1875 1011 1958 1058 ter
1983 1003 2213 1076 plangit,
2235 1006 2326 1075 qui
2359 1007 2508 1061 omni
2549 1015 2666 1062 arte
2689 1009 2944 1077 omnique
2982 1009 3197 1077 ingenio
3220 1049 3234 1072 ,
3271 1018 3466 1065 contra

1875 1093 2189 1160 Christum,
2225 1105 2522 1167 contraque
2574 1096 2690 1167 ejus
2730 1097 3029 1154 Ecclesiam
3071 1099 3468 1155 incessabiliter

1875 1187 2171 1243 desaeviunt
2194 1189 2592 1259 exprobrando,
2626 1191 2955 1253 meditando,
2989 1189 3252 1258 docendo,
3283 1191 3466 1246 insur-

1876 1280 2068 1351 gendo,
2103 1281 2179 1335 ita
2216 1291 2275 1335 ut
2308 1281 2443 1336 nihil
2485 1282 2557 1337 sit
2587 1282 2666 1337 eis
2709 1283 2810 1336 nisi
2850 1283 3097 1338 deridere
3135 1290 3190 1338 et
3238 1283 3468 1339 subsan-

1875 1387 2009 1427 nare
2035 1387 2149 1437 eos,
2179 1374 2268 1442 qui
2303 1373 2388 1442 pie
2414 1373 2602 1427 volunt
2623 1374 2675 1428 in
2699 1372 2914 1428 Christo
2936 1374 3138 1429 vivere.
3168 1372 3288 1428 Jam
3316 1373 3466 1428 dein-

1877 1480 2004 1535 ceps
2027 1465 2142 1520 Tau
2177 1466 2416 1521 litteram
2448 1474 2875 1536 perscrutemur,
2927 1474 2988 1521 ut
3028 1482 3096 1522 ex
3128 1467 3245 1536 ipsa
3269 1482 3468 1539 cogno-

1877 1573 2029 1614 scere
2059 1559 2330 1629 possimus
2358 1569 2418 1614 ut
2455 1561 2798 1615 exhortatum
2826 1570 2910 1616 est
2935 1563 3148 1631 verbis,
3178 1562 3308 1632 quid
3342 1577 3468 1633 per—

1877 1650 2249 1708 severantibus
2272 1650 2421 1721 justo
2446 1651 2541 1707 Dei
2563 1650 2767 1720 judicio
2792 1653 3068 1710 reddatur.

2553 1919 2563 1930 .
2597 1893 2719 1931 TAU.

1951 2073 2156 2129 Reddes
2190 2076 2286 2140 eis,
2315 2075 2512 2144 inquit,
2538 2075 2717 2143 vicem,
2735 2074 2974 2142 Domine,
2990 2079 3152 2148 juxta
3172 2096 3330 2150 opera
3355 2097 3468 2135 ma-

1880 2182 2042 2220 nuum
2059 2182 2296 2221 suarum.
2326 2165 2490 2220 Dabis
2511 2167 2584 2220 eis
2607 2177 2813 2220 scutum
2838 2169 3010 2222 cordis
3037 2168 3268 2224 laborem
3295 2181 3464 2225 tuum.

1879 2254 2217 2324 Persequeris
2264 2261 2318 2311 in
2349 2258 2530 2326 furore
2559 2267 2670 2323 tuo,
2702 2268 2750 2313 et
2795 2270 3028 2316 conteres
3054 2278 3140 2316 eos
3175 2264 3270 2316 sub
3302 2264 3464 2330 caelis,

1877 2349 2120 2405 Domine.
2150 2349 2284 2405 Nam
2310 2350 2422 2406 Tau
2443 2392 2459 2417 ,
2490 2360 2550 2406 ut
2593 2353 2828 2422 praetuli,
2860 2355 3011 2424 signa
3049 2355 3462 2427 interpretatur.

1873 2440 1948 2520 Et
1985 2441 2124 2498 alius
2161 2443 2454 2511 interpres,
2485 2441 2666 2509 voluit,
2707 2446 2919 2508 erravit,
2948 2445 3036 2500 vel
3065 2449 3464 2503 consummavit.

1877 2533 2082 2602 Quibus
2129 2535 2373 2605 profecto
2421 2536 2668 2592 sensibus
2699 2545 2848 2608 patet
2900 2536 3272 2608 intelligentia,
3322 2541 3467 2610 quod

1875 2628 2057 2684 omnia
2082 2628 2200 2684 haec
2232 2628 2284 2682 in
2314 2626 2547 2684 Threnis
2573 2627 2810 2682 lamenta
2841 2629 2995 2700 signa
3025 2639 3152 2685 sunt
3188 2639 3243 2685 et
3286 2640 3468 2686 osten-

1876 2722 2055 2778 siones
2099 2720 2423 2776 futurorum.
2472 2720 2627 2777 Unde
2678 2719 2965 2776 Psalmista
3017 2722 3133 2777 ait:
3179 2721 3467 2778 Ostendisti

1874 2811 2064 2884 populo
2091 2821 2180 2867 tuo
2217 2812 2372 2878 dura,
2395 2820 2443 2866 et
2474 2811 2662 2866 dedisti
2688 2812 3033 2867 metuentibus
3052 2821 3101 2868 te
3123 2799 3469 2884 signiﬁcatio-

1875 2889 2012 2968 nem,
2041 2911 2096 2957 ut
2135 2904 2341 2973 fugiant
2389 2919 2421 2957 a
2463 2903 2598 2972 facie
2631 2919 2786 2957 arcus
2815 2902 2988 2974 (Psal.
3029 2903 3163 2975 ιιι).
3202 2903 3308 2960 Sed
3338 2905 3467 2974 quia

1870 2995 2089 3066 reprobi
2111 2995 2402 3050 noluerunt
2438 2995 2890 3064 animadvertere,
2918 2994 3125 3052 Reddes
3149 2998 3244 3063 eis,
3268 2997 3463 3067 inquit,

1865 3085 2051 3146 ivicem,
2085 3083 2327 3150 Domine,
2349 3085 2513 3154 juxta
2542 3100 2700 3155 opera
2748 3101 3004 3140 manuum
3049 3104 3288 3142 suarum.
3326 3087 3467 3158 Ergo

165 3173 286 3268 non
318 3173 520 3280 portio,
550 3210 646 3267 sed
681 3173 1012 3267 universitas
1037 3211 1402 3282 periclitatur,
1443 3220 1498 3266 et
1538 3212 1772 3281 quadam
1800 3203 1846 3268 C
1877 3173 2360 3282 ’“d?i§,l’_"'““‘“
2410 3177 2584 3282 Y‘c‘i'“
2622 3176 2889 3282 fﬁdd‘ifm’
2927 3179 3052 3282 Qui?
3104 3177 3468 3282 irrefragabi,“

165 3305 462 3374 corruptio
502 3303 667 3360 totius
707 3303 954 3375 corporis
996 3303 1118 3358 tabe
1159 3303 1520 3358 consumitur.
1554 3302 1633 3359 lbi
1663 3319 1771 3358 non

164 3405 262 3453 est
280 3397 397 3467 jam
424 3395 692 3466 malagma
722 3395 1026 3465 imponere,
1052 3408 1232 3466 neque
1259 3393 1461 3460 oleum,
1490 3409 1666 3464 neque
1694 3393 1773 3447 alo

165 3489 492 3561 ligaturam,
537 3487 632 3543 sed
698 3501 861 3558 super
909 3485 1125 3551 vulnus,
1191 3485 1318 3555 quia
1360 3486 1772 3554 impoenitudine

164 3579 538 3643 consumitur,
587 3577 745 3650 plaga
801 3578 994 3634 mortis
1051 3577 1359 3648 apponitur.
1420 3577 1558 3632 Hinc
1608 3578 1774 3647 igitur

165 3671 519 3730 commodius
564 3678 650 3725 est
693 3669 888 3725 vulnus
924 3670 1126 3726 habere
1188 3669 1330 3739 quod
1388 3667 1573 3724 foveas
1613 3675 1774 3736 atque

163 3763 566 3834 constringas,
619 3777 784 3832 super
831 3763 974 3832 quod
1010 3761 1770 3827 medicamentumadhibeas,

163 3872 344 3929 quam
375 3856 493 3910 sine
520 3854 746 3910 vulnere
773 3869 923 3909 mors
951 3854 1005 3908 in
1043 3861 1156 3910 toto
1184 3861 1371 3923 serpat
1397 3853 1644 3908 interius.
1676 3851 1774 3908 Est

161 3961 415 4016 namque
457 3961 566 4002 non
613 3944 785 4001 solum
829 3943 1070 4015 corporis
1114 3943 1342 4008 vulnus,
1383 3958 1574 3997 verum
1604 3944 1770 3998 etiam

158 4041 411 4104 mentis,
459 4038 604 4108 quod
647 4037 768 4093 oleo
807 4036 984 4092 sancti
1033 4033 1270 4105 Spiritus
1316 4034 1583 4099 medetur,
1627 4033 1770 4103 quod

157 4133 518 4190 mollioribus
563 4130 793 4202 eloquiis
839 4139 893 4187 et
934 4128 1147 4200 pacifici
1199 4128 1466 4184 sermonis
1506 4127 1771 4184 suavitate

1876 3265 2039 3348 corde
2059 3265 2449 3331 obduruerunt,
2478 3274 2538 3321 ut
2562 3283 2589 3320 a
2620 3266 2724 3322 ﬁde
2751 3275 2806 3320 et
2834 3268 3067 3324 veritate
3095 3268 3324 3340 amplius
3353 3269 3468 3338 pel-

1873 3360 2137 3426 lerentur,
2169 3376 2235 3416 ue
2263 3363 2473 3431 possint
2516 3361 2721 3416 intrare
2763 3359 3030 3428 justitiam
3060 3361 3176 3427 Dei,
3210 3371 3265 3418 et
3293 3362 3465 3417 vitam

1875 3453 2065 3509 salutis
2105 3453 2529 3522 apprehendere.
2563 3451 2715 3506 Hanc
2742 3453 2917 3509 vicem
2950 3452 3097 3522 juste
3142 3454 3340 3524 quippe
3386 3453 3467 3510 eis

1876 3542 2178 3600 reddidisse
2204 3543 2348 3598 dolet
2382 3542 2680 3598 secundum
2711 3558 2876 3613 opera
2923 3559 3183 3599 manuum
3213 3560 3459 3612 suarum,

1876 3635 2003 3705 quia
2017 3635 2182 3688 vitam
2200 3642 2486 3705 postquam
2507 3643 2877 3704 peremerunt,
2894 3650 3170 3705 nunquam
3194 3635 3300 3690 nisi
3317 3651 3463 3691 mor-

1875 3737 1986 3784 tem
2034 3727 2333 3783 inveniunt.
2368 3727 2437 3781 Et
2463 3727 2566 3782 hoc
2619 3736 2703 3782 est
2749 3727 2896 3797 quod
2936 3726 3049 3783 Tau
3090 3727 3268 3783 littera
3299 3729 3466 3784 etiam

1874 3824 2066 3876 erravit
2108 3823 2512 3890 interpretatur.
2555 3821 2773 3876 Erravit
2803 3830 2986 3877 autem
3035 3838 3066 3876 a
3114 3822 3200 3877 via
3235 3823 3465 3893 populus

1874 3914 2205 3980 Iudaeorum,
2227 3923 2376 3969 errat
2401 3914 2566 3970 etiam
2600 3922 2656 3969 et
2677 3914 2856 3970 omnis
2884 3914 3234 3984 reproborum
3263 3923 3462 3981 costus,

1875 4019 2096 4081 propter
2141 4010 2397 4065 duritiam
2431 4017 2486 4062 et
2515 4007 2982 4078 impoenitudinem
3028 4009 3206 4064 cordis
3251 4023 3461 4063 eorum.

1875 4101 2104 4172 Propter
2141 4101 2286 4170 quod
2333 4108 2389 4155 et
2437 4099 2696 4154 Dominus
2749 4100 3145 4154 consummavit
3191 4100 3463 4171 justitiam

1876 4211 2050 4262 suam,
2076 4196 2182 4250 hoc
2211 4202 2267 4249 et
2301 4195 2472 4263 ipsam
2517 4192 2632 4247 Tau
2693 4193 2929 4247 litteram
2976 4208 3170 4248 sonare
3203 4193 3462 4248 diximus.

153 4236 421 4286 curatur.
478 4224 618 4281 Sunt
651 4224 795 4279 enim
865 4223 1104 4278 fomenta
1151 4221 1473 4284 verborum,
1537 4227 1663 4275 sunt
1715 4226 1772 4274 et

1875 4289 2013 4347 Hinc
2035 4304 2251 4362 quoque
2282 4289 2524 4360 estquod
2540 4287 2996 4359 sequiturzDabis
3011 4288 3086 4343 eis
3114 4299 3317 4343 scutum
3345 4305 3466 4342 cor-

153 4316 578 4377 medicamenta
627 4315 933 4372 caelestium
970 4320 1401 4382 praeceptorum,
1427 4311 1624 4382 quibus
1652 4326 1770 4367 om-

149 4429 240 4469 ne
292 4410 664 4479 nequitiam",
711 4408 863 4462 virus
915 4379 1169 4475 palm";
1215 4412 1272 4460 et
1317 4379 1604 4459 abolému,
1646 4417 1765 4457 ma-
1875 4383 1956 4438 dis
2003 4380 2232 4436 laborem
2269 4391 2432 4435 tuum.
2466 4380 2603 4446 Quia
2634 4379 2760 4479 dum
2785 4381 3055 4451 passionis
3088 4381 3291 4436 Christi
3318 4380 3466 4436 labo-

147 4502 330 4562 culae.
375 4471 517 4557 Sunt
538 4500 674 4570 legis
707 4471 954 4563 vincula,
986 4497 1184 4566 quibus
1210 4495 1383 4565 magis
1422 4493 1623 4564 alligati
1663 4493 1768 4548 sol-
1874 4489 1992 4570 {em
2017 4472 2292 4570 desiisnali
2335 4479 2461 4526 sum
2487 4471 2732 4570 νέυθῗθτί
2760 4480 2816 4525 εί
2841 4472 3090 4536 credere,
3121 4472 3276 4570 αυξξδί
3311 4487 3463 4570 (ῗυηῗ

143 4601 396 4657 vuntur,
417 4561 621 4663 quibus
637 4561 824 4644 collisa
853 4561 1099 4658 quaedam
1123 4561 1327 4641 Christi
1363 4561 1607 4640 membra
1638 4583 1770 4638 soli-
1797 4579 1852 4641 D
1875 4563 1997 4663 def“
2027 4561 2282 4663 _l"'b°'°m
2306 4576 2406 4630 pm
2428 4567 2583 4663 δξδυιθ
2628 4568 3036 4663 ίθξωθτυηίνλξθ
3064 4562 3462 4663 ρηεδίθθιίθηίδ

141 4651 396 4750 dantur,
416 4651 472 4741 et
486 4684 589 4739 hoc
599 4691 685 4738 est
699 4679 842 4751 quod
870 4651 1308 4750 praesenslittera
1325 4690 1521 4732 sonare
1531 4675 1764 4730 videtur.

1875 4652 2077 4723 spicula
2105 4668 2291 4707 eorum
2342 4651 2504 4706 corda
2539 4659 2906 4721 penetrarent.
2939 4651 3031 4708 Sic
3071 4654 3254 4724 itaque
3281 4662 3334 4707 et
3378 4669 3462 4708 re-

318 4741 423 4833 sub
461 4775 547 4831 his
593 4741 768 4828 tribus
803 4741 1055 4826 versibus
1094 4767 1468 4825 irrevocabilis
1512 4766 1770 4837 reprobo-

1875 4744 2048 4816 probi,
2079 4745 2207 4799 dum
2233 4759 2327 4798 cos
2370 4743 2466 4798 Dei
2497 4741 2758 4812 patientia
2797 4743 2866 4797 ad
2899 4743 3277 4812 paenitentiam
3324 4743 3460 4799 invi-

133 4833 294 4926 ]:um
329 4872 522 4922 contra
558 4863 835 4920 Christum
869 4869 925 4916 et
957 4859 1074 4928 ejus
1109 4857 1352 4915 membra
1377 4833 1589 4913 insania
1617 4857 1769 4927 plan-

1875 4845 1970 4902 tat,
2000 4842 2277 4906 opponunt
2302 4833 2404 4889 sibi
2430 4841 2642 4888 scutum
2663 4833 2845 4888 cordis
2872 4833 3119 4889 eamdem
3140 4834 3235 4890 Dei
3259 4834 3464 4904 patien-

130 4961 317 5034 Βίων
361 4956 516 5029 (ιη.
564 4956 748 5026 ΠΜ).
805 4969 872 5010 eo
904 4925 1049 5023 qugd
1089 4951 1357 5008 medicum
1409 4925 1764 5020 τερθιιεξηρε,
1871 4930 2027 4994 tiam,
2052 4927 2341 5034 quasinon
2362 4925 2545 5034 videat
2584 4925 2843 5034 dum‘diu
2875 4925 3210 5027 sustinet,.et
3244 4927 3463 5034 thesau-

125 5015 417 5111 (ζωηίυῶ
454 5015 764 5118 reieceruth
802 5015 1088 5101 vuln-erum
1130 5015 1489 5098 medicinam:
1529 5039 1765 5095 Medica-
1873 5023 2050 5118 ξξξίιηι
2083 5018 2388 5118 sibi)???»
2429 5026 2487 5071 υί
2514 5016 2806 5087 ΑΡοδιοιυδ
2855 5023 3118 5118 ξθξξδξξπλ
3146 5015 3460 5118 ξη-(ξίθξνπ

123 5151 419 5204 mentum
456 5106 621 5212 igitur
658 5153 820 5209 super
851 5136 1046 5191 vulnus
1073 5142 1177 5200 est,
1209 5133 1337 5204 quia
1380 5132 1624 5187 medicus
1653 5131 1766 5200 ipse

1875 5113 2051 5186 (Rom.
2069 5111 2152 5183 ιι).
2178 5109 2440 5166 Tenditur
2464 5117 2646 5165 autem
2667 5125 2826 5165 arcus
2849 5108 3058 5178 judicii,
3085 5106 3301 5181 1474
3329 5108 3457 5163 dum

123 5235 440 5296 Dominus
453 5232 710 5298 Jesus,ut
736 5230 962 5286 vulnera
982 5236 1201 5284 curaret
1220 5233 1431 5292 nostra,
1462 5223 1662 5279 infudit
1687 5223 1768 5277 vi-

1875 5204 1990 5274 ejus
2029 5203 2289 5274 patientia
2346 5202 2716 5273 prolongatur.
2782 5200 2887 5255 Sed
2938 5201 2994 5255 hi
3052 5200 3306 5255 duritiam
3353 5200 3458 5254 sibi

121 5292 301 5391 ;nnm
327 5337 388 5384 et
407 5292 762 5397 oleumsuper
782 5339 906 5380 eum
927 5361 952 5391 ,λ
970 5322 1062 5392 qui
1091 5319 1383 5377 semivivus
1424 5319 1480 5373 in
1503 5317 1590 5372 via
1616 5315 1768 5387 jace-
1873 5296 2720 5397 melfilldunlLetIescusationes
2768 5292 2969 5394 varias,
3009 5307 3084 5394 ne
3128 5294 3291 5397 verba
3331 5293 3458 5397 vita:

110 5384 260 5486 1:31
291 5421 536 5486 relictus,
563 5429 618 5476 et
631 5384 856 5489 alligans
875 5384 1096 5470 vulnera
1120 5414 1258 5485 ejus,
1283 5412 1555 5468 commisit
1583 5384 1769 5466 stabu-

1875 5389 2188 5461 suscipiant.
2222 5388 2299 5443 Eo
2326 5388 2490 5460 igitur
2519 5387 2585 5440 ad
2611 5400 2670 5440 se
2711 5384 2942 5440 transire
2974 5384 3090 5454 ejus
3120 5384 3458 5452 praedicatio-

110 5524 202 5579 la
215 5518 310 5574 rio
338 5515 435 5586 qui
469 5528 658 5568 curam
689 5472 834 5567 illius
863 5517 1066 5581 ageret.
1084 5507 1290 5563 Caveat
1324 5521 1454 5577 ergo
1478 5505 1770 5574 unusquis-
1872 5484 2171 5588 "isp've'ba
2220 5497 2327 5588 ηοη
2381 5472 3456 5588 Ρξδιίξξίξξῗξίξλίξῗῖξ¹¹¹ἰξηξδ¹ξίξξ³ξξλξ⁵ξ

103 5565 299 5687 ἔξω,
336 5565 409 5662 ,ξε
439 5604 509 5660 ab
550 5602 855 5660 Jerusalem
897 5565 954 5655 ᾗ]
999 5598 1274 5671 peccando
1300 5565 1612 5661 des‘éendat,
1657 5595 1767 5650 ίιηο
1871 5577 2140 5634 sustinere
2163 5571 2426 5687 usquead
2456 5581 2685 5687 mqrtem
2714 5567 2962 5687 vid'erint:
2993 5566 3146 5687 Quod
3170 5575 3224 5671 et
3252 5565 3455 5621 Judaais

99 5661 386 5766 :n—teritis
432 5698 692 5754 ascendat
729 5695 798 5750 ad
832 5661 1019 5748 illam:
1049 5691 1203 5759 Quod
1230 5692 1274 5749 si
1311 5688 1596 5760 contigerit
1640 5703 1764 5758 pec-
1870 5670 2132 5767 {memisse
2179 5667 2443 5738 Propheta
2489 5662 2712 5767 Plangil’
2757 5662 2897 5767 flii!"
2946 5661 3051 5767 ipsi
3237 5669 3452 5715 δουῑυηι

91 5753 652 5864 ἒξέζῄευειοὸθῐη
673 5791 939 5846 habemus
960 5753 1294 5851 oris'uostri,
1324 5753 1598 5839 custddcm
1630 5753 1762 5852 legis
1869 5765 2081 5821 (ιυτίῑίω
2107 5770 2410 5834 opponunt;
2456 5757 2581 5828 quia
2631 5755 2911 5811 πηοΐίίηοιη
2946 5753 3246 5864 θίξξοῆιίιιηι
3292 5767 3452 5822 quem

495 5844 768 5947 i»".‘......
827 5882 1024 5944 cxx.
1283 5844 1292 5851 ’
1682 5844 1707 5852 ν
3009 5844 3085 5904 ³⁸
