4078 6348
206 226 347 285 H97

939 220 1301 282 sxrosrrto
1336 220 1404 278 IN
1441 188 2018 277 LAMEN'fATIONEs
2055 213 2393 273 tensum.
2415 245 2486 257 -
2513 216 2638 272 LIB.
2664 193 2769 273 iv.

3343 220 3481 279 H98

204 340 378 397 tiam:
407 348 677 411 quatenus
703 337 817 408 ejus
843 338 990 411 signa
1024 348 1265 395 metuere
1289 337 1587 411 possimus,
1627 334 1795 406 potati
1826 341 1873 401 Α
1903 339 1957 388 et
2010 334 2404 389 consummatio
2448 333 2608 405 hujus
2654 332 2944 404 alphabeti,
2979 334 3197 390 ﬁniatur
3247 344 3298 390 et
3348 335 3485 392 libcr

204 430 335 485 vino
376 428 825 500 compunotionis,
852 438 907 485 ct
951 427 1146 485 deﬂere
1191 428 1330 483 mala
1359 443 1477 498 quae
1504 426 1785 499 gessimus.

206 523 415 592 Quibus
462 523 537 577 ita
586 521 880 592 praemissis
905 562 920 586 ,
963 522 1088 592 quia
1131 521 1255 576 finis
1305 529 1390 576 est
1434 519 1549 575 Tau
1587 518 1790 586 littera,

1902 424 2093 480 tertius
2133 426 2449 481 earumdem
2489 424 2959 482 Lamentationum
3007 429 3358 499 expositionis
3396 427 3485 483 ﬂc-

1901 517 2044 576 tibus
2072 518 2408 590 relegendus.

208 667 3481 696 Mm

1202 788 1414 864 1477
1450 774 1886 851 PROLOGUS
1929 786 2140 849 LIBRI
2183 786 2507 862 QUARTI.

277 1029 479 1086 Tribus
526 1025 771 1083 decursis
829 1025 882 1079 in
938 1022 1440 1080 Lamentationibus
1486 1022 1793 1080 litterarum

203 1120 527 1194 alphabetis,
572 1123 820 1187 superest
857 1122 919 1169 ut
956 1125 1206 1185 quartum
1230 1114 1514 1185 quadrato
1551 1114 1795 1185 mysticae

203 1211 624 1286 signiﬁcationis
667 1223 1050 1265 recenseamus
1092 1223 1343 1274 numero,
1380 1207 1633 1279 quoniam
1677 1223 1793 1263 ma-

204 1307 417 1364 terialis
435 1314 521 1361 est
546 1319 562 1360 :
595 1311 657 1358 ut
674 1317 743 1358 ex
770 1302 889 1372 ipso
929 1301 1280 1358 conﬁciamus
1318 1301 1501 1355 omnia
1528 1299 1790 1355 virtutum

204 1406 548 1454 ornamenta.
578 1394 870 1449 Materialis
891 1393 1132 1463 quidem,
1156 1393 1285 1463 quia
1306 1393 1468 1448 homo
1484 1400 1541 1447 et
1556 1391 1790 1447 mundus

202 1495 443 1558 quatuor
494 1492 708 1541 constat
748 1483 1033 1538 elementis
1086 1492 1440 1551 compactus;
1477 1481 1797 1547 materialis,

202 1580 334 1651 quia
362 1578 512 1634 nulla
545 1575 922 1645 temporalium
963 1574 1068 1630 nisi
1089 1589 1155 1630 ex
1181 1581 1416 1644 quatuor
1443 1581 1657 1629 constat
1688 1590 1700 1625 :
1734 1581 1795 1627 ut

1902 1028 2137 1090 quatuor
2164 1019 2447 1076 elementis
2477 1020 2676 1091 quibus
2717 1021 3085 1088 subsistimus,
3129 1024 3359 1084 interius
3387 1044 3484 1084 ex-

1901 1112 2140 1169 teriusve
2187 1112 2567 1183 delinquimus,
2617 1111 2824 1183 justum
2864 1114 2986 1182 fuit,
3035 1125 3095 1172 ut
3142 1118 3242 1173 sub
3285 1121 3481 1177 eodem

1901 1216 2128 1258 numero
2170 1217 2276 1257 una
2304 1218 2428 1258 cum
2474 1204 2738 1274 propheta
2785 1204 3100 1274 deﬂeamus,
3132 1218 3187 1264 et
3230 1214 3383 1281 quasi
3415 1230 3484 1269 ex

1900 1296 2170 1352 materiali
2218 1312 2445 1353 numero
2499 1307 2748 1353 nostrum
2804 1299 3032 1356 interius
3087 1301 3360 1359 hominem
3415 1307 3482 1364 ad

1900 1387 2196 1444 novitatem
2228 1388 2351 1444 vita:
2376 1386 2590 1445 ﬂetibus
2624 1403 2955 1460 reparemus,
2989 1408 3148 1462 quem
3173 1397 3328 1452 vanis
3355 1413 3485 1453 con-

1900 1480 2354 1550 cupiscentiarum
2409 1481 2621 1551 gaudiis
2665 1482 3027 1553 corrupimus.
3070 1482 3209 1541 Sunt
3253 1488 3482 1561 etenim,

1901 1570 1976 1625 mi
2009 1569 2180 1626 frater
2210 1580 2266 1625 et
2302 1586 2598 1637 consenex,
2629 1581 2861 1641 quatuor
2896 1573 3215 1633 aﬂlictiones
3244 1592 3479 1645 morum,

202 1679 338 1741 puta
373 1677 610 1738 quatuor
636 1682 821 1723 rerum
846 1666 1092 1721 omnium
1137 1663 1511 1733 temporalium
1551 1664 1795 1718 elemen-
1822 1657 1872 1718 B
1900 1662 2099 1731 quibus
2126 1660 2367 1731 praefata:
2395 1674 2631 1732 quatuor
2666 1665 2832 1720 animi
2863 1667 3036 1722 nostri
3059 1678 3484 1740 corrumpuntur

206 1759 281 1814 tis
318 1765 556 1829 quatuor
604 1766 661 1813 et
698 1756 892 1828 plagis.
923 1755 1016 1812 Sic
1058 1764 1113 1810 et
1146 1764 1281 1811 natas
1327 1754 1507 1811 saeculi
1558 1763 1795 1826 quatuor

202 1857 424 1906 constat
460 1847 811 1919 temporibus.
863 1846 1159 1904 Materialis
1199 1861 1327 1917 ergo
1362 1846 1464 1901 iste
1509 1861 1792 1913 numerus,

202 1938 375 1995 etiam
396 1939 736 2008 conquadrat
764 1938 947 1994 omnia
972 1945 1034 1993 ut
1059 1937 1397 1993 subsistant:
1421 1938 1550 2008 quia
1588 1938 1794 1993 solidus

209 2037 300 2085 est
331 2039 389 2085 et
433 2030 770 2100 quadratus:
812 2044 1001 2085 verum
1047 2044 1153 2085 non
1203 2028 1539 2095 materialia,
1595 2029 1691 2085 sed
1737 2038 1793 2085 et

214 2122 482 2178 calestia.
514 2122 668 2179 Unde
693 2138 816 2178 cum
845 2138 1012 2177 unum
1060 2121 1135 2177 sit
1161 2121 1532 2193 Evangelium,
1559 2132 1797 2192 quatuor

210 2212 564 2283 evangelista
606 2212 877 2283 leguntur.
908 2213 1151 2280 Quatuor
1177 2221 1233 2269 et
1256 2212 1487 2267 virtutes
1514 2212 1795 2284 generales

205 2312 603 2370 numerantur,
650 2319 719 2359 ex
762 2304 959 2374 quibus
1011 2303 1232 2372 reliqua:
1277 2318 1468 2358 omnes
1510 2303 1792 2370 oriuntur,

210 2395 376 2464 quasi
408 2410 474 2449 ex
506 2405 741 2465 quatuor
761 2396 999 2467 paradisi
1026 2395 1359 2462 ﬂuminibus,
1383 2402 1446 2450 ut
1472 2394 1656 2452 omnia
1683 2394 1795 2450 vir-

210 2496 391 2543 tutum
429 2490 636 2545 semina
662 2490 883 2546 uberius
924 2491 1240 2562 irrigantur.
1282 2488 1353 2544 Et
1379 2488 1505 2560 quia
1561 2489 1662 2544 sub
1706 2487 1797 2543 his

1897 1753 2147 1808 virtutes.
2179 1750 2248 1808 El
2278 1754 2401 1809 ideo
2432 1766 2578 1811 recte
2605 1757 2879 1826 provisum
2907 1768 2992 1814 est
3017 1762 3118 1816 sub
3134 1761 3219 1817 his
3245 1772 3481 1833 quatuor

1899 1845 2223 1915 alphabetis,
2258 1853 2427 1901 totum
2475 1848 2747 1903 hominem
2788 1849 3017 1906 interius
3053 1853 3360 1908 exteriusve
3388 1853 3481 1908 de-

1895 1933 2027 1991 ﬂere
2055 1936 2252 1991 debere
2283 1933 2457 2007 (Psal.
2494 1938 2734 2009 cxxxvr),
2766 1947 2822 1995 et
2842 1941 2910 1995 ad
2938 1941 3304 2011 integritatem
3338 1958 3481 1998 verae

1898 2028 2263 2093 dilatationis,
2316 2039 2502 2086 nostra
2553 2033 2733 2086 omnia
2779 2031 3035 2105 lacrymis
3059 2034 3140 2103 ve!
3190 2035 3485 2106 gemitibus

1900 2128 2207 2175 restaurare
2241 2121 2348 2176 :ita
2380 2130 2437 2176 ut
2456 2122 2680 2193 singulis
2702 2123 2864 2179 rebus
2883 2139 3095 2179 morum
3124 2140 3484 2195 corporumve

1870 2211 2106 2274 ,vitiatis
2133 2252 2148 2277 ,
2198 2213 2408 2284 singula
2457 2224 2796 2285 Opponantur
2843 2217 3148 2274 litterarum
3198 2219 3480 2275 lamenta:

1902 2302 2088 2372 sicque
2117 2318 2278 2374 super
2318 2303 2537 2360 ﬂumina
2569 2305 2857 2378 Babylonis
2882 2310 3122 2376 abducti,
3153 2318 3339 2367 nostra
3368 2309 3478 2365 sol-

1904 2405 2068 2451 vatur
2110 2398 2422 2467 captivitas,
2461 2408 2514 2455 et
2562 2401 2820 2457 reddatur
2851 2410 3050 2459 nostrae
3081 2401 3222 2460 Sion
3272 2416 3398 2457 vera
3427 2402 3483 2456 in

1903 2476 2121 2545 Christo
2146 2488 2391 2546 libertas.

202 2618 3466 2644 ww

1420 2751 1724 2830 LIBER
1780 2683 2303 2845 QUARTUS.

900 3008 1094 3052 ALEPB.

283 3086 502 3163 1478
515 3084 788 3152 Quomodo
812 3083 1147 3139 obscuratum
1161 3089 1237 3137 est
1258 3098 1470 3149 aurum,
1492 3081 1800 3139 immutatus

200 3198 282 3243 est
317 3185 463 3239 color
513 3182 757 3252 optimus.
790 3178 1025 3250 Dispersi
1050 3185 1171 3232 sunt
1195 3175 1395 3247 lapides
1420 3176 1714 3231 sanctuarii
1742 3175 1800 3231 in

202 3279 381 3348 capite
409 3274 643 3329 omnium
670 3270 986 3343 platearum.
1010 3269 1116 3324 Per
1144 3283 1335 3323 aurum
1350 3283 1583 3338 namque
1603 3269 1798 3323 obscu-

204 3380 411 3433 ratum,
440 3365 706 3436 propheta
744 3359 1053 3417 Judaeorum
1085 3359 1293 3432 plangit
1319 3357 1603 3429 perﬁdiam
1631 3377 1643 3412 :
1670 3361 1797 3429 quia

202 3462 264 3517 in
289 3461 373 3517 eis
425 3458 678 3527 antiquus
735 3454 825 3510 ille
876 3453 1001 3509 ﬁdei
1038 3452 1223 3525 vigor,
1265 3460 1429 3523 atque
1473 3452 1798 3509 innocentia:

203 3549 487 3622 splendor,
525 3548 813 3618 ingruente
855 3542 1081 3616 perﬁdia
1134 3536 1355 3599 malitia:
1401 3559 1461 3600 se
1508 3552 1667 3599 nocte
1717 3544 1798 3599 fu-

203 3643 420 3701 scavit:
453 3651 508 3696 et
533 3640 635 3710 ipsi
664 3635 902 3708 dispersi
948 3642 1092 3701 sunt,
1125 3650 1233 3690 non
1287 3634 1460 3691 solum
1487 3649 1587 3704 per
1613 3634 1797 3689 omnia

201 3732 471 3790 vanitatis
524 3728 763 3801 negotia,
794 3741 986 3782 verum
1026 3724 1193 3781 etiam
1249 3739 1421 3795 usque
1471 3725 1539 3780 ad
1581 3734 1797 3781 exteras

198 3828 463 3885 nationes
487 3823 636 3879 ducti
667 3828 793 3878 sunt
832 3820 886 3875 in
918 3819 1287 3890 captivitatem
1316 3837 1330 3873 :
1377 3827 1432 3874 et
1476 3827 1646 3884 recte,
1671 3819 1797 3888 quia

200 3933 309 3991 per
336 3914 489 3987 prius
533 3911 751 3984 publica
778 3909 961 3966 saeculi
1003 3908 1254 3981 negotia,
1298 3906 1524 3979 dispersi
1571 3917 1697 3963 sunt
1742 3908 1797 3962 in

202 4009 389 4080 capite
410 4006 654 4063 omnium
680 4004 1004 4076 platearum,
1052 4001 1217 4056 latam
1263 3999 1470 4056 scilicet
1507 4010 1562 4056 et
1596 4001 1799 4071 spatio-

201 4114 327 4156 sam
374 4104 691 4168 appetentes
734 4092 923 4149 mundi
951 4092 1142 4147 vitam.
1196 4089 1408 4148 Iustum
1455 4091 1654 4161 quippe
1674 4090 1796 4158 fuit,

201 4193 336 4265 quia
373 4189 695 4260 expulerunt
722 4187 788 4241 de
826 4184 1139 4240 sanctuario
1169 4182 1267 4238 Dei
1292 4183 1360 4237 ad
1401 4181 1664 4237 nefandos
1694 4196 1797 4237 sae-

198 4285 317 4344 culi
338 4293 517 4349 actus,
548 4292 609 4337 ut
630 4280 960 4353 pellerentur
984 4296 1015 4333 a
1031 4280 1136 4334 ﬁde
1158 4278 1212 4332 in
1245 4276 1528 4348 perﬁdiam
1555 4294 1568 4330 :
1596 4284 1653 4331 et
1676 4276 1799 4330 inde

1826 3007 1872 3072 ο
1904 2990 2225 3047 delictorum
2256 2997 2310 3044 et
2328 2987 2568 3058 perﬁdiae
2605 2988 3046 3059 inquinamentis.
3082 2989 3347 3049 Caeterum
3370 3010 3487 3067 my-

1905 3082 2041 3138 stice
2081 3079 2283 3136 Christi
2323 3079 2563 3135 Ecclesia
2610 3078 2828 3151 plorans
2870 3097 2971 3152 pro
3004 3084 3136 3149 suis,
3184 3098 3248 3139 ac
3289 3084 3478 3155 lugens

1905 3174 2034 3229 dicit
2068 3192 2081 3227 :
2115 3172 2386 3239 Quomodo
2425 3174 2761 3228 obscuratum
2790 3183 2867 3236 est
2910 3191 3120 3230 aurum.
3153 3176 3257 3231 Per
3280 3193 3474 3233 aurum

1905 3281 2140 3337 namque
2166 3267 2514 3321 obscuratum
2540 3266 2825 3337 reprobam
2850 3267 3143 3323 electorum
3175 3284 3268 3322 seu
3304 3284 3488 3325 sacer-

1904 3354 2089 3409 dotum
2129 3354 2214 3409 vel
2264 3354 2636 3409 ministrorum
2670 3354 2764 3409 Dei
2818 3354 2873 3411 in
2929 3357 3157 3413 diversis
3206 3359 3487 3415 ordinibus

1903 3445 2150 3517 deplorat
2172 3445 2362 3511 vitam,
2389 3446 2660 3515 quondam
2691 3462 2787 3516 per
2819 3446 3046 3519 gloriam
3077 3449 3338 3504 virtutum
3371 3450 3487 3505 cla-

1903 3553 2041 3602 ram,
2066 3551 2210 3592 nunc
2244 3551 2375 3592 vero
2398 3550 2497 3606 per
2535 3538 2782 3593 actiones
2814 3538 3028 3595 inﬁmas
3054 3551 3107 3596 et
3148 3542 3362 3613 negotia
3388 3557 3488 3597 see—

1901 3629 2010 3686 culi
2051 3632 2435 3686 obscuratam:
2469 3645 2533 3687 ac
2585 3632 2779 3687 deinde
2823 3633 2974 3688 color
3027 3635 3265 3705 optimus
3310 3634 3489 3691 fertur

1900 3719 2241 3788 immutatus,
2272 3722 2398 3792 quia
2429 3721 2518 3776 ille
2555 3723 2860 3779 sanctitatis
2896 3734 3093 3780 nostra:
3143 3724 3358 3799 1479
3384 3727 3485 3781 ha-

1899 3813 2066 3881 bitus,
2097 3829 2196 3885 per
2222 3823 2439 3870 terrena
2466 3822 2522 3871 et
2559 3815 2769 3885 abiecta
2809 3819 3095 3888 praesentis
3137 3821 3263 3875 vitae
3293 3834 3485 3890 opera,

1902 3905 1970 3960 ad
2004 3905 2351 3977 ignominiam
2375 3906 2735 3977 despectionis
2760 3908 2930 3964 venit.
2965 3906 3119 3964 Unde
3158 3909 3344 3966 felices
3382 3911 3484 3978 illi,

1900 4014 2037 4068 quos
2093 4006 2350 4069 tanquam
2393 4014 2585 4055 aurum
2629 3999 2682 4053 in
2740 3999 2962 4057 fornace
3013 4001 3377 4058 tribulationis
3432 4010 3489 4059 et

1902 4091 2166 4163 angustiae
2193 4090 2448 4162 probavit
2489 4091 2771 4161 Dominus,
2813 4103 2869 4149 et
2906 4094 3061 4165 quasi
3112 4095 3485 4151 holocaustum

1903 4183 2110 4254 accepit
2170 4182 2309 4239 illos.
2353 4183 2462 4241 Nos
2512 4200 2642 4241 vero
2695 4186 2914 4254 miseri,
2965 4202 3100 4257 quos
3149 4188 3487 4259 prosperitas

1902 4275 2084 4331 szeculi
2129 4284 2291 4347 atque
2322 4277 2721 4333 oblectamenta
2761 4292 3020 4333 vanarum
3056 4292 3239 4335 rerum
3274 4281 3342 4334 ad
3366 4285 3485 4334 tan-

199 4377 266 4433 in
296 4374 674 4444 captivitatem
701 4379 762 4426 ut
790 4370 1047 4435 diximus,
1078 4383 1249 4438 usque
1290 4367 1358 4422 ad
1387 4374 1603 4422 exteras
1631 4374 1688 4421 et
1711 4380 1799 4420 re-
1827 4370 1880 4431 D
1906 4377 2018 4424 tam
2053 4368 2371 4425 dilectorum
2418 4370 2721 4441 perduxere
2768 4369 3180 4439 obscuritatem,
3212 4379 3267 4426 et
3306 4371 3486 4428 vilita-

196 4468 412 4542 probas
453 4464 696 4536 gentium
751 4462 1025 4518 nationes.
1074 4459 1207 4527 Quae
1252 4458 1509 4513 nimirum
1538 4472 1646 4512 vox
1690 4471 1798 4512 non

200 4558 395 4613 minus
424 4554 657 4611 dolentis
697 4560 800 4619 est,
848 4567 1012 4623 quam
1052 4558 1107 4606 et
1148 4549 1503 4620 increpantis,
1549 4547 1709 4604 sicuti
1746 4556 1802 4603 et

200 4650 302 4706 illa
330 4662 443 4718 qua
462 4644 689 4703 dicitur:
721 4643 997 4711 Quomodo
1018 4642 1159 4697 sedet
1189 4640 1303 4696 sola
1330 4641 1531 4695 civitas.
1552 4638 1666 4696 Sub
1691 4654 1798 4709 qua

196 4740 462 4815 profecto
494 4752 651 4802 voce,
688 4734 996 4791 Iudaeorum
1031 4733 1229 4789 duritia
1257 4732 1562 4804 plangitur:
1595 4746 1660 4786 ex
1685 4728 1802 4800 qui-

200 4835 315 4890 bus
361 4830 577 4896 Patres,
631 4827 955 4900 patriarcha:
1020 4834 1185 4896 atque
1253 4825 1533 4896 prophetas
1594 4823 1797 4895 repulsi

200 4933 363 4991 sunt,
394 4924 552 4995 quasi
591 4936 783 4977 aurum
812 4929 868 4975 et
895 4918 1100 4989 lapides
1126 4915 1506 4987 pretiosissimi
1550 4914 1606 4969 in
1639 4929 1798 4970 sanc-

201 5018 397 5089 tuario
435 5013 553 5081 Dei,
593 5011 699 5067 ﬁde
742 5020 905 5082 atque
953 5009 1208 5080 operibus
1236 5007 1524 5065 clarissimi
1554 5024 1567 5061 :
1592 5007 1687 5062 sed
1714 5021 1800 5062 re-
1838 5012 1845 5018 ‘

201 5107 374 5183 probi
418 5121 483 5161 ac
520 5104 817 5176 degeneres
850 5102 997 5169 facti,
1038 5108 1267 5173 prepter
1316 5100 1572 5155 duritiam
1621 5099 1800 5154 cordis

200 5211 431 5263 eorum,
477 5195 697 5252 Christo
741 5193 1083 5258 adveniente,
1134 5190 1381 5247 conversi
1410 5197 1538 5244 sunt
1567 5188 1634 5243 ad
1679 5203 1801 5260 per-

201 5291 425 5347 fidiam.
496 5287 648 5345 Unde
713 5302 943 5344 cernens
989 5300 1083 5341 eos
1128 5284 1392 5356 propheta
1441 5281 1692 5339 sordibus
1744 5289 1802 5338 et

198 5381 328 5437 vita
388 5379 709 5451 degenerari
764 5376 1017 5447 objurgat
1069 5385 1126 5431 et
1193 5374 1400 5445 plangit
1453 5392 1467 5428 :
1524 5371 1799 5453 Quomodo

200 5470 556 5526 obscuratum
609 5478 685 5524 est
736 5483 927 5523 aurum
956 5508 971 5535 ,
1047 5476 1280 5522 mutatus
1340 5475 1412 5520 est
1472 5460 1618 5520 color
1670 5462 1803 5536 opti-

200 5579 335 5617 mus
360 5562 387 5615 7
434 5560 641 5617 Aurum
685 5561 884 5634 quippe
931 5566 1089 5616 erant
1125 5566 1347 5631 propter
1385 5557 1631 5613 notitiam
1674 5555 1802 5625 Dei,

201 5665 271 5714 et
303 5664 561 5725 naturam
585 5655 1018 5728 patriarcharum
1051 5672 1063 5709 :
1094 5650 1369 5711 obscurati
1396 5666 1527 5708 vero
1554 5650 1807 5708 sordibus

1905 4469 2015 4516 tem
2045 4460 2261 4531 agendi,
2312 4468 2372 4514 ut
2426 4453 2658 4515 etiam‘a
2702 4460 2965 4531 propheta
3015 4472 3069 4517 et
3099 4462 3351 4518 omnibus
3386 4461 3486 4519 Dei

1902 4553 2092 4609 electis
2110 4551 2236 4622 jure
2284 4561 2470 4608 noster
2495 4551 2783 4624 plangatur
2817 4551 2966 4608 color
2987 4563 3044 4609 et
3081 4553 3300 4609 habitus
3328 4568 3486 4610 sanc-

1903 4645 2073 4700 titatis
2119 4643 2172 4698 in
2220 4642 2461 4698 deterius
2498 4651 2722 4714 propter
2775 4658 2932 4701 usum
2974 4645 3230 4714 peccandi
3267 4645 3483 4717 pravis-

1903 4737 2040 4792 sime
2065 4743 2431 4792 commutatus
2457 4755 2470 4790 :
2504 4736 2773 4791 intantum
2815 4746 2876 4791 ut
2897 4738 3061 4792 etiam
3084 4739 3325 4808 perversi
3357 4739 3482 4795 dum

1905 4825 2107 4882 Christi
2163 4825 2488 4882 conculcant
2530 4836 2906 4893 sacramenta,
2960 4828 3278 4900 plerumque
3329 4839 3384 4887 et
3434 4831 3484 4888 si

1906 4916 2119 4986 reprobi
2154 4915 2298 4971 inter
2337 4915 2540 4972 electos
2563 4916 2742 4973 locum
2776 4919 2998 4974 honoris
3042 4930 3276 4986 sumant,
3304 4930 3359 4976 et
3381 4922 3484 4995 ipsi

1907 5015 2093 5063 contra
2115 5016 2359 5063 sanctam
2399 5008 2697 5065 Ecclesiam
2734 5012 2890 5082 quasi
2917 5026 2985 5066 ex
3028 5015 3351 5072 auctoritate
3382 5031 3484 5072 sre-

1906 5098 2077 5166 viant,
2108 5097 2351 5170 profecto
2375 5117 2498 5157 cum
2518 5102 2699 5159 omnia
2729 5113 3123 5174 praeceptorum
3149 5107 3245 5162 Dei
3267 5108 3482 5181 eloquia

1909 5193 2065 5263 quasi
2116 5193 2335 5251 sciendo
2384 5196 2625 5253 atrocius
2677 5207 3054 5266 contemnunt,
3105 5208 3270 5271 atque
3310 5203 3485 5261 eccle-

1905 5284 2255 5340 siasticarum
2296 5287 2670 5343 doctrinarum
2710 5287 2832 5358 jura
2871 5291 3053 5361 pravis
3083 5294 3195 5348 suis
3239 5295 3485 5353 moribus

1906 5374 2242 5432 rescindunt.
2291 5375 2435 5433 Hinc
2481 5390 2531 5433 et
2573 5378 2773 5452 lapides
2820 5384 3112 5438 sanctuarii
3161 5386 3486 5459 planguntur

1905 5466 2127 5538 dispersi
2162 5469 2219 5523 in
2257 5470 2426 5540 capite
2466 5473 2698 5528 omnium
2740 5470 3056 5545 platearum,
3101 5480 3191 5549 qui
3217 5480 3370 5551 prius
3399 5480 3483 5537 in-

1907 5561 2178 5618 trinsecus
2200 5577 2415 5634 semper
2436 5564 2794 5633 habebantur,
2823 5584 2925 5626 nec
2947 5570 3301 5628 sumebantur
3319 5570 3484 5630 etiam

1907 5654 1964 5710 in
2008 5654 2206 5711 summi
2256 5654 2563 5713 sacerdotis
2600 5658 2791 5718 usibus
2834 5670 2890 5719 et
2938 5662 3166 5735 honore,
3209 5665 3311 5732 nisi
3362 5679 3485 5724 cum
