  <div class='ocr_page' id='page_1' title='image "/cluster/home/n/w/nwhite01/storage/ocr_20150623/120/hvd.32044015466923/605.png"; bbox 0 0 4092 6332; ppageno 0'>
   <div class='ocr_carea' id='block_1_1' title="bbox 657 282 804 342">
    <p class='ocr_par' dir='ltr' id='par_1_1' title="bbox 657 282 804 342">
     <span class='ocr_line' id='line_1_1' title="bbox 657 282 804 342; baseline -0.02 0"><span class='ocrx_word' id='word_1_1' title='bbox 657 282 804 342; x_wconf 72' lang='lat'><strong>“99</strong></span> 
     </span>
    </p>
   </div>
   <div class='ocr_carea' id='block_1_2' title="bbox 1454 274 3120 336">
    <p class='ocr_par' dir='ltr' id='par_1_2' title="bbox 1454 274 3120 336">
     <span class='ocr_line' id='line_1_2' title="bbox 1454 274 3120 336; baseline 0.001 -2"><span class='ocrx_word' id='word_1_2' title='bbox 1454 275 1513 334; x_wconf 85' lang='lat' dir='ltr'><strong>S.</strong></span> <span class='ocrx_word' id='word_1_3' title='bbox 1553 274 1910 333; x_wconf 76' lang='lat' dir='ltr'><strong>PASGHASII</strong></span> <span class='ocrx_word' id='word_1_4' title='bbox 1949 274 2300 333; x_wconf 75' lang='lat' dir='ltr'><strong>RADBERTI</strong></span> <span class='ocrx_word' id='word_1_5' title='bbox 2338 275 2633 333; x_wconf 80' lang='lat' dir='ltr'><strong>ABBATIS</strong></span> <span class='ocrx_word' id='word_1_6' title='bbox 2669 275 3120 336; x_wconf 80' lang='lat' dir='ltr'><strong>CORBEIENSlS</strong></span> 
     </span>
    </p>
   </div>
   <div class='ocr_carea' id='block_1_3' title="bbox 3751 288 3859 348">
    <p class='ocr_par' dir='ltr' id='par_1_3' title="bbox 3751 288 3859 348">
     <span class='ocr_line' id='line_1_3' title="bbox 3751 288 3859 348; baseline 0.046 -6"><span class='ocrx_word' id='word_1_7' title='bbox 3751 288 3859 348; x_wconf 69' lang='lat'><strong>1200</strong></span> 
     </span>
    </p>
   </div>
   <div class='ocr_carea' id='block_1_4' title="bbox 656 387 3859 473">
    <p class='ocr_par' dir='ltr' id='par_1_4' title="bbox 656 387 3859 473">
     <span class='ocr_line' id='line_1_4' title="bbox 656 387 3859 473; baseline 0.002 -20"><span class='ocrx_word' id='word_1_8' title='bbox 656 397 804 454; x_wconf 84' lang='lat' dir='ltr'><strong>intra</strong></span> <span class='ocrx_word' id='word_1_9' title='bbox 859 393 1062 450; x_wconf 89' lang='lat' dir='ltr'><strong>Sancta</strong></span> <span class='ocrx_word' id='word_1_10' title='bbox 1105 399 1418 447; x_wconf 89' lang='lat' dir='ltr'><strong>sanctorum</strong></span> <span class='ocrx_word' id='word_1_11' title='bbox 1444 389 1771 461; x_wconf 89' lang='lat' dir='ltr'><strong>ingrediens,</strong></span> <span class='ocrx_word' id='word_1_12' title='bbox 1812 389 1867 444; x_wconf 90' lang='lat' dir='ltr'><strong>in</strong></span> <span class='ocrx_word' id='word_1_13' title='bbox 1919 397 2130 444; x_wconf 90' lang='lat' dir='ltr'><strong>secreto</strong></span> <span class='ocrx_word' id='word_1_14' title='bbox 2161 387 2324 452; x_wconf 74' lang='lat' dir='ltr'><strong>suiA</strong></span> <span class='ocrx_word' id='word_1_15' title='bbox 2350 391 2738 446; x_wconf 84' lang='lat' dir='ltr'><strong>monachorum</strong></span> <span class='ocrx_word' id='word_1_16' title='bbox 2783 392 3015 448; x_wconf 77' lang='lat' dir='ltr'><strong>societas</strong></span> <span class='ocrx_word' id='word_1_17' title='bbox 3040 433 3056 459; x_wconf 97' lang='lat'><strong>,</strong></span> <span class='ocrx_word' id='word_1_18' title='bbox 3109 394 3427 450; x_wconf 89' lang='lat' dir='ltr'><strong>vitiosorum</strong></span> <span class='ocrx_word' id='word_1_19' title='bbox 3471 400 3859 473; x_wconf 79' lang='lat' dir='ltr'><strong>‘contubernium;</strong></span> 
     </span>
    </p>
   </div>
   <div class='ocr_carea' id='block_1_5' title="bbox 657 479 2244 554">
    <p class='ocr_par' dir='ltr' id='par_1_5' title="bbox 657 479 2244 554">
     <span class='ocr_line' id='line_1_5' title="bbox 657 479 2244 554; baseline -0.005 -10"><span class='ocrx_word' id='word_1_20' title='bbox 657 485 960 544; x_wconf 76' lang='lat' dir='ltr'><strong>conditoris</strong></span> <span class='ocrx_word' id='word_1_21' title='bbox 1000 483 1311 554; x_wconf 81' lang='lat' dir='ltr'><strong>apparebat.</strong></span> <span class='ocrx_word' id='word_1_22' title='bbox 1345 479 1482 549; x_wconf 87' lang='lat' dir='ltr'><strong>Quid</strong></span> <span class='ocrx_word' id='word_1_23' title='bbox 1511 495 1642 551; x_wconf 89' lang='lat' dir='ltr'><strong>ergo</strong></span> <span class='ocrx_word' id='word_1_24' title='bbox 1681 489 1841 552; x_wconf 89' lang='lat' dir='ltr'><strong>putas</strong></span> <span class='ocrx_word' id='word_1_25' title='bbox 1871 489 2000 536; x_wconf 89' lang='lat' dir='ltr'><strong>sunt</strong></span> <span class='ocrx_word' id='word_1_26' title='bbox 2035 480 2244 550; x_wconf 82' lang='lat' dir='ltr'><strong>lapides</strong></span> 
     </span>
    </p>
   </div>
   <div class='ocr_carea' id='block_1_6' title="bbox 649 571 2243 646">
    <p class='ocr_par' dir='ltr' id='par_1_6' title="bbox 649 571 2243 646">
     <span class='ocr_line' id='line_1_6' title="bbox 649 571 2243 646; baseline -0.006 -9"><span class='ocrx_word' id='word_1_27' title='bbox 649 576 957 638; x_wconf 79' lang='lat' dir='ltr'><strong>sanctuarii</strong></span> <span class='ocrx_word' id='word_1_28' title='bbox 989 577 1044 632; x_wconf 92' lang='lat' dir='ltr'><strong>in</strong></span> <span class='ocrx_word' id='word_1_29' title='bbox 1065 576 1242 646; x_wconf 90' lang='lat' dir='ltr'><strong>capite</strong></span> <span class='ocrx_word' id='word_1_30' title='bbox 1263 574 1506 630; x_wconf 91' lang='lat' dir='ltr'><strong>omnium</strong></span> <span class='ocrx_word' id='word_1_31' title='bbox 1533 573 1838 644; x_wconf 85' lang='lat' dir='ltr'><strong>platearum</strong></span> <span class='ocrx_word' id='word_1_32' title='bbox 1862 573 2114 644; x_wconf 88' lang='lat' dir='ltr'><strong>dispersi,</strong></span> <span class='ocrx_word' id='word_1_33' title='bbox 2139 571 2243 628; x_wconf 87' lang='lat' dir='ltr'><strong>nisi</strong></span> 
     </span>
    </p>
   </div>
   <div class='ocr_carea' id='block_1_7' title="bbox 657 662 2244 727">
    <p class='ocr_par' dir='ltr' id='par_1_7' title="bbox 657 662 2244 727">
     <span class='ocr_line' id='line_1_7' title="bbox 657 662 2244 727; baseline -0.006 -1"><span class='ocrx_word' id='word_1_34' title='bbox 657 668 976 726; x_wconf 71' lang='lat' dir='ltr'><strong>sacerdotes</strong></span> <span class='ocrx_word' id='word_1_35' title='bbox 1008 664 1214 722; x_wconf 86' lang='lat' dir='ltr'><strong>Christi</strong></span> <span class='ocrx_word' id='word_1_36' title='bbox 1257 673 1312 719; x_wconf 92' lang='lat' dir='ltr'><strong>et</strong></span> <span class='ocrx_word' id='word_1_37' title='bbox 1343 663 1579 720; x_wconf 86' lang='lat' dir='ltr'><strong>ministri</strong></span> <span class='ocrx_word' id='word_1_38' title='bbox 1631 663 1775 719; x_wconf 87' lang='lat' dir='ltr'><strong>sacri</strong></span> <span class='ocrx_word' id='word_1_39' title='bbox 1814 662 2021 727; x_wconf 86' lang='lat' dir='ltr'><strong>altaris,</strong></span> <span class='ocrx_word' id='word_1_40' title='bbox 2078 662 2244 717; x_wconf 91' lang='lat' dir='ltr'><strong>etiam</strong></span> 
     </span>
    </p>
   </div>
   <div class='ocr_carea' id='block_1_8' title="bbox 657 753 2242 820">
    <p class='ocr_par' dir='ltr' id='par_1_8' title="bbox 657 753 2242 820">
     <span class='ocr_line' id='line_1_8' title="bbox 657 753 2242 820; baseline -0.007 -1"><span class='ocrx_word' id='word_1_41' title='bbox 657 771 713 820; x_wconf 90' lang='lat' dir='ltr'><strong>et</strong></span> <span class='ocrx_word' id='word_1_42' title='bbox 739 760 1131 817; x_wconf 86' lang='lat' dir='ltr'><strong>monachorum</strong></span> <span class='ocrx_word' id='word_1_43' title='bbox 1163 766 1352 813; x_wconf 88' lang='lat' dir='ltr'><strong>sancta</strong></span> <span class='ocrx_word' id='word_1_44' title='bbox 1378 764 1434 811; x_wconf 93' lang='lat' dir='ltr'><strong>et</strong></span> <span class='ocrx_word' id='word_1_45' title='bbox 1462 755 1574 812; x_wconf 91' lang='lat' dir='ltr'><strong>Deo</strong></span> <span class='ocrx_word' id='word_1_46' title='bbox 1616 763 1935 811; x_wconf 89' lang='lat' dir='ltr'><strong>consecrata</strong></span> <span class='ocrx_word' id='word_1_47' title='bbox 1968 753 2242 810; x_wconf 87' lang='lat' dir='ltr'><strong>societas?</strong></span> 
     </span>
    </p>
   </div>
   <div class='ocr_carea' id='block_1_9' title="bbox 654 848 2238 923">
    <p class='ocr_par' dir='ltr' id='par_1_9' title="bbox 654 848 2238 923">
     <span class='ocr_line' id='line_1_9' title="bbox 654 848 2238 923; baseline -0.006 -12"><span class='ocrx_word' id='word_1_48' title='bbox 654 869 869 912; x_wconf 82' lang='lat' dir='ltr'><strong>necnon</strong></span> <span class='ocrx_word' id='word_1_49' title='bbox 897 861 952 908; x_wconf 91' lang='lat' dir='ltr'><strong>et</strong></span> <span class='ocrx_word' id='word_1_50' title='bbox 967 851 1240 923; x_wconf 76' lang='lat' dir='ltr'><strong>virginum</strong></span> <span class='ocrx_word' id='word_1_51' title='bbox 1263 849 1821 905; x_wconf 88' lang='lat' dir='ltr'><strong>etsanctimonialium</strong></span> <span class='ocrx_word' id='word_1_52' title='bbox 1842 848 2238 904; x_wconf 79' lang='lat' dir='ltr'><strong>numerositas:</strong></span> 
     </span>
    </p>
   </div>
   <div class='ocr_carea' id='block_1_10' title="bbox 656 939 2240 1020">
    <p class='ocr_par' dir='ltr' id='par_1_10' title="bbox 656 939 2240 1020">
     <span class='ocr_line' id='line_1_10' title="bbox 656 939 2240 1020; baseline -0.004 -21"><span class='ocrx_word' id='word_1_53' title='bbox 656 948 751 1020; x_wconf 88' lang='lat' dir='ltr'><strong>qui</strong></span> <span class='ocrx_word' id='word_1_54' title='bbox 802 959 1019 1014; x_wconf 89' lang='lat' dir='ltr'><strong>semper</strong></span> <span class='ocrx_word' id='word_1_55' title='bbox 1066 943 1265 998; x_wconf 91' lang='lat' dir='ltr'><strong>debent</strong></span> <span class='ocrx_word' id='word_1_56' title='bbox 1303 941 1397 995; x_wconf 89' lang='lat' dir='ltr'><strong>Dei</strong></span> <span class='ocrx_word' id='word_1_57' title='bbox 1438 954 1704 1011; x_wconf 87' lang='lat' dir='ltr'><strong>apparere</strong></span> <span class='ocrx_word' id='word_1_58' title='bbox 1737 939 1791 995; x_wconf 91' lang='lat' dir='ltr'><strong>in</strong></span> <span class='ocrx_word' id='word_1_59' title='bbox 1849 947 2060 996; x_wconf 89' lang='lat' dir='ltr'><strong>secreto</strong></span> <span class='ocrx_word' id='word_1_60' title='bbox 2107 953 2240 993; x_wconf 91' lang='lat' dir='ltr'><strong>con-</strong></span> 
     </span>
    </p>
   </div>
   <div class='ocr_carea' id='block_1_11' title="bbox 657 1030 2238 1111">
    <p class='ocr_par' dir='ltr' id='par_1_11' title="bbox 657 1030 2238 1111">
     <span class='ocr_line' id='line_1_11' title="bbox 657 1030 2238 1111; baseline -0.007 -16"><span class='ocrx_word' id='word_1_61' title='bbox 657 1039 956 1111; x_wconf 89' lang='lat' dir='ltr'><strong>spectibus,</strong></span> <span class='ocrx_word' id='word_1_62' title='bbox 989 1051 1124 1106; x_wconf 92' lang='lat' dir='ltr'><strong>quos</strong></span> <span class='ocrx_word' id='word_1_63' title='bbox 1152 1047 1426 1104; x_wconf 90' lang='lat' dir='ltr'><strong>nunquam</strong></span> <span class='ocrx_word' id='word_1_64' title='bbox 1453 1047 1674 1088; x_wconf 89' lang='lat' dir='ltr'><strong>necesse</strong></span> <span class='ocrx_word' id='word_1_65' title='bbox 1706 1041 1790 1087; x_wconf 92' lang='lat' dir='ltr'><strong>est</strong></span> <span class='ocrx_word' id='word_1_66' title='bbox 1812 1031 1946 1088; x_wconf 83' lang='lat' dir='ltr'><strong>foris</strong></span> <span class='ocrx_word' id='word_1_67' title='bbox 1976 1030 2238 1100; x_wconf 89' lang='lat' dir='ltr'><strong>conspici,</strong></span> 
     </span>
    </p>
   </div>
   <div class='ocr_carea' id='block_1_12' title="bbox 656 1125 2236 1206">
    <p class='ocr_par' dir='ltr' id='par_1_12' title="bbox 656 1125 2236 1206">
     <span class='ocr_line' id='line_1_12' title="bbox 656 1125 2236 1206; baseline -0.009 -13"><span class='ocrx_word' id='word_1_68' title='bbox 656 1151 936 1206; x_wconf 86' lang='lat' dir='ltr'><strong>nunquam</strong></span> <span class='ocrx_word' id='word_1_69' title='bbox 979 1133 1254 1188; x_wconf 75' lang='lat' dir='ltr'><strong>extraneis</strong></span> <span class='ocrx_word' id='word_1_70' title='bbox 1286 1139 1340 1185; x_wconf 93' lang='lat' dir='ltr'><strong>et</strong></span> <span class='ocrx_word' id='word_1_71' title='bbox 1367 1129 1547 1185; x_wconf 86' lang='lat' dir='ltr'><strong>saculi</strong></span> <span class='ocrx_word' id='word_1_72' title='bbox 1601 1128 1908 1183; x_wconf 85' lang='lat' dir='ltr'><strong>actionibus</strong></span> <span class='ocrx_word' id='word_1_73' title='bbox 1959 1125 2236 1196; x_wconf 88' lang='lat' dir='ltr'><strong>occupari.</strong></span> 
     </span>
    </p>
   </div>
   <div class='ocr_carea' id='block_1_13' title="bbox 659 1216 2237 1298">
    <p class='ocr_par' dir='ltr' id='par_1_13' title="bbox 659 1216 2237 1298">
     <span class='ocr_line' id='line_1_13' title="bbox 659 1216 2237 1298; baseline -0.01 -14"><span class='ocrx_word' id='word_1_74' title='bbox 659 1229 767 1284; x_wconf 91' lang='lat' dir='ltr'><strong>Sed</strong></span> <span class='ocrx_word' id='word_1_75' title='bbox 809 1228 952 1298; x_wconf 88' lang='lat' dir='ltr'><strong>quod</strong></span> <span class='ocrx_word' id='word_1_76' title='bbox 996 1225 1214 1296; x_wconf 82' lang='lat' dir='ltr'><strong>gravius</strong></span> <span class='ocrx_word' id='word_1_77' title='bbox 1241 1230 1344 1287; x_wconf 92' lang='lat' dir='ltr'><strong>est,</strong></span> <span class='ocrx_word' id='word_1_78' title='bbox 1397 1221 1520 1275; x_wconf 90' lang='lat' dir='ltr'><strong>ideo</strong></span> <span class='ocrx_word' id='word_1_79' title='bbox 1576 1218 1807 1291; x_wconf 88' lang='lat' dir='ltr'><strong>dispersi</strong></span> <span class='ocrx_word' id='word_1_80' title='bbox 1857 1216 2237 1288; x_wconf 76' lang='lat' dir='ltr'><strong>deplorentur,</strong></span> 
     </span>
    </p>
   </div>
   <div class='ocr_carea' id='block_1_14' title="bbox 657 1308 2235 1390">
    <p class='ocr_par' dir='ltr' id='par_1_14' title="bbox 657 1308 2235 1390">
     <span class='ocr_line' id='line_1_14' title="bbox 657 1308 2235 1390; baseline -0.008 -16"><span class='ocrx_word' id='word_1_81' title='bbox 657 1320 813 1390; x_wconf 87' lang='lat' dir='ltr'><strong>quasi</strong></span> <span class='ocrx_word' id='word_1_82' title='bbox 837 1318 1042 1388; x_wconf 84' lang='lat' dir='ltr'><strong>lapides</strong></span> <span class='ocrx_word' id='word_1_83' title='bbox 1065 1313 1358 1370; x_wconf 88' lang='lat' dir='ltr'><strong>sanctuarii</strong></span> <span class='ocrx_word' id='word_1_84' title='bbox 1389 1312 1442 1366; x_wconf 92' lang='lat' dir='ltr'><strong>in</strong></span> <span class='ocrx_word' id='word_1_85' title='bbox 1465 1311 1640 1380; x_wconf 86' lang='lat' dir='ltr'><strong>capite</strong></span> <span class='ocrx_word' id='word_1_86' title='bbox 1655 1309 1897 1364; x_wconf 92' lang='lat' dir='ltr'><strong>omnium</strong></span> <span class='ocrx_word' id='word_1_87' title='bbox 1912 1308 2235 1379; x_wconf 84' lang='lat' dir='ltr'><strong>platearum,</strong></span> 
     </span>
    </p>
   </div>
   <div class='ocr_carea' id='block_1_15' title="bbox 656 1397 2240 1480">
    <p class='ocr_par' dir='ltr' id='par_1_15' title="bbox 656 1397 2240 1480">
     <span class='ocr_line' id='line_1_15' title="bbox 656 1397 2240 1480; baseline -0.009 -15"><span class='ocrx_word' id='word_1_88' title='bbox 656 1411 784 1480; x_wconf 85' lang='lat' dir='ltr'><strong>quia</strong></span> <span class='ocrx_word' id='word_1_89' title='bbox 814 1409 939 1464; x_wconf 90' lang='lat' dir='ltr'><strong>dum</strong></span> <span class='ocrx_word' id='word_1_90' title='bbox 961 1421 1059 1478; x_wconf 90' lang='lat' dir='ltr'><strong>per</strong></span> <span class='ocrx_word' id='word_1_91' title='bbox 1086 1406 1254 1459; x_wconf 79' lang='lat' dir='ltr'><strong>vitam</strong></span> <span class='ocrx_word' id='word_1_92' title='bbox 1286 1410 1342 1458; x_wconf 91' lang='lat' dir='ltr'><strong>et</strong></span> <span class='ocrx_word' id='word_1_93' title='bbox 1368 1402 1674 1457; x_wconf 87' lang='lat' dir='ltr'><strong>orationem</strong></span> <span class='ocrx_word' id='word_1_94' title='bbox 1703 1400 1847 1454; x_wconf 90' lang='lat' dir='ltr'><strong>intus</strong></span> <span class='ocrx_word' id='word_1_95' title='bbox 1879 1413 2000 1453; x_wconf 90' lang='lat' dir='ltr'><strong>esse</strong></span> <span class='ocrx_word' id='word_1_96' title='bbox 2035 1397 2086 1451; x_wconf 91' lang='lat' dir='ltr'><strong>in</strong></span> <span class='ocrx_word' id='word_1_97' title='bbox 2113 1411 2240 1451; x_wconf 87' lang='lat' dir='ltr'><strong>con-</strong></span> 
     </span>
    </p>
   </div>
   <div class='ocr_carea' id='block_1_16' title="bbox 654 1487 2240 1572">
    <p class='ocr_par' dir='ltr' id='par_1_16' title="bbox 654 1487 2240 1572">
     <span class='ocr_line' id='line_1_16' title="bbox 654 1487 2240 1572; baseline -0.01 -16"><span class='ocrx_word' id='word_1_98' title='bbox 654 1500 1010 1572; x_wconf 87' lang='lat' dir='ltr'><strong>templatione</strong></span> <span class='ocrx_word' id='word_1_99' title='bbox 1053 1495 1150 1550; x_wconf 92' lang='lat' dir='ltr'><strong>Dei</strong></span> <span class='ocrx_word' id='word_1_100' title='bbox 1198 1509 1415 1564; x_wconf 87' lang='lat' dir='ltr'><strong>semper</strong></span> <span class='ocrx_word' id='word_1_101' title='bbox 1461 1491 1783 1555; x_wconf 89' lang='lat' dir='ltr'><strong>debuerant,</strong></span> <span class='ocrx_word' id='word_1_102' title='bbox 1833 1503 1932 1560; x_wconf 87' lang='lat' dir='ltr'><strong>per</strong></span> <span class='ocrx_word' id='word_1_103' title='bbox 1956 1487 2122 1542; x_wconf 89' lang='lat' dir='ltr'><strong>vitam</strong></span> <span class='ocrx_word' id='word_1_104' title='bbox 2154 1501 2240 1542; x_wconf 91' lang='lat' dir='ltr'><strong>re-</strong></span> 
     </span>
    </p>
   </div>
   <div class='ocr_carea' id='block_1_17' title="bbox 645 1578 2236 1668">
    <p class='ocr_par' dir='ltr' id='par_1_17' title="bbox 645 1578 2236 1668">
     <span class='ocr_line' id='line_1_17' title="bbox 645 1578 2236 1668; baseline -0.011 -18"><span class='ocrx_word' id='word_1_105' title='bbox 645 1594 881 1668; x_wconf 90' lang='lat' dir='ltr'><strong>.probam</strong></span> <span class='ocrx_word' id='word_1_106' title='bbox 929 1591 1062 1646; x_wconf 82' lang='lat' dir='ltr'><strong>foris</strong></span> <span class='ocrx_word' id='word_1_107' title='bbox 1110 1588 1310 1659; x_wconf 87' lang='lat' dir='ltr'><strong>passim</strong></span> <span class='ocrx_word' id='word_1_108' title='bbox 1355 1593 1570 1640; x_wconf 88' lang='lat' dir='ltr'><strong>vacant.</strong></span> <span class='ocrx_word' id='word_1_109' title='bbox 1599 1580 1875 1650; x_wconf 84' lang='lat' dir='ltr'><strong>Eccejam</strong></span> <span class='ocrx_word' id='word_1_110' title='bbox 1905 1595 2042 1651; x_wconf 90' lang='lat' dir='ltr'><strong>pene</strong></span> <span class='ocrx_word' id='word_1_111' title='bbox 2092 1578 2236 1633; x_wconf 90' lang='lat' dir='ltr'><strong>nulla</strong></span> 
     </span>
    </p>
   </div>
   <div class='ocr_carea' id='block_1_18' title="bbox 653 1667 2238 1745">
    <p class='ocr_par' dir='ltr' id='par_1_18' title="bbox 653 1667 2238 1745">
     <span class='ocr_line' id='line_1_18' title="bbox 653 1667 2238 1745; baseline -0.013 -3"><span class='ocrx_word' id='word_1_112' title='bbox 653 1667 742 1742; x_wconf 85' lang='lat' dir='ltr'><strong>est</strong></span> <span class='ocrx_word' id='word_1_113' title='bbox 772 1681 1050 1741; x_wconf 82' lang='lat' dir='ltr'><strong>saecularis</strong></span> <span class='ocrx_word' id='word_1_114' title='bbox 1078 1680 1204 1734; x_wconf 83' lang='lat' dir='ltr'><strong>vita</strong></span> <span class='ocrx_word' id='word_1_115' title='bbox 1233 1677 1394 1741; x_wconf 89' lang='lat' dir='ltr'><strong>actio,</strong></span> <span class='ocrx_word' id='word_1_116' title='bbox 1424 1691 1585 1745; x_wconf 89' lang='lat' dir='ltr'><strong>quam</strong></span> <span class='ocrx_word' id='word_1_117' title='bbox 1614 1688 1720 1728; x_wconf 87' lang='lat' dir='ltr'><strong>non</strong></span> <span class='ocrx_word' id='word_1_118' title='bbox 1748 1670 2060 1727; x_wconf 87' lang='lat' dir='ltr'><strong>sacerdotes</strong></span> <span class='ocrx_word' id='word_1_119' title='bbox 2080 1667 2238 1724; x_wconf 86' lang='lat' dir='ltr'><strong>Chri-</strong></span> 
     </span>
    </p>
   </div>
   <div class='ocr_carea' id='block_1_19' title="bbox 652 1743 2311 1832">
    <p class='ocr_par' dir='ltr' id='par_1_19' title="bbox 652 1743 2311 1832">
     <span class='ocr_line' id='line_1_19' title="bbox 652 1743 2311 1832; baseline -0.014 -2"><span class='ocrx_word' id='word_1_120' title='bbox 652 1775 726 1830; x_wconf 87' lang='lat' dir='ltr'><strong>sti</strong></span> <span class='ocrx_word' id='word_1_121' title='bbox 777 1771 1196 1828; x_wconf 88' lang='lat' dir='ltr'><strong>administrent:</strong></span> <span class='ocrx_word' id='word_1_122' title='bbox 1233 1766 1381 1822; x_wconf 93' lang='lat' dir='ltr'><strong>nulla</strong></span> <span class='ocrx_word' id='word_1_123' title='bbox 1435 1743 1619 1819; x_wconf 80' lang='lat' dir='ltr'><strong>mundi</strong></span> <span class='ocrx_word' id='word_1_124' title='bbox 1669 1761 1886 1832; x_wconf 89' lang='lat' dir='ltr'><strong>negotia</strong></span> <span class='ocrx_word' id='word_1_125' title='bbox 1933 1759 1988 1813; x_wconf 92' lang='lat' dir='ltr'><strong>in</strong></span> <span class='ocrx_word' id='word_1_126' title='bbox 2038 1743 2311 1828; x_wconf 89' lang='lat' dir='ltr'><strong>quibusB</strong></span> 
     </span>
    </p>
   </div>
   <div class='ocr_carea' id='block_1_20' title="bbox 651 1848 2237 1924">
    <p class='ocr_par' dir='ltr' id='par_1_20' title="bbox 651 1848 2237 1924">
     <span class='ocr_line' id='line_1_20' title="bbox 651 1848 2237 1924; baseline -0.013 -3"><span class='ocrx_word' id='word_1_127' title='bbox 651 1863 894 1921; x_wconf 81' lang='lat' dir='ltr'><strong>ministri</strong></span> <span class='ocrx_word' id='word_1_128' title='bbox 944 1860 1133 1916; x_wconf 89' lang='lat' dir='ltr'><strong>altaris</strong></span> <span class='ocrx_word' id='word_1_129' title='bbox 1164 1872 1224 1913; x_wconf 92' lang='lat' dir='ltr'><strong>se</strong></span> <span class='ocrx_word' id='word_1_130' title='bbox 1265 1872 1372 1912; x_wconf 93' lang='lat' dir='ltr'><strong>non</strong></span> <span class='ocrx_word' id='word_1_131' title='bbox 1399 1861 1684 1924; x_wconf 88' lang='lat' dir='ltr'><strong>occupent,</strong></span> <span class='ocrx_word' id='word_1_132' title='bbox 1711 1851 1859 1906; x_wconf 90' lang='lat' dir='ltr'><strong>nulla</strong></span> <span class='ocrx_word' id='word_1_133' title='bbox 1911 1864 2090 1904; x_wconf 90' lang='lat' dir='ltr'><strong>rerum</strong></span> <span class='ocrx_word' id='word_1_134' title='bbox 2134 1848 2237 1901; x_wconf 88' lang='lat' dir='ltr'><strong>im-</strong></span> 
     </span>
    </p>
   </div>
   <div class='ocr_carea' id='block_1_21' title="bbox 650 1941 2237 2031">
    <p class='ocr_par' dir='ltr' id='par_1_21' title="bbox 650 1941 2237 2031">
     <span class='ocr_line' id='line_1_21' title="bbox 650 1941 2237 2031; baseline -0.013 -17"><span class='ocrx_word' id='word_1_135' title='bbox 650 1958 918 2031; x_wconf 87' lang='lat' dir='ltr'><strong>probitas,</strong></span> <span class='ocrx_word' id='word_1_136' title='bbox 943 1970 1049 2025; x_wconf 88' lang='lat' dir='ltr'><strong>qua</strong></span> <span class='ocrx_word' id='word_1_137' title='bbox 1071 1967 1129 2007; x_wconf 92' lang='lat' dir='ltr'><strong>se</strong></span> <span class='ocrx_word' id='word_1_138' title='bbox 1151 1949 1485 2006; x_wconf 89' lang='lat' dir='ltr'><strong>monasticus</strong></span> <span class='ocrx_word' id='word_1_139' title='bbox 1500 1946 1635 2002; x_wconf 91' lang='lat' dir='ltr'><strong>ordo</strong></span> <span class='ocrx_word' id='word_1_140' title='bbox 1659 1958 1766 1998; x_wconf 89' lang='lat' dir='ltr'><strong>non</strong></span> <span class='ocrx_word' id='word_1_141' title='bbox 1791 1941 2030 2012; x_wconf 80' lang='lat' dir='ltr'><strong>implicet</strong></span> <span class='ocrx_word' id='word_1_142' title='bbox 2056 1957 2069 1994; x_wconf 90' lang='lat'>:</span> <span class='ocrx_word' id='word_1_143' title='bbox 2095 1953 2237 2009; x_wconf 89' lang='lat' dir='ltr'><strong>pene</strong></span> 
     </span>
    </p>
   </div>
   <div class='ocr_carea' id='block_1_22' title="bbox 649 2031 2238 2104">
    <p class='ocr_par' dir='ltr' id='par_1_22' title="bbox 649 2031 2238 2104">
     <span class='ocr_line' id='line_1_22' title="bbox 649 2031 2238 2104; baseline -0.011 -2"><span class='ocrx_word' id='word_1_144' title='bbox 649 2047 796 2102; x_wconf 88' lang='lat' dir='ltr'><strong>nulla</strong></span> <span class='ocrx_word' id='word_1_145' title='bbox 828 2042 1096 2100; x_wconf 88' lang='lat' dir='ltr'><strong>illecebris</strong></span> <span class='ocrx_word' id='word_1_146' title='bbox 1123 2040 1248 2095; x_wconf 85' lang='lat' dir='ltr'><strong>vita</strong></span> <span class='ocrx_word' id='word_1_147' title='bbox 1277 2036 1590 2099; x_wconf 88' lang='lat' dir='ltr'><strong>blandities,</strong></span> <span class='ocrx_word' id='word_1_148' title='bbox 1618 2047 1724 2104; x_wconf 90' lang='lat' dir='ltr'><strong>qua</strong></span> <span class='ocrx_word' id='word_1_149' title='bbox 1750 2047 1810 2088; x_wconf 93' lang='lat' dir='ltr'><strong>se</strong></span> <span class='ocrx_word' id='word_1_150' title='bbox 1829 2031 2058 2087; x_wconf 87' lang='lat' dir='ltr'><strong>castitas</strong></span> <span class='ocrx_word' id='word_1_151' title='bbox 2085 2045 2238 2086; x_wconf 86' lang='lat' dir='ltr'><strong>sanc-</strong></span> 
     </span>
    </p>
   </div>
   <div class='ocr_carea' id='block_1_23' title="bbox 651 2121 2236 2194">
    <p class='ocr_par' dir='ltr' id='par_1_23' title="bbox 651 2121 2236 2194">
     <span class='ocr_line' id='line_1_23' title="bbox 651 2121 2236 2194; baseline -0.013 0"><span class='ocrx_word' id='word_1_152' title='bbox 651 2136 1013 2194; x_wconf 91' lang='lat' dir='ltr'><strong>timonialium</strong></span> <span class='ocrx_word' id='word_1_153' title='bbox 1053 2147 1162 2187; x_wconf 91' lang='lat' dir='ltr'><strong>non</strong></span> <span class='ocrx_word' id='word_1_154' title='bbox 1197 2125 1576 2186; x_wconf 82' lang='lat' dir='ltr'><strong>commaculet.</strong></span> <span class='ocrx_word' id='word_1_155' title='bbox 1608 2125 1747 2180; x_wconf 90' lang='lat' dir='ltr'><strong>Dum</strong></span> <span class='ocrx_word' id='word_1_156' title='bbox 1793 2138 1924 2194; x_wconf 85' lang='lat' dir='ltr'><strong>ergo</strong></span> <span class='ocrx_word' id='word_1_157' title='bbox 1953 2121 2008 2176; x_wconf 91' lang='lat' dir='ltr'><strong>in</strong></span> <span class='ocrx_word' id='word_1_158' title='bbox 2045 2128 2236 2176; x_wconf 91' lang='lat' dir='ltr'><strong>sancto</strong></span> 
     </span>
    </p>
   </div>
   <div class='ocr_carea' id='block_1_24' title="bbox 537 2213 2236 2292">
    <p class='ocr_par' dir='ltr' id='par_1_24' title="bbox 537 2213 2236 2292">
     <span class='ocr_line' id='line_1_24' title="bbox 537 2213 2236 2292; baseline -0.007 -14"><span class='ocrx_word' id='word_1_159' title='bbox 537 2275 542 2278; x_wconf 89' lang='lat'><strong>.</strong></span> <span class='ocrx_word' id='word_1_160' title='bbox 643 2222 840 2282; x_wconf 80' lang='lat' dir='ltr'><strong>habitu</strong></span> <span class='ocrx_word' id='word_1_161' title='bbox 882 2233 938 2282; x_wconf 91' lang='lat' dir='ltr'><strong>et</strong></span> <span class='ocrx_word' id='word_1_162' title='bbox 969 2221 1230 2292; x_wconf 81' lang='lat' dir='ltr'><strong>religione</strong></span> <span class='ocrx_word' id='word_1_163' title='bbox 1278 2215 1582 2282; x_wconf 89' lang='lat' dir='ltr'><strong>constituti,</strong></span> <span class='ocrx_word' id='word_1_164' title='bbox 1630 2213 1904 2270; x_wconf 80' lang='lat' dir='ltr'><strong>exteriora</strong></span> <span class='ocrx_word' id='word_1_165' title='bbox 1945 2218 2072 2267; x_wconf 92' lang='lat' dir='ltr'><strong>sunt</strong></span> <span class='ocrx_word' id='word_1_166' title='bbox 2115 2224 2236 2280; x_wconf 87' lang='lat' dir='ltr'><strong>qua</strong></span> 
     </span>
    </p>
   </div>
   <div class='ocr_carea' id='block_1_25' title="bbox 649 2309 2236 2384">
    <p class='ocr_par' dir='ltr' id='par_1_25' title="bbox 649 2309 2236 2384">
     <span class='ocr_line' id='line_1_25' title="bbox 649 2309 2236 2384; baseline -0.011 -8"><span class='ocrx_word' id='word_1_167' title='bbox 649 2310 930 2384; x_wconf 55' lang='lat' dir='ltr'><strong>exhibent,</strong></span> <span class='ocrx_word' id='word_1_168' title='bbox 956 2325 1010 2372; x_wconf 91' lang='lat' dir='ltr'><strong>et</strong></span> <span class='ocrx_word' id='word_1_169' title='bbox 1031 2329 1172 2370; x_wconf 89' lang='lat' dir='ltr'><strong>vana</strong></span> <span class='ocrx_word' id='word_1_170' title='bbox 1209 2312 1337 2367; x_wconf 84' lang='lat' dir='ltr'><strong>vita</strong></span> <span class='ocrx_word' id='word_1_171' title='bbox 1372 2309 1767 2366; x_wconf 85' lang='lat' dir='ltr'><strong>oblectamenta</strong></span> <span class='ocrx_word' id='word_1_172' title='bbox 1790 2323 1910 2379; x_wconf 88' lang='lat' dir='ltr'><strong>qua</strong></span> <span class='ocrx_word' id='word_1_173' title='bbox 1935 2313 2236 2373; x_wconf 86' lang='lat' dir='ltr'><strong>sectantur,</strong></span> 
     </span>
    </p>
   </div>
   <div class='ocr_carea' id='block_1_26' title="bbox 647 2397 2236 2482">
    <p class='ocr_par' dir='ltr' id='par_1_26' title="bbox 647 2397 2236 2482">
     <span class='ocr_line' id='line_1_26' title="bbox 647 2397 2236 2482; baseline -0.009 -17"><span class='ocrx_word' id='word_1_174' title='bbox 647 2411 803 2482; x_wconf 89' lang='lat' dir='ltr'><strong>quasi</strong></span> <span class='ocrx_word' id='word_1_175' title='bbox 832 2408 1039 2480; x_wconf 91' lang='lat' dir='ltr'><strong>lapides</strong></span> <span class='ocrx_word' id='word_1_176' title='bbox 1071 2402 1368 2462; x_wconf 83' lang='lat' dir='ltr'><strong>sanctuarii</strong></span> <span class='ocrx_word' id='word_1_177' title='bbox 1392 2401 1530 2457; x_wconf 81' lang='lat' dir='ltr'><strong>foris</strong></span> <span class='ocrx_word' id='word_1_178' title='bbox 1559 2400 1613 2455; x_wconf 94' lang='lat' dir='ltr'><strong>in</strong></span> <span class='ocrx_word' id='word_1_179' title='bbox 1641 2400 1818 2471; x_wconf 88' lang='lat' dir='ltr'><strong>capite</strong></span> <span class='ocrx_word' id='word_1_180' title='bbox 1855 2399 2095 2454; x_wconf 91' lang='lat' dir='ltr'><strong>omnium</strong></span> <span class='ocrx_word' id='word_1_181' title='bbox 2119 2397 2236 2469; x_wconf 87' lang='lat' dir='ltr'><strong>pla-</strong></span> 
     </span>
    </p>
   </div>
   <div class='ocr_carea' id='block_1_27' title="bbox 647 2489 2234 2567">
    <p class='ocr_par' dir='ltr' id='par_1_27' title="bbox 647 2489 2234 2567">
     <span class='ocr_line' id='line_1_27' title="bbox 647 2489 2234 2567; baseline -0.006 -12"><span class='ocrx_word' id='word_1_182' title='bbox 647 2510 860 2556; x_wconf 85' lang='lat' dir='ltr'><strong>tearum</strong></span> <span class='ocrx_word' id='word_1_183' title='bbox 902 2496 1131 2567; x_wconf 88' lang='lat' dir='ltr'><strong>dispersi</strong></span> <span class='ocrx_word' id='word_1_184' title='bbox 1173 2494 1376 2564; x_wconf 89' lang='lat' dir='ltr'><strong>jacent.</strong></span> <span class='ocrx_word' id='word_1_185' title='bbox 1419 2490 1608 2548; x_wconf 84' lang='lat' dir='ltr'><strong>Graca</strong></span> <span class='ocrx_word' id='word_1_186' title='bbox 1639 2491 1784 2546; x_wconf 90' lang='lat' dir='ltr'><strong>enim</strong></span> <span class='ocrx_word' id='word_1_187' title='bbox 1825 2491 2008 2562; x_wconf 89' lang='lat' dir='ltr'><strong>lingua</strong></span> <span class='ocrx_word' id='word_1_188' title='bbox 2056 2489 2234 2560; x_wconf 85' lang='lat' dir='ltr'><strong>platea</strong></span> 
     </span>
    </p>
   </div>
   <div class='ocr_carea' id='block_1_28' title="bbox 646 2582 2238 2669">
    <p class='ocr_par' dir='ltr' id='par_1_28' title="bbox 646 2582 2238 2669">
     <span class='ocr_line' id='line_1_28' title="bbox 646 2582 2238 2669; baseline -0.009 -17"><span class='ocrx_word' id='word_1_189' title='bbox 646 2597 860 2669; x_wconf 70' lang='grc' dir='ltr'><strong>πλατιῑα</strong></span> <span class='ocrx_word' id='word_1_190' title='bbox 918 2606 948 2644; x_wconf 89' lang='lat' dir='ltr'><strong>a</strong></span> <span class='ocrx_word' id='word_1_191' title='bbox 990 2587 1275 2644; x_wconf 92' lang='lat' dir='ltr'><strong>latitudine</strong></span> <span class='ocrx_word' id='word_1_192' title='bbox 1333 2594 1578 2641; x_wconf 91' lang='lat' dir='ltr'><strong>vocatur.</strong></span> <span class='ocrx_word' id='word_1_193' title='bbox 1634 2582 1769 2639; x_wconf 88' lang='lat' dir='ltr'><strong>Lata</strong></span> <span class='ocrx_word' id='word_1_194' title='bbox 1833 2583 1972 2638; x_wconf 82' lang='lat' dir='ltr'><strong>enim</strong></span> <span class='ocrx_word' id='word_1_195' title='bbox 2026 2583 2110 2637; x_wconf 86' lang='lat' dir='ltr'><strong>via</strong></span> <span class='ocrx_word' id='word_1_196' title='bbox 2161 2591 2238 2637; x_wconf 86' lang='lat' dir='ltr'><strong>est</strong></span> 
     </span>
    </p>
   </div>
   <div class='ocr_carea' id='block_1_29' title="bbox 644 2673 2237 2756">
    <p class='ocr_par' dir='ltr' id='par_1_29' title="bbox 644 2673 2237 2756">
     <span class='ocr_line' id='line_1_29' title="bbox 644 2673 2237 2756; baseline -0.009 -14"><span class='ocrx_word' id='word_1_197' title='bbox 644 2696 695 2742; x_wconf 84' lang='lat' dir='ltr'><strong>et</strong></span> <span class='ocrx_word' id='word_1_198' title='bbox 715 2685 968 2756; x_wconf 61' lang='lat' dir='ltr'><strong>spatiosa,</strong></span> <span class='ocrx_word' id='word_1_199' title='bbox 1001 2696 1118 2751; x_wconf 73' lang='lat' dir='ltr'><strong>qua:</strong></span> <span class='ocrx_word' id='word_1_200' title='bbox 1154 2678 1298 2732; x_wconf 88' lang='lat' dir='ltr'><strong>ducit</strong></span> <span class='ocrx_word' id='word_1_201' title='bbox 1329 2677 1398 2732; x_wconf 91' lang='lat' dir='ltr'><strong>ad</strong></span> <span class='ocrx_word' id='word_1_202' title='bbox 1420 2684 1634 2730; x_wconf 86' lang='lat' dir='ltr'><strong>mortem</strong></span> <span class='ocrx_word' id='word_1_203' title='bbox 1660 2673 1876 2746; x_wconf 78' lang='lat' dir='ltr'><strong>(Matth.</strong></span> <span class='ocrx_word' id='word_1_204' title='bbox 1913 2673 2034 2744; x_wconf 82' lang='lat' dir='ltr'><strong>vn).</strong></span> <span class='ocrx_word' id='word_1_205' title='bbox 2066 2674 2237 2728; x_wconf 85' lang='lat' dir='ltr'><strong>Sanc-</strong></span> 
     </span>
    </p>
   </div>
   <div class='ocr_carea' id='block_1_30' title="bbox 645 2764 2234 2844">
    <p class='ocr_par' dir='ltr' id='par_1_30' title="bbox 645 2764 2234 2844">
     <span class='ocr_line' id='line_1_30' title="bbox 645 2764 2234 2844; baseline -0.008 -12"><span class='ocrx_word' id='word_1_206' title='bbox 645 2777 808 2832; x_wconf 91' lang='lat' dir='ltr'><strong>tuarii</strong></span> <span class='ocrx_word' id='word_1_207' title='bbox 836 2789 968 2844; x_wconf 90' lang='lat' dir='ltr'><strong>ergo</strong></span> <span class='ocrx_word' id='word_1_208' title='bbox 1008 2771 1216 2840; x_wconf 89' lang='lat' dir='ltr'><strong>lapides</strong></span> <span class='ocrx_word' id='word_1_209' title='bbox 1250 2766 1464 2840; x_wconf 54' lang='lat'><strong>1‘80</strong></span> <span class='ocrx_word' id='word_1_210' title='bbox 1487 2766 1539 2820; x_wconf 93' lang='lat' dir='ltr'><strong>in</strong></span> <span class='ocrx_word' id='word_1_211' title='bbox 1585 2765 1780 2835; x_wconf 91' lang='lat' dir='ltr'><strong>plateis</strong></span> <span class='ocrx_word' id='word_1_212' title='bbox 1817 2773 1944 2821; x_wconf 88' lang='lat' dir='ltr'><strong>sunt</strong></span> <span class='ocrx_word' id='word_1_213' title='bbox 1977 2764 2234 2836; x_wconf 90' lang='lat' dir='ltr'><strong>dispersi,</strong></span> 
     </span>
    </p>
   </div>
   <div class='ocr_carea' id='block_1_31' title="bbox 645 2855 2236 2933">
    <p class='ocr_par' dir='ltr' id='par_1_31' title="bbox 645 2855 2236 2933">
     <span class='ocr_line' id='line_1_31' title="bbox 645 2855 2236 2933; baseline -0.007 -12"><span class='ocrx_word' id='word_1_214' title='bbox 645 2881 772 2922; x_wconf 91' lang='lat' dir='ltr'><strong>cum</strong></span> <span class='ocrx_word' id='word_1_215' title='bbox 796 2860 1033 2933; x_wconf 78' lang='lat' dir='ltr'><strong>religiosi</strong></span> <span class='ocrx_word' id='word_1_216' title='bbox 1059 2858 1258 2928; x_wconf 89' lang='lat' dir='ltr'><strong>quippe</strong></span> <span class='ocrx_word' id='word_1_217' title='bbox 1289 2857 1398 2910; x_wconf 90' lang='lat' dir='ltr'><strong>lata</strong></span> <span class='ocrx_word' id='word_1_218' title='bbox 1424 2856 1604 2910; x_wconf 75' lang='lat' dir='ltr'><strong>llllllldl</strong></span> <span class='ocrx_word' id='word_1_219' title='bbox 1629 2855 1825 2909; x_wconf 85' lang='lat' dir='ltr'><strong>itinera</strong></span> <span class='ocrx_word' id='word_1_220' title='bbox 1850 2861 2156 2920; x_wconf 87' lang='lat' dir='ltr'><strong>sectantur,</strong></span> <span class='ocrx_word' id='word_1_221' title='bbox 2180 2861 2236 2910; x_wconf 85' lang='lat' dir='ltr'><strong>et</strong></span> 
     </span>
    </p>
   </div>
   <div class='ocr_carea' id='block_1_32' title="bbox 645 2947 2234 3019">
    <p class='ocr_par' dir='ltr' id='par_1_32' title="bbox 645 2947 2234 3019">
     <span class='ocr_line' id='line_1_32' title="bbox 645 2947 2234 3019; baseline -0.006 -7"><span class='ocrx_word' id='word_1_222' title='bbox 645 2972 754 3012; x_wconf 89' lang='lat' dir='ltr'><strong>non</strong></span> <span class='ocrx_word' id='word_1_223' title='bbox 783 2954 952 3009; x_wconf 91' lang='lat' dir='ltr'><strong>solum</strong></span> <span class='ocrx_word' id='word_1_224' title='bbox 976 2952 1030 3006; x_wconf 95' lang='lat' dir='ltr'><strong>in</strong></span> <span class='ocrx_word' id='word_1_225' title='bbox 1059 2950 1268 3019; x_wconf 89' lang='lat' dir='ltr'><strong>plateis,</strong></span> <span class='ocrx_word' id='word_1_226' title='bbox 1295 2949 1388 3003; x_wconf 89' lang='lat' dir='ltr'><strong>sed</strong></span> <span class='ocrx_word' id='word_1_227' title='bbox 1415 2948 1470 3003; x_wconf 90' lang='lat' dir='ltr'><strong>in</strong></span> <span class='ocrx_word' id='word_1_228' title='bbox 1500 2947 1678 3018; x_wconf 89' lang='lat' dir='ltr'><strong>capite</strong></span> <span class='ocrx_word' id='word_1_229' title='bbox 1697 2947 2000 3019; x_wconf 89' lang='lat' dir='ltr'><strong>platearum</strong></span> <span class='ocrx_word' id='word_1_230' title='bbox 2029 2947 2234 3018; x_wconf 85' lang='lat' dir='ltr'><strong>disper-</strong></span> 
     </span>
    </p>
   </div>
   <div class='ocr_carea' id='block_1_33' title="bbox 645 3037 2233 3120">
    <p class='ocr_par' dir='ltr' id='par_1_33' title="bbox 645 3037 2233 3120">
     <span class='ocr_line' id='line_1_33' title="bbox 645 3037 2233 3120; baseline -0.004 -20"><span class='ocrx_word' id='word_1_231' title='bbox 645 3053 868 3120; x_wconf 90' lang='lat' dir='ltr'><strong>guntur,</strong></span> <span class='ocrx_word' id='word_1_232' title='bbox 893 3044 1020 3099; x_wconf 87' lang='lat' dir='ltr'><strong>dum</strong></span> <span class='ocrx_word' id='word_1_233' title='bbox 1040 3055 1136 3111; x_wconf 79' lang='lat' dir='ltr'><strong>per</strong></span> <span class='ocrx_word' id='word_1_234' title='bbox 1160 3038 1510 3102; x_wconf 88' lang='lat' dir='ltr'><strong>desiderium,</strong></span> <span class='ocrx_word' id='word_1_235' title='bbox 1527 3037 1690 3108; x_wconf 87' lang='lat' dir='ltr'><strong>hujus</strong></span> <span class='ocrx_word' id='word_1_236' title='bbox 1716 3037 1902 3093; x_wconf 92' lang='lat' dir='ltr'><strong>mundi</strong></span> <span class='ocrx_word' id='word_1_237' title='bbox 1921 3053 2084 3110; x_wconf 89' lang='lat' dir='ltr'><strong>opera</strong></span> <span class='ocrx_word' id='word_1_238' title='bbox 2107 3053 2233 3110; x_wconf 86' lang='lat' dir='ltr'><strong>per-</strong></span> 
     </span>
    </p>
   </div>
   <div class='ocr_carea' id='block_1_34' title="bbox 645 3101 2304 3210">
    <p class='ocr_par' dir='ltr' id='par_1_34' title="bbox 645 3101 2304 3210">
     <span class='ocr_line' id='line_1_34' title="bbox 645 3101 2304 3210; baseline -0.004 -16"><span class='ocrx_word' id='word_1_239' title='bbox 645 3101 856 3210; x_wconf 61' lang='lat' dir='ltr'><strong>agunt;</strong></span> <span class='ocrx_word' id='word_1_240' title='bbox 891 3144 947 3190; x_wconf 93' lang='lat' dir='ltr'><strong>et</strong></span> <span class='ocrx_word' id='word_1_241' title='bbox 974 3101 1156 3190; x_wconf 78' lang='lat' dir='ltr'><strong>tamen</strong></span> <span class='ocrx_word' id='word_1_242' title='bbox 1179 3131 1246 3187; x_wconf 92' lang='lat' dir='ltr'><strong>de</strong></span> <span class='ocrx_word' id='word_1_243' title='bbox 1271 3131 1522 3200; x_wconf 83' lang='lat' dir='ltr'><strong>religioso</strong></span> <span class='ocrx_word' id='word_1_244' title='bbox 1549 3101 1736 3186; x_wconf 75' lang='lat' dir='ltr'><strong>habitu</strong></span> <span class='ocrx_word' id='word_1_245' title='bbox 1759 3101 1974 3186; x_wconf 75' lang='lat' dir='ltr'><strong>culmen</strong></span> <span class='ocrx_word' id='word_1_246' title='bbox 2007 3101 2230 3188; x_wconf 68' lang='lat' dir='ltr'><strong>honoris</strong></span> <span class='ocrx_word' id='word_1_247' title='bbox 2259 3101 2304 3167; x_wconf 68' lang='grc' dir='ltr'><strong>Ο</strong></span> 
     </span>
    </p>
   </div>
   <div class='ocr_carea' id='block_1_35' title="bbox 647 3221 2233 3296">
    <p class='ocr_par' dir='ltr' id='par_1_35' title="bbox 647 3221 2233 3296">
     <span class='ocr_line' id='line_1_35' title="bbox 647 3221 2233 3296; baseline -0.003 -14"><span class='ocrx_word' id='word_1_248' title='bbox 647 3229 736 3284; x_wconf 88' lang='lat' dir='ltr'><strong>vel</strong></span> <span class='ocrx_word' id='word_1_249' title='bbox 765 3226 939 3283; x_wconf 88' lang='lat' dir='ltr'><strong>laudis</strong></span> <span class='ocrx_word' id='word_1_250' title='bbox 959 3231 1224 3296; x_wconf 86' lang='lat' dir='ltr'><strong>quarunt.</strong></span> <span class='ocrx_word' id='word_1_251' title='bbox 1252 3223 1310 3278; x_wconf 86' lang='lat' dir='ltr'><strong>lu</strong></span> <span class='ocrx_word' id='word_1_252' title='bbox 1332 3222 1508 3292; x_wconf 87' lang='lat' dir='ltr'><strong>capite</strong></span> <span class='ocrx_word' id='word_1_253' title='bbox 1524 3237 1654 3294; x_wconf 90' lang='lat' dir='ltr'><strong>ergo</strong></span> <span class='ocrx_word' id='word_1_254' title='bbox 1675 3221 1975 3291; x_wconf 85' lang='lat' dir='ltr'><strong>platearum</strong></span> <span class='ocrx_word' id='word_1_255' title='bbox 1999 3222 2233 3294; x_wconf 90' lang='lat' dir='ltr'><strong>dispersi</strong></span> 
     </span>
    </p>
   </div>
   <div class='ocr_carea' id='block_1_36' title="bbox 643 3314 2229 3390">
    <p class='ocr_par' dir='ltr' id='par_1_36' title="bbox 643 3314 2229 3390">
     <span class='ocr_line' id='line_1_36' title="bbox 643 3314 2229 3390; baseline -0.006 -12"><span class='ocrx_word' id='word_1_256' title='bbox 643 3329 798 3384; x_wconf 87' lang='lat' dir='ltr'><strong>sunt,</strong></span> <span class='ocrx_word' id='word_1_257' title='bbox 831 3318 958 3390; x_wconf 91' lang='lat' dir='ltr'><strong>quia</strong></span> <span class='ocrx_word' id='word_1_258' title='bbox 990 3324 1046 3372; x_wconf 93' lang='lat' dir='ltr'><strong>et</strong></span> <span class='ocrx_word' id='word_1_259' title='bbox 1066 3315 1252 3385; x_wconf 90' lang='lat' dir='ltr'><strong>jacent</strong></span> <span class='ocrx_word' id='word_1_260' title='bbox 1291 3328 1389 3386; x_wconf 91' lang='lat' dir='ltr'><strong>per</strong></span> <span class='ocrx_word' id='word_1_261' title='bbox 1431 3314 1792 3368; x_wconf 88' lang='lat' dir='ltr'><strong>ministerium</strong></span> <span class='ocrx_word' id='word_1_262' title='bbox 1822 3314 2026 3384; x_wconf 84' lang='lat' dir='ltr'><strong>Operis,</strong></span> <span class='ocrx_word' id='word_1_263' title='bbox 2051 3322 2108 3369; x_wconf 91' lang='lat' dir='ltr'><strong>et</strong></span> <span class='ocrx_word' id='word_1_264' title='bbox 2131 3315 2229 3369; x_wconf 85' lang='lat' dir='ltr'><strong>ho-</strong></span> 
     </span>
    </p>
   </div>
   <div class='ocr_carea' id='block_1_37' title="bbox 644 3402 2234 3477">
    <p class='ocr_par' dir='ltr' id='par_1_37' title="bbox 644 3402 2234 3477">
     <span class='ocr_line' id='line_1_37' title="bbox 644 3402 2234 3477; baseline -0.005 -8"><span class='ocrx_word' id='word_1_265' title='bbox 644 3410 833 3469; x_wconf 90' lang='lat' dir='ltr'><strong>norari</strong></span> <span class='ocrx_word' id='word_1_266' title='bbox 854 3408 1042 3464; x_wconf 90' lang='lat' dir='ltr'><strong>volunt</strong></span> <span class='ocrx_word' id='word_1_267' title='bbox 1079 3408 1146 3462; x_wconf 92' lang='lat' dir='ltr'><strong>de</strong></span> <span class='ocrx_word' id='word_1_268' title='bbox 1169 3405 1403 3477; x_wconf 79' lang='lat' dir='ltr'><strong>imagine</strong></span> <span class='ocrx_word' id='word_1_269' title='bbox 1418 3403 1745 3460; x_wconf 91' lang='lat' dir='ltr'><strong>sanctitatis.</strong></span> <span class='ocrx_word' id='word_1_270' title='bbox 1772 3402 2012 3471; x_wconf 92' lang='lat' dir='ltr'><strong>Quorum</strong></span> <span class='ocrx_word' id='word_1_271' title='bbox 2049 3404 2234 3477; x_wconf 88' lang='lat' dir='ltr'><strong>itaque</strong></span> 
     </span>
    </p>
   </div>
   <div class='ocr_carea' id='block_1_38' title="bbox 645 3495 2235 3570">
    <p class='ocr_par' dir='ltr' id='par_1_38' title="bbox 645 3495 2235 3570">
     <span class='ocr_line' id='line_1_38' title="bbox 645 3495 2235 3570; baseline -0.006 -9"><span class='ocrx_word' id='word_1_272' title='bbox 645 3504 895 3561; x_wconf 89' lang='lat' dir='ltr'><strong>ordinem</strong></span> <span class='ocrx_word' id='word_1_273' title='bbox 929 3498 1170 3570; x_wconf 88' lang='lat' dir='ltr'><strong>lapidum</strong></span> <span class='ocrx_word' id='word_1_274' title='bbox 1219 3497 1346 3551; x_wconf 91' lang='lat' dir='ltr'><strong>dum</strong></span> <span class='ocrx_word' id='word_1_275' title='bbox 1382 3495 1641 3550; x_wconf 85' lang='lat' dir='ltr'><strong>Ecclesia</strong></span> <span class='ocrx_word' id='word_1_276' title='bbox 1691 3510 1803 3550; x_wconf 88' lang='lat' dir='ltr'><strong>sua</strong></span> <span class='ocrx_word' id='word_1_277' title='bbox 1851 3495 2112 3551; x_wconf 89' lang='lat' dir='ltr'><strong>Dominus</strong></span> <span class='ocrx_word' id='word_1_278' title='bbox 2136 3511 2235 3567; x_wconf 91' lang='lat' dir='ltr'><strong>per</strong></span> 
     </span>
    </p>
   </div>
   <div class='ocr_carea' id='block_1_39' title="bbox 643 3588 2234 3671">
    <p class='ocr_par' dir='ltr' id='par_1_39' title="bbox 643 3588 2234 3671">
     <span class='ocr_line' id='line_1_39' title="bbox 643 3588 2234 3671; baseline -0.007 -18"><span class='ocrx_word' id='word_1_279' title='bbox 643 3596 968 3671; x_wconf 86' lang='lat' dir='ltr'><strong>prophetam</strong></span> <span class='ocrx_word' id='word_1_280' title='bbox 1016 3589 1436 3662; x_wconf 85' lang='lat' dir='ltr'><strong>pollicitationes</strong></span> <span class='ocrx_word' id='word_1_281' title='bbox 1481 3603 1610 3643; x_wconf 91' lang='lat' dir='ltr'><strong>suas</strong></span> <span class='ocrx_word' id='word_1_282' title='bbox 1657 3588 1990 3654; x_wconf 89' lang='lat' dir='ltr'><strong>ostenderet,</strong></span> <span class='ocrx_word' id='word_1_283' title='bbox 2040 3601 2234 3658; x_wconf 85' lang='lat' dir='ltr'><strong>repro-</strong></span> 
     </span>
    </p>
   </div>
   <div class='ocr_carea' id='block_1_40' title="bbox 645 3679 2234 3754">
    <p class='ocr_par' dir='ltr' id='par_1_40' title="bbox 645 3679 2234 3754">
     <span class='ocr_line' id='line_1_40' title="bbox 645 3679 2234 3754; baseline -0.006 -9"><span class='ocrx_word' id='word_1_284' title='bbox 645 3689 835 3754; x_wconf 87' lang='lat' dir='ltr'><strong>mittit,</strong></span> <span class='ocrx_word' id='word_1_285' title='bbox 868 3687 1054 3742; x_wconf 90' lang='lat' dir='ltr'><strong>dicens</strong></span> <span class='ocrx_word' id='word_1_286' title='bbox 1083 3701 1096 3738; x_wconf 90' lang='lat'><strong>:</strong></span> <span class='ocrx_word' id='word_1_287' title='bbox 1125 3681 1263 3737; x_wconf 87' lang='lat' dir='ltr'><strong>Ecce</strong></span> <span class='ocrx_word' id='word_1_288' title='bbox 1295 3698 1387 3754; x_wconf 87' lang='lat' dir='ltr'><strong>ego</strong></span> <span class='ocrx_word' id='word_1_289' title='bbox 1414 3690 1642 3735; x_wconf 81' lang='lat' dir='ltr'><strong>sternam</strong></span> <span class='ocrx_word' id='word_1_290' title='bbox 1656 3696 1754 3749; x_wconf 13' lang='lat' dir='ltr'><strong>per.</strong></span> <span class='ocrx_word' id='word_1_291' title='bbox 1774 3681 2007 3734; x_wconf 81' lang='lat' dir='ltr'><strong>ordinem</strong></span> <span class='ocrx_word' id='word_1_292' title='bbox 2034 3679 2234 3749; x_wconf 75' lang='lat' dir='ltr'><strong>lapides</strong></span> 
     </span>
    </p>
   </div>
   <div class='ocr_carea' id='block_1_41' title="bbox 644 3769 2234 3846">
    <p class='ocr_par' dir='ltr' id='par_1_41' title="bbox 644 3769 2234 3846">
     <span class='ocr_line' id='line_1_41' title="bbox 644 3769 2234 3846; baseline -0.005 -13"><span class='ocrx_word' id='word_1_293' title='bbox 644 3789 786 3843; x_wconf 84' lang='lat' dir='ltr'><strong>tuos,</strong></span> <span class='ocrx_word' id='word_1_294' title='bbox 811 3786 858 3832; x_wconf 88' lang='lat' dir='ltr'><strong>et</strong></span> <span class='ocrx_word' id='word_1_295' title='bbox 891 3773 1123 3846; x_wconf 78' lang='lat' dir='ltr'><strong>fundabo</strong></span> <span class='ocrx_word' id='word_1_296' title='bbox 1151 3782 1200 3827; x_wconf 87' lang='lat' dir='ltr'><strong>te</strong></span> <span class='ocrx_word' id='word_1_297' title='bbox 1246 3773 1301 3825; x_wconf 88' lang='lat' dir='ltr'><strong>in</strong></span> <span class='ocrx_word' id='word_1_298' title='bbox 1345 3771 1628 3841; x_wconf 78' lang='lat' dir='ltr'><strong>sapphiris,</strong></span> <span class='ocrx_word' id='word_1_299' title='bbox 1677 3779 1723 3824; x_wconf 86' lang='lat' dir='ltr'><strong>et</strong></span> <span class='ocrx_word' id='word_1_300' title='bbox 1755 3787 1942 3836; x_wconf 87' lang='lat' dir='ltr'><strong>ponam</strong></span> <span class='ocrx_word' id='word_1_301' title='bbox 1967 3769 2234 3840; x_wconf 83' lang='lat' dir='ltr'><strong>jaspidem</strong></span> 
     </span>
    </p>
   </div>
   <div class='ocr_carea' id='block_1_42' title="bbox 646 3861 2231 3944">
    <p class='ocr_par' dir='ltr' id='par_1_42' title="bbox 646 3861 2231 3944">
     <span class='ocr_line' id='line_1_42' title="bbox 646 3861 2231 3944; baseline -0.005 -20"><span class='ocrx_word' id='word_1_302' title='bbox 646 3866 1048 3944; x_wconf 81' lang='lat' dir='ltr'><strong>propugnacula</strong></span> <span class='ocrx_word' id='word_1_303' title='bbox 1081 3875 1196 3929; x_wconf 84' lang='lat' dir='ltr'><strong>tua,</strong></span> <span class='ocrx_word' id='word_1_304' title='bbox 1233 3872 1282 3918; x_wconf 91' lang='lat' dir='ltr'><strong>et</strong></span> <span class='ocrx_word' id='word_1_305' title='bbox 1308 3873 1488 3934; x_wconf 82' lang='lat' dir='ltr'><strong>portas</strong></span> <span class='ocrx_word' id='word_1_306' title='bbox 1515 3871 1633 3916; x_wconf 85' lang='lat' dir='ltr'><strong>tuas</strong></span> <span class='ocrx_word' id='word_1_307' title='bbox 1661 3863 1716 3916; x_wconf 92' lang='lat' dir='ltr'><strong>in</strong></span> <span class='ocrx_word' id='word_1_308' title='bbox 1745 3861 1946 3932; x_wconf 80' lang='lat' dir='ltr'><strong>lapides</strong></span> <span class='ocrx_word' id='word_1_309' title='bbox 1981 3861 2231 3932; x_wconf 77' lang='lat' dir='ltr'><strong>scalptos,</strong></span> 
     </span>
    </p>
   </div>
   <div class='ocr_carea' id='block_1_43' title="bbox 644 3953 2233 4024">
    <p class='ocr_par' dir='ltr' id='par_1_43' title="bbox 644 3953 2233 4024">
     <span class='ocr_line' id='line_1_43' title="bbox 644 3953 2233 4024; baseline -0.008 -6"><span class='ocrx_word' id='word_1_310' title='bbox 644 3973 695 4018; x_wconf 80' lang='lat' dir='ltr'><strong>et</strong></span> <span class='ocrx_word' id='word_1_311' title='bbox 727 3975 902 4015; x_wconf 88' lang='lat' dir='ltr'><strong>omnes</strong></span> <span class='ocrx_word' id='word_1_312' title='bbox 932 3958 1178 4013; x_wconf 79' lang='lat' dir='ltr'><strong>terminos</strong></span> <span class='ocrx_word' id='word_1_313' title='bbox 1203 3965 1318 4009; x_wconf 80' lang='lat' dir='ltr'><strong>tuos</strong></span> <span class='ocrx_word' id='word_1_314' title='bbox 1353 3955 1407 4007; x_wconf 90' lang='lat' dir='ltr'><strong>in</strong></span> <span class='ocrx_word' id='word_1_315' title='bbox 1445 3953 1644 4024; x_wconf 82' lang='lat' dir='ltr'><strong>lapides</strong></span> <span class='ocrx_word' id='word_1_316' title='bbox 1677 3953 2084 4008; x_wconf 85' lang='lat' dir='ltr'><strong>desiderabiles:</strong></span> <span class='ocrx_word' id='word_1_317' title='bbox 2107 3953 2233 4007; x_wconf 86' lang='lat' dir='ltr'><strong>uni-</strong></span> 
     </span>
    </p>
   </div>
   <div class='ocr_carea' id='block_1_44' title="bbox 644 4041 2234 4118">
    <p class='ocr_par' dir='ltr' id='par_1_44' title="bbox 644 4041 2234 4118">
     <span class='ocr_line' id='line_1_44' title="bbox 644 4041 2234 4118; baseline -0.006 -11"><span class='ocrx_word' id='word_1_318' title='bbox 644 4067 818 4108; x_wconf 73' lang='lat' dir='ltr'><strong>versos</strong></span> <span class='ocrx_word' id='word_1_319' title='bbox 842 4049 981 4118; x_wconf 82' lang='lat' dir='ltr'><strong>ﬁlios</strong></span> <span class='ocrx_word' id='word_1_320' title='bbox 1015 4058 1132 4102; x_wconf 89' lang='lat' dir='ltr'><strong>tuos</strong></span> <span class='ocrx_word' id='word_1_321' title='bbox 1171 4046 1349 4099; x_wconf 88' lang='lat' dir='ltr'><strong>doctos</strong></span> <span class='ocrx_word' id='word_1_322' title='bbox 1380 4061 1412 4096; x_wconf 89' lang='lat' dir='ltr'><strong>a</strong></span> <span class='ocrx_word' id='word_1_323' title='bbox 1432 4041 1656 4096; x_wconf 84' lang='lat' dir='ltr'><strong>Domino</strong></span> <span class='ocrx_word' id='word_1_324' title='bbox 1693 4041 1830 4114; x_wconf 86' lang='lat' dir='ltr'><strong>(Isa.</strong></span> <span class='ocrx_word' id='word_1_325' title='bbox 1861 4042 1994 4112; x_wconf 79' lang='lat' dir='ltr'><strong>LIV).</strong></span> <span class='ocrx_word' id='word_1_326' title='bbox 2027 4041 2234 4098; x_wconf 86' lang='lat' dir='ltr'><strong>Stravit</strong></span> 
     </span>
    </p>
   </div>
   <div class='ocr_carea' id='block_1_45' title="bbox 645 4132 2228 4210">
    <p class='ocr_par' dir='ltr' id='par_1_45' title="bbox 645 4132 2228 4210">
     <span class='ocr_line' id='line_1_45' title="bbox 645 4132 2228 4210; baseline -0.006 -13"><span class='ocrx_word' id='word_1_327' title='bbox 645 4154 882 4210; x_wconf 87' lang='lat' dir='ltr'><strong>namque</strong></span> <span class='ocrx_word' id='word_1_328' title='bbox 905 4132 1155 4194; x_wconf 89' lang='lat' dir='ltr'><strong>Christus</strong></span> <span class='ocrx_word' id='word_1_329' title='bbox 1196 4137 1253 4189; x_wconf 93' lang='lat' dir='ltr'><strong>in</strong></span> <span class='ocrx_word' id='word_1_330' title='bbox 1288 4132 1532 4188; x_wconf 89' lang='lat' dir='ltr'><strong>Ecclesia</strong></span> <span class='ocrx_word' id='word_1_331' title='bbox 1571 4147 1670 4201; x_wconf 91' lang='lat' dir='ltr'><strong>per</strong></span> <span class='ocrx_word' id='word_1_332' title='bbox 1713 4133 1960 4187; x_wconf 91' lang='lat' dir='ltr'><strong>ordinem</strong></span> <span class='ocrx_word' id='word_1_333' title='bbox 1999 4132 2228 4202; x_wconf 91' lang='lat' dir='ltr'><strong>lapides,</strong></span> 
     </span>
    </p>
   </div>
   <div class='ocr_carea' id='block_1_46' title="bbox 644 4223 2232 4304">
    <p class='ocr_par' dir='ltr' id='par_1_46' title="bbox 644 4223 2232 4304">
     <span class='ocr_line' id='line_1_46' title="bbox 644 4223 2232 4304; baseline -0.006 -16"><span class='ocrx_word' id='word_1_334' title='bbox 644 4233 771 4304; x_wconf 91' lang='lat' dir='ltr'><strong>quia</strong></span> <span class='ocrx_word' id='word_1_335' title='bbox 827 4231 894 4287; x_wconf 91' lang='lat' dir='ltr'><strong>in.</strong></span> <span class='ocrx_word' id='word_1_336' title='bbox 931 4244 996 4284; x_wconf 89' lang='lat' dir='ltr'><strong>ea</strong></span> <span class='ocrx_word' id='word_1_337' title='bbox 1044 4235 1260 4283; x_wconf 88' lang='lat' dir='ltr'><strong>sanctas</strong></span> <span class='ocrx_word' id='word_1_338' title='bbox 1308 4223 1608 4279; x_wconf 89' lang='lat' dir='ltr'><strong>electorum</strong></span> <span class='ocrx_word' id='word_1_339' title='bbox 1665 4225 1872 4278; x_wconf 91' lang='lat' dir='ltr'><strong>animas</strong></span> <span class='ocrx_word' id='word_1_340' title='bbox 1910 4223 2232 4280; x_wconf 85' lang='lat' dir='ltr'><strong>meritorum</strong></span> 
     </span>
    </p>
   </div>
   <div class='ocr_carea' id='block_1_47' title="bbox 645 4313 2228 4384">
    <p class='ocr_par' dir='ltr' id='par_1_47' title="bbox 645 4313 2228 4384">
     <span class='ocr_line' id='line_1_47' title="bbox 645 4313 2228 4384; baseline -0.007 -4"><span class='ocrx_word' id='word_1_341' title='bbox 645 4321 966 4380; x_wconf 88' lang='lat' dir='ltr'><strong>diversitate</strong></span> <span class='ocrx_word' id='word_1_342' title='bbox 1015 4316 1282 4374; x_wconf 81' lang='lat' dir='ltr'><strong>distinxit.</strong></span> <span class='ocrx_word' id='word_1_343' title='bbox 1343 4313 1613 4370; x_wconf 86' lang='lat' dir='ltr'><strong>Fundavit</strong></span> <span class='ocrx_word' id='word_1_344' title='bbox 1663 4327 1784 4368; x_wconf 89' lang='lat' dir='ltr'><strong>eam</strong></span> <span class='ocrx_word' id='word_1_345' title='bbox 1831 4313 1885 4368; x_wconf 92' lang='lat' dir='ltr'><strong>in</strong></span> <span class='ocrx_word' id='word_1_346' title='bbox 1927 4315 2228 4384; x_wconf 91' lang='lat' dir='ltr'><strong>sapphiris,</strong></span> 
     </span>
    </p>
   </div>
   <div class='ocr_carea' id='block_1_48' title="bbox 645 4405 2227 4489">
    <p class='ocr_par' dir='ltr' id='par_1_48' title="bbox 645 4405 2227 4489">
     <span class='ocr_line' id='line_1_48' title="bbox 645 4405 2227 4489; baseline -0.006 -19"><span class='ocrx_word' id='word_1_347' title='bbox 645 4415 739 4489; x_wconf 93' lang='lat' dir='ltr'><strong>qui</strong></span> <span class='ocrx_word' id='word_1_348' title='bbox 763 4413 970 4470; x_wconf 81' lang='lat' dir='ltr'><strong>scilicet</strong></span> <span class='ocrx_word' id='word_1_349' title='bbox 995 4409 1204 4482; x_wconf 89' lang='lat' dir='ltr'><strong>lapides</strong></span> <span class='ocrx_word' id='word_1_350' title='bbox 1231 4406 1432 4463; x_wconf 90' lang='lat' dir='ltr'><strong>coloris</strong></span> <span class='ocrx_word' id='word_1_351' title='bbox 1461 4405 1606 4460; x_wconf 85' lang='lat' dir='ltr'><strong>aerei</strong></span> <span class='ocrx_word' id='word_1_352' title='bbox 1642 4405 1695 4458; x_wconf 94' lang='lat' dir='ltr'><strong>in</strong></span> <span class='ocrx_word' id='word_1_353' title='bbox 1726 4421 1786 4460; x_wconf 89' lang='lat' dir='ltr'><strong>se</strong></span> <span class='ocrx_word' id='word_1_354' title='bbox 1817 4405 2227 4461; x_wconf 90' lang='lat' dir='ltr'><strong>similitudinem</strong></span> 
     </span>
    </p>
   </div>
   <div class='ocr_carea' id='block_1_49' title="bbox 645 4495 2232 4574">
    <p class='ocr_par' dir='ltr' id='par_1_49' title="bbox 645 4495 2232 4574">
     <span class='ocr_line' id='line_1_49' title="bbox 645 4495 2232 4574; baseline -0.007 -10"><span class='ocrx_word' id='word_1_355' title='bbox 645 4513 876 4565; x_wconf 87' lang='lat' dir='ltr'><strong>tenent:</strong></span> <span class='ocrx_word' id='word_1_356' title='bbox 911 4503 1039 4574; x_wconf 87' lang='lat' dir='ltr'><strong>quia</strong></span> <span class='ocrx_word' id='word_1_357' title='bbox 1088 4499 1258 4556; x_wconf 91' lang='lat' dir='ltr'><strong>robur</strong></span> <span class='ocrx_word' id='word_1_358' title='bbox 1285 4496 1542 4553; x_wconf 89' lang='lat' dir='ltr'><strong>Ecclesia</strong></span> <span class='ocrx_word' id='word_1_359' title='bbox 1587 4495 1642 4551; x_wconf 92' lang='lat' dir='ltr'><strong>in</strong></span> <span class='ocrx_word' id='word_1_360' title='bbox 1669 4495 1957 4552; x_wconf 88' lang='lat' dir='ltr'><strong>animabus</strong></span> <span class='ocrx_word' id='word_1_361' title='bbox 1988 4495 2232 4553; x_wconf 69' lang='lat' dir='ltr'><strong>caelestia</strong></span> 
     </span>
    </p>
   </div>
   <div class='ocr_carea' id='block_1_50' title="bbox 646 4587 2235 4670">
    <p class='ocr_par' dir='ltr' id='par_1_50' title="bbox 646 4587 2235 4670">
     <span class='ocr_line' id='line_1_50' title="bbox 646 4587 2235 4670; baseline -0.007 -16"><span class='ocrx_word' id='word_1_362' title='bbox 646 4594 1030 4670; x_wconf 88' lang='lat' dir='ltr'><strong>appetentibus</strong></span> <span class='ocrx_word' id='word_1_363' title='bbox 1087 4589 1374 4646; x_wconf 89' lang='lat' dir='ltr'><strong>solidatur.</strong></span> <span class='ocrx_word' id='word_1_364' title='bbox 1407 4588 1475 4642; x_wconf 92' lang='lat' dir='ltr'><strong>Et</strong></span> <span class='ocrx_word' id='word_1_365' title='bbox 1522 4587 1781 4658; x_wconf 90' lang='lat' dir='ltr'><strong>quoniam</strong></span> <span class='ocrx_word' id='word_1_366' title='bbox 1824 4587 1997 4657; x_wconf 91' lang='lat' dir='ltr'><strong>jaspis</strong></span> <span class='ocrx_word' id='word_1_367' title='bbox 2045 4587 2235 4644; x_wconf 80' lang='lat' dir='ltr'><strong>viridis</strong></span> 
     </span>
    </p>
   </div>
   <div class='ocr_carea' id='block_1_51' title="bbox 644 4680 2231 4755">
    <p class='ocr_par' dir='ltr' id='par_1_51' title="bbox 644 4680 2231 4755">
     <span class='ocr_line' id='line_1_51' title="bbox 644 4680 2231 4755; baseline -0.006 -10"><span class='ocrx_word' id='word_1_368' title='bbox 644 4698 732 4746; x_wconf 89' lang='lat' dir='ltr'><strong>est</strong></span> <span class='ocrx_word' id='word_1_369' title='bbox 783 4686 1002 4750; x_wconf 89' lang='lat' dir='ltr'><strong>coloris,</strong></span> <span class='ocrx_word' id='word_1_370' title='bbox 1055 4682 1328 4755; x_wconf 89' lang='lat' dir='ltr'><strong>jaspidem</strong></span> <span class='ocrx_word' id='word_1_371' title='bbox 1399 4680 1806 4753; x_wconf 89' lang='lat' dir='ltr'><strong>propugnacula</strong></span> <span class='ocrx_word' id='word_1_372' title='bbox 1861 4680 1978 4750; x_wconf 87' lang='lat' dir='ltr'><strong>ejus</strong></span> <span class='ocrx_word' id='word_1_373' title='bbox 2027 4682 2231 4751; x_wconf 88' lang='lat' dir='ltr'><strong>posuit,</strong></span> 
     </span>
    </p>
   </div>
   <div class='ocr_carea' id='block_1_52' title="bbox 646 4771 2229 4852">
    <p class='ocr_par' dir='ltr' id='par_1_52' title="bbox 646 4771 2229 4852">
     <span class='ocr_line' id='line_1_52' title="bbox 646 4771 2229 4852; baseline -0.005 -18"><span class='ocrx_word' id='word_1_374' title='bbox 646 4779 776 4852; x_wconf 82' lang='lat' dir='ltr'><strong>quia</strong></span> <span class='ocrx_word' id='word_1_375' title='bbox 803 4777 879 4832; x_wconf 91' lang='lat' dir='ltr'><strong>illi</strong></span> <span class='ocrx_word' id='word_1_376' title='bbox 905 4784 1095 4832; x_wconf 88' lang='lat' dir='ltr'><strong>contra</strong></span> <span class='ocrx_word' id='word_1_377' title='bbox 1119 4772 1470 4829; x_wconf 87' lang='lat' dir='ltr'><strong>adversarios</strong></span> <span class='ocrx_word' id='word_1_378' title='bbox 1499 4787 1598 4842; x_wconf 92' lang='lat' dir='ltr'><strong>pro</strong></span> <span class='ocrx_word' id='word_1_379' title='bbox 1619 4780 1825 4827; x_wconf 86' lang='lat' dir='ltr'><strong>sancta</strong></span> <span class='ocrx_word' id='word_1_380' title='bbox 1855 4771 2113 4827; x_wconf 87' lang='lat' dir='ltr'><strong>Ecclesia</strong></span> <span class='ocrx_word' id='word_1_381' title='bbox 2134 4772 2229 4826; x_wconf 86' lang='lat' dir='ltr'><strong>de-</strong></span> 
     </span>
    </p>
   </div>
   <div class='ocr_carea' id='block_1_53' title="bbox 642 4860 2233 4935">
    <p class='ocr_par' dir='ltr' id='par_1_53' title="bbox 642 4860 2233 4935">
     <span class='ocr_line' id='line_1_53' title="bbox 642 4860 2233 4935; baseline -0.006 -11"><span class='ocrx_word' id='word_1_382' title='bbox 642 4868 893 4924; x_wconf 79' lang='lat' dir='ltr'><strong>fensione</strong></span> <span class='ocrx_word' id='word_1_383' title='bbox 919 4863 1121 4935; x_wconf 85' lang='lat' dir='ltr'><strong>objecti</strong></span> <span class='ocrx_word' id='word_1_384' title='bbox 1172 4869 1318 4930; x_wconf 89' lang='lat' dir='ltr'><strong>sunt,</strong></span> <span class='ocrx_word' id='word_1_385' title='bbox 1345 4862 1440 4933; x_wconf 90' lang='lat' dir='ltr'><strong>qui</strong></span> <span class='ocrx_word' id='word_1_386' title='bbox 1471 4862 1527 4916; x_wconf 92' lang='lat' dir='ltr'><strong>in</strong></span> <span class='ocrx_word' id='word_1_387' title='bbox 1560 4860 1650 4916; x_wconf 91' lang='lat' dir='ltr'><strong>illa</strong></span> <span class='ocrx_word' id='word_1_388' title='bbox 1689 4860 1949 4915; x_wconf 88' lang='lat' dir='ltr'><strong>ariditate</strong></span> <span class='ocrx_word' id='word_1_389' title='bbox 1973 4861 2233 4929; x_wconf 90' lang='lat' dir='ltr'><strong>temporis</strong></span> 
     </span>
    </p>
   </div>
   <div class='ocr_carea' id='block_1_54' title="bbox 642 4955 2232 5036">
    <p class='ocr_par' dir='ltr' id='par_1_54' title="bbox 642 4955 2232 5036">
     <span class='ocr_line' id='line_1_54' title="bbox 642 4955 2232 5036; baseline -0.007 -15"><span class='ocrx_word' id='word_1_390' title='bbox 642 4963 862 5036; x_wconf 85' lang='lat' dir='ltr'><strong>reprobi</strong></span> <span class='ocrx_word' id='word_1_391' title='bbox 915 4962 1250 5018; x_wconf 89' lang='lat' dir='ltr'><strong>inarescunt.</strong></span> <span class='ocrx_word' id='word_1_392' title='bbox 1290 4957 1362 5012; x_wconf 77' lang='lat' dir='ltr'><strong>At</strong></span> <span class='ocrx_word' id='word_1_393' title='bbox 1410 4971 1541 5012; x_wconf 91' lang='lat' dir='ltr'><strong>vero</strong></span> <span class='ocrx_word' id='word_1_394' title='bbox 1592 4956 1720 5027; x_wconf 89' lang='lat' dir='ltr'><strong>quia</strong></span> <span class='ocrx_word' id='word_1_395' title='bbox 1769 4956 1823 5010; x_wconf 90' lang='lat' dir='ltr'><strong>in</strong></span> <span class='ocrx_word' id='word_1_396' title='bbox 1867 4955 2095 5011; x_wconf 88' lang='lat' dir='ltr'><strong>diversis</strong></span> <span class='ocrx_word' id='word_1_397' title='bbox 2124 4955 2232 5011; x_wconf 87' lang='lat' dir='ltr'><strong>Ec-</strong></span> 
     </span>
    </p>
   </div>
   <div class='ocr_carea' id='block_1_55' title="bbox 643 5047 2230 5119">
    <p class='ocr_par' dir='ltr' id='par_1_55' title="bbox 643 5047 2230 5119">
     <span class='ocr_line' id='line_1_55' title="bbox 643 5047 2230 5119; baseline -0.006 -5"><span class='ocrx_word' id='word_1_398' title='bbox 643 5057 826 5114; x_wconf 84' lang='lat' dir='ltr'><strong>clesia</strong></span> <span class='ocrx_word' id='word_1_399' title='bbox 874 5053 1158 5110; x_wconf 89' lang='lat' dir='ltr'><strong>ordinibus</strong></span> <span class='ocrx_word' id='word_1_400' title='bbox 1209 5057 1396 5105; x_wconf 92' lang='lat' dir='ltr'><strong>nostro</strong></span> <span class='ocrx_word' id='word_1_401' title='bbox 1454 5049 1508 5104; x_wconf 90' lang='lat' dir='ltr'><strong>in</strong></span> <span class='ocrx_word' id='word_1_402' title='bbox 1558 5056 1800 5119; x_wconf 90' lang='lat' dir='ltr'><strong>tempore</strong></span> <span class='ocrx_word' id='word_1_403' title='bbox 1850 5047 2004 5103; x_wconf 91' lang='lat' dir='ltr'><strong>multi</strong></span> <span class='ocrx_word' id='word_1_404' title='bbox 2051 5049 2230 5104; x_wconf 78' lang='lat' dir='ltr'><strong>saeculi</strong></span> 
     </span>
    </p>
   </div>
   <div class='ocr_carea' id='block_1_56' title="bbox 645 5136 2231 5209">
    <p class='ocr_par' dir='ltr' id='par_1_56' title="bbox 645 5136 2231 5209">
     <span class='ocr_line' id='line_1_56' title="bbox 645 5136 2231 5209; baseline -0.006 -7"><span class='ocrx_word' id='word_1_405' title='bbox 645 5155 919 5202; x_wconf 87' lang='lat' dir='ltr'><strong>amatores</strong></span> <span class='ocrx_word' id='word_1_406' title='bbox 965 5146 1446 5209; x_wconf 87' lang='lat' dir='ltr'><strong>conuumerantur,</strong></span> <span class='ocrx_word' id='word_1_407' title='bbox 1491 5137 1618 5209; x_wconf 91' lang='lat' dir='ltr'><strong>jure</strong></span> <span class='ocrx_word' id='word_1_408' title='bbox 1651 5136 1944 5209; x_wconf 77' lang='lat' dir='ltr'><strong>plangitur,</strong></span> <span class='ocrx_word' id='word_1_409' title='bbox 1975 5139 2102 5206; x_wconf 88' lang='lat' dir='ltr'><strong>quia</strong></span> <span class='ocrx_word' id='word_1_410' title='bbox 2149 5138 2231 5193; x_wconf 87' lang='lat' dir='ltr'><strong>la—</strong></span> 
     </span>
    </p>
   </div>
   <div class='ocr_carea' id='block_1_57' title="bbox 645 5229 2233 5313">
    <p class='ocr_par' dir='ltr' id='par_1_57' title="bbox 645 5229 2233 5313">
     <span class='ocr_line' id='line_1_57' title="bbox 645 5229 2233 5313; baseline -0.008 -16"><span class='ocrx_word' id='word_1_411' title='bbox 645 5241 800 5313; x_wconf 90' lang='lat' dir='ltr'><strong>pides</strong></span> <span class='ocrx_word' id='word_1_412' title='bbox 819 5235 1114 5294; x_wconf 88' lang='lat' dir='ltr'><strong>sanctuarii</strong></span> <span class='ocrx_word' id='word_1_413' title='bbox 1153 5231 1384 5303; x_wconf 89' lang='lat' dir='ltr'><strong>dispersi</strong></span> <span class='ocrx_word' id='word_1_414' title='bbox 1415 5240 1542 5287; x_wconf 88' lang='lat' dir='ltr'><strong>sunt</strong></span> <span class='ocrx_word' id='word_1_415' title='bbox 1562 5230 1617 5285; x_wconf 94' lang='lat' dir='ltr'><strong>in</strong></span> <span class='ocrx_word' id='word_1_416' title='bbox 1643 5230 1820 5301; x_wconf 88' lang='lat' dir='ltr'><strong>capite</strong></span> <span class='ocrx_word' id='word_1_417' title='bbox 1842 5229 2084 5285; x_wconf 89' lang='lat' dir='ltr'><strong>omnium</strong></span> <span class='ocrx_word' id='word_1_418' title='bbox 2115 5230 2233 5301; x_wconf 90' lang='lat' dir='ltr'><strong>pla-</strong></span> 
     </span>
    </p>
   </div>
   <div class='ocr_carea' id='block_1_58' title="bbox 644 5319 2232 5396">
    <p class='ocr_par' dir='ltr' id='par_1_58' title="bbox 644 5319 2232 5396">
     <span class='ocr_line' id='line_1_58' title="bbox 644 5319 2232 5396; baseline -0.009 -7"><span class='ocrx_word' id='word_1_419' title='bbox 644 5342 882 5396; x_wconf 89' lang='lat' dir='ltr'><strong>tearum,</strong></span> <span class='ocrx_word' id='word_1_420' title='bbox 916 5329 1044 5384; x_wconf 91' lang='lat' dir='ltr'><strong>dum</strong></span> <span class='ocrx_word' id='word_1_421' title='bbox 1097 5331 1365 5395; x_wconf 84' lang='lat' dir='ltr'><strong>suscepta</strong></span> <span class='ocrx_word' id='word_1_422' title='bbox 1412 5321 1692 5393; x_wconf 77' lang='lat' dir='ltr'><strong>religionis</strong></span> <span class='ocrx_word' id='word_1_423' title='bbox 1743 5319 2062 5391; x_wconf 81' lang='lat' dir='ltr'><strong>mysterium</strong></span> <span class='ocrx_word' id='word_1_424' title='bbox 2109 5334 2232 5376; x_wconf 85' lang='lat' dir='ltr'><strong>ver-</strong></span> 
     </span>
    </p>
   </div>
   <div class='ocr_carea' id='block_1_59' title="bbox 644 5410 2233 5486">
    <p class='ocr_par' dir='ltr' id='par_1_59' title="bbox 644 5410 2233 5486">
     <span class='ocr_line' id='line_1_59' title="bbox 644 5410 2233 5486; baseline -0.008 -5"><span class='ocrx_word' id='word_1_425' title='bbox 644 5425 816 5481; x_wconf 87' lang='lat' dir='ltr'><strong>timus</strong></span> <span class='ocrx_word' id='word_1_426' title='bbox 846 5421 916 5476; x_wconf 88' lang='lat' dir='ltr'><strong>ad</strong></span> <span class='ocrx_word' id='word_1_427' title='bbox 941 5417 1256 5476; x_wconf 89' lang='lat' dir='ltr'><strong>ambitionis</strong></span> <span class='ocrx_word' id='word_1_428' title='bbox 1298 5422 1672 5486; x_wconf 73' lang='lat' dir='ltr'><strong>augmentum,</strong></span> <span class='ocrx_word' id='word_1_429' title='bbox 1715 5413 1844 5468; x_wconf 89' lang='lat' dir='ltr'><strong>dum</strong></span> <span class='ocrx_word' id='word_1_430' title='bbox 1873 5410 2049 5466; x_wconf 88' lang='lat' dir='ltr'><strong>locum</strong></span> <span class='ocrx_word' id='word_1_431' title='bbox 2079 5427 2233 5469; x_wconf 89' lang='lat' dir='ltr'><strong>sanc-</strong></span> 
     </span>
    </p>
   </div>
   <div class='ocr_carea' id='block_1_60' title="bbox 647 5505 2231 5582">
    <p class='ocr_par' dir='ltr' id='par_1_60' title="bbox 647 5505 2231 5582">
     <span class='ocr_line' id='line_1_60' title="bbox 647 5505 2231 5582; baseline -0.006 -8"><span class='ocrx_word' id='word_1_432' title='bbox 647 5519 820 5575; x_wconf 91' lang='lat' dir='ltr'><strong>titatis</strong></span> <span class='ocrx_word' id='word_1_433' title='bbox 843 5515 912 5572; x_wconf 86' lang='lat' dir='ltr'><strong>ad</strong></span> <span class='ocrx_word' id='word_1_434' title='bbox 941 5523 1155 5569; x_wconf 88' lang='lat' dir='ltr'><strong>terrena</strong></span> <span class='ocrx_word' id='word_1_435' title='bbox 1184 5509 1402 5582; x_wconf 89' lang='lat' dir='ltr'><strong>negotia</strong></span> <span class='ocrx_word' id='word_1_436' title='bbox 1432 5505 1770 5564; x_wconf 83' lang='lat' dir='ltr'><strong>deﬂectimus</strong></span> <span class='ocrx_word' id='word_1_437' title='bbox 1797 5523 1811 5559; x_wconf 89' lang='lat'><strong>:</strong></span> <span class='ocrx_word' id='word_1_438' title='bbox 1844 5505 1970 5562; x_wconf 90' lang='lat' dir='ltr'><strong>dum</strong></span> <span class='ocrx_word' id='word_1_439' title='bbox 1999 5506 2231 5564; x_wconf 85' lang='lat' dir='ltr'><strong>terrenis</strong></span> 
     </span>
    </p>
   </div>
   <div class='ocr_carea' id='block_1_61' title="bbox 645 5596 2228 5675">
    <p class='ocr_par' dir='ltr' id='par_1_61' title="bbox 645 5596 2228 5675">
     <span class='ocr_line' id='line_1_61' title="bbox 645 5596 2228 5675; baseline -0.011 -11"><span class='ocrx_word' id='word_1_440' title='bbox 645 5608 858 5664; x_wconf 84' lang='lat' dir='ltr'><strong>actibus</strong></span> <span class='ocrx_word' id='word_1_441' title='bbox 898 5603 1260 5675; x_wconf 90' lang='lat' dir='ltr'><strong>implicamur,</strong></span> <span class='ocrx_word' id='word_1_442' title='bbox 1290 5601 1364 5654; x_wconf 87' lang='lat' dir='ltr'><strong>ita</strong></span> <span class='ocrx_word' id='word_1_443' title='bbox 1392 5597 1535 5668; x_wconf 91' lang='lat' dir='ltr'><strong>quod</strong></span> <span class='ocrx_word' id='word_1_444' title='bbox 1557 5597 1711 5669; x_wconf 91' lang='lat' dir='ltr'><strong>pejus</strong></span> <span class='ocrx_word' id='word_1_445' title='bbox 1739 5605 1845 5664; x_wconf 88' lang='lat' dir='ltr'><strong>est,</strong></span> <span class='ocrx_word' id='word_1_446' title='bbox 1880 5605 1940 5652; x_wconf 91' lang='lat' dir='ltr'><strong>ut</strong></span> <span class='ocrx_word' id='word_1_447' title='bbox 1968 5596 2100 5667; x_wconf 92' lang='lat' dir='ltr'><strong>lupi,</strong></span> <span class='ocrx_word' id='word_1_448' title='bbox 2133 5612 2228 5667; x_wconf 84' lang='lat' dir='ltr'><strong>pa-</strong></span> 
     </span>
    </p>
   </div>
   <div class='ocr_carea' id='block_1_62' title="bbox 651 5691 2219 5764">
    <p class='ocr_par' dir='ltr' id='par_1_62' title="bbox 651 5691 2219 5764">
     <span class='ocr_line' id='line_1_62' title="bbox 651 5691 2219 5764; baseline -0.005 -8"><span class='ocrx_word' id='word_1_449' title='bbox 651 5709 828 5757; x_wconf 85' lang='lat' dir='ltr'><strong>stores</strong></span> <span class='ocrx_word' id='word_1_450' title='bbox 876 5696 1043 5761; x_wconf 81' lang='lat' dir='ltr'><strong>ﬂant;</strong></span> <span class='ocrx_word' id='word_1_451' title='bbox 1073 5693 1307 5750; x_wconf 88' lang='lat' dir='ltr'><strong>ministri</strong></span> <span class='ocrx_word' id='word_1_452' title='bbox 1349 5692 1554 5758; x_wconf 87' lang='lat' dir='ltr'><strong>altaris,</strong></span> <span class='ocrx_word' id='word_1_453' title='bbox 1601 5691 1968 5764; x_wconf 87' lang='lat' dir='ltr'><strong>negotiatores</strong></span> <span class='ocrx_word' id='word_1_454' title='bbox 2008 5691 2219 5760; x_wconf 79' lang='lat' dir='ltr'><strong>saculi;</strong></span> 
     </span>
    </p>
   </div>
   <div class='ocr_carea' id='block_1_63' title="bbox 2347 481 3862 556">
    <p class='ocr_par' dir='ltr' id='par_1_63' title="bbox 2347 481 3862 556">
     <span class='ocr_line' id='line_1_63' title="bbox 2347 481 3862 556; baseline 0.008 -19"><span class='ocrx_word' id='word_1_455' title='bbox 2347 481 2839 538; x_wconf 88' lang='lat' dir='ltr'><strong>sanctimonialium</strong></span> <span class='ocrx_word' id='word_1_456' title='bbox 2853 487 3182 556; x_wconf 87' lang='lat' dir='ltr'><strong>aggregatio,</strong></span> <span class='ocrx_word' id='word_1_457' title='bbox 3205 487 3532 543; x_wconf 91' lang='lat' dir='ltr'><strong>domicilium</strong></span> <span class='ocrx_word' id='word_1_458' title='bbox 3545 489 3862 554; x_wconf 69' lang='lat' dir='ltr'><strong>vitiorude-</strong></span> 
     </span>
    </p>
   </div>
   <div class='ocr_carea' id='block_1_64' title="bbox 2345 573 3862 656">
    <p class='ocr_par' dir='ltr' id='par_1_64' title="bbox 2345 573 3862 656">
     <span class='ocr_line' id='line_1_64' title="bbox 2345 573 3862 656; baseline 0.009 -28"><span class='ocrx_word' id='word_1_459' title='bbox 2345 573 2491 629; x_wconf 91' lang='lat' dir='ltr'><strong>circo</strong></span> <span class='ocrx_word' id='word_1_460' title='bbox 2507 583 2653 630; x_wconf 91' lang='lat' dir='ltr'><strong>recte</strong></span> <span class='ocrx_word' id='word_1_461' title='bbox 2675 590 2796 631; x_wconf 93' lang='lat' dir='ltr'><strong>cum</strong></span> <span class='ocrx_word' id='word_1_462' title='bbox 2821 577 3087 647; x_wconf 90' lang='lat' dir='ltr'><strong>propheta</strong></span> <span class='ocrx_word' id='word_1_463' title='bbox 3113 591 3315 649; x_wconf 93' lang='lat' dir='ltr'><strong>corpus</strong></span> <span class='ocrx_word' id='word_1_464' title='bbox 3338 579 3538 636; x_wconf 87' lang='lat' dir='ltr'><strong>Christi</strong></span> <span class='ocrx_word' id='word_1_465' title='bbox 3561 581 3748 639; x_wconf 84' lang='lat' dir='ltr'><strong>scilicet</strong></span> <span class='ocrx_word' id='word_1_466' title='bbox 3771 587 3862 656; x_wconf 83' lang='lat' dir='ltr'><strong>ejus</strong></span> 
     </span>
    </p>
   </div>
   <div class='ocr_carea' id='block_1_65' title="bbox 2344 663 3862 737">
    <p class='ocr_par' dir='ltr' id='par_1_65' title="bbox 2344 663 3862 737">
     <span class='ocr_line' id='line_1_65' title="bbox 2344 663 3862 737; baseline 0.008 -17"><span class='ocrx_word' id='word_1_467' title='bbox 2344 663 2583 722; x_wconf 90' lang='lat' dir='ltr'><strong>Ecclesia</strong></span> <span class='ocrx_word' id='word_1_468' title='bbox 2623 666 2867 737; x_wconf 88' lang='lat' dir='ltr'><strong>plangit:</strong></span> <span class='ocrx_word' id='word_1_469' title='bbox 2901 667 3183 734; x_wconf 87' lang='lat' dir='ltr'><strong>Quomodo</strong></span> <span class='ocrx_word' id='word_1_470' title='bbox 3208 670 3556 725; x_wconf 89' lang='lat' dir='ltr'><strong>obscuratum</strong></span> <span class='ocrx_word' id='word_1_471' title='bbox 3598 681 3676 729; x_wconf 89' lang='lat' dir='ltr'><strong>est</strong></span> <span class='ocrx_word' id='word_1_472' title='bbox 3705 689 3862 734; x_wconf 79' lang='lat' dir='ltr'><strong>aurum</strong></span> 
     </span>
    </p>
   </div>
   <div class='ocr_carea' id='block_1_66' title="bbox 2343 753 3863 827">
    <p class='ocr_par' dir='ltr' id='par_1_66' title="bbox 2343 753 3863 827">
     <span class='ocr_line' id='line_1_66' title="bbox 2343 753 3863 827; baseline 0.009 -18"><span class='ocrx_word' id='word_1_473' title='bbox 2343 753 2566 827; x_wconf 81' lang='lat' dir='ltr'><strong>fuligine</strong></span> <span class='ocrx_word' id='word_1_474' title='bbox 2596 764 2966 824; x_wconf 89' lang='lat' dir='ltr'><strong>peccatorum,</strong></span> <span class='ocrx_word' id='word_1_475' title='bbox 3020 757 3343 814; x_wconf 87' lang='lat' dir='ltr'><strong>immutatus</strong></span> <span class='ocrx_word' id='word_1_476' title='bbox 3394 767 3478 815; x_wconf 88' lang='lat' dir='ltr'><strong>est</strong></span> <span class='ocrx_word' id='word_1_477' title='bbox 3505 760 3645 816; x_wconf 91' lang='lat' dir='ltr'><strong>color</strong></span> <span class='ocrx_word' id='word_1_478' title='bbox 3690 763 3863 825; x_wconf 78' lang='lat' dir='ltr'><strong>decoris</strong></span> 
     </span>
    </p>
   </div>
   <div class='ocr_carea' id='block_1_67' title="bbox 2343 847 3864 920">
    <p class='ocr_par' dir='ltr' id='par_1_67' title="bbox 2343 847 3864 920">
     <span class='ocr_line' id='line_1_67' title="bbox 2343 847 3864 920; baseline 0.007 -17"><span class='ocrx_word' id='word_1_479' title='bbox 2343 855 2398 903; x_wconf 91' lang='lat' dir='ltr'><strong>et</strong></span> <span class='ocrx_word' id='word_1_480' title='bbox 2423 848 2752 913; x_wconf 88' lang='lat' dir='ltr'><strong>sanctitatis,</strong></span> <span class='ocrx_word' id='word_1_481' title='bbox 2794 849 2847 903; x_wconf 91' lang='lat' dir='ltr'><strong>in</strong></span> <span class='ocrx_word' id='word_1_482' title='bbox 2891 847 3195 905; x_wconf 76' lang='lat' dir='ltr'><strong>faditatem</strong></span> <span class='ocrx_word' id='word_1_483' title='bbox 3223 850 3502 906; x_wconf 85' lang='lat' dir='ltr'><strong>vitiorum.</strong></span> <span class='ocrx_word' id='word_1_484' title='bbox 3540 851 3790 920; x_wconf 85' lang='lat' dir='ltr'><strong>Quomodo</strong></span> <span class='ocrx_word' id='word_1_485' title='bbox 3806 857 3864 920; x_wconf 81' lang='lat' dir='ltr'><strong>di-</strong></span> 
     </span>
    </p>
   </div>
   <div class='ocr_carea' id='block_1_68' title="bbox 2343 939 3864 1013">
    <p class='ocr_par' dir='ltr' id='par_1_68' title="bbox 2343 939 3864 1013">
     <span class='ocr_line' id='line_1_68' title="bbox 2343 939 3864 1013; baseline 0.006 -18"><span class='ocrx_word' id='word_1_486' title='bbox 2343 940 2515 1010; x_wconf 89' lang='lat' dir='ltr'><strong>spersi</strong></span> <span class='ocrx_word' id='word_1_487' title='bbox 2555 948 2678 994; x_wconf 92' lang='lat' dir='ltr'><strong>sunt</strong></span> <span class='ocrx_word' id='word_1_488' title='bbox 2708 939 2914 1010; x_wconf 86' lang='lat' dir='ltr'><strong>lapides</strong></span> <span class='ocrx_word' id='word_1_489' title='bbox 2941 941 3102 996; x_wconf 90' lang='lat' dir='ltr'><strong>strati</strong></span> <span class='ocrx_word' id='word_1_490' title='bbox 3123 956 3223 1012; x_wconf 90' lang='lat' dir='ltr'><strong>per</strong></span> <span class='ocrx_word' id='word_1_491' title='bbox 3253 942 3498 998; x_wconf 90' lang='lat' dir='ltr'><strong>ordinem</strong></span> <span class='ocrx_word' id='word_1_492' title='bbox 3519 947 3798 1013; x_wconf 85' lang='lat' dir='ltr'><strong>sanctuarii,</strong></span> <span class='ocrx_word' id='word_1_493' title='bbox 3821 951 3864 1006; x_wconf 88' lang='lat' dir='ltr'><strong>in</strong></span> 
     </span>
    </p>
   </div>
   <div class='ocr_carea' id='block_1_69' title="bbox 2343 1029 3861 1106">
    <p class='ocr_par' dir='ltr' id='par_1_69' title="bbox 2343 1029 3861 1106">
     <span class='ocr_line' id='line_1_69' title="bbox 2343 1029 3861 1106; baseline 0.004 -20"><span class='ocrx_word' id='word_1_494' title='bbox 2343 1030 2520 1100; x_wconf 83' lang='lat' dir='ltr'><strong>capite</strong></span> <span class='ocrx_word' id='word_1_495' title='bbox 2548 1029 2880 1101; x_wconf 87' lang='lat' dir='ltr'><strong>platearum,</strong></span> <span class='ocrx_word' id='word_1_496' title='bbox 2905 1030 3036 1086; x_wconf 91' lang='lat' dir='ltr'><strong>dum</strong></span> <span class='ocrx_word' id='word_1_497' title='bbox 3060 1031 3126 1086; x_wconf 89' lang='lat' dir='ltr'><strong>ad</strong></span> <span class='ocrx_word' id='word_1_498' title='bbox 3155 1035 3374 1104; x_wconf 89' lang='lat' dir='ltr'><strong>negotia</strong></span> <span class='ocrx_word' id='word_1_499' title='bbox 3401 1033 3598 1104; x_wconf 89' lang='lat' dir='ltr'><strong>delapsi</strong></span> <span class='ocrx_word' id='word_1_500' title='bbox 3619 1037 3861 1106; x_wconf 78' lang='lat' dir='ltr'><strong>exteriora,</strong></span> 
     </span>
    </p>
   </div>
   <div class='ocr_carea' id='block_1_70' title="bbox 2341 1120 3862 1197">
    <p class='ocr_par' dir='ltr' id='par_1_70' title="bbox 2341 1120 3862 1197">
     <span class='ocr_line' id='line_1_70' title="bbox 2341 1120 3862 1197; baseline 0.005 -21"><span class='ocrx_word' id='word_1_501' title='bbox 2341 1128 2524 1176; x_wconf 89' lang='lat' dir='ltr'><strong>ruunt.</strong></span> <span class='ocrx_word' id='word_1_502' title='bbox 2551 1120 2710 1177; x_wconf 84' lang='lat' dir='ltr'><strong>Aliud</strong></span> <span class='ocrx_word' id='word_1_503' title='bbox 2731 1137 2799 1176; x_wconf 84' lang='lat' dir='ltr'><strong>ex</strong></span> <span class='ocrx_word' id='word_1_504' title='bbox 2829 1121 3034 1178; x_wconf 89' lang='lat' dir='ltr'><strong>honore</strong></span> <span class='ocrx_word' id='word_1_505' title='bbox 3055 1131 3324 1195; x_wconf 87' lang='lat' dir='ltr'><strong>suscepta</strong></span> <span class='ocrx_word' id='word_1_506' title='bbox 3353 1125 3618 1194; x_wconf 87' lang='lat' dir='ltr'><strong>religionis</strong></span> <span class='ocrx_word' id='word_1_507' title='bbox 3640 1139 3862 1197; x_wconf 79' lang='lat' dir='ltr'><strong>quarunt,</strong></span> 
     </span>
    </p>
   </div>
   <div class='ocr_carea' id='block_1_71' title="bbox 2341 1211 3864 1286">
    <p class='ocr_par' dir='ltr' id='par_1_71' title="bbox 2341 1211 3864 1286">
     <span class='ocr_line' id='line_1_71' title="bbox 2341 1211 3864 1286; baseline 0.005 -19"><span class='ocrx_word' id='word_1_508' title='bbox 2341 1220 2504 1282; x_wconf 91' lang='lat' dir='ltr'><strong>atque</strong></span> <span class='ocrx_word' id='word_1_509' title='bbox 2533 1212 2678 1267; x_wconf 92' lang='lat' dir='ltr'><strong>aliud</strong></span> <span class='ocrx_word' id='word_1_510' title='bbox 2707 1228 2774 1267; x_wconf 87' lang='lat' dir='ltr'><strong>ex</strong></span> <span class='ocrx_word' id='word_1_511' title='bbox 2799 1211 2976 1268; x_wconf 76' lang='lat' dir='ltr'><strong>ofﬁcio</strong></span> <span class='ocrx_word' id='word_1_512' title='bbox 3007 1214 3242 1270; x_wconf 87' lang='lat' dir='ltr'><strong>actionis</strong></span> <span class='ocrx_word' id='word_1_513' title='bbox 3276 1215 3552 1280; x_wconf 79' lang='lat' dir='ltr'><strong>exhibent,</strong></span> <span class='ocrx_word' id='word_1_514' title='bbox 3593 1224 3643 1270; x_wconf 90' lang='lat' dir='ltr'><strong>et</strong></span> <span class='ocrx_word' id='word_1_515' title='bbox 3669 1219 3864 1286; x_wconf 84' lang='lat' dir='ltr'><strong>quotidie</strong></span> 
     </span>
    </p>
   </div>
   <div class='ocr_carea' id='block_1_72' title="bbox 2339 1306 3863 1381">
    <p class='ocr_par' dir='ltr' id='par_1_72' title="bbox 2339 1306 3863 1381">
     <span class='ocr_line' id='line_1_72' title="bbox 2339 1306 3863 1381; baseline 0.003 -16"><span class='ocrx_word' id='word_1_516' title='bbox 2339 1324 2439 1380; x_wconf 91' lang='lat' dir='ltr'><strong>per</strong></span> <span class='ocrx_word' id='word_1_517' title='bbox 2464 1309 2663 1365; x_wconf 90' lang='lat' dir='ltr'><strong>multas</strong></span> <span class='ocrx_word' id='word_1_518' title='bbox 2679 1306 2954 1380; x_wconf 89' lang='lat' dir='ltr'><strong>nequitias</strong></span> <span class='ocrx_word' id='word_1_519' title='bbox 2967 1318 3221 1381; x_wconf 91' lang='lat' dir='ltr'><strong>pereunt.</strong></span> <span class='ocrx_word' id='word_1_520' title='bbox 3240 1309 3402 1366; x_wconf 87' lang='lat' dir='ltr'><strong>Curis</strong></span> <span class='ocrx_word' id='word_1_521' title='bbox 3414 1310 3555 1366; x_wconf 90' lang='lat' dir='ltr'><strong>enim</strong></span> <span class='ocrx_word' id='word_1_522' title='bbox 3573 1313 3863 1370; x_wconf 85' lang='lat' dir='ltr'><strong>sacularibus</strong></span> 
     </span>
    </p>
   </div>
   <div class='ocr_carea' id='block_1_73' title="bbox 2341 1399 3862 1470">
    <p class='ocr_par' dir='ltr' id='par_1_73' title="bbox 2341 1399 3862 1470">
     <span class='ocr_line' id='line_1_73' title="bbox 2341 1399 3862 1470; baseline 0.003 -15"><span class='ocrx_word' id='word_1_523' title='bbox 2341 1399 2535 1456; x_wconf 89' lang='lat' dir='ltr'><strong>intenti</strong></span> <span class='ocrx_word' id='word_1_524' title='bbox 2558 1409 2614 1455; x_wconf 91' lang='lat' dir='ltr'><strong>et</strong></span> <span class='ocrx_word' id='word_1_525' title='bbox 2640 1401 2922 1467; x_wconf 88' lang='lat' dir='ltr'><strong>vitiorum,</strong></span> <span class='ocrx_word' id='word_1_526' title='bbox 2949 1410 3101 1457; x_wconf 89' lang='lat' dir='ltr'><strong>tanto</strong></span> <span class='ocrx_word' id='word_1_527' title='bbox 3122 1401 3556 1457; x_wconf 88' lang='lat' dir='ltr'><strong>insensibiliores</strong></span> <span class='ocrx_word' id='word_1_528' title='bbox 3595 1404 3862 1470; x_wconf 89' lang='lat' dir='ltr'><strong>redduntur,</strong></span> 
     </span>
    </p>
   </div>
   <div class='ocr_carea' id='block_1_74' title="bbox 2343 1490 3865 1564">
    <p class='ocr_par' dir='ltr' id='par_1_74' title="bbox 2343 1490 3865 1564">
     <span class='ocr_line' id='line_1_74' title="bbox 2343 1490 3865 1564; baseline 0.003 -20"><span class='ocrx_word' id='word_1_529' title='bbox 2343 1500 2548 1561; x_wconf 88' lang='lat' dir='ltr'><strong>quanto</strong></span> <span class='ocrx_word' id='word_1_530' title='bbox 2575 1491 2643 1546; x_wconf 90' lang='lat' dir='ltr'><strong>ad</strong></span> <span class='ocrx_word' id='word_1_531' title='bbox 2671 1506 2734 1545; x_wconf 91' lang='lat' dir='ltr'><strong>ea</strong></span> <span class='ocrx_word' id='word_1_532' title='bbox 2765 1507 2886 1561; x_wconf 85' lang='lat' dir='ltr'><strong>quae</strong></span> <span class='ocrx_word' id='word_1_533' title='bbox 2925 1490 3058 1547; x_wconf 84' lang='lat' dir='ltr'><strong>foris</strong></span> <span class='ocrx_word' id='word_1_534' title='bbox 3088 1500 3217 1547; x_wconf 89' lang='lat' dir='ltr'><strong>sunt</strong></span> <span class='ocrx_word' id='word_1_535' title='bbox 3248 1500 3306 1546; x_wconf 93' lang='lat' dir='ltr'><strong>et</strong></span> <span class='ocrx_word' id='word_1_536' title='bbox 3329 1492 3510 1546; x_wconf 91' lang='lat' dir='ltr'><strong>carnis</strong></span> <span class='ocrx_word' id='word_1_537' title='bbox 3542 1494 3865 1564; x_wconf 88' lang='lat' dir='ltr'><strong>concupiscen-</strong></span> 
     </span>
    </p>
   </div>
   <div class='ocr_carea' id='block_1_75' title="bbox 2343 1581 3865 1656">
    <p class='ocr_par' dir='ltr' id='par_1_75' title="bbox 2343 1581 3865 1656">
     <span class='ocr_line' id='line_1_75' title="bbox 2343 1581 3865 1656; baseline 0.002 -20"><span class='ocrx_word' id='word_1_538' title='bbox 2343 1581 2562 1649; x_wconf 89' lang='lat' dir='ltr'><strong>tiarum,</strong></span> <span class='ocrx_word' id='word_1_539' title='bbox 2581 1599 2704 1638; x_wconf 92' lang='lat' dir='ltr'><strong>cum</strong></span> <span class='ocrx_word' id='word_1_540' title='bbox 2727 1583 2907 1638; x_wconf 90' lang='lat' dir='ltr'><strong>studio</strong></span> <span class='ocrx_word' id='word_1_541' title='bbox 2921 1584 3192 1639; x_wconf 88' lang='lat' dir='ltr'><strong>avidiores</strong></span> <span class='ocrx_word' id='word_1_542' title='bbox 3215 1583 3582 1639; x_wconf 86' lang='lat' dir='ltr'><strong>inveniuntur.</strong></span> <span class='ocrx_word' id='word_1_543' title='bbox 3600 1583 3699 1640; x_wconf 89' lang='lat' dir='ltr'><strong>Usu</strong></span> <span class='ocrx_word' id='word_1_544' title='bbox 3714 1587 3865 1656; x_wconf 83' lang='lat' dir='ltr'><strong>quippe</strong></span> 
     </span>
    </p>
   </div>
   <div class='ocr_carea' id='block_1_76' title="bbox 2341 1673 3862 1746">
    <p class='ocr_par' dir='ltr' id='par_1_76' title="bbox 2341 1673 3862 1746">
     <span class='ocr_line' id='line_1_76' title="bbox 2341 1673 3862 1746; baseline 0.003 -18"><span class='ocrx_word' id='word_1_545' title='bbox 2341 1687 2523 1728; x_wconf 90' lang='lat' dir='ltr'><strong>rerum</strong></span> <span class='ocrx_word' id='word_1_546' title='bbox 2579 1673 2738 1746; x_wconf 89' lang='lat' dir='ltr'><strong>longe</strong></span> <span class='ocrx_word' id='word_1_547' title='bbox 2801 1690 2833 1729; x_wconf 89' lang='lat' dir='ltr'><strong>a</strong></span> <span class='ocrx_word' id='word_1_548' title='bbox 2883 1675 3090 1730; x_wconf 66' lang='lat' dir='ltr'><strong>caelesti</strong></span> <span class='ocrx_word' id='word_1_549' title='bbox 3142 1676 3418 1731; x_wconf 89' lang='lat' dir='ltr'><strong>desiderio</strong></span> <span class='ocrx_word' id='word_1_550' title='bbox 3459 1675 3740 1732; x_wconf 89' lang='lat' dir='ltr'><strong>obdurescit</strong></span> <span class='ocrx_word' id='word_1_551' title='bbox 3776 1679 3862 1733; x_wconf 82' lang='lat' dir='ltr'><strong>aui-</strong></span> 
     </span>
    </p>
   </div>
   <div class='ocr_carea' id='block_1_77' title="bbox 2338 1764 3861 1837">
    <p class='ocr_par' dir='ltr' id='par_1_77' title="bbox 2338 1764 3861 1837">
     <span class='ocr_line' id='line_1_77' title="bbox 2338 1764 3861 1837; baseline 0.001 -17"><span class='ocrx_word' id='word_1_552' title='bbox 2338 1779 2497 1820; x_wconf 91' lang='lat' dir='ltr'><strong>mus:</strong></span> <span class='ocrx_word' id='word_1_553' title='bbox 2528 1764 2736 1837; x_wconf 64' lang='lat'><strong>1481</strong></span> <span class='ocrx_word' id='word_1_554' title='bbox 2769 1773 2825 1820; x_wconf 88' lang='lat' dir='ltr'><strong>et</strong></span> <span class='ocrx_word' id='word_1_555' title='bbox 2863 1764 2992 1821; x_wconf 93' lang='lat' dir='ltr'><strong>dum</strong></span> <span class='ocrx_word' id='word_1_556' title='bbox 3024 1766 3141 1837; x_wconf 82' lang='lat' dir='ltr'><strong>ipso</strong></span> <span class='ocrx_word' id='word_1_557' title='bbox 3181 1768 3285 1823; x_wconf 79' lang='lat' dir='ltr'><strong>su&#39;o</strong></span> <span class='ocrx_word' id='word_1_558' title='bbox 3321 1783 3424 1823; x_wconf 90' lang='lat' dir='ltr'><strong>usu</strong></span> <span class='ocrx_word' id='word_1_559' title='bbox 3461 1768 3620 1823; x_wconf 90' lang='lat' dir='ltr'><strong>durus</strong></span> <span class='ocrx_word' id='word_1_560' title='bbox 3651 1768 3861 1836; x_wconf 75' lang='lat' dir='ltr'><strong>edicitur,-</strong></span> 
     </span>
    </p>
   </div>
   <div class='ocr_carea' id='block_1_78' title="bbox 2339 1856 3846 1930">
    <p class='ocr_par' dir='ltr' id='par_1_78' title="bbox 2339 1856 3846 1930">
     <span class='ocr_line' id='line_1_78' title="bbox 2339 1856 3846 1930; baseline 0.001 -18"><span class='ocrx_word' id='word_1_561' title='bbox 2339 1856 2621 1912; x_wconf 85' lang='lat' dir='ltr'><strong>exactione</strong></span> <span class='ocrx_word' id='word_1_562' title='bbox 2648 1857 2827 1912; x_wconf 80' lang='lat' dir='ltr'><strong>saeculi</strong></span> <span class='ocrx_word' id='word_1_563' title='bbox 2855 1857 2924 1912; x_wconf 90' lang='lat' dir='ltr'><strong>ad</strong></span> <span class='ocrx_word' id='word_1_564' title='bbox 2957 1871 3024 1913; x_wconf 86' lang='lat' dir='ltr'><strong>ea</strong></span> <span class='ocrx_word' id='word_1_565' title='bbox 3063 1859 3300 1915; x_wconf 92' lang='lat' dir='ltr'><strong>emolliri</strong></span> <span class='ocrx_word' id='word_1_566' title='bbox 3339 1875 3445 1915; x_wconf 92' lang='lat' dir='ltr'><strong>non</strong></span> <span class='ocrx_word' id='word_1_567' title='bbox 3469 1859 3624 1925; x_wconf 89' lang='lat' dir='ltr'><strong>valet,</strong></span> <span class='ocrx_word' id='word_1_568' title='bbox 3650 1876 3752 1930; x_wconf 81' lang='lat' dir='ltr'><strong>qua</strong></span> <span class='ocrx_word' id='word_1_569' title='bbox 3773 1875 3846 1930; x_wconf 83' lang='lat' dir='ltr'><strong>per</strong></span> 
     </span>
    </p>
   </div>
   <div class='ocr_carea' id='block_1_79' title="bbox 2338 1949 3858 2008">
    <p class='ocr_par' dir='ltr' id='par_1_79' title="bbox 2338 1949 3858 2008">
     <span class='ocr_line' id='line_1_79' title="bbox 2338 1949 3858 2008; baseline 0.002 -4"><span class='ocrx_word' id='word_1_570' title='bbox 2338 1949 2512 2004; x_wconf 89' lang='lat' dir='ltr'><strong>tinent</strong></span> <span class='ocrx_word' id='word_1_571' title='bbox 2557 1952 2625 2003; x_wconf 91' lang='lat' dir='ltr'><strong>ad</strong></span> <span class='ocrx_word' id='word_1_572' title='bbox 2665 1950 2986 2006; x_wconf 89' lang='lat' dir='ltr'><strong>charitatem</strong></span> <span class='ocrx_word' id='word_1_573' title='bbox 3029 1951 3147 2007; x_wconf 91' lang='lat' dir='ltr'><strong>Dei.</strong></span> <span class='ocrx_word' id='word_1_574' title='bbox 3189 1951 3264 2007; x_wconf 91' lang='lat' dir='ltr'><strong>Et</strong></span> <span class='ocrx_word' id='word_1_575' title='bbox 3313 1953 3440 2008; x_wconf 92' lang='lat' dir='ltr'><strong>dum</strong></span> <span class='ocrx_word' id='word_1_576' title='bbox 3487 1953 3784 2008; x_wconf 87' lang='lat' dir='ltr'><strong>solummodo</strong></span> <span class='ocrx_word' id='word_1_577' title='bbox 3819 1953 3858 2007; x_wconf 91' lang='lat' dir='ltr'><strong>in</strong></span> 
     </span>
    </p>
   </div>
   <div class='ocr_carea' id='block_1_80' title="bbox 2338 2037 3859 2114">
    <p class='ocr_par' dir='ltr' id='par_1_80' title="bbox 2338 2037 3859 2114">
     <span class='ocr_line' id='line_1_80' title="bbox 2338 2037 3859 2114; baseline 0.002 -21"><span class='ocrx_word' id='word_1_578' title='bbox 2338 2037 2502 2093; x_wconf 91' lang='lat' dir='ltr'><strong>corde</strong></span> <span class='ocrx_word' id='word_1_579' title='bbox 2530 2037 2662 2093; x_wconf 86' lang='lat' dir='ltr'><strong>ﬁdes</strong></span> <span class='ocrx_word' id='word_1_580' title='bbox 2690 2037 3048 2094; x_wconf 82' lang='lat' dir='ltr'><strong>confessionis</strong></span> <span class='ocrx_word' id='word_1_581' title='bbox 3070 2051 3324 2097; x_wconf 88' lang='lat' dir='ltr'><strong>remanet</strong></span> <span class='ocrx_word' id='word_1_582' title='bbox 3341 2052 3501 2111; x_wconf 90' lang='lat' dir='ltr'><strong>atque</strong></span> <span class='ocrx_word' id='word_1_583' title='bbox 3524 2041 3747 2114; x_wconf 87' lang='lat' dir='ltr'><strong>baptismi</strong></span> <span class='ocrx_word' id='word_1_584' title='bbox 3765 2042 3859 2096; x_wconf 85' lang='lat' dir='ltr'><strong>ado-</strong></span> 
     </span>
    </p>
   </div>
   <div class='ocr_carea' id='block_1_81' title="bbox 2337 2129 3856 2204">
    <p class='ocr_par' dir='ltr' id='par_1_81' title="bbox 2337 2129 3856 2204">
     <span class='ocr_line' id='line_1_81' title="bbox 2337 2129 3856 2204; baseline 0.003 -21"><span class='ocrx_word' id='word_1_585' title='bbox 2337 2129 2471 2199; x_wconf 90' lang='lat' dir='ltr'><strong>ptio,</strong></span> <span class='ocrx_word' id='word_1_586' title='bbox 2510 2129 2704 2185; x_wconf 90' lang='lat' dir='ltr'><strong>merito</strong></span> <span class='ocrx_word' id='word_1_587' title='bbox 2741 2146 2932 2186; x_wconf 91' lang='lat' dir='ltr'><strong>aurum</strong></span> <span class='ocrx_word' id='word_1_588' title='bbox 2971 2139 3199 2188; x_wconf 87' lang='lat' dir='ltr'><strong>vocatur</strong></span> <span class='ocrx_word' id='word_1_589' title='bbox 3249 2141 3306 2189; x_wconf 91' lang='lat' dir='ltr'><strong>et</strong></span> <span class='ocrx_word' id='word_1_590' title='bbox 3346 2133 3548 2204; x_wconf 88' lang='lat' dir='ltr'><strong>lapides</strong></span> <span class='ocrx_word' id='word_1_591' title='bbox 3583 2134 3856 2189; x_wconf 87' lang='lat' dir='ltr'><strong>sanctuarii:</strong></span> 
     </span>
    </p>
   </div>
   <div class='ocr_carea' id='block_1_82' title="bbox 2339 2217 3858 2292">
    <p class='ocr_par' dir='ltr' id='par_1_82' title="bbox 2339 2217 3858 2292">
     <span class='ocr_line' id='line_1_82' title="bbox 2339 2217 3858 2292; baseline 0.002 -19"><span class='ocrx_word' id='word_1_592' title='bbox 2339 2218 2432 2273; x_wconf 91' lang='lat' dir='ltr'><strong>sed</strong></span> <span class='ocrx_word' id='word_1_593' title='bbox 2455 2217 2729 2274; x_wconf 90' lang='lat' dir='ltr'><strong>obscurati</strong></span> <span class='ocrx_word' id='word_1_594' title='bbox 2759 2228 2982 2291; x_wconf 90' lang='lat' dir='ltr'><strong>propter</strong></span> <span class='ocrx_word' id='word_1_595' title='bbox 3012 2221 3276 2278; x_wconf 86' lang='lat' dir='ltr'><strong>vitiorum</strong></span> <span class='ocrx_word' id='word_1_596' title='bbox 3304 2222 3620 2288; x_wconf 76' lang='lat' dir='ltr'><strong>faditatem,</strong></span> <span class='ocrx_word' id='word_1_597' title='bbox 3649 2232 3783 2292; x_wconf 85' lang='lat' dir='ltr'><strong>atque</strong></span> <span class='ocrx_word' id='word_1_598' title='bbox 3801 2221 3858 2276; x_wconf 89' lang='lat' dir='ltr'><strong>di-</strong></span> 
     </span>
    </p>
   </div>
   <div class='ocr_carea' id='block_1_83' title="bbox 2337 2311 3856 2385">
    <p class='ocr_par' dir='ltr' id='par_1_83' title="bbox 2337 2311 3856 2385">
     <span class='ocr_line' id='line_1_83' title="bbox 2337 2311 3856 2385; baseline 0.002 -20"><span class='ocrx_word' id='word_1_599' title='bbox 2337 2311 2510 2380; x_wconf 86' lang='lat' dir='ltr'><strong>spersi</strong></span> <span class='ocrx_word' id='word_1_600' title='bbox 2550 2311 2603 2365; x_wconf 93' lang='lat' dir='ltr'><strong>in</strong></span> <span class='ocrx_word' id='word_1_601' title='bbox 2645 2312 2822 2382; x_wconf 86' lang='lat' dir='ltr'><strong>capite</strong></span> <span class='ocrx_word' id='word_1_602' title='bbox 2850 2311 3150 2383; x_wconf 90' lang='lat' dir='ltr'><strong>platearum</strong></span> <span class='ocrx_word' id='word_1_603' title='bbox 3192 2313 3525 2385; x_wconf 89' lang='lat' dir='ltr'><strong>plangimur.</strong></span> <span class='ocrx_word' id='word_1_604' title='bbox 3549 2313 3687 2381; x_wconf 93' lang='lat' dir='ltr'><strong>Quod</strong></span> <span class='ocrx_word' id='word_1_605' title='bbox 3721 2323 3856 2368; x_wconf 74' lang='lat' dir='ltr'><strong>autem</strong></span> 
     </span>
    </p>
   </div>
   <div class='ocr_carea' id='block_1_84' title="bbox 2338 2402 3858 2472">
    <p class='ocr_par' dir='ltr' id='par_1_84' title="bbox 2338 2402 3858 2472">
     <span class='ocr_line' id='line_1_84' title="bbox 2338 2402 3858 2472; baseline 0.003 -18"><span class='ocrx_word' id='word_1_606' title='bbox 2338 2415 2528 2456; x_wconf 87' lang='lat' dir='ltr'><strong>aurum</strong></span> <span class='ocrx_word' id='word_1_607' title='bbox 2555 2402 2667 2457; x_wconf 90' lang='lat' dir='ltr'><strong>Deo</strong></span> <span class='ocrx_word' id='word_1_608' title='bbox 2695 2403 2748 2456; x_wconf 90' lang='lat' dir='ltr'><strong>in</strong></span> <span class='ocrx_word' id='word_1_609' title='bbox 2789 2403 3060 2472; x_wconf 88' lang='lat' dir='ltr'><strong>baptismo</strong></span> <span class='ocrx_word' id='word_1_610' title='bbox 3083 2406 3283 2472; x_wconf 89' lang='lat' dir='ltr'><strong>renati,</strong></span> <span class='ocrx_word' id='word_1_611' title='bbox 3313 2404 3401 2461; x_wconf 82' lang='lat' dir='ltr'><strong>vel</strong></span> <span class='ocrx_word' id='word_1_612' title='bbox 3425 2405 3584 2460; x_wconf 88' lang='lat' dir='ltr'><strong>etiam</strong></span> <span class='ocrx_word' id='word_1_613' title='bbox 3610 2405 3658 2459; x_wconf 94' lang='lat' dir='ltr'><strong>in</strong></span> <span class='ocrx_word' id='word_1_614' title='bbox 3684 2404 3858 2459; x_wconf 82' lang='lat' dir='ltr'><strong>circum-</strong></span> 
     </span>
    </p>
   </div>
   <div class='ocr_carea' id='block_1_85' title="bbox 2337 2489 3854 2566">
    <p class='ocr_par' dir='ltr' id='par_1_85' title="bbox 2337 2489 3854 2566">
     <span class='ocr_line' id='line_1_85' title="bbox 2337 2489 3854 2566; baseline 0.002 -21"><span class='ocrx_word' id='word_1_615' title='bbox 2337 2489 2542 2546; x_wconf 90' lang='lat' dir='ltr'><strong>cisione</strong></span> <span class='ocrx_word' id='word_1_616' title='bbox 2568 2492 2810 2562; x_wconf 88' lang='lat' dir='ltr'><strong>ascripti,</strong></span> <span class='ocrx_word' id='word_1_617' title='bbox 2836 2491 2960 2562; x_wconf 91' lang='lat' dir='ltr'><strong>jure</strong></span> <span class='ocrx_word' id='word_1_618' title='bbox 2988 2493 3383 2566; x_wconf 87' lang='lat' dir='ltr'><strong>intelligantur,</strong></span> <span class='ocrx_word' id='word_1_619' title='bbox 3413 2504 3634 2551; x_wconf 85' lang='lat' dir='ltr'><strong>testatur</strong></span> <span class='ocrx_word' id='word_1_620' title='bbox 3655 2493 3742 2550; x_wconf 79' lang='lat' dir='ltr'><strong>Job</strong></span> <span class='ocrx_word' id='word_1_621' title='bbox 3761 2509 3854 2550; x_wconf 83' lang='lat' dir='ltr'><strong>cum</strong></span> 
     </span>
    </p>
   </div>
   <div class='ocr_carea' id='block_1_86' title="bbox 2337 2581 3857 2662">
    <p class='ocr_par' dir='ltr' id='par_1_86' title="bbox 2337 2581 3857 2662">
     <span class='ocr_line' id='line_1_86' title="bbox 2337 2581 3857 2662; baseline 0.004 -24"><span class='ocrx_word' id='word_1_622' title='bbox 2337 2582 2404 2638; x_wconf 92' lang='lat' dir='ltr'><strong>de</strong></span> <span class='ocrx_word' id='word_1_623' title='bbox 2435 2581 2622 2640; x_wconf 78' lang='lat' dir='ltr'><strong>Judaa</strong></span> <span class='ocrx_word' id='word_1_624' title='bbox 2667 2586 2844 2657; x_wconf 86' lang='lat' dir='ltr'><strong>typice</strong></span> <span class='ocrx_word' id='word_1_625' title='bbox 2881 2586 3120 2658; x_wconf 91' lang='lat' dir='ltr'><strong>loquitur</strong></span> <span class='ocrx_word' id='word_1_626' title='bbox 3145 2607 3157 2644; x_wconf 92' lang='lat'>:</span> <span class='ocrx_word' id='word_1_627' title='bbox 3182 2589 3360 2646; x_wconf 84' lang='lat' dir='ltr'><strong>Locus</strong></span> <span class='ocrx_word' id='word_1_628' title='bbox 3396 2591 3620 2662; x_wconf 80' lang='lat' dir='ltr'><strong>sapphiri</strong></span> <span class='ocrx_word' id='word_1_629' title='bbox 3657 2591 3770 2661; x_wconf 74' lang='lat' dir='ltr'><strong>ejus,</strong></span> <span class='ocrx_word' id='word_1_630' title='bbox 3799 2589 3857 2644; x_wconf 85' lang='lat' dir='ltr'><strong>iu-</strong></span> 
     </span>
    </p>
   </div>
   <div class='ocr_carea' id='block_1_87' title="bbox 2335 2673 3853 2753">
    <p class='ocr_par' dir='ltr' id='par_1_87' title="bbox 2335 2673 3853 2753">
     <span class='ocr_line' id='line_1_87' title="bbox 2335 2673 3853 2753; baseline 0.005 -26"><span class='ocrx_word' id='word_1_631' title='bbox 2335 2675 2472 2744; x_wconf 91' lang='lat' dir='ltr'><strong>quit,</strong></span> <span class='ocrx_word' id='word_1_632' title='bbox 2519 2673 2835 2745; x_wconf 88' lang='lat' dir='ltr'><strong>lapides:et</strong></span> <span class='ocrx_word' id='word_1_633' title='bbox 2879 2677 3041 2749; x_wconf 77' lang='lat' dir='ltr'><strong>gleba:</strong></span> <span class='ocrx_word' id='word_1_634' title='bbox 3073 2679 3242 2744; x_wconf 85' lang='lat' dir='ltr'><strong>illius,</strong></span> <span class='ocrx_word' id='word_1_635' title='bbox 3291 2699 3479 2736; x_wconf 81' lang='lat' dir='ltr'><strong>aurum</strong></span> <span class='ocrx_word' id='word_1_636' title='bbox 3518 2680 3648 2753; x_wconf 79' lang='lat' dir='ltr'><strong>(Job.</strong></span> <span class='ocrx_word' id='word_1_637' title='bbox 3691 2678 3853 2750; x_wconf 79' lang='lat' dir='ltr'><strong>xxvm).</strong></span> 
     </span>
    </p>
   </div>
   <div class='ocr_carea' id='block_1_88' title="bbox 2336 2765 3854 2845">
    <p class='ocr_par' dir='ltr' id='par_1_88' title="bbox 2336 2765 3854 2845">
     <span class='ocr_line' id='line_1_88' title="bbox 2336 2765 3854 2845; baseline 0.005 -25"><span class='ocrx_word' id='word_1_638' title='bbox 2336 2765 2640 2838; x_wconf 75' lang='lat' dir='ltr'><strong>Tantopere</strong></span> <span class='ocrx_word' id='word_1_639' title='bbox 2669 2769 2819 2841; x_wconf 86' lang='lat' dir='ltr'><strong>augit</strong></span> <span class='ocrx_word' id='word_1_640' title='bbox 2844 2778 3051 2826; x_wconf 89' lang='lat' dir='ltr'><strong>reatum</strong></span> <span class='ocrx_word' id='word_1_641' title='bbox 3073 2773 3249 2843; x_wconf 83' lang='lat' dir='ltr'><strong>culpa</strong></span> <span class='ocrx_word' id='word_1_642' title='bbox 3272 2775 3563 2845; x_wconf 88' lang='lat' dir='ltr'><strong>sequentis,</strong></span> <span class='ocrx_word' id='word_1_643' title='bbox 3584 2773 3854 2845; x_wconf 80' lang='lat' dir='ltr'><strong>praconium</strong></span> 
     </span>
    </p>
   </div>
   <div class='ocr_carea' id='block_1_89' title="bbox 2334 2859 3853 2939">
    <p class='ocr_par' dir='ltr' id='par_1_89' title="bbox 2334 2859 3853 2939">
     <span class='ocr_line' id='line_1_89' title="bbox 2334 2859 3853 2939; baseline 0.005 -26"><span class='ocrx_word' id='word_1_644' title='bbox 2334 2859 2519 2931; x_wconf 85' lang='lat' dir='ltr'><strong>gloria</strong></span> <span class='ocrx_word' id='word_1_645' title='bbox 2547 2863 2919 2930; x_wconf 83' lang='lat' dir='ltr'><strong>pracedentis.</strong></span> <span class='ocrx_word' id='word_1_646' title='bbox 2946 2863 3083 2919; x_wconf 86' lang='lat' dir='ltr'><strong>Nam</strong></span> <span class='ocrx_word' id='word_1_647' title='bbox 3115 2866 3541 2939; x_wconf 91' lang='lat' dir='ltr'><strong>uniuscujusque</strong></span> <span class='ocrx_word' id='word_1_648' title='bbox 3573 2883 3716 2923; x_wconf 89' lang='lat' dir='ltr'><strong>casus</strong></span> <span class='ocrx_word' id='word_1_649' title='bbox 3739 2875 3853 2921; x_wconf 83' lang='lat' dir='ltr'><strong>tanto</strong></span> 
     </span>
    </p>
   </div>
   <div class='ocr_carea' id='block_1_90' title="bbox 2335 2951 3852 3031">
    <p class='ocr_par' dir='ltr' id='par_1_90' title="bbox 2335 2951 3852 3031">
     <span class='ocr_line' id='line_1_90' title="bbox 2335 2951 3852 3031; baseline 0.007 -28"><span class='ocrx_word' id='word_1_650' title='bbox 2335 2951 2558 3023; x_wconf 89' lang='lat' dir='ltr'><strong>majoris</strong></span> <span class='ocrx_word' id='word_1_651' title='bbox 2599 2961 2684 3008; x_wconf 89' lang='lat' dir='ltr'><strong>est</strong></span> <span class='ocrx_word' id='word_1_652' title='bbox 2727 2954 2992 3021; x_wconf 91' lang='lat' dir='ltr'><strong>criminis,</strong></span> <span class='ocrx_word' id='word_1_653' title='bbox 3036 2966 3247 3027; x_wconf 91' lang='lat' dir='ltr'><strong>quanto</strong></span> <span class='ocrx_word' id='word_1_654' title='bbox 3297 2959 3446 3028; x_wconf 92' lang='lat' dir='ltr'><strong>prius</strong></span> <span class='ocrx_word' id='word_1_655' title='bbox 3476 2975 3627 3031; x_wconf 87' lang='lat' dir='ltr'><strong>quam</strong></span> <span class='ocrx_word' id='word_1_656' title='bbox 3667 2959 3852 3022; x_wconf 84' lang='lat' dir='ltr'><strong>caderet,</strong></span> 
     </span>
    </p>
   </div>
   <div class='ocr_carea' id='block_1_91' title="bbox 2335 3040 3853 3114">
    <p class='ocr_par' dir='ltr' id='par_1_91' title="bbox 2335 3040 3853 3114">
     <span class='ocr_line' id='line_1_91' title="bbox 2335 3040 3853 3114; baseline 0.003 -18"><span class='ocrx_word' id='word_1_657' title='bbox 2335 3040 2558 3110; x_wconf 88' lang='lat' dir='ltr'><strong>majoris</strong></span> <span class='ocrx_word' id='word_1_658' title='bbox 2584 3043 2758 3114; x_wconf 89' lang='lat' dir='ltr'><strong>potuit</strong></span> <span class='ocrx_word' id='word_1_659' title='bbox 2796 3060 2918 3100; x_wconf 88' lang='lat' dir='ltr'><strong>esse</strong></span> <span class='ocrx_word' id='word_1_660' title='bbox 2947 3046 3186 3102; x_wconf 91' lang='lat' dir='ltr'><strong>virtutis.</strong></span> <span class='ocrx_word' id='word_1_661' title='bbox 3220 3047 3406 3106; x_wconf 87' lang='lat' dir='ltr'><strong>Unde.</strong></span> <span class='ocrx_word' id='word_1_662' title='bbox 3425 3049 3624 3105; x_wconf 89' lang='lat' dir='ltr'><strong>dicatur</strong></span> <span class='ocrx_word' id='word_1_663' title='bbox 3644 3048 3700 3104; x_wconf 89' lang='lat' dir='ltr'><strong>de</strong></span> <span class='ocrx_word' id='word_1_664' title='bbox 3715 3045 3853 3102; x_wconf 72' lang='lat' dir='ltr'><strong>Judaa</strong></span> 
     </span>
    </p>
   </div>
   <div class='ocr_carea' id='block_1_92' title="bbox 2336 3134 3851 3194">
    <p class='ocr_par' dir='ltr' id='par_1_92' title="bbox 2336 3134 3851 3194">
     <span class='ocr_line' id='line_1_92' title="bbox 2336 3134 3851 3194; baseline 0.001 -7"><span class='ocrx_word' id='word_1_665' title='bbox 2336 3141 2527 3187; x_wconf 91' lang='lat' dir='ltr'><strong>renata</strong></span> <span class='ocrx_word' id='word_1_666' title='bbox 2561 3146 2628 3186; x_wconf 82' lang='lat' dir='ltr'><strong>ex</strong></span> <span class='ocrx_word' id='word_1_667' title='bbox 2657 3134 3070 3190; x_wconf 90' lang='lat' dir='ltr'><strong>circumcisione</strong></span> <span class='ocrx_word' id='word_1_668' title='bbox 3095 3154 3107 3190; x_wconf 91' lang='lat'><strong>:</strong></span> <span class='ocrx_word' id='word_1_669' title='bbox 3143 3136 3362 3194; x_wconf 90' lang='lat' dir='ltr'><strong>dicatur</strong></span> <span class='ocrx_word' id='word_1_670' title='bbox 3393 3147 3449 3194; x_wconf 91' lang='lat' dir='ltr'><strong>et</strong></span> <span class='ocrx_word' id='word_1_671' title='bbox 3473 3139 3536 3193; x_wconf 92' lang='lat' dir='ltr'><strong>de</strong></span> <span class='ocrx_word' id='word_1_672' title='bbox 3558 3137 3764 3193; x_wconf 84' lang='lat' dir='ltr'><strong>Ecclesia</strong></span> <span class='ocrx_word' id='word_1_673' title='bbox 3786 3148 3851 3188; x_wconf 88' lang='lat' dir='ltr'><strong>re-</strong></span> 
     </span>
    </p>
   </div>
   <div class='ocr_carea' id='block_1_93' title="bbox 2336 3226 3852 3301">
    <p class='ocr_par' dir='ltr' id='par_1_93' title="bbox 2336 3226 3852 3301">
     <span class='ocr_line' id='line_1_93' title="bbox 2336 3226 3852 3301; baseline 0.001 -23"><span class='ocrx_word' id='word_1_674' title='bbox 2336 3231 2460 3278; x_wconf 86' lang='lat' dir='ltr'><strong>nata</strong></span> <span class='ocrx_word' id='word_1_675' title='bbox 2509 3239 2577 3280; x_wconf 87' lang='lat' dir='ltr'><strong>ex</strong></span> <span class='ocrx_word' id='word_1_676' title='bbox 2613 3234 2953 3280; x_wconf 86' lang='lat' dir='ltr'><strong>sacramento</strong></span> <span class='ocrx_word' id='word_1_677' title='bbox 2991 3226 3269 3297; x_wconf 87' lang='lat' dir='ltr'><strong>baptismi,</strong></span> <span class='ocrx_word' id='word_1_678' title='bbox 3302 3231 3430 3301; x_wconf 89' lang='lat' dir='ltr'><strong>quid</strong></span> <span class='ocrx_word' id='word_1_679' title='bbox 3471 3228 3619 3284; x_wconf 78' lang='lat' dir='ltr'><strong>fuerit</strong></span> <span class='ocrx_word' id='word_1_680' title='bbox 3643 3237 3852 3298; x_wconf 76' lang='lat' dir='ltr'><strong>quantm</strong></span> 
     </span>
    </p>
   </div>
   <div class='ocr_carea' id='block_1_94' title="bbox 2337 3311 3849 3391">
    <p class='ocr_par' dir='ltr' id='par_1_94' title="bbox 2337 3311 3849 3391">
     <span class='ocr_line' id='line_1_94' title="bbox 2337 3311 3849 3391; baseline 0.004 -27"><span class='ocrx_word' id='word_1_681' title='bbox 2337 3311 2503 3384; x_wconf 85' lang='lat' dir='ltr'><strong>gloria</strong></span> <span class='ocrx_word' id='word_1_682' title='bbox 2527 3313 2816 3368; x_wconf 86' lang='lat' dir='ltr'><strong>sublimata</strong></span> <span class='ocrx_word' id='word_1_683' title='bbox 2846 3333 2858 3370; x_wconf 93' lang='lat'><strong>:</strong></span> <span class='ocrx_word' id='word_1_684' title='bbox 2890 3324 2951 3370; x_wconf 92' lang='lat' dir='ltr'><strong>ut</strong></span> <span class='ocrx_word' id='word_1_685' title='bbox 2976 3317 3164 3388; x_wconf 84' lang='lat' dir='ltr'><strong>gratia</strong></span> <span class='ocrx_word' id='word_1_686' title='bbox 3206 3321 3522 3391; x_wconf 88' lang='lat' dir='ltr'><strong>magnitudo</strong></span> <span class='ocrx_word' id='word_1_687' title='bbox 3554 3327 3696 3388; x_wconf 89' lang='lat' dir='ltr'><strong>atque</strong></span> <span class='ocrx_word' id='word_1_688' title='bbox 3717 3317 3849 3371; x_wconf 84' lang='lat' dir='ltr'><strong>virtu-</strong></span> 
     </span>
    </p>
   </div>
   <div class='ocr_carea' id='block_1_95' title="bbox 2337 3405 3851 3480">
    <p class='ocr_par' dir='ltr' id='par_1_95' title="bbox 2337 3405 3851 3480">
     <span class='ocr_line' id='line_1_95' title="bbox 2337 3405 3851 3480; baseline 0.003 -22"><span class='ocrx_word' id='word_1_689' title='bbox 2337 3413 2450 3458; x_wconf 91' lang='lat' dir='ltr'><strong>tum</strong></span> <span class='ocrx_word' id='word_1_690' title='bbox 2488 3419 2746 3461; x_wconf 91' lang='lat' dir='ltr'><strong>numerus</strong></span> <span class='ocrx_word' id='word_1_691' title='bbox 2771 3415 3006 3472; x_wconf 88' lang='lat' dir='ltr'><strong>crescat,</strong></span> <span class='ocrx_word' id='word_1_692' title='bbox 3044 3422 3111 3463; x_wconf 88' lang='lat' dir='ltr'><strong>ex</strong></span> <span class='ocrx_word' id='word_1_693' title='bbox 3151 3411 3377 3467; x_wconf 93' lang='lat' dir='ltr'><strong>cumulo</strong></span> <span class='ocrx_word' id='word_1_694' title='bbox 3405 3410 3714 3480; x_wconf 90' lang='lat' dir='ltr'><strong>sequentium</strong></span> <span class='ocrx_word' id='word_1_695' title='bbox 3748 3405 3851 3463; x_wconf 78' lang='lat' dir='ltr'><strong>deli-</strong></span> 
     </span>
    </p>
   </div>
   <div class='ocr_carea' id='block_1_96' title="bbox 2336 3493 3852 3571">
    <p class='ocr_par' dir='ltr' id='par_1_96' title="bbox 2336 3493 3852 3571">
     <span class='ocr_line' id='line_1_96' title="bbox 2336 3493 3852 3571; baseline 0.003 -23"><span class='ocrx_word' id='word_1_696' title='bbox 2336 3501 2565 3549; x_wconf 91' lang='lat' dir='ltr'><strong>ctorum.</strong></span> <span class='ocrx_word' id='word_1_697' title='bbox 2599 3493 2749 3550; x_wconf 90' lang='lat' dir='ltr'><strong>Unde</strong></span> <span class='ocrx_word' id='word_1_698' title='bbox 2776 3495 2841 3548; x_wconf 93' lang='lat' dir='ltr'><strong>ad</strong></span> <span class='ocrx_word' id='word_1_699' title='bbox 2877 3493 2977 3552; x_wconf 86' lang='lat' dir='ltr'><strong>Job</strong></span> <span class='ocrx_word' id='word_1_700' title='bbox 3005 3496 3204 3553; x_wconf 91' lang='lat' dir='ltr'><strong>dicitur</strong></span> <span class='ocrx_word' id='word_1_701' title='bbox 3245 3509 3310 3555; x_wconf 92' lang='lat' dir='ltr'><strong>ut</strong></span> <span class='ocrx_word' id='word_1_702' title='bbox 3337 3501 3668 3571; x_wconf 78' lang='lat' dir='ltr'><strong>pramissutn</strong></span> <span class='ocrx_word' id='word_1_703' title='bbox 3689 3505 3771 3561; x_wconf 89' lang='lat' dir='ltr'><strong>est,</strong></span> <span class='ocrx_word' id='word_1_704' title='bbox 3795 3494 3852 3549; x_wconf 80' lang='lat' dir='ltr'><strong>lo-</strong></span> 
     </span>
    </p>
   </div>
   <div class='ocr_carea' id='block_1_97' title="bbox 2337 3565 3848 3662">
    <p class='ocr_par' dir='ltr' id='par_1_97' title="bbox 2337 3565 3848 3662">
     <span class='ocr_line' id='line_1_97' title="bbox 2337 3565 3848 3662; baseline -0.001 -25"><span class='ocrx_word' id='word_1_705' title='bbox 2337 3597 2434 3637; x_wconf 93' lang='lat' dir='ltr'><strong>cus</strong></span> <span class='ocrx_word' id='word_1_706' title='bbox 2476 3583 2739 3654; x_wconf 90' lang='lat' dir='ltr'><strong>sapphiri,</strong></span> <span class='ocrx_word' id='word_1_707' title='bbox 2792 3583 2998 3656; x_wconf 90' lang='lat' dir='ltr'><strong>lapides</strong></span> <span class='ocrx_word' id='word_1_708' title='bbox 3029 3585 3168 3654; x_wconf 90' lang='lat' dir='ltr'><strong>ejus,</strong></span> <span class='ocrx_word' id='word_1_709' title='bbox 3213 3597 3270 3643; x_wconf 88' lang='lat' dir='ltr'><strong>et</strong></span> <span class='ocrx_word' id='word_1_710' title='bbox 3317 3565 3481 3662; x_wconf 80' lang='lat' dir='ltr'><strong>gleba</strong></span> <span class='ocrx_word' id='word_1_711' title='bbox 3517 3565 3848 3657; x_wconf 29' lang='lat' dir='ltr'><strong>ejusfaurum.</strong></span> 
     </span>
    </p>
   </div>
   <div class='ocr_carea' id='block_1_98' title="bbox 2338 3672 3849 3748">
    <p class='ocr_par' dir='ltr' id='par_1_98' title="bbox 2338 3672 3849 3748">
     <span class='ocr_line' id='line_1_98' title="bbox 2338 3672 3849 3748; baseline 0.001 -23"><span class='ocrx_word' id='word_1_712' title='bbox 2338 3672 2478 3739; x_wconf 91' lang='lat' dir='ltr'><strong>Quid</strong></span> <span class='ocrx_word' id='word_1_713' title='bbox 2502 3673 2644 3728; x_wconf 88' lang='lat' dir='ltr'><strong>enim</strong></span> <span class='ocrx_word' id='word_1_714' title='bbox 2683 3673 2787 3729; x_wconf 91' lang='lat' dir='ltr'><strong>hoc</strong></span> <span class='ocrx_word' id='word_1_715' title='bbox 2826 3673 2943 3730; x_wconf 94' lang='lat' dir='ltr'><strong>loco</strong></span> <span class='ocrx_word' id='word_1_716' title='bbox 2969 3675 3195 3748; x_wconf 85' lang='lat' dir='ltr'><strong>lapides,</strong></span> <span class='ocrx_word' id='word_1_717' title='bbox 3229 3679 3338 3734; x_wconf 92' lang='lat' dir='ltr'><strong>nisi</strong></span> <span class='ocrx_word' id='word_1_718' title='bbox 3378 3687 3666 3737; x_wconf 91' lang='lat' dir='ltr'><strong>sanctorum</strong></span> <span class='ocrx_word' id='word_1_719' title='bbox 3690 3691 3743 3730; x_wconf 86' lang='lat' dir='ltr'><strong>ac</strong></span> <span class='ocrx_word' id='word_1_720' title='bbox 3765 3672 3849 3728; x_wconf 88' lang='lat' dir='ltr'><strong>lor-</strong></span> 
     </span>
    </p>
   </div>
   <div class='ocr_carea' id='block_1_99' title="bbox 2339 3764 3849 3842">
    <p class='ocr_par' dir='ltr' id='par_1_99' title="bbox 2339 3764 3849 3842">
     <span class='ocr_line' id='line_1_99' title="bbox 2339 3764 3849 3842; baseline 0 -24"><span class='ocrx_word' id='word_1_721' title='bbox 2339 3764 2473 3818; x_wconf 91' lang='lat' dir='ltr'><strong>tium</strong></span> <span class='ocrx_word' id='word_1_722' title='bbox 2505 3775 2714 3820; x_wconf 89' lang='lat' dir='ltr'><strong>mentes</strong></span> <span class='ocrx_word' id='word_1_723' title='bbox 2743 3765 3060 3836; x_wconf 88' lang='lat' dir='ltr'><strong>accipimus,</strong></span> <span class='ocrx_word' id='word_1_724' title='bbox 3097 3769 3192 3839; x_wconf 91' lang='lat' dir='ltr'><strong>qui</strong></span> <span class='ocrx_word' id='word_1_725' title='bbox 3227 3771 3388 3840; x_wconf 91' lang='lat' dir='ltr'><strong>quasi</strong></span> <span class='ocrx_word' id='word_1_726' title='bbox 3415 3786 3480 3826; x_wconf 80' lang='lat' dir='ltr'><strong>ex</strong></span> <span class='ocrx_word' id='word_1_727' title='bbox 3508 3767 3663 3842; x_wconf 87' lang='lat' dir='ltr'><strong>gratia</strong></span> <span class='ocrx_word' id='word_1_728' title='bbox 3689 3774 3735 3821; x_wconf 88' lang='lat' dir='ltr'><strong>et</strong></span> <span class='ocrx_word' id='word_1_729' title='bbox 3753 3777 3849 3819; x_wconf 87' lang='lat' dir='ltr'><strong>cou-</strong></span> 
     </span>
    </p>
   </div>
   <div class='ocr_carea' id='block_1_100' title="bbox 2337 3853 3847 3933">
    <p class='ocr_par' dir='ltr' id='par_1_100' title="bbox 2337 3853 3847 3933">
     <span class='ocr_line' id='line_1_100' title="bbox 2337 3853 3847 3933; baseline -0.002 -23"><span class='ocrx_word' id='word_1_730' title='bbox 2337 3857 2535 3912; x_wconf 87' lang='lat' dir='ltr'><strong>stantia</strong></span> <span class='ocrx_word' id='word_1_731' title='bbox 2577 3859 2810 3924; x_wconf 90' lang='lat' dir='ltr'><strong>mentis,</strong></span> <span class='ocrx_word' id='word_1_732' title='bbox 2844 3859 2969 3930; x_wconf 90' lang='lat' dir='ltr'><strong>jure</strong></span> <span class='ocrx_word' id='word_1_733' title='bbox 3025 3860 3232 3933; x_wconf 90' lang='lat' dir='ltr'><strong>lapides</strong></span> <span class='ocrx_word' id='word_1_734' title='bbox 3276 3863 3564 3920; x_wconf 88' lang='lat' dir='ltr'><strong>sanctuarii</strong></span> <span class='ocrx_word' id='word_1_735' title='bbox 3611 3853 3847 3917; x_wconf 74' lang='lat' dir='ltr'><strong>vocantur?</strong></span> 
     </span>
    </p>
   </div>
   <div class='ocr_carea' id='block_1_101' title="bbox 2338 3948 3849 4029">
    <p class='ocr_par' dir='ltr' id='par_1_101' title="bbox 2338 3948 3849 4029">
     <span class='ocr_line' id='line_1_101' title="bbox 2338 3948 3849 4029; baseline -0.002 -23"><span class='ocrx_word' id='word_1_736' title='bbox 2338 3948 2490 4006; x_wconf 91' lang='lat' dir='ltr'><strong>Unde</strong></span> <span class='ocrx_word' id='word_1_737' title='bbox 2515 3949 2803 4021; x_wconf 80' lang='lat' dir='ltr'><strong>Apostolus</strong></span> <span class='ocrx_word' id='word_1_738' title='bbox 2835 3971 2848 4006; x_wconf 90' lang='lat'>:</span> <span class='ocrx_word' id='word_1_739' title='bbox 2876 3950 2946 4007; x_wconf 86' lang='lat' dir='ltr'><strong>Et</strong></span> <span class='ocrx_word' id='word_1_740' title='bbox 2975 3971 3063 4009; x_wconf 87' lang='lat' dir='ltr'><strong>vos</strong></span> <span class='ocrx_word' id='word_1_741' title='bbox 3086 3965 3341 4027; x_wconf 83' lang='lat' dir='ltr'><strong>tanquam</strong></span> <span class='ocrx_word' id='word_1_742' title='bbox 3371 3957 3560 4029; x_wconf 79' lang='lat' dir='ltr'><strong>lapides</strong></span> <span class='ocrx_word' id='word_1_743' title='bbox 3597 3953 3681 4008; x_wconf 77' lang='lat' dir='ltr'><strong>rivi</strong></span> <span class='ocrx_word' id='word_1_744' title='bbox 3710 3963 3849 4019; x_wconf 74' lang='lat' dir='ltr'><strong>saper-</strong></span> 
     </span>
    </p>
   </div>
   <div class='ocr_carea' id='block_1_102' title="bbox 2337 4038 3848 4118">
    <p class='ocr_par' dir='ltr' id='par_1_102' title="bbox 2337 4038 3848 4118">
     <span class='ocr_line' id='line_1_102' title="bbox 2337 4038 3848 4118; baseline -0.001 -24"><span class='ocrx_word' id='word_1_745' title='bbox 2337 4039 2673 4110; x_wconf 70' lang='lat' dir='ltr'><strong>a’diﬁcamini</strong></span> <span class='ocrx_word' id='word_1_746' title='bbox 2705 4043 2890 4098; x_wconf 82' lang='lat' dir='ltr'><strong>domus</strong></span> <span class='ocrx_word' id='word_1_747' title='bbox 2921 4045 3241 4114; x_wconf 85' lang='lat' dir='ltr'><strong>spirituales.</strong></span> <span class='ocrx_word' id='word_1_748' title='bbox 3283 4049 3388 4116; x_wconf 85' lang='lat' dir='ltr'><strong>Qui</strong></span> <span class='ocrx_word' id='word_1_749' title='bbox 3431 4045 3654 4118; x_wconf 78' lang='lat' dir='ltr'><strong>profecto</strong></span> <span class='ocrx_word' id='word_1_750' title='bbox 3689 4038 3848 4110; x_wconf 77' lang='lat' dir='ltr'><strong>lapides</strong></span> 
     </span>
    </p>
   </div>
   <div class='ocr_carea' id='block_1_103' title="bbox 2335 4131 3846 4202">
    <p class='ocr_par' dir='ltr' id='par_1_103' title="bbox 2335 4131 3846 4202">
     <span class='ocr_line' id='line_1_103' title="bbox 2335 4131 3846 4202; baseline -0.004 -16"><span class='ocrx_word' id='word_1_751' title='bbox 2335 4131 2648 4197; x_wconf 88' lang='lat' dir='ltr'><strong>sanctuarii,</strong></span> <span class='ocrx_word' id='word_1_752' title='bbox 2680 4131 2806 4202; x_wconf 91' lang='lat' dir='ltr'><strong>quia</strong></span> <span class='ocrx_word' id='word_1_753' title='bbox 2854 4134 2923 4188; x_wconf 89' lang='lat' dir='ltr'><strong>ad</strong></span> <span class='ocrx_word' id='word_1_754' title='bbox 2969 4134 3078 4188; x_wconf 90' lang='lat' dir='ltr'><strong>ima</strong></span> <span class='ocrx_word' id='word_1_755' title='bbox 3121 4137 3421 4192; x_wconf 89' lang='lat' dir='ltr'><strong>carnalium</strong></span> <span class='ocrx_word' id='word_1_756' title='bbox 3468 4151 3524 4191; x_wconf 89' lang='lat' dir='ltr'><strong>se</strong></span> <span class='ocrx_word' id='word_1_757' title='bbox 3569 4131 3846 4190; x_wconf 79' lang='lat' dir='ltr'><strong>dilfundunt,</strong></span> 
     </span>
    </p>
   </div>
   <div class='ocr_carea' id='block_1_104' title="bbox 2335 4221 3844 4298">
    <p class='ocr_par' dir='ltr' id='par_1_104' title="bbox 2335 4221 3844 4298">
     <span class='ocr_line' id='line_1_104' title="bbox 2335 4221 3844 4298; baseline -0.002 -26"><span class='ocrx_word' id='word_1_758' title='bbox 2335 4222 2489 4290; x_wconf 87' lang='lat' dir='ltr'><strong>quasi</strong></span> <span class='ocrx_word' id='word_1_759' title='bbox 2529 4221 2757 4291; x_wconf 89' lang='lat' dir='ltr'><strong>dispersi</strong></span> <span class='ocrx_word' id='word_1_760' title='bbox 2774 4221 2898 4291; x_wconf 90' lang='lat' dir='ltr'><strong>jure</strong></span> <span class='ocrx_word' id='word_1_761' title='bbox 2927 4223 3256 4297; x_wconf 88' lang='lat' dir='ltr'><strong>planguntur</strong></span> <span class='ocrx_word' id='word_1_762' title='bbox 3287 4228 3342 4282; x_wconf 90' lang='lat' dir='ltr'><strong>in</strong></span> <span class='ocrx_word' id='word_1_763' title='bbox 3385 4227 3553 4298; x_wconf 87' lang='lat' dir='ltr'><strong>capite</strong></span> <span class='ocrx_word' id='word_1_764' title='bbox 3587 4225 3844 4296; x_wconf 86' lang='lat' dir='ltr'><strong>platearum.</strong></span> 
     </span>
    </p>
   </div>
   <div class='ocr_carea' id='block_1_105' title="bbox 2334 4309 3846 4384">
    <p class='ocr_par' dir='ltr' id='par_1_105' title="bbox 2334 4309 3846 4384">
     <span class='ocr_line' id='line_1_105' title="bbox 2334 4309 3846 4384; baseline 0 -18"><span class='ocrx_word' id='word_1_765' title='bbox 2334 4311 2470 4366; x_wconf 88' lang='lat' dir='ltr'><strong>Nam</strong></span> <span class='ocrx_word' id='word_1_766' title='bbox 2511 4320 2566 4366; x_wconf 90' lang='lat' dir='ltr'><strong>et</strong></span> <span class='ocrx_word' id='word_1_767' title='bbox 2591 4313 2644 4366; x_wconf 92' lang='lat' dir='ltr'><strong>in</strong></span> <span class='ocrx_word' id='word_1_768' title='bbox 2667 4311 2852 4369; x_wconf 82' lang='lat' dir='ltr'><strong>Judaa</strong></span> <span class='ocrx_word' id='word_1_769' title='bbox 2883 4316 3035 4384; x_wconf 91' lang='lat' dir='ltr'><strong>prius</strong></span> <span class='ocrx_word' id='word_1_770' title='bbox 3069 4327 3271 4373; x_wconf 86' lang='lat' dir='ltr'><strong>sancta</strong></span> <span class='ocrx_word' id='word_1_771' title='bbox 3299 4320 3491 4374; x_wconf 79' lang='lat' dir='ltr'><strong>anima</strong></span> <span class='ocrx_word' id='word_1_772' title='bbox 3517 4327 3754 4384; x_wconf 86' lang='lat' dir='ltr'><strong>nunquam</strong></span> <span class='ocrx_word' id='word_1_773' title='bbox 3778 4309 3846 4363; x_wconf 75' lang='lat' dir='ltr'><strong>de-</strong></span> 
     </span>
    </p>
   </div>
   <div class='ocr_carea' id='block_1_106' title="bbox 2338 4396 3845 4482">
    <p class='ocr_par' dir='ltr' id='par_1_106' title="bbox 2338 4396 3845 4482">
     <span class='ocr_line' id='line_1_106' title="bbox 2338 4396 3845 4482; baseline 0.001 -26"><span class='ocrx_word' id='word_1_774' title='bbox 2338 4402 2578 4469; x_wconf 84' lang='lat' dir='ltr'><strong>fuerunt,</strong></span> <span class='ocrx_word' id='word_1_775' title='bbox 2619 4404 2712 4474; x_wconf 91' lang='lat' dir='ltr'><strong>qui</strong></span> <span class='ocrx_word' id='word_1_776' title='bbox 2749 4403 3032 4462; x_wconf 60' lang='lat' dir='ltr'><strong>caelestem</strong></span> <span class='ocrx_word' id='word_1_777' title='bbox 3074 4408 3241 4464; x_wconf 87' lang='lat' dir='ltr'><strong>vitam</strong></span> <span class='ocrx_word' id='word_1_778' title='bbox 3278 4420 3403 4482; x_wconf 90' lang='lat' dir='ltr'><strong>apte</strong></span> <span class='ocrx_word' id='word_1_779' title='bbox 3441 4408 3692 4464; x_wconf 86' lang='lat' dir='ltr'><strong>ducerent.</strong></span> <span class='ocrx_word' id='word_1_780' title='bbox 3729 4396 3845 4458; x_wconf 67' lang='lat' dir='ltr'><strong>Unde</strong></span> 
     </span>
    </p>
   </div>
   <div class='ocr_carea' id='block_1_107' title="bbox 2337 4486 3842 4568">
    <p class='ocr_par' dir='ltr' id='par_1_107' title="bbox 2337 4486 3842 4568">
     <span class='ocr_line' id='line_1_107' title="bbox 2337 4486 3842 4568; baseline 0 -20"><span class='ocrx_word' id='word_1_781' title='bbox 2337 4501 2488 4550; x_wconf 77' lang='lat' dir='ltr'><strong>&quot;recte</strong></span> <span class='ocrx_word' id='word_1_782' title='bbox 2519 4510 2627 4550; x_wconf 91' lang='lat' dir='ltr'><strong>non</strong></span> <span class='ocrx_word' id='word_1_783' title='bbox 2651 4495 2834 4552; x_wconf 89' lang='lat' dir='ltr'><strong>minus</strong></span> <span class='ocrx_word' id='word_1_784' title='bbox 2869 4495 2935 4552; x_wconf 91' lang='lat' dir='ltr'><strong>de</strong></span> <span class='ocrx_word' id='word_1_785' title='bbox 2961 4512 3044 4564; x_wconf 90' lang='lat' dir='ltr'><strong>ea,</strong></span> <span class='ocrx_word' id='word_1_786' title='bbox 3074 4513 3237 4568; x_wconf 87' lang='lat' dir='ltr'><strong>quam</strong></span> <span class='ocrx_word' id='word_1_787' title='bbox 3265 4510 3323 4556; x_wconf 91' lang='lat' dir='ltr'><strong>et</strong></span> <span class='ocrx_word' id='word_1_788' title='bbox 3348 4501 3414 4557; x_wconf 90' lang='lat' dir='ltr'><strong>de</strong></span> <span class='ocrx_word' id='word_1_789' title='bbox 3435 4496 3623 4556; x_wconf 87' lang='lat' dir='ltr'><strong>Christi</strong></span> <span class='ocrx_word' id='word_1_790' title='bbox 3653 4486 3842 4550; x_wconf 60' lang='lat' dir='ltr'><strong>Ecclesia</strong></span> 
     </span>
    </p>
   </div>
   <div class='ocr_carea' id='block_1_108' title="bbox 2338 4582 3843 4661">
    <p class='ocr_par' dir='ltr' id='par_1_108' title="bbox 2338 4582 3843 4661">
     <span class='ocr_line' id='line_1_108' title="bbox 2338 4582 3843 4661; baseline -0.005 -21"><span class='ocrx_word' id='word_1_791' title='bbox 2338 4585 2573 4640; x_wconf 91' lang='lat' dir='ltr'><strong>dicitur:</strong></span> <span class='ocrx_word' id='word_1_792' title='bbox 2601 4584 2777 4641; x_wconf 90' lang='lat' dir='ltr'><strong>Locus</strong></span> <span class='ocrx_word' id='word_1_793' title='bbox 2815 4589 3075 4657; x_wconf 89' lang='lat' dir='ltr'><strong>sapphiri,</strong></span> <span class='ocrx_word' id='word_1_794' title='bbox 3108 4589 3316 4661; x_wconf 90' lang='lat' dir='ltr'><strong>lapides</strong></span> <span class='ocrx_word' id='word_1_795' title='bbox 3350 4590 3485 4661; x_wconf 92' lang='lat' dir='ltr'><strong>ejus.</strong></span> <span class='ocrx_word' id='word_1_796' title='bbox 3514 4588 3574 4644; x_wconf 87' lang='lat' dir='ltr'><strong>Et</strong></span> <span class='ocrx_word' id='word_1_797' title='bbox 3598 4585 3705 4658; x_wconf 85' lang='lat' dir='ltr'><strong>quia</strong></span> <span class='ocrx_word' id='word_1_798' title='bbox 3733 4582 3843 4636; x_wconf 79' lang='lat' dir='ltr'><strong>inea</strong></span> 
     </span>
    </p>
   </div>
   <div class='ocr_carea' id='block_1_109' title="bbox 2338 4670 3842 4752">
    <p class='ocr_par' dir='ltr' id='par_1_109' title="bbox 2338 4670 3842 4752">
     <span class='ocr_line' id='line_1_109' title="bbox 2338 4670 3842 4752; baseline -0.001 -21"><span class='ocrx_word' id='word_1_799' title='bbox 2338 4690 2532 4747; x_wconf 85' lang='lat' dir='ltr'><strong>magna</strong></span> <span class='ocrx_word' id='word_1_800' title='bbox 2557 4676 2682 4731; x_wconf 84' lang='lat' dir='ltr'><strong>vita</strong></span> <span class='ocrx_word' id='word_1_801' title='bbox 2709 4691 2774 4731; x_wconf 87' lang='lat' dir='ltr'><strong>ac</strong></span> <span class='ocrx_word' id='word_1_802' title='bbox 2799 4679 3082 4749; x_wconf 86' lang='lat' dir='ltr'><strong>sapientia</strong></span> <span class='ocrx_word' id='word_1_803' title='bbox 3107 4680 3359 4738; x_wconf 86' lang='lat' dir='ltr'><strong>claritate</strong></span> <span class='ocrx_word' id='word_1_804' title='bbox 3392 4680 3588 4752; x_wconf 82' lang='lat' dir='ltr'><strong>fulgent</strong></span> <span class='ocrx_word' id='word_1_805' title='bbox 3615 4689 3699 4747; x_wconf 87' lang='lat' dir='ltr'><strong>per</strong></span> <span class='ocrx_word' id='word_1_806' title='bbox 3719 4670 3842 4728; x_wconf 70' lang='lat' dir='ltr'><strong>ﬁdem</strong></span> 
     </span>
    </p>
   </div>
   <div class='ocr_carea' id='block_1_110' title="bbox 2337 4762 3842 4842">
    <p class='ocr_par' dir='ltr' id='par_1_110' title="bbox 2337 4762 3842 4842">
     <span class='ocr_line' id='line_1_110' title="bbox 2337 4762 3842 4842; baseline 0.007 -22"><span class='ocrx_word' id='word_1_807' title='bbox 2337 4765 2496 4822; x_wconf 84' lang='lat' dir='ltr'><strong>electi</strong></span> <span class='ocrx_word' id='word_1_808' title='bbox 2534 4765 2865 4838; x_wconf 86' lang='lat' dir='ltr'><strong>adjungitur,</strong></span> <span class='ocrx_word' id='word_1_809' title='bbox 2908 4778 2965 4825; x_wconf 87' lang='lat' dir='ltr'><strong>et</strong></span> <span class='ocrx_word' id='word_1_810' title='bbox 2996 4770 3167 4842; x_wconf 85' lang='lat' dir='ltr'><strong>gleba</strong></span> <span class='ocrx_word' id='word_1_811' title='bbox 3203 4771 3346 4828; x_wconf 90' lang='lat' dir='ltr'><strong>illius</strong></span> <span class='ocrx_word' id='word_1_812' title='bbox 3385 4786 3584 4827; x_wconf 90' lang='lat' dir='ltr'><strong>aurum.</strong></span> <span class='ocrx_word' id='word_1_813' title='bbox 3625 4762 3739 4834; x_wconf 77' lang='grc' dir='ltr'><strong>ρυίά</strong></span> <span class='ocrx_word' id='word_1_814' title='bbox 3769 4769 3842 4830; x_wconf 62' lang='lat' dir='ltr'><strong>Per</strong></span> 
     </span>
    </p>
   </div>
   <div class='ocr_carea' id='block_1_111' title="bbox 2339 4847 3839 4935">
    <p class='ocr_par' dir='ltr' id='par_1_111' title="bbox 2339 4847 3839 4935">
     <span class='ocr_line' id='line_1_111' title="bbox 2339 4847 3839 4935; baseline -0.002 -24"><span class='ocrx_word' id='word_1_815' title='bbox 2339 4858 2524 4930; x_wconf 89' lang='lat' dir='ltr'><strong>glebas</strong></span> <span class='ocrx_word' id='word_1_816' title='bbox 2548 4857 2651 4913; x_wconf 89' lang='lat' dir='ltr'><strong>nisi</strong></span> <span class='ocrx_word' id='word_1_817' title='bbox 2674 4859 3022 4916; x_wconf 89' lang='lat' dir='ltr'><strong>collectiones</strong></span> <span class='ocrx_word' id='word_1_818' title='bbox 3047 4862 3380 4935; x_wconf 88' lang='lat' dir='ltr'><strong>singulorum</strong></span> <span class='ocrx_word' id='word_1_819' title='bbox 3407 4862 3639 4918; x_wconf 88' lang='lat' dir='ltr'><strong>ordinum</strong></span> <span class='ocrx_word' id='word_1_820' title='bbox 3661 4869 3716 4910; x_wconf 88' lang='lat' dir='ltr'><strong>ac</strong></span> <span class='ocrx_word' id='word_1_821' title='bbox 3733 4847 3839 4908; x_wconf 78' lang='lat' dir='ltr'><strong>mul-</strong></span> 
     </span>
    </p>
   </div>
   <div class='ocr_carea' id='block_1_112' title="bbox 2336 4939 3837 5023">
    <p class='ocr_par' dir='ltr' id='par_1_112' title="bbox 2336 4939 3837 5023">
     <span class='ocr_line' id='line_1_112' title="bbox 2336 4939 3837 5023; baseline -0.001 -21"><span class='ocrx_word' id='word_1_822' title='bbox 2336 4947 2583 5005; x_wconf 91' lang='lat' dir='ltr'><strong>titudinis</strong></span> <span class='ocrx_word' id='word_1_823' title='bbox 2629 4950 2807 5006; x_wconf 85' lang='lat' dir='ltr'><strong>unitas</strong></span> <span class='ocrx_word' id='word_1_824' title='bbox 2852 4951 3212 5023; x_wconf 82' lang='lat' dir='ltr'><strong>designatur?</strong></span> <span class='ocrx_word' id='word_1_825' title='bbox 3239 4953 3417 5012; x_wconf 83' lang='lat' dir='ltr'><strong>Gleba</strong></span> <span class='ocrx_word' id='word_1_826' title='bbox 3457 4950 3638 5010; x_wconf 89' lang='lat' dir='ltr'><strong>etenim</strong></span> <span class='ocrx_word' id='word_1_827' title='bbox 3673 4959 3729 5001; x_wconf 85' lang='lat' dir='ltr'><strong>ex</strong></span> <span class='ocrx_word' id='word_1_828' title='bbox 3763 4939 3837 4995; x_wconf 59' lang='lat' dir='ltr'><strong>bur</strong></span> 
     </span>
    </p>
   </div>
   <div class='ocr_carea' id='block_1_113' title="bbox 2336 5029 3837 5118">
    <p class='ocr_par' dir='ltr' id='par_1_113' title="bbox 2336 5029 3837 5118">
     <span class='ocr_line' id='line_1_113' title="bbox 2336 5029 3837 5118; baseline 0.003 -21"><span class='ocrx_word' id='word_1_829' title='bbox 2336 5056 2488 5097; x_wconf 87' lang='lat' dir='ltr'><strong>more</strong></span> <span class='ocrx_word' id='word_1_830' title='bbox 2532 5051 2588 5096; x_wconf 89' lang='lat' dir='ltr'><strong>et</strong></span> <span class='ocrx_word' id='word_1_831' title='bbox 2629 5043 2853 5113; x_wconf 85' lang='lat' dir='ltr'><strong>pulvere</strong></span> <span class='ocrx_word' id='word_1_832' title='bbox 2892 5045 3362 5118; x_wconf 87' lang='lat' dir='ltr'><strong>constringuntur.</strong></span> <span class='ocrx_word' id='word_1_833' title='bbox 3407 5047 3594 5104; x_wconf 89' lang='lat' dir='ltr'><strong>Omnes</strong></span> <span class='ocrx_word' id='word_1_834' title='bbox 3630 5052 3738 5110; x_wconf 71' lang='lat' dir='ltr'><strong>ergo</strong></span> <span class='ocrx_word' id='word_1_835' title='bbox 3769 5029 3837 5102; x_wconf 69' lang='grc' dir='ltr'><strong>αυί</strong></span> 
     </span>
    </p>
   </div>
   <div class='ocr_carea' id='block_1_114' title="bbox 2335 5129 3838 5203">
    <p class='ocr_par' dir='ltr' id='par_1_114' title="bbox 2335 5129 3838 5203">
     <span class='ocr_line' id='line_1_114' title="bbox 2335 5129 3838 5203; baseline 0.001 -16"><span class='ocrx_word' id='word_1_836' title='bbox 2335 5147 2461 5189; x_wconf 87' lang='lat' dir='ltr'><strong>rore</strong></span> <span class='ocrx_word' id='word_1_837' title='bbox 2508 5134 2696 5203; x_wconf 82' lang='lat' dir='ltr'><strong>gratia</strong></span> <span class='ocrx_word' id='word_1_838' title='bbox 2741 5133 2928 5202; x_wconf 81' lang='lat' dir='ltr'><strong>infusi,</strong></span> <span class='ocrx_word' id='word_1_839' title='bbox 2954 5151 3021 5192; x_wconf 89' lang='lat' dir='ltr'><strong>ex</strong></span> <span class='ocrx_word' id='word_1_840' title='bbox 3074 5139 3268 5194; x_wconf 90' lang='lat' dir='ltr'><strong>mortis</strong></span> <span class='ocrx_word' id='word_1_841' title='bbox 3314 5139 3489 5195; x_wconf 92' lang='lat' dir='ltr'><strong>debito</strong></span> <span class='ocrx_word' id='word_1_842' title='bbox 3525 5149 3578 5191; x_wconf 87' lang='lat' dir='ltr'><strong>se</strong></span> <span class='ocrx_word' id='word_1_843' title='bbox 3619 5129 3838 5202; x_wconf 70' lang='grc' dir='ltr'><strong>ρυινετοιι</strong></span> 
     </span>
    </p>
   </div>
   <div class='ocr_carea' id='block_1_115' title="bbox 2333 5215 3838 5304">
    <p class='ocr_par' dir='ltr' id='par_1_115' title="bbox 2333 5215 3838 5304">
     <span class='ocr_line' id='line_1_115' title="bbox 2333 5215 3838 5304; baseline -0.011 -18"><span class='ocrx_word' id='word_1_844' title='bbox 2333 5245 2455 5288; x_wconf 88' lang='lat' dir='ltr'><strong>esse</strong></span> <span class='ocrx_word' id='word_1_845' title='bbox 2473 5231 2653 5286; x_wconf 90' lang='lat' dir='ltr'><strong>veraci</strong></span> <span class='ocrx_word' id='word_1_846' title='bbox 2688 5233 2998 5304; x_wconf 90' lang='lat' dir='ltr'><strong>cognitione</strong></span> <span class='ocrx_word' id='word_1_847' title='bbox 3024 5235 3367 5300; x_wconf 84' lang='lat' dir='ltr'><strong>conﬁtentur,</strong></span> <span class='ocrx_word' id='word_1_848' title='bbox 3391 5234 3513 5289; x_wconf 87' lang='lat' dir='ltr'><strong>dum</strong></span> <span class='ocrx_word' id='word_1_849' title='bbox 3544 5229 3654 5283; x_wconf 82' lang='lat' dir='ltr'><strong>vita</strong></span> <span class='ocrx_word' id='word_1_850' title='bbox 3672 5215 3838 5276; x_wconf 76' lang='lat' dir='ltr'><strong>virtuti-</strong></span> 
     </span>
    </p>
   </div>
   <div class='ocr_carea' id='block_1_116' title="bbox 2337 5305 3837 5400">
    <p class='ocr_par' dir='ltr' id='par_1_116' title="bbox 2337 5305 3837 5400">
     <span class='ocr_line' id='line_1_116' title="bbox 2337 5305 3837 5400; baseline -0.009 -21"><span class='ocrx_word' id='word_1_851' title='bbox 2337 5323 2442 5380; x_wconf 87' lang='lat' dir='ltr'><strong>bus</strong></span> <span class='ocrx_word' id='word_1_852' title='bbox 2465 5323 2791 5392; x_wconf 89' lang='lat' dir='ltr'><strong>clarescunt,</strong></span> <span class='ocrx_word' id='word_1_853' title='bbox 2824 5327 2980 5396; x_wconf 92' lang='lat' dir='ltr'><strong>quasi</strong></span> <span class='ocrx_word' id='word_1_854' title='bbox 3009 5342 3188 5384; x_wconf 83' lang='lat' dir='ltr'><strong>aurea</strong></span> <span class='ocrx_word' id='word_1_855' title='bbox 3223 5328 3389 5400; x_wconf 90' lang='lat' dir='ltr'><strong>gleba</strong></span> <span class='ocrx_word' id='word_1_856' title='bbox 3417 5326 3470 5381; x_wconf 91' lang='lat' dir='ltr'><strong>in</strong></span> <span class='ocrx_word' id='word_1_857' title='bbox 3498 5317 3709 5379; x_wconf 83' lang='lat' dir='ltr'><strong>Ecclesia</strong></span> <span class='ocrx_word' id='word_1_858' title='bbox 3730 5305 3837 5366; x_wconf 87' lang='lat' dir='ltr'><strong>reni-</strong></span> 
     </span>
    </p>
   </div>
   <div class='ocr_carea' id='block_1_117' title="bbox 2334 5401 3832 5498">
    <p class='ocr_par' dir='ltr' id='par_1_117' title="bbox 2334 5401 3832 5498">
     <span class='ocr_line' id='line_1_117' title="bbox 2334 5401 3832 5498; baseline -0.005 -24"><span class='ocrx_word' id='word_1_859' title='bbox 2334 5427 2570 5474; x_wconf 89' lang='lat' dir='ltr'><strong>tescunt.</strong></span> <span class='ocrx_word' id='word_1_860' title='bbox 2617 5418 2816 5475; x_wconf 82' lang='lat' dir='ltr'><strong>Habuit</strong></span> <span class='ocrx_word' id='word_1_861' title='bbox 2858 5428 2914 5474; x_wconf 91' lang='lat' dir='ltr'><strong>et</strong></span> <span class='ocrx_word' id='word_1_862' title='bbox 2957 5419 3240 5494; x_wconf 81' lang='lat' dir='ltr'><strong>Synagoga</strong></span> <span class='ocrx_word' id='word_1_863' title='bbox 3280 5420 3456 5494; x_wconf 89' lang='lat' dir='ltr'><strong>glebas</strong></span> <span class='ocrx_word' id='word_1_864' title='bbox 3491 5416 3541 5471; x_wconf 91' lang='lat' dir='ltr'><strong>in</strong></span> <span class='ocrx_word' id='word_1_865' title='bbox 3583 5401 3832 5498; x_wconf 62' lang='grc' dir='ltr'><strong>ρτρριιειίξῖ</strong></span> 
     </span>
    </p>
   </div>
   <div class='ocr_carea' id='block_1_118' title="bbox 2333 5496 3834 5588">
    <p class='ocr_par' dir='ltr' id='par_1_118' title="bbox 2333 5496 3834 5588">
     <span class='ocr_line' id='line_1_118' title="bbox 2333 5496 3834 5588; baseline -0.011 -23"><span class='ocrx_word' id='word_1_866' title='bbox 2333 5509 2524 5565; x_wconf 82' lang='lat' dir='ltr'><strong>habuit</strong></span> <span class='ocrx_word' id='word_1_867' title='bbox 2549 5517 2606 5565; x_wconf 89' lang='lat' dir='ltr'><strong>et</strong></span> <span class='ocrx_word' id='word_1_868' title='bbox 2632 5509 2687 5565; x_wconf 93' lang='lat' dir='ltr'><strong>in</strong></span> <span class='ocrx_word' id='word_1_869' title='bbox 2717 5509 3053 5577; x_wconf 90' lang='lat' dir='ltr'><strong>doctoribus,</strong></span> <span class='ocrx_word' id='word_1_870' title='bbox 3080 5524 3288 5567; x_wconf 86' lang='lat' dir='ltr'><strong>necnon</strong></span> <span class='ocrx_word' id='word_1_871' title='bbox 3317 5519 3370 5567; x_wconf 89' lang='lat' dir='ltr'><strong>et</strong></span> <span class='ocrx_word' id='word_1_872' title='bbox 3402 5509 3454 5564; x_wconf 92' lang='lat' dir='ltr'><strong>iu</strong></span> <span class='ocrx_word' id='word_1_873' title='bbox 3482 5501 3702 5561; x_wconf 88' lang='lat' dir='ltr'><strong>Patribus</strong></span> <span class='ocrx_word' id='word_1_874' title='bbox 3728 5496 3834 5588; x_wconf 57' lang='lat' dir='ltr'><strong>anil-</strong></span> 
     </span>
    </p>
   </div>
   <div class='ocr_carea' id='block_1_119' title="bbox 2334 5584 3830 5675">
    <p class='ocr_par' dir='ltr' id='par_1_119' title="bbox 2334 5584 3830 5675">
     <span class='ocr_line' id='line_1_119' title="bbox 2334 5584 3830 5675; baseline -0.015 -18"><span class='ocrx_word' id='word_1_875' title='bbox 2334 5602 2474 5670; x_wconf 88' lang='lat' dir='ltr'><strong>quis,</strong></span> <span class='ocrx_word' id='word_1_876' title='bbox 2509 5601 2601 5670; x_wconf 91' lang='lat' dir='ltr'><strong>qui</strong></span> <span class='ocrx_word' id='word_1_877' title='bbox 2636 5615 2832 5672; x_wconf 91' lang='lat' dir='ltr'><strong>magna</strong></span> <span class='ocrx_word' id='word_1_878' title='bbox 2849 5615 2908 5657; x_wconf 90' lang='lat' dir='ltr'><strong>se</strong></span> <span class='ocrx_word' id='word_1_879' title='bbox 2940 5601 3210 5659; x_wconf 76' lang='lat' dir='ltr'><strong>inlusione</strong></span> <span class='ocrx_word' id='word_1_880' title='bbox 3236 5601 3439 5675; x_wconf 83' lang='lat' dir='ltr'><strong>gratia,</strong></span> <span class='ocrx_word' id='word_1_881' title='bbox 3469 5599 3516 5652; x_wconf 91' lang='lat' dir='ltr'><strong>in</strong></span> <span class='ocrx_word' id='word_1_882' title='bbox 3547 5584 3830 5675; x_wconf 67' lang='lat' dir='ltr'><strong>professionis</strong></span> 
     </span>
    </p>
   </div>
   <div class='ocr_carea' id='block_1_120' title="bbox 2331 5666 3831 5766">
    <p class='ocr_par' dir='ltr' id='par_1_120' title="bbox 2331 5666 3831 5766">
     <span class='ocr_line' id='line_1_120' title="bbox 2331 5666 3831 5766; baseline -0.017 -18"><span class='ocrx_word' id='word_1_883' title='bbox 2331 5666 2385 5748; x_wconf 75' lang='lat' dir='ltr'><strong>et</strong></span> <span class='ocrx_word' id='word_1_884' title='bbox 2407 5666 2590 5766; x_wconf 74' lang='lat' dir='ltr'><strong>operis</strong></span> <span class='ocrx_word' id='word_1_885' title='bbox 2618 5666 2976 5748; x_wconf 77' lang='lat' dir='ltr'><strong>unanimitate</strong></span> <span class='ocrx_word' id='word_1_886' title='bbox 3005 5666 3314 5751; x_wconf 73' lang='lat' dir='ltr'><strong>tenuerunt.</strong></span> <span class='ocrx_word' id='word_1_887' title='bbox 3346 5690 3416 5747; x_wconf 87' lang='lat' dir='ltr'><strong>De</strong></span> <span class='ocrx_word' id='word_1_888' title='bbox 3434 5686 3612 5760; x_wconf 86' lang='lat' dir='ltr'><strong>quibus</strong></span> <span class='ocrx_word' id='word_1_889' title='bbox 3643 5681 3762 5735; x_wconf 86' lang='lat' dir='ltr'><strong>recte</strong></span> <span class='ocrx_word' id='word_1_890' title='bbox 3774 5666 3831 5722; x_wconf 82' lang='lat' dir='ltr'><strong>di-</strong></span> 
     </span>
    </p>
   </div>
  </div>
