4078 6348
225 373 331 432 1201

909 380 1270 441 EXPOSITIO
1305 383 1368 440 IN
1407 381 1986 443 LAMENTA'I‘IONES
2022 386 2361 443 JEREMUE.
2398 387 2632 444 —.LlB.
2674 387 2740 443 IV

3286 387 3422 446 1‘20!

203 491 344 551 citur:
386 491 457 546 Et
490 491 657 564 gleba:
694 489 838 546 illius
871 505 1095 558 aurum;
1123 495 1248 564 quia
1280 494 1333 548 in
1367 509 1430 549 ea
1462 495 1747 550 multitudo
1776 500 1823 560 Α
1851 487 2180 556 Obscuratur
2200 499 2416 570 quidem
2443 509 2669 570 propter
2688 515 2797 555 non
2830 501 3134 569 credentes,
3159 502 3420 560 veletiam

200 586 530 657 spiritualium
560 591 712 640 tanto
751 584 955 655 majore
985 585 1184 641 virtute
1209 585 1427 652 claruit,
1456 595 1657 656 quanto
1686 601 1747 643 se

199 679 248 734 in
291 679 449 732 Deum
501 691 563 731 ac
609 675 915 746 proximum
959 674 1166 744 majore
1216 677 1575 733 unanimitate
1619 693 1750 734 con-

196 770 410 828 strinxit.
444 767 550 823 Sed
584 767 689 823 hoc
734 783 922 822 aurum
950 766 1210 838 perﬁdiae,
1257 779 1341 823 est
1383 778 1505 838 post
1531 768 1746 842 1482

195 865 385 920 modum
427 861 667 917 tenebris
706 861 1078 926 obscuratum,
1109 858 1264 929 cujus
1290 861 1530 932 profecto
1569 863 1748 935 nigre-

193 956 351 1011 dinem
378 954 467 1010 hic
492 952 750 1024 propheta
795 952 1032 1017 intuens,
1051 953 1316 1023 deplorat,
1345 955 1562 1020 dicens;
1598 951 1746 1020 ouo.

173 1031 328 1099 modo
364 1045 696 1098 obscuratum
760 1052 835 1096 est
904 1059 1128 1109 aurum,
1180 1055 1412 1099 mutatus
1465 1054 1542 1100 est
1604 1045 1747 1099 color

190 1135 412 1206 optimus.
455 1133 561 1190 Sed
587 1142 641 1189 et
678 1134 880 1189 Christi
926 1134 1165 1191 Ecclesia
1195 1140 1437 1194 membra
1466 1138 1745 1194 electionis

187 1226 518 1280 considerans
560 1232 894 1279 terrenarum
946 1240 1126 1280 rerum
1172 1227 1395 1299 fuligine
1450 1227 1740 1298 denigrari,

183 1317 347 1387 plorat
380 1317 524 1387 quod
569 1316 916 1372 obscuratum
947 1326 1030 1371 est
1072 1332 1282 1382 aurum,
1329 1326 1383 1373 et
1429 1319 1744 1374 immutatus

184 1416 261 1462 est
280 1407 420 1462 color
451 1414 763 1461 renatorum
796 1406 1054 1476 optimus,
1085 1405 1293 1477 fulgens
1313 1408 1465 1477 prius
1489 1409 1655 1464 etiam
1684 1409 1740 1462 in

181 1496 552 1568 posterioribus
575 1497 626 1550 in
654 1497 856 1566 pallore
895 1497 1033 1560 auri,
1068 1513 1210 1551 nunc
1227 1514 1355 1553 vero
1384 1514 1414 1551 e
1443 1498 1736 1564 contrario,

178 1587 480 1642 delictorum
516 1587 755 1642 tenebris
792 1587 1134 1641 obscuratus.
1170 1586 1436 1642 Caeterum
1473 1587 1651 1641 anima
1682 1601 1741 1642 se

172 1678 287 1749 jure
330 1679 589 1749 deplorat,
631 1694 750 1749 quae
779 1677 881 1733 fuit
914 1679 1065 1749 prius
1108 1695 1205 1748 per
1236 1679 1438 1736 fontem
1485 1679 1739 1750 baptismi

176 1769 290 1824 nive
336 1770 616 1824 candidius
661 1770 928 1833 dealbata,
971 1778 1025 1824 et
1057 1783 1154 1839 per
1197 1770 1522 1825 inlusionem
1566 1771 1738 1825 sancti

1847 600 2066 662 propter
2091 607 2195 646 non
2224 600 2371 646 recte
2403 590 2762 662 intelligentes
2793 606 2808 646 :
2834 601 3015 648 manet
3045 601 3227 649 tamen
3255 595 3420 652 invio-

1848 679 1954 736 lata
1979 681 2196 748 veritas,
2224 683 2350 751 quia
2383 691 2440 737 et
2473 683 2520 736 si
2558 683 2838 738 obscurari
2877 684 2945 738 ad
2983 691 3196 754 tempus
3225 694 3425 755 potest,

1848 771 2117 841 corrumpi
2152 771 2374 825 omnino
2406 787 2513 827 non
2554 780 2753 842 potest.
2786 772 2858 826 At
2901 787 3031 828 vero
3064 772 3216 831 color
3249 775 3424 842 verbi,

1847 860 2084 915 charitas
2127 861 2381 917 videlicet
2429 877 2536 932 qua
2585 860 2965 932 perfundimur
3019 872 3074 918 et
3139 866 3424 932 vestimur,

1847 960 2206 1006 commutatur
2256 953 2309 1006 in
2355 951 2535 1023 pejus,
2593 952 2723 1008 dum
2771 969 2838 1009 ex
2893 954 3182 1012 dilectione
3225 957 3318 1010 Dei
3370 963 3426 1011 et

1844 1043 2072 1113 proximi
2102 1043 2361 1100 transitur
2398 1044 2449 1098 in
2472 1044 2939 1114 concupiscentias
2978 1061 3157 1102 rerum
3185 1054 3429 1102 terrena-

1845 1147 1964 1186 rum
1997 1150 2008 1184 :
2041 1141 2095 1186 et
2119 1132 2245 1186 dum
2285 1147 2438 1187 meus
2486 1133 2552 1186 ad
2588 1133 2797 1204 singula
2826 1149 2884 1189 se
2913 1135 3152 1205 exponit,
3183 1136 3338 1206 quasi
3367 1136 3424 1191 in

1844 1223 2022 1292 capite
2056 1225 2220 1279 totius
2244 1225 2368 1280 vitae
2404 1223 2725 1291 latitudinis,
2758 1226 3001 1282 actiones
3043 1241 3169 1282 suas
3200 1235 3256 1282 et
3280 1227 3425 1282 desi-

1845 1311 1992 1366 deria
2024 1313 2208 1368 mittit.
2241 1314 2388 1380 Quas
2419 1329 2541 1368 cum
2570 1314 2638 1368 ad
2667 1328 2726 1369 se
2750 1315 2971 1370 redierit
2998 1316 3196 1372 misera
3217 1317 3420 1383 anima,

1843 1402 1972 1471 quid
2005 1402 2147 1457 aliud
2174 1419 2334 1473 quam
2357 1403 2629 1474 dispersas
2651 1404 2794 1459 inter
2817 1403 2925 1460 lata
2946 1414 3002 1461 et
3022 1406 3255 1476 spatiosa
3279 1423 3426 1461 mor-

1844 1494 1914 1549 tis
1958 1496 2150 1550 itinera
2199 1495 2342 1550 dolet
2385 1505 2440 1550 et
2476 1494 2674 1565 gemit?
2717 1495 2795 1551 Ac
2841 1497 2885 1550 si
2939 1505 3188 1567 patenter
3234 1496 3416 1552 dicat:

1843 1583 2124 1652 Quomodo
2154 1585 2210 1639 in
2253 1601 2340 1640 me
2381 1586 2631 1641 mihimet
2658 1585 3004 1642 obscuratum
3051 1596 3136 1642 est
3167 1587 3296 1643 illud
3325 1589 3419 1644 Dei

1842 1679 2066 1732 verbum
2097 1678 2321 1748 ignitum
2349 1685 2403 1732 et
2442 1677 2804 1748 splendidum,
2831 1678 2928 1744 ita,
2963 1687 3022 1732 ut
3055 1693 3173 1733 mea
3207 1680 3419 1750 ignavia

1842 1776 2090 1832 czecatus,
2125 1775 2450 1837 praeceptum
2487 1767 2584 1822 Dei
2619 1767 2853 1821 lucidum
2885 1768 3090 1834 videre,
3117 1771 3258 1838 quod
3286 1786 3418 1826 con-

177 1859 402 1931 Spiritus
426 1877 558 1915 auro
583 1861 860 1931 pulchrius
887 1861 1146 1928 colorata,
1175 1879 1319 1918 nunc
1351 1878 1480 1919 vero
1510 1870 1603 1917 aut
1633 1863 1736 1918 hte-
1764 1861 1812 1922 Β
1837 1858 2001 1910 verm
2048 1857 2279 1921 δηίηιίὶε,
2319 1857 2672 1927 nequiverim.
2707 1857 2988 1923 QllomOdO
3035 1860 3282 1915 mihimet
3320 1862 3420 1916 οὶ)-

172 1956 272 2010 resi
311 1965 391 2010 est
433 1955 649 2020 inlecta,
685 1963 779 2008 aut
815 1956 959 2010 intus
1005 1964 1061 2010 et
1099 1956 1394 2011 sceleribus
1429 1954 1732 2011 obfuscata.

170 2043 351 2116 Fulget
374 2061 604 2115 namque
631 2046 934 2100 animarum
967 2054 1278 2100 sanctarum
1301 2045 1572 2116 eloquium
1603 2060 1738 2100 auro

168 2135 375 2201 clarius,
426 2136 690 2192 claritatis
730 2151 860 2191 vero
895 2137 1147 2206 splendor
1175 2137 1452 2206 pulchrius
1487 2136 1736 2192 omnibus

167 2227 452 2282 irradiatur
480 2227 773 2294 coloribus,
809 2229 902 2284 sed
935 2245 1057 2284 cum
1089 2230 1155 2283 ab
1184 2227 1300 2297 ejus
1326 2228 1534 2300 fulgore
1555 2229 1736 2284 anima

166 2319 610 2390 concupiscentiis
633 2320 902 2375 oblectata
932 2320 1090 2374 malis
1120 2320 1403 2385 deciderit,
1429 2321 1555 2389 quid
1591 2319 1736 2376 aliud

163 2409 216 2464 in
258 2425 318 2465 ea
347 2425 505 2479 quam
544 2425 734 2464 aurum
785 2409 1147 2465 obscuratur?
1174 2410 1242 2464 Et
1277 2410 1402 2465 dum
1435 2410 1582 2466 intus
1616 2425 1736 2466 car-

161 2497 358 2553 nalium
387 2512 569 2552 rerum
610 2499 945 2569 denigratur,
995 2499 1125 2568 quid
1159 2500 1263 2554 nisi
1308 2499 1455 2555 color
1483 2498 1736 2556 candoris

161 2592 392 2662 Optimus
423 2600 478 2646 et
513 2591 932 2662 pulchritudinis
966 2591 1020 2646 in
1058 2593 1295 2649 deterius
1335 2594 1737 2649 commutatur?

161 2681 332 2736 Habet
369 2681 514 2736 enim
539 2683 718 2736 anima
750 2682 975 2737 verbum
1003 2682 1168 2738 divini
1216 2683 1414 2752 eloquii
1457 2698 1590 2738 auro
1619 2699 1737 2754 pre-

159 2773 347 2828 tiosius
379 2773 433 2827 in
463 2787 522 2827 se
543 2771 772 2843 fulgens,
823 2773 968 2843 quod
995 2773 1265 2829 charitate
1298 2773 1630 2830 intrinsecus
1653 2775 1737 2830 iu-

157 2863 598 2934 comparabiliter
641 2863 935 2931 coloratur,
987 2866 1081 2920 sed
1127 2880 1250 2921 cum
1283 2865 1738 2937 concupiscentiis

156 2970 337 3010 rerum
379 2952 633 3021 afﬁcitur,
677 2955 806 3025 quid
842 2955 986 3010 aliud
1033 2971 1197 3026 quam
1225 2957 1368 3027 quod
1417 2971 1608 3011 aurum
1641 2956 1737 3011 ob-

154 3053 431 3110 scuratur,
459 3052 514 3100 et
536 3045 686 3100 color
712 3045 1031 3100 immutatur
1053 3045 1293 3115 optimus
1313 3047 1337 3098 ?
1356 3043 1603 3100 Pessima
1629 3044 1734 3115 igi-

149 3144 246 3190 tur
287 3135 661 3201 commutatio,
701 3136 828 3190 dum
874 3150 1025 3191 amor
1077 3143 1401 3191 aeternarum
1450 3149 1632 3190 rerum
1682 3141 1738 3189 et

1839 1947 2046 2003 scurari
2075 1947 2250 2017 potuit
2276 1947 2422 2013 illud,
2448 1949 2592 2017 quod
2616 1951 2866 2005 omnibus
2894 1950 3058 2018 lucet;
3085 1955 3418 2009 etconvertit

1837 2040 1998 2095 etiam
2037 2038 2286 2111 refugas?
2323 2039 2525 2096 Verum
2572 2044 2714 2113 quod
2746 2059 2831 2098 me
2866 2044 3044 2111 latuit,
3092 2061 3192 2101 nec
3234 2046 3418 2101 videre

1835 2133 2004 2202 potui,
2035 2118 2137 2187 sibi
2161 2131 2348 2187 fulsit:
2377 2132 2577 2188 idcirco
2603 2146 2658 2190 et
2682 2135 2734 2189 in
2760 2151 2846 2191 me
2877 2136 3193 2194 immutatus
3220 2147 3307 2193 est
3325 2153 3419 2195 co-

1836 2221 1918 2277 lor
1938 2223 2195 2292 optimus,
2221 2232 2276 2277 et
2295 2223 2525 2293 dispersi
2554 2234 2680 2280 sunt
2701 2226 2911 2296 lapides
2935 2229 3252 2284 sanctuarii.
3278 2229 3418 2285 San-

1835 2314 2102 2370 ctuarium
2131 2314 2346 2384 quidem
2371 2323 2488 2369 erat
2506 2317 2686 2370 anima
2709 2317 2881 2373 ﬁdelis
2905 2317 3034 2384 Deo,
3068 2321 3194 2373 dum
3222 2335 3416 2374 aurum

1836 2404 2042 2460 scilicet
2081 2405 2306 2459 verbum
2367 2405 2633 2471 divinum,
2680 2407 2733 2460 in
2776 2421 2840 2462 ea
2890 2406 3129 2478 fulgebat
3165 2408 3412 2478 ignitum.

1835 2494 1944 2552 Sed
1970 2510 2093 2550 mox
2123 2496 2402 2551 obscurari
2431 2497 2598 2567 cmpit
2628 2499 2680 2552 in
2727 2498 2951 2569 perﬁdia
2977 2507 3034 2554 et
3065 2499 3294 2571 caligine
3321 2499 3417 2554 de-

1835 2585 2129 2641 lictorum:
2166 2586 2484 2642 immutatur
2528 2588 2692 2643 etiam
2734 2589 2882 2645 color
2929 2590 3196 2660 optimus,
3247 2589 3418 2660 ﬁtque

1836 2676 1978 2733 foeda
2018 2693 2138 2748 quae
2171 2678 2399 2749 pulchra
2425 2688 2564 2746 erat,
2609 2689 2664 2735 et
2686 2681 3071 2754 disperguntur
3098 2683 3280 2738 omnia
3325 2682 3413 2737 in-

1837 2770 2108 2825 trinsecus
2135 2788 2148 2823 :
2173 2770 2247 2824 ita
2274 2780 2333 2825 ut
2360 2771 2502 2826 nulla
2546 2782 2862 2828 remaneant
2905 2775 3029 2830 vitae
3071 2783 3415 2842 ornamenta,

1836 2862 1964 2918 dum
1999 2873 2193 2920 cuncta
2235 2865 2511 2936 pelluntur
2543 2868 2690 2925 foras
2719 2869 2880 2937 bona,
2923 2879 2979 2926 et
3005 2869 3244 2942 repletur
3269 2869 3417 2925 intus

1837 2953 2013 3010 malis.
2060 2954 2253 3027 Magna
2287 2958 2454 3028 igitur
2489 2957 2646 3027 hujus
2677 2961 2760 3015 vis
2803 2960 3025 3016 lamenti
3054 2979 3067 3016 :
3095 2975 3324 3032 magnus
3361 2967 3419 3015 et

1838 3045 1973 3099 tanti
2001 3045 2157 3115 vigor
2195 3046 2397 3103 doloris
2426 3049 2698 3120 pr0pbctae
2721 3090 2736 3116 ,
2778 3041 2870 3120 qui
2902 3050 2970 3106 ad
3007 3050 3189 3106 omnia
3235 3065 3293 3106 se
3322 3063 3419 3104 ex-

1839 3135 2030 3190 tendit.
2072 3135 2283 3207 Plangit
2311 3139 2457 3194 enim
2500 3141 2796 3196 c'ecitatem
2836 3140 3144 3197 Iudaeorum
3175 3141 3418 3212 :plangit

144 3227 595 3299 concupiscentia
625 3227 862 3283 caelestis
891 3227 1102 3298 patriae,
1143 3227 1198 3282 in
1242 3240 1483 3283 amorem
1529 3235 1735 3296 tempo-
1760 3222 1806 3290 C
1836 3234 1893 3281 et
1915 3226 2280 3282 Ecclesiarum
2311 3228 2406 3284 Dei
2437 3229 2826 3298 dispersionem
2857 3246 2922 3286 ac
2952 3231 3182 3287 damna:
3208 3230 3418 3301 plangit

142 3319 370 3384 ralium,
407 3326 464 3375 et
499 3319 993 3389 concupiscentiam
1039 3333 1303 3373 vanarum
1346 3332 1528 3373 rerum
1568 3317 1736 3372 verti-

139 3423 260 3480 tur,
299 3428 400 3483 pro
429 3427 538 3482 quo
571 3421 722 3468 recte
749 3412 1057 3482 plangitur:
1088 3410 1360 3477 Quomodo
1399 3411 1733 3466 obscuratum

134 3516 219 3560 est
273 3521 486 3572 aurum,
541 3515 774 3559 mutatus
828 3514 903 3560 est
948 3503 1094 3558 color
1150 3503 1393 3574 Optimus.
1424 3502 1577 3559 Unde
1605 3503 1733 3572 quia

132 3593 587 3664 concupiscentia
613 3603 828 3650 aeterna:
871 3593 996 3648 vita:
1035 3607 1191 3648 versa
1216 3602 1302 3648 est
1323 3593 1377 3647 in
1406 3607 1646 3648 amorem
1679 3599 1735 3648 et

129 3683 645 3754 concupiscentiam
678 3685 880 3758 carnis,
906 3684 1030 3755 jure
1065 3683 1268 3754 lapides
1289 3684 1583 3739 sanctuarii
1613 3683 1728 3750 Dei,

125 3777 372 3845 reliquae
429 3777 637 3832 scilicet
706 3777 936 3832 virtutes
997 3778 1232 3842 animas,
1297 3776 1350 3830 in
1407 3776 1584 3845 capite
1651 3775 1734 3831 di-

122 3875 481 3940 sperguntur
504 3867 746 3922 omnium
793 3863 1131 3936 platearum;
1178 3865 1433 3936 quoniam
1469 3866 1736 3922 charitate

119 3959 372 4024 amissa,
405 3959 578 4014 virtus
611 3958 756 4013 nulla
788 3959 843 4013 in
878 3959 1056 4013 anima
1083 3958 1368 4023 solidatur,
1403 3959 1514 4014 imo
1542 3971 1731 4014 omnes

112 4050 461 4106 aﬂ'ectiones
497 4065 624 4105 suas
657 4050 725 4105 ad
768 4049 876 4104 lata
903 4049 1111 4104 viarum
1143 4049 1361 4114 itinera,
1397 4057 1454 4104 et
1490 4048 1730 4118 spatiosa

108 4143 709 4214 concupiscentiarum
759 4142 1066 4206 conamina,
1121 4139 1175 4194 in
1212 4140 1389 4210 capite
1428 4139 1733 4208 transponit

99 4237 468 4308 platearum.
494 4232 647 4300 Quod
686 4232 890 4302 lapides
924 4231 1285 4302 pretiosarum
1313 4231 1575 4284 virtutum
1604 4244 1728 4299 spe-

91 4329 274 4384 ciem
327 4327 389 4381 in
420 4324 705 4380 animabus
751 4333 1063 4380 sanctorum
1091 4333 1334 4390 teneant,
1374 4323 1559 4378 multis
1595 4322 1730 4379 locis

81 4431 247 4473 suae
279 4415 493 4471 clarius
520 4415 816 4470 Doctorum
845 4413 1078 4485 eloquiis
1117 4412 1442 4468 declaratur.
1474 4412 1580 4469 Sed
1603 4429 1728 4469 cum

75 4521 290 4565 luens
334 4507 409 4562 ad
446 4507 718 4562 exteriora
757 4513 812 4560 et
859 4505 1140 4576 praesentis
1170 4505 1294 4560 vita:
1331 4503 1725 4561 oblectamenta

1835 3317 2133 3373 nuditatem
2161 3319 2488 3384 animarum,
2513 3331 2675 3390 atque
2713 3320 2986 3379 foeditates
3006 3322 3250 3378 omnium
3279 3342 3292 3377 :
3331 3338 3416 3378 re-

1834 3406 1965 3463 colit
2005 3407 2252 3474 exordia,
2283 3409 2528 3479 deplorat
2577 3411 2798 3479 amissa,
2842 3421 2898 3468 et
2939 3428 3062 3472 cum
3107 3413 3310 3485 gemitu
3357 3429 3418 3470 se

1832 3495 2083 3554 diffundit
2107 3499 2174 3554 ad
2197 3499 2470 3556 universa.
2504 3500 2660 3560 Unde
2685 3504 2958 3574 sequitur.

2539 3649 2604 3690 ΒΕ
2611 3651 2698 3690 ΤΗ.

1905 3765 2035 3822 Filii
2075 3764 2206 3822 Sion
2235 3765 2417 3838 inclyti
2456 3777 2505 3822 et
2549 3770 2730 3824 amicti
2778 3787 2910 3826 auro
2939 3771 3127 3842 primo,
3153 3772 3414 3843 quomodo

1834 3859 2060 3930 reputati
2079 3871 2199 3914 sunt
2223 3859 2276 3912 in
2299 3876 2422 3914 vasa
2461 3868 2641 3928 (estea,
2686 3878 2814 3932 opus
2839 3879 3092 3918 manuum
3113 3863 3264 3935 ﬁguli
3279 3865 3305 3919 γ
3333 3863 3415 3918 Ex

1832 3965 1940 4021 quo
1978 3949 2285 4006 Judaeorum
2310 3991 2325 4016 ,
2375 3959 2432 4006 et
2462 3954 2830 4024 prterogativa:
2856 3953 3071 4028 1484
3095 3966 3412 4013 sanctorum

1833 4042 2075 4097 insinuat
2107 4051 2324 4113 patrum
2353 4043 2669 4114 dignitatem
2704 4047 2883 4115 :quod
2915 4063 3020 4102 non
3065 4048 3239 4103 solum
3268 4049 3416 4107 illius

1835 4141 2078 4190 terrenae
2103 4133 2233 4190 Sion
2263 4134 2483 4192 fuerunt
2510 4136 2623 4200 ﬁlii,
2653 4154 2838 4194 verum
2863 4141 3025 4196 etiam
3053 4143 3290 4199 ccelestis
3326 4142 3418 4200 Je-

1836 4227 2070 4282 rusalem
2103 4227 2291 4300 inclyti
2327 4246 2339 4281 :
2366 4237 2425 4282 ut
2447 4227 2582 4300 legis
2608 4231 2853 4287 doctrina
2885 4249 2948 4289 ac
2986 4235 3175 4306 gratiae
3205 4236 3418 4306 privile.

1832 4321 1920 4392 gio
1966 4321 2227 4390 adoptati,
2269 4320 2452 4392 inclyti
2505 4322 2722 4391 quidem
2775 4340 2994 4395 genere,
3035 4327 3184 4381 cultu
3217 4336 3272 4383 et
3319 4329 3420 4384 do-

1833 4414 2006 4472 ctrina
2040 4432 2052 4468 :
2079 4414 2150 4468 ita
2182 4422 2239 4468 ut
2275 4428 2388 4483 prae
2413 4415 2624 4469 cunctis
2647 4417 2896 4484 gentibus
2923 4416 3017 4471 ﬁlii
3050 4418 3143 4473 Dei
3165 4419 3413 4476 diceren-

1835 4515 1942 4572 tur,
1973 4516 2028 4563 ct
2056 4508 2215 4562 amici
2246 4507 2357 4562 sint
2379 4507 2632 4577 appellati
2659 4526 2673 4562 :
2707 4510 2903 4578 quibus
2936 4510 3078 4567 facta
3105 4521 3189 4568 est
3223 4528 3414 4583 repro-

65 4616 250 4659 suas
284 4598 546 4654 diffundit
585 4598 1071 4670 concupiscentias,
1113 4599 1268 4668 quasi
1315 4598 1367 4652 in
1403 4598 1582 4668 capite
1607 4598 1725 4668 pla-
1751 4588 1806 4649 D
1834 4598 2020 4654 missio
2069 4607 2124 4654 et
2165 4597 2430 4668 legislatio
2465 4614 2733 4666 :quorum
2786 4609 2968 4670 patres
3009 4612 3064 4658 et
3105 4619 3172 4661 ex
3215 4606 3414 4676 quibus

69 4704 358 4748 tear-um
387 4690 568 4745 omnia
597 4705 695 4746 sua
730 4688 990 4760 dispergit
1011 4689 1270 4744 virtutum
1307 4698 1642 4754 ornamenta,
1671 4698 1730 4746 et

57 4781 343 4852 lapides
373 4795 513 4851 quos
549 4796 713 4852 super
748 4779 1012 4836 rationale
1036 4779 1222 4850 judicii
1255 4780 1324 4836 ad
1355 4795 1526 4837 nexos
1551 4781 1605 4837 in
1634 4795 1728 4852 pe-

43 4886 282 4933 ctore
313 4883 541 4944 portare
562 4873 748 4929 debuit
781 4874 850 4928 ad
886 4873 1112 4944 gloriam
1144 4881 1195 4928 et
1225 4871 1438 4928 laudem
1463 4872 1582 4940 Dei,
1609 4873 1724 4929 sui-

38 4983 218 5043 que
258 4966 508 5029 decoris,
541 4966 757 5022 demum
786 4964 967 5022 colore
996 4963 1339 5020 dilectionem
1355 4964 1451 5020 Dei
1481 4963 1537 5018 in
1569 4963 1722 5020 dete-

37 5062 227 5120 rius
288 5063 652 5123 commutato,
699 5056 970 5127 dispersos
1000 5055 1054 5108 in
1091 5054 1266 5124 capite
1307 5053 1630 5122 platearum,
1660 5067 1726 5109 ac

37 5164 381 5228 ῐεοθηίθε
417 5154 628 5228 1483
659 5157 896 5212 atrocius
923 5154 1160 5225 expoliat
1196 5155 1372 5214 bonis.
1415 5153 1595 5226 luget;
1641 5161 1728 5209 ta-

37 5266 240 5310 nen
311 5249 469 5304 verbi
507 5246 601 5304 Dei
646 5247 993 5304 subsistentia
1032 5247 1088 5301 in
1129 5246 1309 5314 nobis,
1360 5247 1487 5302 licet
1523 5247 1728 5302 nostris

37 5347 469 5401 sbscuretur
486 5346 833 5410 peccatorum
875 5337 1134 5404 tenebris,
1177 5338 1492 5408 incorrupta
1519 5347 1722 5394 manet.

37 5440 438 5503 ’ropterea
484 5431 762 5501 signanter
814 5445 923 5486 non
966 5438 1177 5486 natura:
1217 5430 1570 5486 subsistentia
1611 5428 1721 5484 vio-

37 5540 246 5591 ala,
297 5523 404 5579 sed
448 5524 734 5579 obscurata
758 5523 813 5578 in
854 5522 1010 5578 nobis
1039 5523 1240 5580 nostris
1265 5538 1332 5578 ex
1373 5522 1545 5593 culpis
1579 5529 1727 5577 recte

53 5626 170 5678 la
189 5615 449 5687 agitur.
473 5614 610 5670 Nam
647 5624 704 5670 et
740 5615 979 5671 haeretici
1012 5615 1260 5686 quamvis
1282 5616 1430 5671 verbi
1461 5614 1559 5670 Dei
1601 5615 1730 5670 inte-

47 5714 150 5770 ri
175 5717 396 5763 tatem
428 5720 775 5776 corrumpere
822 5706 1132 5776 vidcantur,
1171 5703 1291 5774 ipsa
1343 5715 1522 5762 tamen
1574 5705 1728 5762 verbi

38 5819 160 5874 ῖς
228 5813 309 5860 et.
355 5807 576 5858 natura.
615 5803 875 5856 quantum
899 5809 968 5853 ex
1003 5809 1063 5853 se
1103 5809 1207 5859 eat,
1255 5807 1468 5863 integra
1519 5815 1722 5860 manet.

1833 4687 2099 4743 Christus.
2127 4687 2280 4742 Unde
2301 4687 2545 4756 profecto
2567 4688 2689 4758 jure
2728 4690 2882 4747 valde
2909 4693 3094 4766 inclyti
3122 4704 3413 4762 vocantur.

1834 4793 2062 4848 quorum
2102 4777 2248 4833 Deus
2277 4777 2468 4833 doctor
2505 4779 2786 4847 mirabilis,
2817 4782 2872 4836 in
2901 4784 3080 4840 medio
3115 4800 3326 4852 eorum,
3354 4795 3413 4842 et

1831 4877 2110 4939 protector
2129 4869 2294 4925 fuisse
2315 4868 2585 4924 laudatur.
2609 4869 2823 4941 Amicti,
2843 4874 3040 4944 inquit,
3062 4893 3193 4932 auro
3214 4879 3407 4946 primo.

1831 4960 1935 5018 Per
1964 4977 2157 5017 aurum
2203 4977 2438 5034 namque
2477 4964 2741 5034 sapientia
2790 4967 2884 5022 Dei
2926 4967 3126 5040 fulgida
3159 4970 3417 5040 designa~

1835 5062 1942 5108 tur.
1973 5053 2126 5110 Unde
2166 5053 2378 5112 divinus
2423 5071 2601 5132 sermo
2649 5059 2768 5112 ait:
2803 5057 3100 5114 Tltesaurus
3142 5059 3410 5114 desidera-

1833 5145 1951 5200 bilis
1979 5145 2250 5217 requiescit
2286 5148 2340 5200 in
2365 5163 2454 5202 ore
2476 5147 2720 5218 sapientis
2751 5145 2932 5219 (Prov.
2962 5151 3100 5220 XXI).
3139 5148 3256 5216 Quo
3281 5163 3409 5218 pro-

1830 5235 1975 5294 fecto
2001 5237 2171 5295 Judaei
2192 5239 2375 5295 amicti
2402 5255 2534 5296 auro
2559 5238 2835 5311 fulgebant
2863 5239 2989 5295 olim
3013 5255 3126 5311 pra:
3155 5242 3408 5298 omnibus

1831 5332 1986 5400 quasi
2016 5331 2302 5386 luminaria
2335 5332 2386 5385 in
2434 5333 2665 5396 mundo;
2717 5339 2773 5385 ct
2823 5347 2927 5387 non
2958 5332 3130 5387 solum
3165 5333 3409 5403 quolibet

1831 5438 1988 5489 auro,
2021 5422 2115 5479 sed
2148 5439 2281 5479 auro
2320 5424 2606 5494 signantur
2637 5422 2810 5493 primo
2854 5431 2910 5478 et
2943 5425 3259 5494 purissimo,
3308 5440 3408 5497 per

1828 5516 1972 5588 quod
2003 5517 2239 5572 caelestis
2262 5516 2577 5586 intelligitur
2607 5515 2896 5585 sapientia.
2926 5515 3081 5574 Unde
3107 5515 3403 5577 Salomon:

1829 5609 2024 5664 Beatus
2052 5610 2204 5663 homo
2227 5610 2315 5680 qui
2337 5609 2527 5661 invenit
2549 5600 2883 5678 sapientiam,
2913 5617 2960 5663 et
2982 5610 3071 5680 qui
3099 5603 3259 5682 affluit
3275 5628 3408 5683 pru—

1827 5703 2006 5758 dentia
2031 5700 2213 5774 (Prov.
2244 5701 2344 5771 ιιι).
2380 5699 2567 5756 Melior
2597 5709 2681 5755 est
2711 5702 2998 5771 acquisitio
3027 5702 3144 5773 ejus
3165 5705 3410 5773 negotia-

1833 5782 1980 5852 tione
2010 5795 2218 5857 argenti
2250 5802 2306 5853 et
2329 5795 2448 5852 auri
2473 5793 2630 5855 primi
2652 5801 2707 5862 et
2729 5793 3004 5860 purissimi
3031 5792 3237 5854 fructus
3258 5794 3406 5854 eius.
