4078 6348
657 329 796 385 Ηυὸ

1449 331 1505 384 S.
1546 329 1900 388 PASCHASII
1941 331 2290 386 RADBERTI
2330 333 2618 391 ABBATIS
2656 337 3109 396 CORBEIENSIS

3782 349 3905 405 HM

655 441 774 508 Qua
811 439 1053 510 profecto
1091 438 1261 496 Judaei
1303 442 1493 500 imbuti
1539 444 1826 514 sapientia,
1870 460 1982 515 pra:
2028 446 2235 500 cunctis
2263 448 2312 508 Α
2339 449 2506 506 David
2547 469 2615 507 ex
2641 470 2872 524 persona
2917 456 3127 512 Domini
3160 477 3172 512 :
3205 459 3381 526 Aruit,
3433 461 3632 531 inquit,
3681 473 3913 536 tanquam

656 532 904 604 gentibus
933 531 1118 586 amicti
1140 532 1430 589 laudantur
1464 551 1597 590 auro
1628 536 1803 606 primo
1830 556 1842 589 :
1870 538 1994 608 quia
2018 538 2060 592 si
2083 537 2236 606 juxta

657 624 1016 695 Scripturam,
1045 625 1216 682 Radix
1243 627 1542 699 sapientiae,
1573 637 1657 684 est
1686 629 1878 686 timere
1907 629 2098 695 Deum,
2127 631 2239 686 fru-

653 727 776 773 ctus
804 719 1103 788 sapientiae,
1133 720 1225 790 qui
1267 730 1416 785 sunt,
1441 720 1544 776 nisi
1572 721 1788 778 videre?
1831 722 2021 793 (Eccli.
2071 726 2135 794 ι.)
2176 724 2241 779 Et

655 811 711 864 hi
739 820 864 865 sunt
892 813 1052 881 primi
1082 828 1144 869 ac
1170 815 1445 884 purissimi
1478 814 1706 880 fructus,
1735 816 1801 872 de
1831 817 2005 887 primo
2025 817 2240 888 sapien—

659 904 749 958 tiae
784 919 917 958 auro
946 906 1136 974 geniti.
1181 906 1299 973 Quo
1329 906 1574 975 profecto
1618 909 1795 978 primo
1823 911 2240 980 pulchritudinis

657 1010 815 1058 auro,
849 1011 954 1050 non
986 996 1158 1052 soluat
1191 996 1498 1069 Synagoga,
1522 1014 1708 1055 verum
1734 1010 1789 1056 et
1815 1002 2053 1057 Ecclesia
2079 1002 2237 1058 Citri-

657 1089 725 1141 sti
758 1088 1046 1158 gloriosius
1077 1091 1297 1155 amicta,
1341 1092 1618 1160 gloriatur.
1673 1094 1780 1149 Sed
1809 1097 1948 1164 quod
1979 1096 2241 1166 lacryma-

657 1180 822 1234 bilius
851 1190 957 1245 est,
988 1190 1044 1236 et
1079 1181 1168 1236 illa
1193 1191 1248 1237 et
1275 1183 1377 1238 ista
1410 1183 1462 1238 in
1491 1184 1604 1239 suis
1632 1185 1913 1240 immutata
1941 1197 2024 1242 est
2051 1202 2064 1240 :
2096 1196 2154 1241 ut
2185 1197 2240 1243 et

655 1267 824 1322 Judaei
883 1272 1098 1339 reprobi
1128 1271 1258 1327 facti
1289 1275 1535 1344 .reputati
1581 1276 1690 1330 sint
1725 1277 1778 1332 in
1817 1293 1945 1334 vasa
1985 1288 2152 1334 testea
2185 1290 2242 1335 et

656 1359 912 1417 Ecclesia:
937 1363 1129 1419 vilicm
1159 1366 1267 1420 sint
1297 1368 1537 1423 membra
1576 1367 1736 1424 facta.
1766 1370 1870 1425 Pro
1904 1372 2100 1440 quibus
2123 1388 2240 1427 om-

654 1452 814 1507 nibus
847 1456 1040 1510 merito
1068 1458 1348 1526 propheta,
1398 1459 1506 1514 imo
1536 1475 1637 1515 vox
1667 1461 1904 1515 omnium
1944 1462 2238 1517 electorum

653 1541 820 1615 luget,
871 1547 1014 1614 quod
1046 1548 1322 1604 multoties
1360 1549 1454 1604 ﬁlii
1499 1549 1628 1606 Sion
1657 1551 1864 1622 inclyti,
1896 1553 2103 1608 scilicet
2128 1568 2241 1608 caa—

653 1636 806 1692 lestis
841 1638 1162 1706 Jerusalem,
1207 1642 1389 1696 amicti
1421 1659 1553 1698 auro
1594 1644 1790 1714 primo,
1839 1645 2101 1714 sapientia
2145 1647 2241 1700 im-

653 1731 768 1786 buti
806 1733 1110 1790 dilectionis
1151 1735 1246 1792 Dei
1297 1747 1352 1791 et
1394 1740 1625 1808 proximi
1665 1750 1940 1802 corruunt,
1979 1741 2046 1794 ad
2073 1755 2233 1810 quam

651 1821 865 1895 fragilia
895 1827 1058 1897 hujus
1085 1831 1271 1885 mundi
1300 1846 1464 1900 opera
1491 1851 1502 1886 :
1537 1843 1595 1886 ut
1618 1842 1671 1888 et
1701 1835 1801 1902 ipsi
1843 1834 1973 1888 ﬁant
2003 1849 2130 1888 vasa
2161 1841 2236 1887 te-

653 1925 790 1980 stea,
828 1919 920 1986 qui
964 1917 1177 1974 fuerant
1235 1931 1426 1991 parata
1487 1923 1603 1977 ﬁeri
1658 1925 1722 1977 ad
1772 1926 2234 1996 incorruptionem

654 2008 917 2063 caelestia.
951 2009 1181 2066 Pulchra
1216 2013 1380 2083 igitur
1423 2014 1664 2069 Ecclesia
1697 2015 1897 2071 Christi
1935 2015 2111 2086 (Cant.
2137 2019 2233 2088 vi),

653 2097 851 2152 amicta
883 2113 1018 2155 auro
1057 2102 1253 2170 primo,
1283 2104 1510 2174 pulchra
1539 2113 1596 2158 ut
1627 2105 1774 2171 luna,
1807 2107 1979 2161 electa
2026 2118 2084 2162 ut
2132 2109 2234 2175 sol,

653 2187 912 2245 terribilis
944 2201 1003 2245 ut
1038 2203 1340 2249 castrorum
1370 2197 1516 2252 acies
1547 2199 1891 2266 praedicatur.
1925 2201 1988 2255 Et
2031 2203 2147 2256 ideo
2175 2202 2235 2255 ﬁ-

651 2278 710 2334 lii
739 2279 854 2348 ejus
884 2281 1094 2352 inclyti,
1123 2285 1379 2341 dicuntur
1399 2289 1584 2343 amicti
1617 2306 1752 2344 auro
1778 2291 1953 2360 primo
1983 2310 1994 2344 :
2024 2293 2073 2345 in
2103 2309 2236 2362 quo-

654 2386 778 2425 rum
820 2375 1076 2430 novitatis
1104 2378 1299 2447 gratia,
1349 2379 1481 2432 nihil
1525 2380 1932 2450 coinquinatum
1964 2383 2229 2448 incurrit;

651 2464 747 2517 sed
794 2464 1076 2521 reformati
1119 2469 1186 2522 ad
1225 2470 1737 2539 contemplationem
1785 2472 1902 2537 Dei,
1936 2475 2104 2543 prima
2156 2476 2236 2528 in-

653 2557 894 2610 duuntur
923 2559 1120 2628 gratia,
1168 2571 1229 2615 ut
1249 2562 1318 2616 ad
1339 2578 1458 2616 eam
1490 2564 1736 2624 redeant,
1767 2580 1871 2633 qua
1909 2567 2078 2620 creati
2110 2575 2236 2620 sunt

653 2648 996 2718 dignitatem.
1028 2651 1321 2723 Propterea
1351 2663 1407 2710 et
1447 2654 1844 2711 adolescentior
1873 2656 2014 2710 ﬁlius
2041 2657 2130 2711 ubi
2167 2657 2235 2710 ad

656 2749 864 2807 patrem
912 2742 1182 2809 pamitens
1226 2744 1400 2809 redit,
1454 2747 1683 2816 primam
1732 2747 1922 2801 stolam
1965 2748 2234 2817 recepisse

653 2840 989 2887 memoratur
1047 2833 1225 2902 (Luc.
1283 2837 1446 2906 xv),
1533 2839 1740 2894 scilicet
1811 2841 2234 2897 immortalitatis

654 2923 903 2992 gratiam.
934 2924 1087 2979 Unde
1113 2937 1170 2980 et
1189 2926 1282 2981 ﬁlii
1316 2927 1442 2983 Sion
1475 2931 1678 3001 inclyti,
1701 2933 1823 3001 jure
1851 2933 2063 3005 1485
2095 2935 2232 2989 ami—

654 3014 726 3067 cti
776 3030 909 3068 anno
961 3017 1136 3086 primo
1186 3017 1494 3074 laudantur.
1550 3023 1643 3078 Est
1681 3025 1824 3078 enim
1874 3041 2064 3080 aurum
2093 3026 2230 3080 Ara-

653 3106 831 3160 bicum
899 3109 1246 3177 purissimum
1281 3150 1295 3175 ,
1336 3091 1515 3180 iquod
1568 3121 1622 3165 et
1677 3113 1743 3167 de
1819 3112 1962 3169 Saba
2006 3114 2232 3173 Domino

654 3196 898 3251 aﬁ‘ertur.
955 3199 1052 3253 Est
1101 3210 1281 3256 autem
1324 3203 1811 3271 pretiosissimum,
1864 3207 2006 3276 quod
2055 3216 2109 3262 et
2164 3211 2230 3263 de

653 3288 822 3360 Ophir
882 3291 1103 3347 allatum
1158 3309 1278 3348 esse
1344 3294 1477 3365 Regi
1529 3295 1801 3353 Salomoni
1852 3299 2062 3355 dicatur
2113 3300 2231 3372 (III

651 3381 776 3452 Reg.
804 3384 900 3454 ιιι).
936 3383 1038 3438 Per
1065 3384 1235 3455 Ophir
1265 3401 1496 3455 namque
1521 3388 1658 3442 risus
1708 3389 1790 3444 vel
1829 3391 2103 3445 herbosum
2150 3393 2233 3446 in-

653 3476 981 3545 terpretatur
1012 3497 1024 3531 :
1052 3479 1115 3533 de
1143 3480 1230 3534 illo
1258 3480 1465 3536 scilicet
1486 3481 1597 3536 risu
1622 3483 1862 3546 veniens,
1889 3483 1940 3537 in
1977 3499 2085 3554 quo
2107 3493 2233 3539 sunt

650 3571 826 3624 omnia
846 3571 965 3625 vita:
982 3572 1200 3647 gaudia,
1221 3571 1308 3625 ubi
1339 3581 1651 3628 sanctorum
1680 3574 1873 3629 anima:
1889 3577 2234 3644 requiescunt

652 3661 702 3714 in
733 3661 914 3714 herbis
945 3662 1265 3716 virentibus.
1299 3662 1638 3733 Quapropter
1664 3679 1763 3719 nec
1795 3666 2066 3722 immerito
2117 3669 2229 3738 pri-

652 3768 796 3805 mum
827 3752 1170 3820 praedicatur,
1215 3755 1340 3821 quia
1371 3754 1633 3824 sapientia
1663 3765 1719 3810 et
1747 3756 2124 3813 immortalitas
2163 3760 2230 3814 ad

650 3844 814 3897 vitam
845 3859 967 3898 cum
997 3845 1355 3911 renascimur,
1385 3845 1672 3915 pretiosior
1692 3856 1774 3902 est
1811 3850 2019 3904 cunctis
2041 3851 2231 3920 opibus

652 3937 836 4010 (Prov.
867 3942 948 4013 ιιι)
976 3961 988 3993 :
1017 3951 1072 3996 et
1111 3943 1294 3997 omnia
1339 3957 1457 4012 qum
1506 3942 1902 4010 desiderantur,
1957 3946 2080 4000 huic
2125 3961 2229 4001 non

643 4034 831 4088 ~valent
859 4035 1182 4104 comparari.
1215 4034 1332 4102 Quo
1372 4049 1503 4090 sane
1558 4050 1688 4091 auro
1739 4036 1908 4091 induti
1958 4036 2049 4090 ﬁlii
2099 4035 2232 4092 Sion

645 4128 768 4196 jure
788 4127 1114 4200 planguntur
1135 4144 1254 4183 cum
1285 4128 1627 4198 deliquerint,
1670 4130 1812 4198 quod
1847 4130 2078 4199 reputati
2106 4139 2231 4185 sunt

652 4221 704 4274 in
734 4236 860 4274 vasa
887 4230 1076 4274 testea.
1109 4221 1262 4287 Quod
1291 4219 1428 4274 bene
1463 4218 1562 4274 Job
1609 4219 1795 4289 lugens
1827 4220 2037 4275 aiebat:
2071 4220 2229 4275 Com-

650 4323 865 4383 paratus
889 4330 1003 4367 sum
1029 4313 1160 4375 luto,
1183 4321 1230 4365 et
1255 4311 1574 4367 assimilatas
1606 4328 1722 4366 sum
1755 4311 1951 4380 favillae
1973 4322 2024 4367 et
2067 4315 2230 4368 cineri

652 4404 774 4473 (Job
826 4405 977 4474 xxx).
1021 4404 1088 4459 Et
1117 4404 1374 4458 Dominus
1403 4405 1454 4458 in
1488 4402 1750 4457 Psalmis:
1784 4401 1853 4456 Ut
1908 4402 2097 4469 lutum,
2144 4406 2227 4460 in-

651 4498 786 4567 quit,
816 4496 1107 4566 platearum
1137 4495 1314 4550 delebo
1336 4512 1422 4548 eos
1449 4490 1620 4565 (Psal.
1648 4497 1803 4586 xvn).
1852 4494 1926 4549 De
1948 4493 2060 4549 luto
2081 4495 2224 4550 enim
2249 4525 2304 4586 D

651 4605 776 4644 vasa
805 4596 971 4643 testea
1012 4588 1286 4657 ﬁnguntur
1314 4606 1326 4642 :
1353 4587 1445 4642 sed
1477 4595 1653 4640 tamen
1695 4602 1759 4640 ex
1790 4585 1875 4640 his
1921 4586 2023 4640 alia
2075 4595 2218 4650 sunt,

651 4698 769 4752 quae
806 4683 858 4735 in
883 4683 1138 4736 honorem
1188 4687 1467 4750 parantur,
1525 4686 1584 4732 ut
1604 4689 1731 4732 sunt
1774 4693 1899 4733 vasa
1950 4694 2110 4733 aurea
2168 4687 2224 4733 et

651 4785 943 4846 argentea;
977 4775 1079 4828 alia
1122 4789 1249 4828 vero
1294 4787 1421 4826 vasa
1462 4771 1664 4835 ﬁctilia,
1705 4779 1759 4826 et
1802 4780 2121 4840 permanent
2167 4772 2222 4826 in

651 4867 1053 4923 contumeliam.
1092 4865 1334 4934 Denique
1361 4863 1559 4917 Paulus
1596 4862 1905 4932 apostolus:
1935 4862 2220 4929 Habemus,

651 4962 844 5031 inquit,
875 4962 1175 5014 thesaurum
1202 4954 1363 5011 istum
1382 4959 1437 5011 in
1461 4957 1599 5010 vasis
1626 4954 1873 5024 ﬁctilibus
1898 4953 1947 5025 (I
1973 4955 2094 5009 Cor.
2123 4955 2220 5027 tv).

651 5053 768 5119 Quo
789 5049 1026 5121 profecto
1052 5052 1306 5104 thesauro
1341 5048 1432 5102 ﬁlii
1465 5047 1593 5102 Sion
1627 5046 1830 5115 inclyti,
1887 5045 2066 5100 amicti
2122 5045 2228 5116 glo-

650 5148 860 5202 riantur
891 5163 905 5199 :
939 5145 1030 5200 sed
1068 5159 1189 5198 cum
1217 5158 1278 5197 ea
1318 5140 1599 5212 exspoliati
1630 5138 1831 5192 fuerint
1871 5152 2000 5191 vasa
2053 5145 2226 5192 testes

651 5254 715 5292 ac
743 5235 927 5291 ﬁctilia
950 5236 1002 5289 in
1053 5234 1432 5290 contumeliam
1484 5237 1825 5300 praeparata,
1875 5229 2225 5300 planguntur.

651 5331 1032 5385 Verumtamen
1067 5336 1119 5382 et
1144 5327 1208 5380 de
1233 5325 1318 5379 his
1355 5322 1592 5392 quandiu
1633 5321 1721 5376 hic
1761 5321 1982 5384 vivitur,
2037 5329 2226 5388 potens

649 5431 734 5478 est
758 5422 899 5477 Deus
921 5419 1063 5475 aliud
1097 5419 1382 5474 restituere
1405 5416 1457 5468 in
1482 5415 1764 5478 honorem,
1795 5412 1941 5467 aliud
1983 5411 2036 5466 in
2089 5427 2223 5468 con-

649 5497 943 5570 tumeliam.
973 5511 1076 5567 Sed
1099 5526 1218 5580 quas
1245 5508 1434 5564 fornax
1459 5505 1842 5568 tribulationis,
1871 5513 1925 5560 et
1955 5504 2225 5575 angustia-

652 5621 770 5664 rum
789 5603 1129 5676 probaverit,
1175 5610 1460 5656 vertuntur
1481 5599 1535 5653 in
1566 5613 1778 5661 aurum,
1830 5604 1889 5651 ut
1943 5596 2051 5650 sint
2094 5610 2222 5651 vasa

651 5697 896 5761 honoris,
944 5696 1009 5750 de
1037 5695 1230 5764 quibus
1253 5693 1480 5748 dicitur:
1524 5689 1663 5744 Vasa
1687 5707 1848 5743 aurea
1875 5688 2065 5758 fornax
2110 5703 2225 5769 pro-

655 5789 740 5850 bat
769 5800 786 5844 .‘
817 5795 865 5844 at
890 5785 1275 5862 sirumjustum
1297 5781 1540 5857 angustia
1586 5780 1776 5853 (Eccli.
1820 5779 2010 5852 xxvu).
2070 5778 2222 5841 Unde

2337 551 2472 596 testa
2498 543 2660 598 virtus
2690 563 2804 601 mea
2836 545 3010 618 (Psal.
3045 549 3184 617 xxt).
3212 548 3451 606 Excocto
3481 552 3647 622 igitur
3672 553 3784 608 luto
3805 571 3914 611 car-

2341 634 2444 698 nis,
2484 650 2604 688 cutn
2638 636 2875 706 repletur
2896 638 3126 694 interius
3158 655 3256 710 per
3281 641 3476 696 bonam
3537 646 3917 704 conscientiam

2337 725 2518 778 anima
2548 727 2805 783 thesauro
2834 729 3196 796 desiderabili,
3229 740 3284 786 et
3308 733 3478 804 fulget
3503 737 3754 791 exterius
3776 739 3920 794 homo

2341 818 2572 872 amictus
2593 834 2727 873 auro
2750 819 3144 890 intelligentite,
3181 823 3310 892 quid
3339 823 3484 878 aliud
3513 825 3594 891 ﬁt,
3619 842 3788 896 quam
3843 845 3923 885 vas

2341 907 2595 962 honoris?
2625 910 2775 964 Unde
2818 920 2873 966 et
2911 926 3076 980 opera
3131 928 3386 968 manuum
3437 915 3586 985 ﬁguli
3633 917 3921 973 dicuntur:

2341 1000 2465 1069 quia
2505 1001 2644 1055 sicut
2673 1001 2867 1071 ﬁgulus
2897 1011 3218 1074 potestatem
3250 1005 3416 1060 habet
3439 1006 3505 1061 de
3532 1008 3731 1062 eadem
3764 1025 3924 1065 massa

2341 1089 2484 1145 aliud
2515 1107 2609 1145 vas
2637 1091 2873 1146 formare
2897 1092 2950 1146 in
2982 1094 3388 1159 contumeliam,
3416 1077 3563 1150 aliud
3597 1112 3731 1152 vero
3757 1099 3812 1152 in
3849 1100 3926 1153 ho-

2342 1196 2526 1235 noretn
2555 1199 2568 1245 ;
2602 1183 2672 1236 ita
2704 1191 2756 1237 et
2781 1182 3030 1238 Christus
3057 1200 3221 1239 verus
3269 1184 3426 1240 ﬁctor
3471 1197 3688 1253 noster,
3749 1199 3928 1257 potens

2341 1279 2423 1326 est
2447 1287 2545 1326 nos
2573 1272 2782 1342 erigere
2809 1275 2873 1328 de
2909 1275 3024 1329 luto
3048 1277 3114 1328 ad
3139 1277 3372 1345 speciem
3408 1279 3647 1342 decoris,
3709 1291 3768 1333 et
3810 1295 3928 1348 quos

2342 1366 2579 1420 decrevit
2621 1366 2674 1418 in
2709 1365 3080 1421 confusionem
3127 1369 3377 1423 deserere
3425 1369 3838 1432 damnationis;
3885 1382 3930 1426 et

2342 1467 2679 1522 nequaquam
2704 1454 2805 1508 nisi
2834 1463 2984 1509 recto
3009 1470 3072 1508 ac
3099 1470 3226 1509 vero
3278 1472 3375 1511 suo
3419 1456 3630 1524 judicio
3665 1459 3924 1526 exspolia-

2341 1563 2464 1600 mur
2495 1547 2640 1601 intus
2670 1548 2922 1602 thesauro
2949 1548 3176 1613 caelesti,
3226 1559 3280 1604 et
3314 1551 3567 1604 exuimur
3615 1550 3756 1604 foris
3807 1567 3927 1605 auro

2341 1638 2515 1707 primo
2541 1648 2593 1691 ut
2621 1639 2916 1708 degeneres
2941 1639 3112 1694 simus
3135 1656 3149 1702 ;
3176 1639 3415 1709 alioquin
3439 1656 3639 1695 omnes
3669 1640 3766 1694 ﬁlii
3809 1641 3926 1696 Sion

2341 1727 2484 1782 illius
2513 1729 2769 1793 caelestis,
2812 1729 2997 1801 inclyti
3044 1746 3141 1800 per
3192 1731 3540 1801 ad0ptionem
3592 1743 3802 1787 sanctae
3857 1748 3927 1788 re-

2262 1813 2704 1888 Bgcnerationis
2761 1818 2954 1882 elfecti,
3008 1837 3283 1890 nunquam
3339 1823 3488 1877 intus
3537 1840 3672 1878 vasa
3723 1825 3929 1893 deputa-

2343 1918 2530 1964 rentnr
2557 1920 2749 1975 testea,
2783 1912 2884 1965 nisi
2910 1911 3060 1981 prius
3091 1913 3236 1967 intus
3263 1912 3463 1968 forisve
3495 1915 3928 1983 exspoliareutur

2341 2001 2503 2054 rebus
2531 2001 2746 2055 divinis.
2782 2001 2889 2057 Sed
2917 2001 3045 2056 licet
3075 2002 3250 2072 culpis
3277 2005 3630 2073 exigentibus
3651 2006 3768 2076 jam
3813 2020 3926 2075 pro-

2340 2093 2470 2163 lapsi
2507 2093 2720 2166 1486
2750 2095 2878 2159 sint,
2916 2095 3041 2164 quia
3068 2110 3231 2164 opera
3269 2111 3528 2150 manuum
3585 2097 3735 2168 ﬁguli
3791 2106 3923 2160 sunt,

2339 2187 2682 2241 rccolendum
2713 2196 2796 2242 est
2837 2188 2985 2251 illud,
3015 2189 3105 2242 ubi
3141 2189 3400 2245 Dominus
3430 2190 3736 2246 Jeremiam
3760 2193 3825 2246 ad
3844 2193 3924 2248 do-

2338 2299 2484 2336 mum
2514 2285 2679 2337 mittit
2710 2283 2936 2338 lictoris.
2968 2283 3085 2350 Quo
3108 2299 3231 2338 cum
3266 2285 3530 2347 venisset,
3566 2301 3701 2340 mox
3737 2285 3925 2340 vasin-

2341 2384 2482 2428 teum
2509 2375 2574 2429 de
2608 2390 2765 2428 manu
2798 2376 2914 2444 ejus
2953 2375 3213 2430 cecidisse
3256 2391 3320 2430 ac
3369 2375 3718 2431 confractum
3763 2376 3923 2431 fuisse

2336 2467 2535 2534 legitur
2561 2467 2692 2534 (Jer.
2718 2467 2918 2539 xvnt)).
2972 2467 3050 2521 Ex
3097 2483 3206 2537 quo
3261 2468 3520 2522 nimirum
3571 2486 3770 2525 rursus
3825 2469 3930 2523 luto

2337 2557 2481 2612 aliud
2509 2572 2602 2611 vas
2631 2557 2896 2613 formasse
2919 2558 3196 2628 signanter
3221 2567 3575 2613 memoratur.
3621 2559 3780 2615 Unde
3825 2559 3928 2614 Do-

2337 2651 2517 2704 minus
2544 2665 2666 2703 mox
2691 2651 2965 2720 propheta:
3007 2650 3246 2703 insinuat
3277 2651 3421 2718 quod
3470 2660 3527 2703 et
3575 2651 3694 2719 ipse
3743 2661 3931 2721 potens

2337 2740 2406 2794 sit
2437 2756 2501 2794 ex
2532 2739 2684 2794 nobis
2710 2740 2976 2809 siquidem
3012 2739 3192 2805 luteis,
3228 2755 3354 2795 vasa
3381 2749 3701 2795 restaurare
3757 2740 3926 2795 hono-

2338 2830 2412 2884 ris
2438 2871 2452 2894 ,
2482 2839 2532 2884 et
2564 2846 2660 2885 suo
2689 2845 2846 2886 sacro
2869 2831 3126 2901 mysterio
3151 2830 3341 2900 dignos
3363 2827 3602 2885 efﬁcere.
3628 2830 3923 2900 Proptera

2335 2929 2390 2976 et
2428 2922 2689 2990 propheta
2735 2935 2828 2976 eos
2868 2920 3135 2989 deplorat,
3179 2920 3270 2990 qui
3317 2920 3619 2990 degeneres
3671 2919 3830 2982 ﬁunt,
3877 2928 3934 2972 et

2334 3017 2702 3085 exspoliantur
2733 3016 2893 3070 rebus
2915 3014 3249 3078 cmiestibus,
3282 3014 3353 3067 ita
3407 3022 3466 3067 ut
3513 3014 3661 3067 vasis
3705 3026 3926 3080 compa-

2335 3119 2525 3164 rentur
2556 3111 2742 3165 testeis
2785 3126 2848 3165 ac
2896 3109 3096 3164 luteis:
3133 3120 3192 3164 ut
3232 3121 3287 3164 et
3333 3111 3433 3180 ipsi
3489 3110 3802 3179 compuncti
3846 3123 3927 3164 ne-

2335 3202 2497 3256 deant
2520 3216 2620 3270 per
2659 3202 3032 3271 pmnitentiam
3087 3210 3142 3257 et
3183 3202 3547 3272 lacrymarum
3586 3200 3923 3264 elIusionen,

2335 3296 2401 3349 ad
2435 3295 2856 3349 immortalitatis
2885 3294 3133 3365 gratiam.
3163 3293 3299 3350 Hinc
3327 3305 3384 3348 et
3419 3293 3612 3364 angelo
3641 3293 3928 3363 Ephesia:

2335 3386 2588 3441 Ecclesiae
2613 3387 2869 3441 scribitur
2900 3405 2914 3440 :
2949 3385 3215 3441 Memento
3242 3387 3382 3440 unde
3410 3385 3697 3448 cecideris,
3736 3395 3795 3439 et
3832 3398 3928 3456 age

2333 3477 2735 3546 paenitentiam,
2763 3485 2817 3530 et
2847 3476 3020 3546 prima
3056 3491 3217 3546 opera
3246 3475 3364 3540 fac;
3414 3475 3557 3544 quod
3613 3483 3701 3528 est
3745 3484 3926 3544 aperte

2334 3569 2551 3622 dicere:
2578 3565 2726 3621 Scito
2747 3576 2800 3621 et
2831 3567 3068 3636 intellige
3091 3567 3244 3638 cujus
3288 3566 3570 3637 dignitatis
3601 3563 3781 3620 fueris
3834 3581 3926 3634 per

2334 3659 2562 3728 gratiam
2592 3668 2645 3713 et
2671 3659 3014 3726 adoptionem
3045 3657 3139 3712 Dei
3174 3672 3187 3711 :
3221 3672 3383 3727 quam
3408 3656 3637 3727 inclytus
3688 3667 3749 3710 et
3779 3656 3924 3710 nobi-

2333 3749 2416 3813 lis,
2458 3750 2686 3804 vestitus
2714 3765 2844 3804 auro
2867 3749 3040 3818 primo
3062 3758 3117 3802 et
3147 3748 3454 3817 purissimo,
3487 3747 3712 3801 indutus
3762 3747 3929 3817 siqui-

2333 3839 2453 3893 dem
2480 3838 2616 3894 stola
2649 3839 3090 3903 immortalitatis,
3115 3854 3179 3893 ac
3221 3838 3419 3894 deinde
3474 3853 3635 3906 quam
3695 3838 3825 3892 vilis
3875 3845 3930 3892 et

2332 3929 2529 3993 luteus,
2553 3936 2770 4000 propter
2792 3929 3193 3998 corruptionem
3223 3937 3277 3983 et
3300 3941 3517 3998 pmnam
3562 3928 3808 3997 peccati,
3840 3941 3930 3981 va-

2333 4018 2410 4075 sis
2437 4018 2689 4074 ﬁctilibus
2709 4018 3060 4088 compararis.
3114 4016 3204 4073 Sic
3251 4032 3318 4072 ne
3369 4017 3424 4071 in
3485 4018 3925 4086 desperatiom

2333 4116 2537 4181 venias,
2567 4115 2882 4184 prophetam
2915 4114 3128 4170 imitare
3155 4114 3425 4185 lugentem
3447 4129 3511 4170 ac
3549 4114 3922 4184 plangenten.

2331 4211 2474 4280 quod
2511 4209 2636 4264 talis
2662 4208 2884 4264 eﬁ'ectus
2920 4209 3018 4273 sis,
3061 4216 3116 4263 et
3167 4208 3340 4277 prima
3377 4222 3542 4278 Opera
3576 4206 3688 4271 lae,
3719 4208 3801 4262 id
3845 4215 3930 4263 est

2330 4315 2493 4370 opera
2528 4300 2807 4355 charitatis
2837 4314 2901 4354 ac
2925 4298 3230 4354 dilectionis
3268 4298 3385 4363 Dei,
3416 4307 3476 4352 ut
3519 4312 3617 4367 per
3671 4299 3921 4354 eamdan

2332 4391 2652 4446 charitatem
2709 4389 2803 4446 Dei
2837 4399 2891 4445 et
2937 4390 3192 4459 proximi,
3237 4390 3291 4444 in
3341 4389 3690 4459 adoptionem
3737 4391 3922 4445 redeas

2331 4480 2584 4544 ﬁliorum,
2615 4480 2757 4535 unde
2779 4479 3056 4535 cecideras
3077 4489 3296 4548 propter
3320 4495 3499 4549 pravae
3547 4477 3920 4550 persuasionis

2327 4571 2739 4628 oblectamenta.
2770 4571 2848 4626 Ex
2879 4586 2986 4642 quo
3011 4572 3272 4640 sequitur.

3033 4738 3214 4780 GllE-L.

2401 4858 2502 4914 Sed
2529 4867 2577 4914 et
2603 4858 2776 4914 lamia:
2798 4858 3127 4913 nudaverant
3149 4871 3452 4921 mammam,
3477 4855 3805 4910 (meum:
3828 4869 3918 4908 εο-

2329 4951 2464 5004 tulos
2495 4967 2636 5004 suos.
2670 4948 2813 5002 Filia
2834 4947 3010 5018 populi
3034 4949 3136 5001 mei
3158 4947 3406 5011 crudelis,
3427 4944 3584 5016 quasi
3611 4945 3836 5000 struthio
3857 4943 3914 4995 il

2329 5025 2552 5096 deserto.
2577 5041 2682 5096 Per
2703 5041 2924 5094 Iamiam
2952 5053 3186 5108 namque
3208 5039 3525 5094 Scribarum
3545 5047 3601 5094 et
3621 5034 3918 5093 Pharisae-

2330 5139 2450 5188 rttm
2475 5134 2767 5203 exprobrat
2792 5131 3068 5194 duritiam,
3118 5128 3464 5190 etdoctrina‘.
3489 5129 3546 5182 in
3576 5126 3772 5199 pupula
3803 5126 3908 5179 im—

2329 5222 2673 5292 probitatem,
2709 5220 2849 5292 quod
2872 5233 2972 5276 nec
2997 5230 3106 5274 tam
3133 5220 3415 5275 dementes
3445 5218 3673 5283 fuerint,
3697 5225 3755 5272 ut
3775 5229 3904 5286 pra-

2327 5315 2518 5370 berent
2542 5313 2626 5369 lac
2675 5312 2761 5368 vel
2817 5325 3107 5366 mammam
3155 5311 3524 5366 doctrinarum
3576 5309 3702 5363 ﬁliis
3743 5306 3902 5376 Syna-

2327 5420 2498 5474 gogte.
2528 5403 2694 5458 veluti
2724 5402 2888 5456 lamia
2913 5401 3286 5457 crudelissima
3317 5401 3562 5458 omnium
3594 5398 3891 5455 bestiarum.

2327 5496 2534 5550 Dicitur
2561 5496 2704 5551 enim
2734 5494 2801 5548 de
2829 5507 2911 5555 ea,
2945 5493 3090 5562 quod
3113 5492 3387 5548 crudelior
3409 5492 3479 5546 sit
3532 5488 3734 5546 fetibus
3771 5487 3887 5548 sub.

2324 5589 2536 5644 cunctis
2558 5587 2766 5643 bestiis.
2796 5585 2952 5642 Unde
2976 5595 3031 5641 et
3069 5600 3267 5642 nomen
3313 5586 3590 5654 accepisse
3637 5585 3892 5654 signanter

2321 5683 2537 5754 legitur.
2573 5680 2852 5751 Siquidem
2886 5679 3068 5743 lamia,
3093 5679 3247 5748 quasi
3277 5678 3425 5731 lania
3447 5692 3476 5731 a
3501 5677 3690 5732 multis
3711 5683 3888 5730 sonam

2323 5775 2797 5848 dicitur,eoquod
2842 5771 3067 5830 dilaniat
3093 5768 3300 5827 catulos
3349 5783 3478 5826 suos
3526 5785 3593 5826 ac
3627 5767 3898 5846 dilacerell.
