4078 6348
192 364 325 423 1205
891 365 1252 424 EXPOSITIO
1288 367 1354 422 IN
1392 365 1980 424 LAMENTATIONES
2017 321 2356 422 JEUEMIZE.
2398 396 2467 406 —
2507 364 2633 420 LIB.
2672 368 2764 424 Ν.
3299 370 3438 426 ηοδ

191 478 326 548 quod
361 483 415 533 et
446 476 502 531 in
541 475 735 532 fabulis
763 477 894 533 satis
915 488 1103 548 aperte
1125 480 1340 551 legitur.
1376 478 1469 535 Sic
1493 477 1754 537 Pharisai
1783 483 1831 541 Α
1854 478 1966 548 jam
2018 485 2366 550 cognoverat,
2414 477 2595 535 subito
2647 480 2901 537 amittens
2949 481 3249 541 involutum
3296 486 3441 545 intra

189 571 514 629 crudeliores
551 570 870 637 bestiarum,
923 587 1023 627 nec
1063 575 1404 628 nudaverunt
1466 586 1760 628 mammam
1863 569 2245 625 conscientiam
2268 578 2613 640 peccatorum
2650 578 2814 635 tenet,
2845 580 2901 627 et
2952 574 3043 643 qui
3111 583 3282 631 totum
3326 574 3442 655 jam

187 660 419 733 parvulis
446 668 503 716 et
522 660 861 727 lactentibus,
886 668 941 714 ut
967 669 1220 731 sugerent
1248 662 1425 716 cibum
1455 662 1577 717 vitae
1603 679 1617 728 ;
1652 663 1761 718 imo
1862 661 2310 732 deprehendendo
2332 662 2541 718 viderat
2564 665 2978 721 conversatione
3007 682 3188 737 prava
3223 684 3446 727 excusa.

188 753 429 810 crudeles
456 750 606 819 facti,
631 762 691 807 ut
718 753 975 818 struthio,
998 754 1091 824 qui
1122 769 1244 809 mox
1270 764 1328 808 ut
1349 769 1447 809 ova
1478 770 1574 809 sua
1596 769 1762 826 expo-
1864 751 2025 807 tionis
2054 752 2287 815 delusus.
2346 763 2514 810 totum
2565 756 2771 826 pariter
2808 757 3039 828 ignorat.
3096 759 3303 827 Quibus
3350 776 3447 833 ap-

190 843 371 908 suerit,
398 843 618 919 deserit,
646 858 745 899 nec
787 843 977 899 recolit
1000 859 1087 911 ea,
1128 844 1338 917 1587
1380 860 1554 917 neque
1598 859 1762 916 appo—

178 920 267 990 ‘iiit
294 941 575 992 contovere
604 944 698 991 aut
726 935 1048 1003 calefacere,
1095 938 1223 1017 quia
1252 937 1317 992 de
1339 939 1452 992 suis
1495 936 1627 992 nihil
1676 951 1762 992 re-

187 1032 378 1102 cogitat
404 1030 601 1087 fetibus
628 1048 643 1098 ;
673 1031 745 1086 ita
791 1038 847 1086 et
873 1029 1175 1086 Iudaeorum
1201 1030 1531 1101 perversitas
1556 1028 1764 1086 exstitit

185 1120 282 1176 Dei
310 1120 361 1175 in
380 1119 577 1191 populo
603 1162 617 1186 ,
648 1128 709 1174 ut
739 1120 873 1175 nihil
901 1129 1144 1191 agerent,
1182 1136 1344 1191 quam
1370 1130 1428 1176 ut
1455 1136 1550 1177 eos
1571 1120 1764 1179 dilace-

184 1221 387 1278 rarent,
424 1212 739 1284 diriperent,
772 1221 827 1268 et
856 1224 1048 1269 cuncta
1082 1215 1486 1271 distraherent:
1520 1215 1593 1270 ita
1623 1216 1766 1272 sicut

187 1301 463 1373 Scriptura
486 1302 721 1368 dicit,-ut
752 1303 820 1358 ad
859 1304 1123 1373 promissa
1150 1306 1273 1359 vita
1311 1320 1411 1360 nec
1437 1304 1536 1376 ipsi
1574 1304 1765 1361 introi-

187 1401 307 1450 rent
332 1406 431 1449 nec
460 1393 596 1450 alios
624 1394 851 1449 introire
871 1396 1267 1465 permitterent.
1310 1396 1454 1463 Quos
1498 1398 1763 1469 prOpheta

187 1482 369 1553 lugens
388 1490 444 1537 et
478 1483 757 1555 plangens,
784 1485 916 1539 dicit
944 1485 1085 1557 quod
1124 1487 1299 1542 lamiae
1330 1488 1530 1543 lactent
1558 1488 1764 1544 catulos

1862 843 1999 912 pulsi
2031 844 2265 900 miseriis
2292 885 2305 910 ,
2338 843 2450 915 jam
2479 846 2545 900 ad
2570 846 2793 902 lamenti
2847 848 3090 903 ordinem
3137 850 3444 909 redeamus.

1862 931 2007 988 Filia
2032 934 2211 1006 populi
2232 937 2331 991 mei
2354 936 2598 1001 crudelis,
2636 939 2786 1011 quasi
2826 940 3049 994 struthio
3076 942 3151 995 \in
3212 943 3441 999 deserto.

1864 1024 1994 1091 Qua
2015 1025 2157 1080 cnim
2189 1025 2296 1081 ﬁlia
2332 1027 2533 1100 p0puli,
2566 1029 2668 1084 nisi
2701 1028 2941 1085 Ecclesia
2966 1031 3282 1104 plangitur?
3307 1034 3449 1103 Quia

1863 1114 2104 1186 profecto
2136 1124 2189 1170 et
2218 1116 2323 1171 ﬁlia
2354 1116 2703 1184 Sanctorum,
2730 1119 2855 1189 quia
2887 1128 3072 1174 renata
3103 1118 3259 1175 estin
3293 1118 3451 1177 Chri-

1864 1214 1969 1272 sto,
2001 1206 2347 1277 praedicatur.
2392 1207 2498 1265 Sed
2533 1209 2729 1265 talibus
2771 1220 2826 1265 et
2874 1210 3245 1281 hujuscemodi
3299 1212 3451 1267 invo-

1865 1296 1974 1354 luta
2002 1313 2152 1355 more
2181 1299 2392 1355 bestiali
2438 1300 2695 1373 peccandi
2748 1302 2955 1369 usibus,
3009 1303 3243 1358 crudelis
3291 1302 3451 1374 quasi

1866 1390 2098 1444 struthio
2130 1389 2182 1444 in
2210 1390 2423 1445 deserto
2452 1388 2701 1457 efﬁcitur,
2725 1391 2861 1446 nihil
2891 1393 2994 1447 nisi
3038 1392 3324 1465 prasentia
3355 1409 3449 1449 co-

1865 1478 2062 1548 gitans,
2085 1478 2220 1533 nihil
2247 1479 2302 1533 in
2330 1493 2423 1549 spe
2453 1495 2635 1550 agens,
2662 1481 2827 1536 etiam
2856 1489 3008 1537 actus
3029 1490 3086 1536 et
3127 1497 3290 1551 opera
3329 1498 3452 1553 qua

185 1588 352 1630 suos:
380 1574 523 1645 quod
545 1590 645 1629 nec
674 1590 768 1630 eos
800 1575 1000 1631 fecisse
1034 1579 1287 1648 parvulos
1318 1580 1369 1633 in
1422 1579 1639 1650 populo,
1672 1582 1765 1635 do.
1866 1565 2119 1630 admittit,
2153 1566 2269 1620 sine
2299 1567 2480 1623 calore
2507 1568 2790 1625 cbaritatis
2833 1569 3018 1640 jacere
3062 1570 3448 1639 praetermittit,

184 1663 288 1732 let;
343 1666 503 1720 lamin
559 1681 793 1736 namque
842 1667 1107 1724 Hebraice
1146 1669 1302 1723 L515”,
1344 1653 1496 1730 ηνεγι,
1534 1671 1761 1738 dicitur;
1865 1655 2068 1711 nullam
2094 1656 2289 1711 futura
2317 1658 2438 1712 vita
2490 1673 2681 1730 gerens
2730 1675 2941 1727 curam,
2978 1661 3178 1717 nullam
3218 1661 3450 1719 ﬁliorum

186 1771 343 1826 quam
389 1757 607 1827 quidam
660 1757 1007 1813 Hebmowm
1054 1761 1265 1835 ἐριννῦν,
1315 1760 1476 1816 idest
1509 1776 1670 1814 “nam
1700 1760 1766 1817 de
1869 1745 2072 1801 habens
2096 1746 2536 1813 sollicitudinem,
2590 1751 2683 1805 sed
2741 1752 3113 1807 tantummodo
3143 1751 3447 1823 praesentia,

186 1848 345 1904 furiis
377 1850 728 1919 suspicamur
756 1869 767 1904 ε
795 1866 913 1920 (μη
963 1868 1139 1922 parca,
1191 1853 1459 1916 dicunt“...
1507 1868 1574 1908 eo
1621 1852 1765 1923 quod
1793 1843 1841 1903 Β
1869 1844 1930 1891 ut
1949 1835 2205 1902 diximus,
2226 1835 2530 1903 intendens,
2551 1839 2714 1893 etiam
2737 1856 2927 1895 eorum
2956 1842 3292 1898 obliviscitur
3316 1857 3449 1912 ope-

182 1941 316 1997 nulli
336 1950 561 2012 parcant
596 1959 609 1995 :
648 1943 804 1998 sicuti
847 1943 1054 1999 Scriba
1084 1954 1140 2000 et
1184 1944 1458 2009 Pharisai,
1510 1945 1601 2015 qui
1658 1960 1766 2000 non

183 2033 355 2089 solum
383 2034 646 2106 proximis
669 2033 724 2088 in
752 2034 971 2104 p0pulo',
1002 2050 1189 2090 verum
1222 2051 1321 2090 nec
1363 2034 1641 2107 pr0phetis
1681 2049 1769 2105 pe-

182 2131 483 2195 percerunt.
509 2122 647 2190 Quid
678 2139 807 2196 ergo
837 2125 1011 2179 dicam
1043 2125 1108 2179 de
1137 2126 1434 2195 prophetis,
1460 2139 1583 2180 cum
1602 2123 1766 2179 etiam

182 2228 285 2268 nec
319 2212 383 2267 ab
409 2213 525 2284 ipso
557 2215 668 2270 Deo
711 2214 954 2286 patribus
998 2217 1347 2286 repromisso,
1393 2232 1589 2273 manus
1636 2218 1766 2273 sub-

187 2308 501 2362 traxerunt?
553 2307 759 2363 Idcirco
806 2308 1039 2364 crudelis
1088 2309 1197 2363 ﬁlia
1249 2325 1435 2365 eorum
1484 2308 1767 2384 Synagoga

183 2396 415 2467 plangit;
472 2396 742 2452 crudelior
785 2397 927 2453 facta
978 2398 1156 2455 lamiis
1186 2417 1201 2454 :
1228 2408 1281 2455 et
1324 2399 1475 2469 quasi
1532 2400 1768 2456 struthio

182 2487 383 2544 nullam
424 2488 527 2545 sibi
555 2505 704 2560 spem
753 2498 846 2545 aut
874 2491 1154 2561 proximis,
1200 2491 1533 2561 reliquerunt
1572 2492 1626 2546 in
1672 2507 1769 2564 po-

183 2590 407 2637 sterum.
441 2581 547 2637 Sed
576 2590 629 2637 et
659 2581 859 2638 Christi
892 2582 1132 2639 Ecclesia
1175 2583 1383 2655 plangit
1408 2598 1507 2653 per
1551 2582 1766 2651 lamias,

182 2672 586 2743 bypocritarum
615 2680 779 2743 atque
816 2672 1194 2729 haereticorum
1245 2673 1496 2729 callidam
1549 2690 1767 2745 perver-

183 2764 401 2819 sitatem
439 2763 575 2834 :qui
611 2764 901 2819 humanam
948 2766 1164 2837 quidem
1220 2766 1413 2821 faciem
1468 2773 1764 2837 gestantes,

182 2854 420 2911 belluina
474 2870 572 2925 per
636 2856 962 2927 impietatem
1010 2858 1176 2914 corda
1224 2866 1437 2929 gerunt.
1485 2858 1585 2927 Qui
1638 2868 1768 2918 tunc

182 2958 473 2999 mammam
526 2944 777 3011 nudant,
826 2945 1040 3016 quando
1097 2961 1340 3002 errorem
1393 2963 1548 3003 suum
1597 2948 1767 3007 libere

179 3034 479 3105 pradicant
508 3052 522 3088 :
563 3042 691 3091 tunc
718 3050 848 3091 vero
872 3036 1080 3092 catulos
1116 3037 1342 3104 lactant,
1379 3040 1596 3110 quando
1626 3042 1767 3099 male

182 3139 445 3195 sequaces
467 3125 816 3195 parvulorum
841 3128 1049 3184 animas
1073 3143 1328 3198 perversa
1348 3129 1546 3186 docent
1570 3146 1584 3185 :
1616 3141 1672 3188 et
1694 3130 1763 3188 ad

1869 1943 2009 1991 rum,
2048 1929 2201 1998 quasi
2231 1929 2465 1984 struthio
2484 1944 2583 1984 ova
2630 1946 2725 1985 sua
2769 1947 2888 2001 qua
2929 1934 3187 2003 posuerit.
3244 1934 3453 2002 Quibus

1868 2020 2233 2077 Ecclesiarum
2266 2019 2468 2077 relictis
2500 2021 2677 2087 malis,
2703 2020 2817 2091 jam
2840 2023 3017 2077 anima
3068 2024 3346 2078 moraliter
3397 2023 3454 2080 in

1868 2129 1928 2170 se
1951 2112 2077 2184 quid
2119 2112 2333 2178 defleat,
2362 2114 2668 2180 videamus;
2727 2114 2944 2185 quando
2979 2114 3222 2170 bestialis
3265 2114 3455 2171 feritas

1868 2208 2170 2263 animarum
2190 2221 2352 2276 quam
2392 2220 2533 2276 sape
2558 2205 2878 2277 permulcet,
2910 2206 2978 2261 ad
3026 2207 3284 2278 pietatem
3328 2204 3454 2260 ﬁdei

1868 2298 2069 2355 Christi
2101 2307 2375 2368 receptum
2400 2314 2414 2364 ;
2458 2297 2530 2352 ita
2554 2306 2614 2351 ut
2635 2305 2691 2352 et
2718 2297 2921 2352 nudent
2940 2312 3233 2352 mammam
3257 2295 3453 2351 doctri-

1869 2405 2081 2455 narum,
2124 2402 2357 2459 suosque
2384 2388 2585 2445 lactent
2618 2404 2798 2444 mores
2826 2388 2981 2460 quasi
3032 2388 3172 2443 lacte
3211 2388 3453 2459 pietatis,

1868 2488 1929 2534 ut
1968 2477 2229 2549 quidquid
2262 2477 2412 2547 prius
2465 2476 2735 2532 introrsus
2778 2477 3129 2533 criminosum
3182 2477 3451 2548 apparuit,

1871 2577 2039 2625 totum
2066 2567 2285 2624 ubertas
2332 2575 2707 2636 recompenset
2742 2567 2983 2637 pietatis,
3036 2574 3198 2637 atque
3252 2568 3457 2624 amoris

1869 2659 1964 2716 Dei
1991 2669 2046 2715 et
2072 2658 2327 2730 proximi.
2361 2655 2548 2714 Solent
2572 2673 2813 2728 namque
2835 2673 2998 2729 quam
3029 2673 3171 2729 sape
3200 2657 3456 2715 bestiales

1869 2750 2084 2816 anima,
2117 2765 2237 2821 qua
2261 2749 2414 2820 prius
2434 2748 2757 2805 videbantur
2785 2765 2882 2820 per
2922 2750 3210 2817 rationem,
3257 2750 3453 2806 buma-

1869 2857 1994 2897 nam
2034 2842 2264 2897 formam
2296 2840 2651 2912 pratendere,
2695 2856 2793 2913 per
2820 2842 3081 2897 savitiam
3124 2857 3277 2910 vero,
3329 2841 3458 2899 feri-

1870 2942 2035 2989 tatem
2065 2942 2121 2989 et
2145 2947 2330 2989 mores
2354 2931 2656 2989 bestiarum
2679 2932 2919 3004 gignere,
2946 2934 3055 2989 cito
3076 2934 3290 3006 quidem
3322 2950 3456 2991 con-

1869 3025 2010 3080 vcrti
2030 3024 2098 3081 ad
2122 3023 2336 3090 melius,
2364 3031 2420 3079 et
2468 3023 2636 3079 ubera
2672 3023 3039 3079 doctrinarum
3100 3024 3212 3081 suis
3254 3038 3458 3081 exuere

1872 3116 2216 3188 tegumentis,
2240 3117 2325 3171 iac
2360 3114 2553 3171 deinde
2587 3114 2965 3186 sagacissimos
2994 3116 3120 3172 vitae
3160 3125 3331 3183 actus,
3373 3117 3456 3172 la-
3552 3102 3561 3113 ’

181 3215 514 3284 impietatem
552 3214 693 3269 male
720 3215 1008 3271 nutriendo
1036 3216 1393 3275 conformant.
1432 3217 1587 3276 Unde
1636 3221 1762 3278 alibi

1873 3214 1957 3262 cte
1978 3205 2186 3261 nutrire
2208 3203 2546 3275 eloquiorum
2566 3203 2695 3270 Dei;
2721 3213 2882 3274 atque
2924 3206 3167 3261 animum
3195 3208 3458 3265 inclinare

179 3305 447 3375 propheta
479 3302 728 3372 ejulando
757 3305 907 3370 dicit,
954 3307 1334 3363 haereticorum
1384 3319 1547 3380 atque
1597 3310 1766 3382 hypo.
1868 3296 1934 3350 ad
1950 3295 2206 3365 pietatem
2222 3303 2276 3349 et
2291 3292 2633 3350 dilectionem
2652 3294 2743 3349 Dei
2766 3304 2820 3349 et
2840 3296 3089 3364 proximi.
3114 3295 3268 3351 Unde
3283 3297 3461 3353 Domi-

180 3395 445 3451 critarum
474 3395 761 3465 deplorans
791 3395 933 3451 facta
964 3414 977 3451 :
1012 3396 1095 3451 Ibi
1120 3400 1324 3454 cubavit
1358 3399 1518 3455 lamia
1549 3411 1597 3455 et
1627 3402 1769 3457 inve-

182 3488 267 3542 nit
286 3487 386 3541 sibi
405 3488 629 3557 requiem
658 3486 793 3558 (lsa.
826 3492 1042 3561 xxxiv);
1077 3490 1150 3545 ibi
1181 3490 1367 3545 habuit
1389 3489 1600 3547 foveam
1653 3492 1764 3548 eri-

180 3578 324 3646 cius,
358 3579 567 3635 scilicet
595 3579 649 3634 in
691 3579 843 3649 plebe
886 3580 1108 3647 Christi,
1164 3582 1217 3635 in
1272 3583 1468 3653 populo
1515 3585 1665 3654 gravi
1714 3594 1768 3641 et

177 3670 346 3741 pleno
372 3670 624 3741 peccatis.
656 3670 759 3725 Per
786 3671 1003 3726 Iamiam
1035 3688 1268 3742 namque
1311 3681 1369 3728 ut
1419 3674 1549 3739 dixi,
1601 3676 1769 3747 hypo-

181 3760 337 3816 crita
359 3758 441 3813 vel
468 3760 739 3827 baretici;
766 3775 865 3831 per
892 3761 1117 3816 ericium
1158 3777 1307 3828 vero,
1362 3763 1618 3819 malitiosi
1650 3764 1768 3833 qui-

179 3866 314 3923 que,
345 3852 433 3922 qui
468 3852 695 3908 diversis
728 3869 785 3908 se
840 3854 1242 3911 defensionibus
1289 3866 1597 3929 contegunt,
1624 3857 1767 3913 desi-

180 3952 441 4016 gnantur.
465 3944 651 4000 Lamia
677 3946 843 4013 enim,
883 3956 941 4001 ut
966 3948 1095 4013 dixi,
1137 3947 1326 4005 faciem
1352 3949 1552 4006 habere
1579 3950 1771 4004 huma-

179 4048 312 4088 nam
341 4033 677 4103 perhibetur,
702 4035 795 4090 sed
836 4051 1038 4106 corpus
1067 4039 1311 4095 bestiale.
1361 4039 1440 4095 lta
1485 4047 1541 4094 et
1581 4053 1770 4096 omnes

178 4125 487 4196 hypocrita
516 4134 677 4195 atque
724 4126 988 4195 haeretici,
1044 4129 1097 4183 in
1148 4130 1322 4201 prima
1367 4130 1583 4199 quidem
1632 4129 1771 4186 facie

178 4215 331 4286 quod
364 4216 674 4281 ostendunt,
702 4217 856 4287 quasi
883 4233 950 4273 ex
980 4219 1190 4275 ratione
1213 4221 1517 4277 sanctitatis
1544 4236 1664 4277 esse
1692 4220 1772 4276 vi-

179 4304 365 4367 detur,
405 4305 499 4360 sed
530 4305 754 4361 bestiale
779 4315 861 4362 est
888 4323 1083 4379 corpus
1126 4310 1265 4378 quod
1326 4311 1569 4382 sequitur
1598 4328 1611 4368 :
1646 4311 1773 4382 quia

177 4394 345 4449 valde
376 4395 561 4466 iniqua
585 4406 733 4463 sunt,
764 4413 882 4468 qua
913 4401 1013 4454 sub
1057 4400 1183 4455 boni
1220 4402 1399 4472 specie
1453 4402 1769 4459 moliuntur.

178 4486 355 4543 Ericii
388 4495 567 4544 autem
581 4490 816 4557 nomine,
837 4491 1248 4560 malitiosarnm,
1276 4505 1333 4550 ut
1362 4497 1770 4562 dixi,mentium

1867 3406 1970 3446 nus
1985 3405 1999 3445 :
2016 3389 2255 3455 Utinam,
2273 3390 2462 3459 inquit,
2479 3387 2705 3460 frigidus
2716 3406 2863 3447 esses
2877 3400 2967 3445 aut
2980 3386 3320 3445 calidus.Sed
3331 3388 3457 3458 quia

1865 3481 2069 3551 tepidus
2097 3497 2171 3547 es,
2193 3480 2440 3550 incipiam
2468 3488 2515 3534 te
2533 3497 2761 3535 evomere
2800 3498 2863 3535 ex
2892 3497 2981 3535 ore
3003 3496 3115 3534 meo
3137 3478 3320 3550 (Apoc.
3347 3477 3453 3549 ut).

1867 3574 1947 3629 Ac
1975 3574 2020 3629 si
2046 3575 2257 3630 diceret
2286 3591 2301 3629 :
2330 3573 2548 3629 Utinam
2576 3582 2627 3628 te
2653 3575 2919 3630 seniorem
2946 3589 3044 3645 per
3075 3572 3246 3645 frigus
3275 3572 3460 3643 impie-

1869 3667 2013 3731 tatis,
2041 3682 2105 3721 ac
2123 3665 2376 3721 bestiales
2402 3676 2845 3737 monstrososque
2868 3676 2989 3723 tuos
3011 3667 3315 3738 aspicerem
3338 3682 3454 3721 mo-

1871 3773 1981 3825 res,
2006 3766 2152 3813 certe
2167 3757 2477 3812 autcalidus
2490 3772 2556 3812 ex
2569 3758 2855 3813 dilectione
2880 3758 2976 3814 Dei
3002 3766 3058 3813 et
3080 3756 3335 3829 proximi,
3361 3770 3457 3828 per

1869 3850 2141 3906 flammam
2156 3850 2440 3906 cbaritatis
2454 3849 2763 3907 eiiicereris.
2785 3851 2938 3907 Nunc
2953 3861 3132 3907 autem
3158 3851 3285 3922 quia
3315 3850 3459 3906 inter

1870 3948 2098 4011 utraque
2118 3940 2325 4011 tepidus
2340 3956 2418 4007 es,
2448 3941 2699 4013 incipiam
2727 3951 2777 3997 te
2791 3958 3042 3999 evomere
3064 3951 3226 4014 atque
3259 3942 3459 4015 ejicere

1876 4031 2092 4106 1589
2130 4030 2161 4087 a
2185 4047 2412 4104 corpore
2432 4033 2674 4089 unitatis.
2702 4032 2995 4105 Propterea
3029 4034 3192 4106 igitur
3232 4048 3449 4089 morum

1871 4121 2113 4192 probitas
2149 4134 2360 4191 semper
2409 4120 2681 4190 sequenda
2730 4129 2813 4176 est
2838 4163 2853 4186 ,
2899 4122 3088 4177 feritas
3117 4112 3457 4188 edomautfa,

1876 4212 2127 4283 tepiditas
2165 4226 2296 4267 vero
2325 4210 2596 4284 fugienda.
2642 4212 2780 4269 Hinc
2824 4228 3041 4285 quoque
3069 4212 3247 4269 ﬁdelis
3277 4212 3462 4269 anima

1876 4301 2023 4359 dicat
2068 4318 2191 4359 cum
2239 4303 2443 4376 gemitu
2484 4305 2701 4360 tandem
2743 4305 2956 4361 actibus
3004 4305 3116 4361 suis
3157 4323 3171 4360 :
3218 4305 3362 4361 dicat
3407 4312 3464 4361 et

1876 4391 2138 4458 moribus,
2167 4392 2312 4461 quod
2351 4401 2409 4448 et
2443 4392 2618 4449 lamize
2646 4395 2982 4449 nudaverunt
3008 4411 3323 4451 mammam.
3356 4392 3464 4451 Per

1876 4482 2097 4538 lamiam
2127 4499 2358 4553 namque
2383 4493 2532 4539 recte
2579 4485 2863 4554 prudentia
2894 4486 3078 4542 carnis
3123 4487 3457 4559 designatur.

179 4575 438 4632 ἀετθηεῖο
468 4578 783 4651 designatur
814 4599 826 4634 ε
850 4583 978 4651 quia
1012 4584 1261 4641 videlicet
1285 4586 1484 4643 ericius
1517 4604 1640 4643 cum
1681 4604 1775 4660 ap.
1798 4564 1853 4623 D
1878 4573 2049 4630 Porro
2072 4576 2355 4645 prudentia
2379 4577 2582 4643 carnis,
2606 4576 2817 4633 catulos
2846 4593 2998 4645 suos,
3029 4589 3181 4635 actus
3203 4578 3458 4635 videlicet

175 4668 565 4739 prehenditur,
593 4671 709 4741 ejus
731 4680 788 4726 et
816 4682 976 4743 caput
1009 4678 1269 4743 cernitur,
1302 4686 1354 4734 et
1382 4680 1547 4749 pedes
1588 4680 1773 4736 viden-

178 4769 303 4826 tur,
335 4768 396 4816 et
418 4775 616 4832 corpus
637 4779 797 4819 omne
824 4767 1161 4838 conspicitur
1191 4787 1202 4822 :
1230 4770 1325 4825 sed
1346 4786 1471 4826 mox
1490 4780 1551 4825 ut
1579 4786 1773 4843 appre-

174 4849 402 4908 hensus
430 4849 617 4919 fuerit,
641 4855 988 4925 semetipsum
1013 4857 1068 4911 in
1095 4857 1363 4929 spharam
1412 4860 1614 4933 colligit
1638 4880 1649 4916 :
1679 4879 1777 4935 pe-

175 4945 288 5002 des
308 4946 581 5002 introrsus
594 4944 730 5002 ‘cum
766 4950 942 5020 capite
962 4950 1244 5007 abscondit
1276 4967 1291 5007 :
1320 4962 1377 5012 et
1400 4952 1541 5009 intra
1585 4964 1775 5013 tenen-

150 5040 258 5124 ιιὶε
284 5053 509 5095 manum
536 5041 697 5097 simul
724 5044 1008 5112 amittitur,
1031 5047 1174 5116 quod
1218 5055 1387 5102 totum
1428 5048 1589 5105 simul
1636 5049 1775 5105 ami-

175 5132 335 5189 sisse
364 5133 666 5190 videbatur.
702 5135 796 5192 Sic
822 5138 1105 5206 nimirum,
1136 5140 1214 5196 sic
1240 5141 1520 5198 malitiosa
1568 5152 1779 5201 mentes

177 5221 425 5296 1m
446 5234 593 5293 sunt,
627 5242 750 5283 cum
774 5229 827 5283 in
846 5218 968 5285 “suis
989 5231 1301 5288 excessibus
1324 5233 1783 5303 comprehendun-

173 5326 300 5381 tur,
334 5325 402 5371 ut
445 5318 689 5375 adductis
741 5330 962 5391 repente
1008 5325 1473 5393 excusationibus,
1513 5326 1778 5382 malitiosa

167 5426 351 5467 mens
377 5409 648 5469 introrsus
675 5424 835 5484 caput
856 5423 909 5470 et
930 5416 1096 5486 pedes
1125 5417 1369 5490 colligat;
1401 5420 1477 5473 ita
1506 5427 1566 5473 ut
1584 5427 1779 5475 cuncta

164 5505 506 5576 iniquitatis
555 5522 667 5563 sua
706 5508 934 5580 vestigia
976 5510 1291 5566 abscondat.
1337 5510 1511 5583 Caput
1562 5512 1779 5582 quidem

1879 4679 2015 4735 quos
2064 4666 2344 4736 genuerit,
2398 4668 2553 4737 quasi
2606 4668 2903 4724 saevissima
2959 4671 3297 4735 bestiarum,
3350 4684 3460 4741 quo

1880 4755 2096 4811 aliunde
2121 4772 2282 4827 quam
2304 4766 2478 4813 morte
2503 4758 2669 4814 lactat
2690 4768 2743 4815 et
2767 4761 2977 4816 nutrit?
3005 4760 3112 4817 Sed
3134 4777 3295 4831 quam
3318 4775 3463 4833 sape

1880 4847 1933 4903 in
1984 4847 2176 4904 melius
2225 4857 2591 4916 commutata,
2639 4850 2704 4907 de
2751 4853 3037 4923 prudentia
3085 4852 3297 4917 carnis,
3343 4867 3464 4924 qua

1882 4953 2031 4995 mors
2061 4941 2128 4995 ab
2151 4940 2409 5010 Apostolo
2431 4942 2763 5009 nominatur,
2796 4945 2848 4999 in
2875 4945 3217 5016 prudentiam
3240 4944 3465 5015 spiritus

1885 5045 2009 5087 cum
2040 5031 2338 5099 transierit,
2367 5033 2569 5106 detegit
2596 5034 2858 5100 crudelia,
2891 5044 2946 5091 et
2979 5037 3146 5091 nudat
3172 5034 3462 5106 flagitiosa,

1884 5127 1941 5178 et
1972 5120 2113 5177 lacte
2142 5122 2508 5177 doctrinarum
2538 5124 2690 5195 quasi
2726 5127 2794 5180 ab
2823 5127 2987 5181 ubere
3014 5127 3263 5196 pietatis,
3299 5125 3468 5181 lactat

1886 5220 1943 5269 et
1970 5213 2143 5267 nutrit
2175 5214 2383 5269 catulos
2412 5230 2559 5280 suos,
2590 5215 2797 5271 scilicet
2818 5231 2997 5271 mores
3018 5224 3073 5270 et
3102 5226 3275 5282 actus,
3309 5227 3370 5270 ut
3397 5216 3466 5271 de

1889 5303 2106 5361 feritate
2134 5305 2201 5359 ad
2230 5305 2697 5361 mansuetudinem
2730 5313 3026 5372 transeant,
3062 5308 3127 5362 de
3162 5307 3369 5363 savitia
3397 5306 3469 5362 ad

1888 5399 2167 5471 pietatem,
2196 5400 2262 5456 de
2290 5412 2466 5457 morte
2504 5401 2570 5455 ad
2607 5401 2801 5467 vitam,
2832 5405 2898 5458 de
2926 5400 3153 5459 infantia
3183 5404 3252 5459 ad
3282 5412 3465 5461 matu-

1889 5490 2126 5545 ritatem.
2178 5489 2286 5545 Sed
2337 5489 2620 5560 prudentia
2668 5492 2849 5547 carnis
2895 5508 3015 5562 qua
3058 5494 3216 5566 longe
3268 5495 3493 5567 diuquo'

1888 5590 2253 5655 obduruerat,
2277 5589 2400 5660 jure
2434 5590 2586 5659 quasi
2634 5589 2740 5645 ﬁlia
2771 5593 2946 5662 populi
2980 5595 3086 5650 mei
3122 5595 3373 5663 crudelis,
3408 5606 3469 5654 et

1890 5692 2042 5763 quasi
2073 5691 2306 5747 struthio
2344 5690 2397 5745 in
2426 5690 2641 5747 deserto
2665 5691 2958 5765 plangitur.
2982 5696 3180 5754 Fertur
3206 5699 3373 5768 enim,
3401 5706 3467 5756 ut

1889 5809 2031 5865 saepe
2056 5791 2260 5849 dictum
2287 5798 2400 5861 est,
2431 5789 2572 5863 quod
2600 5794 2834 5853 struthio
2861 5810 2962 5852 ova
2989 5812 3087 5853 sua
3115 5813 3237 5855 cum
3264 5814 3466 5872 posue-

160 5600 502 5669 subtrabit;
532 5601 659 5671 quia
700 5601 853 5657 miris
896 5601 1294 5659 defensionibus
1344 5620 1445 5660 nec
1497 5604 1782 5661 inchoasse

154 5706 429 5764 pravum
456 5690 657 5763 aliquid
682 5693 939 5760 ostendit,
963 5702 1019 5749 et
1041 5696 1195 5766 quasi
1249 5696 1459 5768 sphara
1511 5697 1566 5751 in
1616 5712 1781 5753 manu

155 5785 438 5848 tenentis
464 5792 731 5856 remanet,
752 5784 877 5859 quia
897 5785 944 5843 is
968 5789 1059 5861 qui
1088 5790 1399 5864 corripitur,
1428 5802 1622 5850 cuncta
1661 5810 1784 5866 qua

1160 5951 1207 5960 -κ
