4078 6348
610 317 748 393 ιεὸι

1409 335 1467 392 S.
1507 335 1861 394 PASCHASII
1900 327 2244 394 RADBERTI
2279 338 2569 396 ABBATIS
2606 291 3059 398 CORDEIENSIS

3743 346 3873 405 i208

606 456 678 508 rit
707 453 762 508 in
791 452 1031 516 deserto,
1064 453 1189 521 quia
1213 453 1328 508 sine
1358 451 1538 509 calore
1560 454 1781 519 amoris,
1805 455 1922 509 sine
1946 456 2186 509 fomento
2213 458 2268 517 Α
2291 455 2579 525 aliquando
2605 465 2763 526 potus
2791 457 2966 514 lactis.
2996 456 3162 512 Cibus
3188 466 3271 512 est
3300 458 3354 512 in
3380 457 3516 515 locis
3554 461 3877 518 obscuriori-

604 544 846 616 pietati-s,
884 545 1001 599 sine
1033 558 1128 614 spe
1165 543 1358 598 futurae
1386 546 1581 615 prolis,
1613 547 1816 616 absque
1842 563 1971 602 cura
2003 557 2058 602 et
2085 547 2192 603 sol-

605 637 890 693 licitudine
918 634 1228 706 dereliquit.
1269 635 1342 689 Ita
1371 644 1425 690 et
1450 637 1731 706 prudentia
1765 639 1963 703 carnis,
1999 655 2190 695 omnes

603 726 906 782 affectionis
949 737 1103 780 actus
1139 741 1275 796 quos
1314 727 1543 796 peperit,
1573 728 1943 782 tantummodo
1972 728 2190 797 imprae-

604 817 907 871 sentiarum
936 815 1232 879 intentans,
1263 817 1379 869 sine
1411 831 1504 885 spe
1531 825 1588 871 et
1617 833 1744 870 cura
1790 817 1840 871 in
1888 829 2060 872 morte
2099 819 2192 873 de-

601 907 841 978 reliquit.
875 907 1049 972 Unde,
1077 916 1132 960 ut
1154 906 1329 963 fassus
1357 923 1496 973 sum,
1532 917 1677 963 recte
1698 924 1844 963 mors
1871 910 2186 980 appellatur.

600 998 894 1070 Pr0pterea
947 1000 1100 1069 quasi
1157 998 1264 1053 lilia
1322 1000 1582 1053 virtutum
1625 1009 1678 1055 et
1729 1001 1772 1055 si
1823 1002 2098 1068 crudelis,
2159 1017 2190 1056 a

599 1093 863 1162 prOpheta
915 1090 1235 1163 plangitur:
1276 1093 1399 1162 quia
1448 1094 1574 1147 dum
1634 1095 1932 1164 praevidere
1979 1096 2081 1149 sibi
2137 1097 2190 1151 in

599 1194 881 1255 posterum
936 1183 1320 1241 fecunditatem
1358 1187 1579 1241 seminis
1619 1186 1827 1253 debuit,
1853 1189 2191 1244 solummodo

601 1288 759 1334 actus
805 1293 933 1335 suos
987 1279 1138 1333 carni
1181 1278 1410 1346 deditos,
1447 1281 1561 1334 sine
1590 1279 1829 1336 fomento
1871 1283 2026 1352 spei,
2076 1283 2191 1336 sine

605 1372 914 1428 dilectionis
947 1387 1153 1436 amore,
1189 1373 1345 1444 quasi
1382 1373 1619 1429 struthio
1647 1389 1748 1429 ova
1785 1389 1881 1430 sua
1922 1375 1976 1428 in
2017 1385 2191 1431 morte

611 1463 918 1535 dereliquit.
947 1462 1224 1534 Sequitur.

1287 1623 1521 1664 ωιετιι.

671 1737 906 1792 ΑάΙιανδὶι
948 1737 1125 1808 lingua
1171 1736 1408 1792 lactentis
1440 1738 1509 1792 ad
1545 1737 1783 1809 palatum
1819 1741 1934 1810 ejus
1974 1743 2027 1795 in
2079 1743 2187 1796 siti.

2297 550 2419 615 bus,
2461 551 2678 619 quando
2723 552 2876 622 quasi
2909 551 3228 622 exponendo
3267 567 3299 605 a
3344 552 3567 608 doctore
3595 551 3887 624 frangitur,

2294 651 2350 696 et
2415 643 2720 698 mandendo
2777 642 2847 697 ab
2899 643 3238 698 auditoribus
3284 643 3532 713 glutitur.
3589 643 3760 698 Polus
3808 653 3885 700 est

2295 742 2474 788 autem
2515 733 2670 790 lactis
2697 735 2753 789 in
2791 735 2923 790 locis
2960 734 3344 806 apertioribus,
3372 736 3500 806 quia
3526 735 3602 789 ita
3631 737 3886 791 scribitur

2295 835 2387 879 aut
2436 826 2646 896 sugitur
2695 825 2763 880 ab
2805 826 3064 880 uberibus
3106 824 3512 896 Scripturarum
3563 826 3796 896 prolatis
3839 837 3889 880 et

2296 915 2542 976 detectis,
2571 897 2730 970 sicuti
2762 916 3052 970 invenitur.
3091 915 3228 984 Ergo
3258 915 3520 986 propheta
3561 914 3689 984 jure
3734 915 3890 970 docet

2295 1007 2349 1063 in
2373 1007 2598 1078 Spiritu,
2615 1008 2830 1078 quando
2849 1008 2986 1063 filios
3009 1008 3261 1062 Ecclesiae
3283 1009 3552 1064 lactentes
3563 1017 3620 1062 et
3635 1009 3891 1078 parvulos

2293 1097 2438 1150 videt
2484 1096 2628 1152 fame
2671 1105 2725 1152 et
2766 1097 2854 1150 siti
2907 1098 3204 1152 tabescere.
3252 1096 3506 1154 Profecto
3539 1115 3667 1153 cum
3707 1110 3765 1152 et
3795 1098 3889 1170 ipsi

2292 1188 2499 1258 parvuli
2536 1189 2647 1258 jam
2676 1188 2968 1244 didicerint
2997 1204 3193 1258 panem
3219 1204 3540 1260 exposcere,
3565 1200 3624 1246 et
3654 1207 3768 1246 non
3812 1199 3894 1246 est

2293 1279 2385 1348 qui
2413 1278 2624 1348 frangat
2643 1280 2740 1344 eis,
2767 1280 2970 1350 gratias
2996 1289 3176 1334 tamen
3198 1280 3437 1350 Deo,qui
3463 1296 3560 1352 per
3576 1296 3638 1336 se
3652 1283 3893 1352 quinque

2288 1368 2399 1438 jam
2441 1381 2495 1426 et
2538 1379 2744 1441 septem
2775 1370 2932 1442 fregit
2963 1387 3162 1442 panes,
3197 1359 3658 1429 Veteris'scilicet
3706 1375 3891 1429 Testa-

2292 1461 2464 1514 menti
2501 1468 2838 1514 sacramenta
2870 1469 2924 1514 et
2952 1459 3086 1515 Novi
3114 1478 3126 1513 :
3159 1463 3344 1531 sicque
3389 1463 3539 1516 dedit
3583 1463 3888 1534 discipulis,

2293 1558 2349 1604 et
2371 1549 2619 1620 discipuli
2648 1550 2842 1616 turbis,
2866 1566 2934 1604 ex
2961 1549 3159 1620 quibus
3184 1552 3250 1606 de
3277 1552 3363 1607 his
3386 1552 3480 1622 qui
3503 1553 3889 1622 superfuerunt

2297 1639 2505 1712 1491
2541 1641 2626 1696 his
2664 1642 2756 1711 qui
2804 1642 3303 1710 manducaverant,
3354 1643 3509 1700 relati
3562 1661 3632 1700 ac
3673 1649 3888 1718 repositi

2295 1740 2420 1786 sunt
2469 1730 2752 1786 duodecim
2804 1733 3021 1802 cophini
3067 1733 3494 1804 fragmentorum
3537 1736 3743 1807 (Marc.
3794 1740 3883 1811 η).

600 1826 825 1882 Parvuli
865 1830 1126 1899 petierunt
1168 1845 1374 1898 panem,
1421 1839 1468 1882 et
1508 1846 1613 1884 non
1653 1841 1762 1884 erat
1804 1832 1892 1901 qui
1922 1832 2183 1903 frangeret
2215 1821 2264 1881 B
2293 1827 2438 1883 Inter
2477 1843 2598 1899 quae
2645 1828 2899 1882 nimirum
2950 1829 3289 1899 eloquiorum
3326 1830 3420 1886 Dei
3453 1833 3692 1904 mystica
3721 1849 3888 1889 sacra—

597 1918 692 1971 eis.
721 1917 1006 1974 Manifesta
1037 1919 1260 1973 lamenti
1288 1920 1532 1975 narratio
1561 1921 1626 1974 de
1654 1920 1875 1987 ludatis,
1904 1924 2190 1977 exstinctis

600 2010 888 2075 matribus,
923 2010 1066 2080 quod
1093 2010 1276 2080 lingua
1315 2010 1566 2066 lactentis
1593 2028 1704 2082 prae
1728 2012 1816 2066 siti
1846 2014 1913 2067 ad
1953 2013 2191 2083 palatum

600 2100 924 2166 adhteserit,
956 2110 1012 2154 et
1040 2101 1252 2170 parvuli
1291 2103 1608 2171 grandiores
1650 2118 1843 2173 panem
1879 2120 2002 2159 cum
2042 2114 2190 2175 pete-

597 2202 724 2249 rent
771 2195 888 2249 sine
929 2193 1169 2260 viribus,
1211 2209 1310 2250 nec
1341 2205 1459 2251 erat
1487 2196 1579 2266 qui
1610 2197 1883 2269 frangeret
1922 2199 2022 2263 eis,
2055 2214 2192 2266 pra:-

596 2286 785 2339 sertim
835 2301 958 2340 cum
1004 2295 1060 2340 et
1109 2285 1208 2356 ipsi
1264 2287 1417 2342 cibus
1466 2298 1649 2343 essent
1698 2289 1983 2344 matribus.
2034 2288 2188 2344 Unde

596 2375 886 2430 minusculi
921 2377 1009 2431 siti
1041 2379 1368 2446 consumpti,
1417 2380 1738 2449 grandiores
1765 2394 1896 2435 vero
1922 2381 2039 2435 sine
2065 2381 2187 2436 cibo

595 2469 807 2538 periere
841 2468 980 2523 fame
1010 2471 1294 2539 perempti.
1329 2470 1501 2526 Porro
1531 2473 1825 2527 secundum
1867 2472 2188 2544 allegoricos

595 2575 807 2624 sensus,
859 2559 1040 2631 lingua
1091 2561 1344 2617 lactentis
1371 2565 1438 2618 ad
1467 2565 1706 2634 palatum
1749 2566 1987 2620 adhaeret
2017 2569 2068 2620 in
2097 2567 2186 2621 siti

594 2651 714 2706 sine
744 2651 883 2707 lacte
913 2653 1194 2716 doctrinae,
1225 2655 1441 2722 quando
1472 2669 1600 2710 cura
1627 2656 1912 2731 doctorum
1949 2655 2187 2711 crudelis

595 2741 749 2810 quasi
781 2743 1018 2797 struthio
1049 2744 1164 2798 sine
1209 2744 1574 2800 sollicitudine
1615 2762 1714 2816 pro
1757 2749 2012 2819 gregibus
2040 2748 2187 2802 aliud

598 2833 820 2904 1490
858 2835 1112 2906 diligens,
1155 2838 1440 2906 torpuerit,
1471 2852 1572 2893 nec
1601 2853 1725 2893 cum
1749 2840 2005 2909 Apostolo
2048 2841 2187 2896 lacte

594 2922 965 2978 doctrinarum
1014 2924 1106 2980 Dei
1159 2927 1411 2994 parvulos
1458 2927 1722 2983 lactentes
1765 2939 1954 2998 pastor
1989 2931 2186 2986 aluerit

595 3013 649 3080 (1
668 3012 791 3067 Cor.
821 3014 925 3084 ιιι).
951 3014 1088 3069 Hinc
1111 3032 1334 3086 quoque.
1350 3017 1638 3087 Apostolus
1662 3021 1774 3075 suis
1800 3021 1875 3074 ait
1897 3022 2139 3090 parvulis
2169 3041 2181 3075 :

593 3104 705 3160 Lac
753 3106 908 3160 vobis
954 3117 1139 3177 potum
1196 3109 1337 3174 dedi,
1388 3125 1492 3163 non
1543 3125 1748 3176 escam,
1781 3113 1906 3180 quia
1953 3114 2181 3167 necdum

593 3197 878 3264 poteratis,
919 3171 1016 3251 sed
1059 3213 1233 3267 neque
1273 3171 1448 3254 adhuc
1481 3171 1901 3268 potestis.'S-unt
1947 3203 2089 3255 enim
2126 3203 2181 3256 in
2211 3171 2256 3236 Ο

593 3285 836 3341 Ερυιρείει
885 3286 1085 3342 Christi
1126 3287 1387 3344 lactentes
1437 3291 1680 3359 parvuli,
1714 3301 1969 3362 sugentes
2017 3294 2183 3348 ubera

593 3387 986 3448 praeceptorum
1032 3377 1150 3444 Dei,
1185 3390 1311 3433 sunt
1339 3390 1394 3435 et
1424 3379 1680 3448 majores,
1716 3381 1807 3451 qui
1833 3380 1944 3450 jam
1979 3393 2184 3452 queunt

592 3467 825 3522 solidum
857 3484 1051 3539 capere
1096 3469 1308 3535 cibum,
1353 3470 1558 3525 scilicet
1586 3470 1938 3540 profundiora
1977 3483 2182 3543 mystc-

595 3559 803 3613 riorum
857 3560 950 3613 Dei
1000 3560 1334 3630 intelligere,
1369 3560 1415 3614 si
1448 3570 1593 3616 esset
1637 3563 1731 3631 qui
1777 3551 1877 3617 eis.
1907 3562 2186 3634 frangeret

590 3669 812 3724 panem,
840 3654 1132 3708 secretiora
1163 3654 1370 3709 scilicet
1402 3664 1741 3710 sacramenta
1774 3655 2180 3725 Scripturarum

589 3752 926 3798 sanctarum.
960 3742 1068 3798 Sed
1097 3759 1225 3798 cura
1266 3751 1542 3812 pastorum
1574 3759 1638 3799 ac
1666 3743 1972 3799 sollicitudo
2008 3745 2180 3812 deest,

589 3852 691 3891 nec
717 3848 801 3891 est
831 3838 924 3908 qui
960 3838 1261 3891 minoribus
1288 3853 1580 3892 mammam
1625 3839 1861 3895 denudet
1903 3839 2184 3894 doctrina-

588 3945 734 3993 rum,
760 3943 933 3997 neque
955 3929 1046 3998 qui
1069 3929 1366 3998 majoribus
1391 3927 1607 3998 frangat
1630 3944 1843 3998 panem.
1873 3929 2020 3997 Quos
2043 3930 2182 3986 bene

590 4019 810 4074 intuens
851 4019 1142 4089 propheta,
1190 4021 1312 4089 jure
1360 4035 1548 4075 eorum
1599 4022 1886 4091 reprobam
1935 4022 2182 4094 deplorat

589 4109 779 4174 vitam,
829 4119 884 4164 et
922 4110 1146 4165 istorum
1180 4110 1387 4181 plangit
1435 4111 1771 4166 crudelitatis
1822 4122 2084 4178 mortem,
2114 4127 2181 4168 eo

587 4199 732 4270 quod
776 4199 927 4254 multi
978 4200 1228 4255 doctores
1276 4201 1553 4270 impietate
1585 4217 1680 4256 sua
1711 4201 1942 4272 pellecti,
1987 4203 2182 4257 crude-

586 4291 752 4346 liores
808 4291 930 4362 jure
994 4291 1175 4346 lamiis
1241 4300 1602 4356 censeantur,
1659 4301 1713 4346 et
1766 4292 2180 4362 negligentiores

587 4382 985 4438 struthionibus
1015 4401 1027 4435 :
1070 4382 1323 4452 quoniam
1353 4382 1454 4436 etsi
1485 4382 1661 4436 lamiae
1707 4381 2038 4438 crudeliores
2066 4381 2180 4437 suis

585 4474 809 4529 fmtibus
836 4473 1142 4538 videantur,
1175 4475 1380 4529 nudant
1414 4483 1596 4527 tamen
1620 4489 1933 4539 mammam,
1966 4481 2020 4529 et
2041 4489 2177 4544 quo-

586 4568 875 4622 dammodo
906 4567 1110 4621 lactant
1141 4567 1365 4622 catulos.
1400 4567 1457 4622 ln
1487 4583 1718 4638 quorum
1753 4565 1998 4638 profecto
2024 4583 2173 4623 com-

585 4663 892 4730 paratione,
939 4660 1064 4730 quia
1127 4669 1403 4715 sectantur
1468 4669 1523 4716 et
1593 4669 1810 4716 terrena
1875 4669 2168 4731 quaerunt,

585 4756 884 4810 atrociores
912 4753 1106 4808 merito
1125 4753 1470 4823 planguntur,
1493 4768 1562 4808 ex
1590 4768 1820 4823 quorum
1846 4752 2170 4824 negligentia

585 4862 749 4916 quam
778 4860 920 4914 saepe
949 4844 1131 4915 lingua
1157 4843 1471 4898 lactentium
1510 4844 1577 4899 ad
1608 4844 1846 4915 palatum
1884 4843 2008 4900 tabo
2041 4859 2172 4899 con-

584 4948 832 5008 sumpta,
861 4939 1100 4993 adhaaret
1143 4938 1196 4992 in
1243 4938 1354 4993 siti.
1397 4938 1615 4994 Necnon
1659 4947 1714 4993 et
1750 4939 2012 5004 struthio,
2041 4944 2096 4994 et
2124 4939 2172 4995 si

583 5045 685 5084 ova
732 5046 827 5084 sua
861 5029 976 5084 sine
1014 5045 1143 5085 cura
1177 5038 1232 5084 et
1259 5028 1420 5084 ullius
1462 5030 1679 5098 pietatis
1721 5029 1919 5086 affectu
1965 5044 2166 5101 ponere

579 5123 816 5189 videtur,
841 5132 1019 5177 tamen
1051 5122 1259 5194 physici
1288 5123 1493 5188 dicunt,
1521 5123 1662 5193 quod
1686 5138 1748 5178 ea
1772 5123 1827 5178 in
1856 5123 2048 5178 sabulo
2075 5124 2166 5180 ubi

581 5211 784 5267 nimius
829 5211 956 5267 solis
997 5211 1178 5267 fervor
1215 5211 1457 5282 quotidie
1491 5212 1800 5278 candescit,
1844 5221 2161 5283 exponunt:

579 5303 671 5357 ubi
705 5302 884 5357 calore
929 5302 1058 5358 solis
1082 5311 1135 5358 et
1162 5303 1380 5358 confotu
1424 5302 1618 5365 sabuli,
1648 5317 1819 5372 usque
1849 5303 1915 5356 ad
1945 5318 2167 5357 concre-

579 5391 781 5447 tionem
822 5392 1091 5462 pullorum
1143 5402 1508 5464 temperanter
1542 5390 1918 5447 confoventur.
1958 5393 2166 5460 Quibus

578 5484 669 5539 isti
719 5485 833 5538 sine
865 5500 993 5538 cura
1021 5500 1085 5539 ac
1115 5484 1470 5540 sollicitudine
1518 5485 1775 5554 pastorali
1813 5485 1955 5540 aliud
1993 5489 2164 5541 medi-

515 5646 521 5653 _
579 5585 778 5641 tantes,
814 5584 960 5630 recte
986 5575 1398 5646 negligentiores
1442 5576 1794 5646 deplorantur
1823 5591 1836 5629 :
1871 5576 1961 5645 qui
2001 5575 2165 5630 etiam

579 5669 819 5736 parvulis
878 5686 1000 5724 cum
1061 5672 1311 5739 petierint
1368 5686 1604 5738 panem,
1663 5669 1853 5725 saltem
1914 5669 2168 5740 frangere

580 5753 814 5827 fugiunt.
849 5757 1128 5830 Scriptura
1161 5759 1302 5814 enim
1341 5776 1494 5815 sacra
1526 5761 1813 5832 aliquando
1858 5761 2011 5818 cibus
2060 5766 2164 5827 est,

2293 1927 2494 1984 menta,
2529 1919 2824 1974 necessarii
2873 1928 3010 1974 sunt
3046 1920 3319 1986 doctores,
3349 1931 3410 1976 ut
3455 1922 3664 1977 inﬁrmi
3697 1925 3890 1995 quique

2293 2024 2414 2063 cum
2439 2009 2694 2078 petierint
2719 2008 3046 2064 valentiores
3069 2008 3366 2080 Scriptura:
3387 2027 3562 2066 sacra:
3595 2015 3888 2069 sententias

2291 2100 2636 2170 exponendas
2666 2100 2996 2165 comminui,
3029 2100 3246 2156 valeant
3292 2103 3548 2173 aperire:
3582 2115 3644 2159 et
3686 2106 3743 2160 in
3782 2106 3888 2160 sin-

2291 2195 2430 2267 gulis
2484 2196 2794 2249 necessaria
2851 2211 3140 2267 apponere.
3204 2195 3310 2251 Sed
3364 2195 3514 2266 luget
3576 2199 3886 2267 propheta,

2291 2288 2507 2356 quando
2536 2287 2626 2356 qui
2667 2302 2942 2356 exponere
2983 2289 3164 2353 debet,
3200 2287 3432 2343 inveniri
3464 2304 3576 2343 non
3604 2290 3774 2344 valet.
3807 2291 3886 2345 Est

2290 2378 2455 2430 etiam
2484 2377 2766 2447 Scriptura
2791 2387 2977 2433 sancta
3002 2388 3162 2450 potus
3185 2379 3363 2444 lactis,
3393 2379 3459 2433 de
3483 2395 3599 2448 quo
3630 2383 3890 2451 propheta

2291 2466 2466 2520 dicit:
2511 2464 2704 2521 Omnes
2749 2470 3001 2534 sitientes,
3039 2470 3208 2522 venite
3233 2470 3301 2522 ad
3330 2487 3532 2540 aquas,
3581 2481 3633 2524 et
3660 2473 3755 2541 qui
3796 2489 3892 2525 non

2290 2558 2490 2612 habetis
2513 2571 2809 2629 argentum,
2831 2571 3124 2631 properate,
3160 2563 3313 2615 emite
3339 2571 3388 2615 et
3416 2564 3685 2615 comedite
3707 2563 3894 2632 absque

2289 2649 2402 2703 ulla
2453 2653 2858 2705 commutatione
2906 2653 3080 2706 vinum
3125 2663 3174 2706 et
3214 2653 3296 2706 lac
3340 2652 3476 2724 (Isa.
3523 2634 3653 2723 μὴ..
3681 2655 3761 2708 Ex
3791 2670 3895 2724 quo

2290 2740 2494 2811 liquido
2526 2750 2694 2812 patet,
2727 2758 2849 2797 cum
2875 2742 3026 2810 dicit,
3051 2745 3217 2798 venite
3243 2745 3313 2797 ad
3344 2762 3534 2815 aquas,
3562 2747 3698 2816 quia
3746 2746 3894 2800 Scri~

2289 2840 2447 2899 ptura
2480 2839 2666 2885 sancta
2699 2846 2864 2886 verus
2893 2841 2976 2886 est
3021 2843 3180 2902 potus
3207 2847 3224 2886 :
3250 2848 3374 2888 cum
3418 2834 3577 2896 dicit,
3618 2838 3889 2901 comedite,

2289 2937 2454 2977 verus
2503 2932 2586 2977 est
2641 2923 2814 2979 cibus.
2869 2924 3005 2979 Cum
3056 2934 3237 2979 autem
3287 2925 3417 2980 dicit
3464 2929 3655 2981 vinum
3699 2941 3749 2981 et
3791 2930 3889 2991 lac,

2290 3014 2683 3068 nutrimentum
2733 3014 2998 3084 infantiat,
3042 3026 3096 3071 et
3137 3016 3372 3072 ebrietas
3418 3017 3669 3088 Spiritus
3718 3020 3890 3074 sancti

2289 3103 2631 3173 designatur,
2665 3113 2724 3159 ut
2759 3119 2858 3175 per
2883 3106 2966 3160 lac
3003 3106 3308 3161 teneritudo
3351 3117 3540 3162 nostra
3572 3112 3885 3165 nutriatur:

2287 3209 2387 3264 per
2411 3193 2593 3248 vinum
2628 3210 2756 3250 vero
2797 3196 2962 3250 corda
3001 3195 3356 3251 inebrientur.
3389 3196 3549 3264 Quod
3592 3199 3640 3252 si
3669 3200 3889 3254 omnino

2289 3295 2474 3354 aperta
2525 3285 2777 3340 mandata
2823 3287 2915 3340 Dei
2955 3285 3253 3356 Scripturis
3281 3288 3492 3342 sanctis
3525 3304 3643 3344 non
3683 3300 3887 3355 essent,

2285 3389 2385 3444 per
2413 3377 2761 3445 semetipsam
2787 3375 2998 3431 Veritas
3025 3392 3132 3431 non
3159 3377 3425 3432 clamaret
3454 3396 3467 3431 :
3503 3377 3569 3433 Si
3600 3381 3720 3449 quis
3748 3382 3883 3446 sitit,

2285 3465 2456 3519 veniat
2498 3466 2566 3519 ad
2613 3482 2694 3520 me
2739 3474 2786 3519 et
2833 3465 2972 3519 bibat
3002 3464 3184 3535 (Ioan.
3217 3466 3336 3535 vn).
3367 3466 3487 3537 Ipse
3523 3484 3768 3540 namque
3799 3479 3890 3524 est

2286 3557 2444 3612 nobis
2470 3565 2652 3627 potus,
2675 3557 2791 3625 ipse
2819 3557 2972 3611 cibus
2996 3573 3009 3608 :
3039 3557 3153 3626 ipse
3173 3573 3304 3612 vero
3321 3558 3506 3612 vinum
3529 3569 3591 3614 et
3621 3560 3725 3614 lac.
3756 3559 3887 3626 Qua

2285 3648 2445 3704 simul
2468 3649 2608 3703 idem
2630 3649 2894 3718 propheta
2922 3648 2975 3702 in
2992 3647 3097 3702 hoc
3117 3648 3306 3703 eodem
3333 3663 3496 3719 opere
3513 3651 3653 3707 vidit
3683 3649 3887 3705 Iudaea:

2285 3739 2541 3804 defuisse,
2573 3755 2697 3794 cum
2733 3740 2940 3795 diceret
2965 3756 2977 3792 :

2359 3829 2573 3884 Nobiles
2623 3829 2735 3899 ejus
2775 3829 3087 3884 interierunt
3125 3830 3306 3899 fame:
3343 3838 3392 3884 et
3437 3828 3728 3884 multitudo
3765 3832 3886 3900 ejus

2283 3921 2372 3975 siti
2408 3921 2636 3976 exaruit.
2669 3919 2972 3975 Paucorum
3015 3921 3215 3991 quippe
3259 3928 3344 3975 est
3384 3919 3545 3975 fortia
3575 3930 3631 3975 et
3660 3921 3887 3976 occulta

2283 4028 2609 4086 cognoscere
2636 4031 2650 4067 :
2681 4011 2974 4068 multorum
3001 4027 3132 4068 vero
3154 4013 3396 4068 historia:
3425 4021 3611 4082 aperta
3641 4015 3884 4070 sentite.

2282 4107 2352 4161 Et
2375 4106 2578 4161 idcirco
2599 4103 2794 4159 ludaea:
2820 4103 3048 4171 nobiles,
3072 4120 3181 4160 non
3201 4104 3311 4168 siti,
3326 4103 3420 4158 sed
3441 4101 3584 4183 fame
3605 4104 3880 4160 interisse

2283 4200 2498 4262 asserit,
2535 4198 2662 4267 quia
2697 4197 2750 4252 hi
2783 4197 2872 4265 qui
2900 4211 3136 4267 praeesse
3165 4195 3441 4261 videntur,
3470 4195 3596 4249 dum
3627 4202 3788 4252 totos
3823 4211 3886 4252 se

2281 4290 2645 4347 exterioribus
2698 4289 2918 4344 tradunt
2967 4289 3148 4354 curis,
3203 4297 3257 4344 et
3298 4287 3664 4359 intelligentia:
3721 4305 3886 4344 vana

2281 4382 2613 4453 disciplinis,
2645 4380 2775 4451 quid
2817 4381 2882 4437 de
2912 4381 3118 4435 intimis
3161 4379 3554 4435 discutiendum
3585 4380 3881 4444 mandem,

2280 4489 2388 4530 non
2433 4473 2736 4529 inveniunt.
2775 4471 2984 4539 Quibus
3011 4470 3080 4525 ab
3119 4471 3331 4526 interno
3361 4469 3634 4525 intellectu
3666 4473 3885 4528 caden-

2281 4565 2455 4630 tibus,
2486 4579 2780 4635 parvorum
2824 4561 3177 4633 intelligentia
3224 4562 3388 4617 etiam
3418 4561 3472 4614 in
3500 4561 3883 4619 exterioribus

2275 4657 2640 4712 exsiccantur.
2680 4652 2838 4709 Unde
2881 4652 3037 4709 recte'
3071 4652 3180 4708 illic
3208 4652 3535 4723 adiungitur.
3571 4651 3881 4709 Multitudo

2274 4750 2390 4819 ejus
2435 4749 2522 4802 siti
2563 4746 2792 4800 exaruit.
2830 4745 2909 4800 Ac
2943 4745 2988 4800 si
3020 4754 3205 4814 aperte
3234 4743 3437 4799 diceret
3463 4761 3478 4797 :
3504 4743 3638 4798 Dum
3669 4746 3882 4818 vulgus

2275 4840 2401 4894 vita:
2446 4853 2559 4895 sua:
2602 4838 2783 4893 studia
2831 4837 3072 4903 deserit,
3101 4835 3214 4906 jam
3243 4851 3343 4892 nec
3371 4835 3572 4891 ﬂuenta
3616 4837 3882 4894 historia

2275 4931 2524 5001 requirit,
2556 4931 2704 5000 quia,
2731 4928 3026 4985 secundum
3045 4928 3168 4996 Job,
3196 4940 3343 4984 terra
3358 4927 3425 4983 de
3448 4943 3553 4998 qua
3581 4929 3884 4986 oriebatur

2274 5023 2432 5095 panis
2469 5023 2523 5076 in
2567 5021 2687 5077 loco
2721 5036 2819 5076 suo
2841 5062 2855 5086 ,
2904 5022 3026 5092 igne
3074 5023 3333 5077 subversa
3361 5028 3446 5077 est
3473 5019 3596 5092 (Job
3635 5026 3880 5095 ιιι-ιιι),

2275 5116 2400 5186 quia
2441 5114 2684 5186 profecto
2721 5123 3000 5184 pastorum
3039 5125 3202 5184 atque
3244 5115 3522 5170 doctorum
3571 5117 3780 5181 corda,
3814 5117 3882 5172 de

2274 5209 2472 5279 quibus
2513 5209 2672 5278 panis
2696 5208 2820 5262 vita:
2849 5208 2981 5263 oriri
3009 5217 3399 5272 consueverat,
3428 5216 3591 5275 atque
3618 5205 3881 5278 eloquio-

2273 5315 2395 5354 rum
2448 5287 2612 5355 verba
2661 5297 2912 5365 affluere,
2959 5313 3080 5353 cum
3131 5299 3362 5354 terrenis
3407 5297 3556 5353 curis
3609 5308 3664 5353 et
3723 5302 3880 5355 vitiis

2273 5391 2536 5462 cmperint
2568 5391 2788 5461 repleri,
2820 5398 2966 5446 recte
2997 5390 3290 5461 plangitur,
3318 5389 3459 5460 quod
3485 5398 3633 5444 terra
3659 5391 3738 5446 de
3766 5407 3878 5463 qua

2274 5485 2553 5539 oriebatur
2577 5484 2756 5554 panis,
2782 5485 2874 5552 qui
2908 5485 2976 5540 de
3009 5485 3146 5540 coelo
3182 5485 3476 5546 descendit,
3511 5492 3608 5538 aut
3647 5485 3874 5542 hauriri

2274 5575 2532 5629 debuerat
2577 5575 2629 5629 in
2675 5576 2794 5631 loco
2831 5592 2963 5642 suo,
3006 5577 3130 5646 igne
3172 5577 3434 5632 subversa
3479 5587 3585 5632 est.
3636 5577 3700 5632 ιιι
3751 5579 3875 5636 loco

2275 5675 2454 5721 autem
2479 5682 2576 5722 suo
2601 5667 2724 5739 igne
2744 5669 3100 5732 subvertitur,
3123 5666 3337 5737 quando
3358 5682 3510 5723 mens
3533 5666 3869 5734 inﬁdelium,

2279 5770 2617 5816 sacramenta
2651 5761 2994 5829 conculcans,
3016 5762 3278 5819 vitiorum
3301 5760 3511 5848 facibus
3536 5777 3872 5818 concreman
