4078 6348
176 319 321 376 1209

899 310 1260 370 EXPOSITIO
1296 311 1365 369 IN
1401 310 1980 371 LAMENTATIONES
2013 313 2349 373 JEREMIE.
2373 345 2444 358 -—
2477 316 2606 372 LIB.
2643 317 2732 373 IV.

3305 318 3445 377 tuo

173 448 290 492 tur.
323 432 528 489 Idcirco
554 429 708 495 arsit,
739 429 864 500 quia
889 426 1120 484 ﬂammis
1144 429 1397 486 vitiorum
1428 445 1486 486 se
1517 429 1752 485 tradidit.
1787 432 1837 492 Α
1862 428 2007 486 intus
2055 432 2273 489 lactant.
2329 433 2456 490 limo
2501 448 2662 504 agere
2705 434 2982 503 nesciunt,
3014 434 3117 492 nisi
3157 436 3252 507 qui
3291 440 3441 496 omni

177 530 339 588 Unde
375 525 627 581 lamentis
668 533 724 579 et
769 522 984 579 fletibus
1011 525 1272 594 agendum
1309 533 1415 591 est,
1451 522 1661 596 1492
1695 540 1762 579 ne

173 621 365 690 lingua
407 625 595 672 nostra
623 629 734 686 prae
761 614 851 669 siti
891 614 1164 668 adhaereat
1193 614 1393 684 palato,
1432 630 1606 685 neque
1634 631 1759 686 par-

174 712 290 768 vuli
323 718 569 782 petentes
602 721 821 777 panem,
851 705 946 761 Dei
977 706 1248 775 reprobati
1269 705 1492 775 judicio,
1524 715 1764 778 egestate

171 813 232 861 et
263 801 407 856 fame
443 798 597 855 verbi
641 797 946 866 consumpti
992 811 1294 865 pereamus,
1329 810 1502 866 neque
1521 807 1667 852 terra
1697 797 1764 851 de

173 911 288 968 qua
329 893 488 965 panis
531 891 809 946 oriebatur
857 890 979 960 igne
1017 889 1298 944 submersa
1338 891 1622 960 depereat,
1651 891 1762 945 imo

170 984 435 1057 precibus
458 993 515 1039 et
541 980 799 1052 lacrymis
821 979 1095 1050 pulsemus
1115 980 1184 1034 ad
1209 980 1406 1035 ostium
1432 981 1622 1051 patris,
1653 989 1763 1036 tres

173 1077 302 1133 illos
354 1091 424 1131 ex
469 1073 762 1144 Evangelio
804 1081 1051 1140 petentes
1098 1086 1298 1142 panes;
1330 1080 1391 1126 ut
1421 1080 1477 1127 et
1526 1073 1639 1143 ipse
1669 1089 1764 1128 eos

171 1168 338 1224 nobis
363 1167 587 1230 tribuat,
612 1165 702 1235 qui
725 1163 943 1234 pulsare
972 1178 1034 1218 ac
1063 1178 1304 1233 quaerere
1331 1171 1485 1234 rogat
1504 1173 1562 1228 et
1577 1172 1762 1234 petere

171 1257 336 1331 (Luc.
368 1257 470 1329 ιι).
498 1255 582 1312 Ad
622 1257 723 1312 hoc
765 1255 932 1326 igitur
961 1263 1022 1309 ut
1057 1254 1258 1309 tribuat
1303 1269 1554 1326 rogemus
1598 1257 1761 1310 etiam

170 1359 238 1407 ut
287 1349 379 1406 ille
422 1349 684 1418 magister
712 1362 875 1403 verus
911 1355 967 1402 et
1010 1355 1219 1414 auctor,
1253 1349 1342 1417 qui
1375 1363 1469 1403 eos
1498 1347 1657 1419 fregit
1705 1348 1760 1402 in

174 1457 403 1511 eremo,
457 1444 616 1500 nobis
671 1459 885 1516 quoque
949 1443 1111 1499 simul
1161 1445 1361 1500 tribuat
1405 1452 1460 1500 et
1511 1444 1758 1513 frangat;

177 1537 378 1608 quibus
422 1536 645 1603 refecti,
692 1551 762 1590 ne
805 1537 945 1591 ullus
976 1545 1222 1592 nostrum
1268 1537 1320 1592 in
1352 1537 1437 1591 via
1480 1536 1758 1600 lassescat,

175 1630 439 1701 quoniam
486 1639 710 1702 propter
760 1631 1052 1701 pessimam
1104 1630 1268 1684 vitam
1316 1630 1658 1685 sacerdotum
1709 1636 1764 1683 et

174 1721 556 1778 crudelitatem
597 1738 806 1778 morum
831 1762 847 1787 ,
897 1721 1210 1776 lactentium
1249 1738 1361 1792 pra:
1408 1722 1495 1778 siti
1537 1721 1762 1777 ariditas

1865 524 2108 579 custodia
2150 526 2362 582 munire
2385 535 2623 582 mentem
2655 536 2886 596 norunt;
2915 537 2970 584 et
3004 529 3142 584 lacte
3166 530 3441 586 doctrina-

1864 632 2016 683 rum,
2071 616 2387 674 aﬂ‘ectiones
2440 629 2495 675 et
2547 620 2918 691 suggestiones
2962 621 3080 691 pias
3125 621 3179 676 in
3225 621 3444 678 Christo

1864 711 2071 767 nutrire
2112 713 2436 784 intelligunt.
2471 713 2674 769 Horum
2711 715 2875 786 igitur
2904 715 3083 785 lingua
3122 716 3250 786 quid
3295 716 3442 772 aliud

1864 805 1968 858 nisi
2011 806 2252 861 adlizeret
2298 807 2478 876 palato
2525 810 2726 875 carnis,
2764 810 2889 864 dum
2935 811 3147 865 interna
3177 811 3442 866 virtutum

1865 896 2162 964 spiramina
2194 899 2347 952 vanis
2387 897 2719 954 sulfoeantur
2741 900 2910 966 euris,
2944 909 2998 956 et
3018 901 3200 970 pravis
3229 901 3443 957 confes-

1866 988 2070 1042 sionem
2099 989 2246 1055 lidei,
2277 999 2565 1060 antequam
2588 992 2914 1062 proferatur,
2949 993 3159 1062 illigant
3190 994 3440 1049 nexibus.

1865 1076 2019 1134 Unde
2064 1090 2212 1135 recte
2257 1083 2538 1152 sequitur:
2575 1080 2794 1137 Parvuli
2818 1085 3073 1154 petierunt
3103 1101 3315 1155 panem,
3349 1102 3444 1140 nec

1863 1182 1973 1226 erat
2002 1173 2092 1242 qui
2122 1174 2384 1244 frangeret
2418 1175 2513 1229 eis.
2544 1174 2762 1231 Scilicet
2801 1176 2952 1246 parvi
2988 1176 3274 1247 cogitatus,
3317 1192 3443 1232 cum

1865 1264 1929 1318 de
1983 1265 2198 1320 Christo
2240 1275 2295 1321 et
2344 1267 2671 1338 sempiterna
2721 1268 2829 1322 vita
2879 1269 3276 1340 concipiuntur,
3316 1284 3444 1325 mox

1865 1358 2144 1426 requirunt
2189 1376 2383 1430 panem
2415 1359 2563 1414 illum
2598 1361 2688 1430 qui
2729 1361 2796 1416 de
2837 1361 2975 1416 coelo
3008 1362 3313 1428 descendit;
3347 1361 3444 1418 sed

1864 1465 2017 1504 mens
2064 1451 2206 1507 male
2249 1467 2348 1508 suo
2399 1451 2655 1524 depressa
2704 1461 2918 1522 torpore
2979 1463 3141 1524 atque
3187 1455 3439 1525 ignavia,

1863 1540 2123 1610 vanisque
2146 1542 2321 1596 dedita
2343 1543 2510 1608 curis,
2536 1543 2710 1598 nescit
2731 1542 2832 1598 illis
2858 1544 3164 1614 petentibus
3192 1543 3444 1616 frangere

1863 1643 2057 1698 panem
2085 1631 2452 1702 intelligendo,
2489 1647 2663 1703 neque
2692 1635 3059 1690 comminuere
3085 1635 3440 1702 ruminando,

1866 1734 2040 1790 neque
2063 1722 2386 1778 distribuere
2408 1723 2739 1794 accipiendo.
2758 1724 2963 1780 Idcirco
2984 1735 3129 1781 recte
3151 1727 3440 1797 plangitur,

172 1813 487 1886 plangitur;
547 1822 603 1868 et
647 1813 1015 1884 parvulorum,
1069 1814 1194 1885 quia
1242 1830 1348 1869 non
1402 1827 1486 1870 est
1539 1816 1630 1885 qui
1683 1816 1762 1870 eis
1791 1799 1838 1859 Β
1867 1810 1978 1865 Nec
2006 1823 2118 1865 erat
2145 1815 2234 1883 qui
2264 1813 2524 1883 frangeret
2551 1816 2644 1869 eis.
2681 1814 2817 1882 Quia
2861 1819 2961 1872 etsi
2991 1818 3246 1873 divinitus
3270 1819 3442 1891 inspi-

173 1903 457 1976 frangeret
501 1920 731 1974 panem,
769 1905 1022 1960 interitus
1065 1905 1393 1975 deploratur.
1433 1905 1757 1961 Pulsandum

175 1995 349 2066 igitur
377 2006 461 2051 est
485 2005 540 2051 et
567 1999 878 2067 petendum,
907 1998 1052 2068 quod
1083 1997 1211 2052 nulli
1243 2007 1469 2066 negatur
1496 1999 1760 2068 quaerenti

175 2088 234 2141 in
258 2088 511 2154 veritate,
540 2104 629 2153 ne,
656 2089 828 2158 culpis
840 2090 1195 2160 exigentibus,
1221 2091 1374 2146 nobis
1389 2092 1758 2157 subtrahatur,

173 2180 340 2236 sicuti
395 2179 654 2237 Dominus
707 2183 834 2238 alibi
885 2184 1286 2238 comminatur:
1330 2183 1540 2238 Mittam
1585 2186 1642 2238 in
1674 2201 1760 2240 eos

176 2286 287 2324 non
321 2269 515 2339 famem
555 2273 707 2340 panis
754 2288 916 2342 neque
965 2272 1106 2326 sitim
1138 2289 1323 2344 aquae,
1375 2274 1463 2327 sed
1511 2275 1762 2329 audiendi

176 2361 393 2414 uerbum
447 2360 542 2416 Dei
589 2363 770 2431 (Amos
817 2363 958 2432 vm).
1008 2363 1145 2430 Quia
1185 2378 1306 2418 eum
1354 2364 1668 2433 praedicatio
1709 2373 1764 2420 et

173 2452 536 2524 intelligentia
555 2454 705 2508 verbi
724 2453 1078 2517 subtrahitur,
1095 2455 1308 2509 auditus
1328 2470 1542 2526 quoque
1560 2463 1760 2522 cessat,

175 2552 234 2598 et
261 2541 438 2598 fames
472 2552 632 2614 atque
665 2545 841 2600 inedia
875 2545 1034 2600 simul
1080 2547 1272 2601 horum
1302 2556 1478 2602 morte
1515 2563 1764 2618 grassan-

175 2644 287 2690 tur.
316 2634 439 2691 Jam
481 2637 609 2706 quid
641 2637 920 2693 moraliter
960 2638 1141 2708 lugeat
1178 2627 1490 2694 "videamus.
1536 2639 1763 2706 Quando

171 2727 390 2798 parvuli
436 2728 702 2798 cogitatus
744 2730 938 2795 nostri,
990 2739 1152 2798 atque
1202 2728 1514 2787 affectiones
1561 2732 1764 2787 intima:

174 2816 379 2870 mentis
409 2816 528 2870 sine
549 2816 690 2872 laete
714 2817 924 2873 blandae
950 2819 1340 2887 persuasionis,
1366 2831 1421 2874 et
1443 2835 1566 2876 rore
1589 2822 1764 2876 sancti

177 2903 420 2976 Spiritus
456 2922 566 2976 prae
595 2908 682 2962 siti
712 2909 824 2964 cito
849 2918 1128 2976 arescunt,
1169 2926 1398 2980 quorum
1431 2911 1612 2983 lingua
1643 2927 1765 2982 pro-

175 2996 400 3052 lationis
450 2997 631 3069 palato
681 3002 864 3055 carnis
909 3003 1160 3069 adhaesa,
1214 3004 1589 3060 obtumescere
1637 3005 1767 3060 facit

175 3098 383 3146 tenerae
419 3093 617 3148 mentis
644 3091 950 3160 infantiam,
984 3104 1038 3149 et
1063 3092 1295 3150 sulfocat
1322 3095 1498 3166 gladio
1534 3095 1764 3150 inﬁdeli-

1863 1912 1981 1958 rata
2025 1905 2221 1970 virtus,
2253 1906 2319 1960 ad
2351 1914 2562 1976 tempus
2606 1907 2730 1961 vita:
2763 1909 2942 1963 esurie
2975 1911 3118 1966 intus
3149 1912 3441 1977 animatur,

1860 1993 1995 2051 foris
2025 2007 2202 2051 tamen
2236 1997 2509 2052 exinanita
2552 2000 3025 2069 concupiscentiis,
3057 2001 3323 2057 labefacta
3364 2002 3445 2056 vi-

1861 2086 2014 2142 ribus
2041 2095 2320 2142 vacuatur.
2356 2086 2495 2144 Hine
2528 2104 2743 2159 quoque
2772 2091 3015 2160 sequitur
3042 2108 3056 2146 :

1933 2344 2037 2409 Qui
2066 2345 2405 2399 vescebantur
2446 2345 2770 2416 voluptuose,
2804 2347 3110 2402 interierunt
3131 2349 3186 2402 in
3209 2348 3334 2413 viis;
3354 2349 3445 2420 qui

1863 2438 2225 2492 nutriebantur
2265 2440 2319 2492 in
2343 2440 2557 2502 croceis,
2591 2439 2873 2509 amplexati
2907 2450 3028 2492 sunt
3058 2449 3307 2494 stercora.
3338 2439 3445 2495 Per

1862 2545 1981 2600 quae
2011 2531 2263 2584 nimirum
2291 2528 2603 2584 Judteorum
2634 2529 2857 2598 perfidia
2900 2529 3021 2584 luce
3053 2529 3258 2584 clarius
3290 2544 3443 2584 rese-

1862 2632 2051 2690 ratur,
2099 2622 2352 2693 quoniam
2409 2621 2680 2676 obscurati
2735 2631 2899 2686 sunt,
2946 2630 3001 2675 et
3056 2621 3205 2677 color
3254 2635 3448 2676 eorum

1861 2718 2100 2787 optimus
2127 2717 2442 2770 immutatus
2465 2723 2547 2770 est
2575 2730 2736 2785 quem
2776 2716 3085 2769 habuerunt
3115 2715 3168 2768 in
3192 2711 3445 2767 Patribus

1863 2817 1917 2864 et
1940 2808 2261 2878 patriarcbis
2289 2817 2451 2877 atque
2480 2805 2794 2876 prophetis;
2846 2793 3016 2874 atque.
3043 2805 3270 2874 dispersi
3317 2809 3448 2858 sunt

1863 2901 2006 2968 quod
2032 2900 2206 2954 adhuc
2237 2897 2395 2954 hodie
2425 2898 2720 2959 cernimus,
2754 2897 2808 2950 in
2834 2897 3011 2965 capite
3049 2895 3293 2950 omnium
3319 2892 3442 2964 pla-

1866 3003 2070 3048 tearum
2123 3005 2428 3060 quanquam
2481 2988 2651 3043 induti
2705 2995 2760 3042 et
2801 2987 2983 3041 amicti
3043 3001 3175 3041 auro
3239 2984 3443 3054 primo,

1866 3085 2162 3140 secundum
2217 3083 2632 3153 praerogativam
2695 3079 2945 3145 Patrum,
2980 3081 3144 3135 etiam
3209 3077 3446 3150 reputati

175 3184 307 3238 mis
352 3183 532 3238 cordis
580 3185 784 3250 nostri,
816 3185 938 3240 vim
979 3195 1306 3258 conceptus,
1326 3161 1430 3242 ἠε
1469 3187 1536 3241 ad
1587 3187 1760 3242 lucem
1789 3161 1834 3225 C
1866 3183 1993 3229 sunt
2022 3173 2076 3227 in
2105 3187 2231 3227 vasa
2267 3181 2434 3226 testea
2461 3179 2517 3226 et
2542 3186 2678 3241 cpus
2705 3185 2962 3224 manuum
2991 3168 3163 3240 figuli,
3192 3168 3446 3224 saeviores

174 3282 383 3344 queant
420 3275 753 3346 contingere.
789 3275 944 3332 Unde
977 3286 1123 3332 recte
1168 3277 1368 3333 dicitur
1397 3296 1409 3331 :
1443 3277 1612 3333 Corde
1647 3296 1761 3333 cre-

175 3365 324 3419 ditur
341 3366 414 3419 ad
433 3367 723 3436 justitiam,
757 3385 846 3423 ore
874 3381 1048 3424 autem
1079 3369 1337 3439 confessio
1359 3371 1417 3439 ﬁt
1445 3375 1514 3424 ad
1539 3370 1762 3426 salutem

177 3458 362 3530 (Rom.
396 3459 475 3530 ι).
515 3460 766 3530 Alioquin
805 3462 1066 3532 quidquid
1107 3471 1190 3518 est
1233 3464 1362 3518 boni
1399 3465 1542 3534 quod
1585 3475 1765 3521 mente

175 3553 508 3625 concipitur,
541 3555 648 3610 nisi
690 3554 832 3610 lacte
876 3555 1150 3610 nutriatur
1190 3556 1454 3612 doctrinae
1499 3565 1554 3611 et
1590 3558 1764 3628 gratia

176 3646 354 3703 sancti
377 3644 633 3716 Spiritus,
651 3645 760 3702 cito
776 3649 1004 3715 arescit;
1023 3655 1077 3704 et
1099 3647 1279 3719 lingua
1302 3649 1541 3704 adhaeret
1559 3649 1760 3720 palato,

173 3753 249 3793 ne
296 3738 470 3807 possit
514 3738 760 3807 proferre
805 3738 1203 3796 confessionem
1250 3739 1478 3806 salutis,
1535 3741 1762 3811 gratiam

176 3831 359 3887 sancti
410 3831 644 3902 Spiritus
692 3833 748 3888 in
797 3845 1003 3904 septem
1056 3833 1248 3890 dividit
1292 3835 1490 3900 donis,
1531 3851 1637 3905 qua
1687 3841 1767 3890 tot

175 3922 385 3978 habeat
436 3922 594 3979 filios.
650 3922 753 3990 Qui
803 3923 940 3979 bene
1007 3925 1360 3996 designantur
1394 3940 1515 3981 cum
1568 3926 1767 3982 dicitur

176 4015 329 4084 quod
370 4011 473 4068 Job
513 4024 718 4085 septem
769 4016 1021 4072 habuerit
1063 4015 1203 4072 filios
1248 4024 1304 4072 et
1347 4024 1464 4072 tres
1491 4017 1661 4072 tilias:
1696 4016 1765 4070 Et

176 4104 350 4169 ibant,
374 4105 548 4174 inquit
569 4103 870 4175 Scriptura,
894 4105 995 4174 ﬁlii
1025 4107 1160 4177 ejus,
1198 4115 1247 4160 et
1291 4106 1553 4176 faciebant
1593 4107 1768 4162 convi-

176 4195 324 4250 vium
347 4211 442 4265 per
465 4196 664 4258 domos,
702 4197 1057 4267 unusquisque
1081 4198 1138 4251 in
1163 4197 1248 4251 die
1273 4213 1368 4250 suo
1396 4195 1517 4266 (Job
1548 4195 1610 4268 I).
1644 4195 1764 4251 Filii

175 4300 281 4357 per
307 4285 497 4341 domos
525 4285 830 4341 convivium
866 4284 1091 4350 faciunt,
1123 4287 1248 4340 dum
1280 4286 1511 4342 virtutes
1541 4285 1767 4358 singulae

176 4391 281 4448 per
296 4385 504 4447 septem
525 4377 665 4432 dona
690 4377 867 4432 sancti
882 4375 1118 4446 Spiritus
1140 4377 1360 4452 deitate,
1370 4375 1526 4444 juxta
1549 4379 1765 4431 modum

176 4469 465 4540 proprium
510 4469 564 4523 in
606 4483 713 4538 qua
757 4477 901 4534 sunt,
943 4477 1176 4524 mentem
1220 4478 1468 4539 pascunt.
1517 4470 1670 4526 Unde
1714 4478 1769 4526 et

176 4561 323 4616 bene
368 4560 588 4628 dicitur,
636 4561 1006 4632 unusquisque
1047 4561 1102 4614 in
1142 4560 1229 4616 die
1275 4576 1392 4616 suo.
1447 4560 1574 4616 Dies
1621 4561 1764 4615 enim

175 4647 612 4722 uniuscujusque
669 4651 784 4717 lilii,
833 4661 919 4707 est
972 4651 1294 4706 illuminatio
1343 4651 1766 4721 uniuscujusque

176 4746 424 4800 virtutis.
477 4745 698 4816 Singula
741 4744 884 4801 enim
932 4745 1074 4801 dona
1120 4743 1360 4816 singulos
1401 4743 1602 4798 habent
1649 4742 1767 4797 dies

178 4854 335 4903 suos,
365 4838 493 4909 quia
527 4854 632 4895 non
659 4848 745 4895 est
783 4841 887 4895 hoc
929 4852 1118 4910 sapere
1164 4837 1306 4907 quod
1357 4834 1568 4908 1493
1610 4834 1765 4889 intel-

176 4928 354 5000 ligere
394 4945 409 4982 :
458 4929 581 4998 quia
635 4929 788 4984 multi
836 4928 1054 4999 quidem
1105 4935 1307 4983 aeterna
1357 4927 1618 4995 sapiunt,
1670 4921 1766 4978 sed

176 5021 492 5092 intelligere
535 5036 877 5092 nequaquam
926 5029 1169 5091 possunt.
1214 5018 1491 5087 Sapientia
1537 5030 1666 5086 ergo
1712 5015 1765 5068 in

176 5111 272 5166 die
295 5126 397 5167 suo
418 5111 724 5167 convivium
746 5109 906 5175 facit,
937 5110 1064 5180 quia
1091 5116 1324 5163 mentem
1351 5106 1418 5160 de
1437 5113 1765 5159 aeternorum

176 5217 281 5274 spe
325 5209 382 5257 et
431 5203 752 5259 certitudine
801 5200 995 5257 reﬁcit.
1021 5197 1284 5271 (Gregor.)
1328 5196 1434 5252 Sed
1480 5205 1662 5251 nostra
1699 5209 1767 5250 ne

178 5295 507 5372 protrahere
529 5295 824 5354 videamur.
845 5293 1021 5348 sancti
1047 5290 1283 5346 doctoris
1302 5289 1466 5344 verba
1495 5285 1760 5357 Gregorii,

178 5407 254 5447 ex
295 5390 506 5460 integro
531 5388 831 5459 praelibata,
873 5401 1155 5457 ponamus.
1203 5381 1532 5447 Intellectus,
1566 5380 1764 5449 inquit,

180 5484 241 5539 in
265 5483 354 5537 die
373 5497 471 5538 suo
489 5481 794 5537 convivium
822 5487 1014 5552 parat;
1049 5477 1145 5532 sed
1173 5477 1286 5532 haec
1308 5489 1470 5545 agere
1492 5473 1762 5536 nesciunt;

180 5577 290 5632 nisi
333 5575 422 5644 qui
466 5574 819 5645 cogitationes
867 5581 1154 5640 antequam
1198 5567 1266 5622 ad
1306 5581 1440 5636 opus
1480 5563 1764 5634 prodeant,

181 5671 432 5724 internos
470 5683 599 5722 suos
644 5674 822 5721 motus
863 5663 1088 5718 sollicite
1120 5658 1618 5726 circumspicientes
1661 5651 1769 5706 fre-

177 5773 340 5830 nant,
373 5771 534 5832 atque
582 5760 932 5832 persuasibus
963 5757 1327 5816 doctrinarum
1352 5763 1407 5809 et
1436 5752 1542 5808 lide
1567 5749 1768 5806 Christi

1862 3268 2062 3332 lamiis,
2093 3265 2424 3322 crudeliores
2463 3263 2882 3319 struthionibus.
2914 3261 2994 3318 Ob
3041 3277 3272 3331 quorum
3315 3275 3444 3331 per-

1863 3359 2046 3412 fidiam
2093 3357 2354 3412 lactentes
2391 3365 2446 3412 et
2487 3355 2697 3426 parvuli
2747 3355 3066 3423 perierunt;
3114 3354 3187 3407 ita
3235 3361 3296 3407 ut
3346 3352 3444 3421 qui

1862 3451 2220 3505 vescebantur
2242 3448 2578 3517 voluptuose,
2603 3446 2928 3501 interierunt
2961 3445 3103 3500 fame
3128 3445 3182 3499 in
3211 3444 3314 3498 viis
3343 3442 3440 3497 Dei

1863 3543 2078 3598 Christo
2125 3542 2444 3596 adveniente
2475 3559 2488 3594 :
2522 3540 2776 3608 quoniam
2814 3539 2997 3594 omnia
3033 3538 3262 3608 mystica
3299 3534 3449 3590 Seri-

1863 3644 2148 3704 pturarum
2175 3640 2540 3697 sacramenta,
2567 3639 2728 3700 atque
2752 3628 3228 3704 significandarum
3265 3641 3447 3681 rerum

1865 3726 2134 3789 instituta,
2171 3724 2223 3777 in
2254 3723 2451 3792 quibus
2488 3721 2846 3777 vescebantur
2884 3717 3102 3791 1494
3127 3717 3447 3788 voluptuose

1865 3820 2054 3875 Patres
2097 3827 2152 3874 et
2179 3817 2537 3888 patriarchaz,
2579 3815 2898 3869 interierunt
2943 3814 3044 3883 ipsi
3090 3813 3142 3866 in
3183 3810 3287 3866 viis
3327 3809 3445 3875 Dei,

1867 3913 1960 3982 qui
2015 3913 2181 3966 Deum
2235 3919 2291 3964 et
2343 3897 2628 3963 Dominum
2679 3923 2785 3962 non
2842 3905 3238 3975 suscipientes,
3277 3917 3451 3973 nega-

1865 4013 2058 4059 verunt
2092 4018 2212 4058 esse
2237 4016 2426 4056 verum
2457 4000 2651 4056 Filium
2681 3999 2807 4064 Dei;
2834 3999 2959 4068 quia
2992 3997 3104 4068 ipse
3124 3995 3447 4067 principium

1865 4094 2105 4150 omnium
2134 4092 2343 4147 viarum
2374 4098 2456 4146 est
2481 4106 2495 4156 ;
2527 4097 2582 4144 et
2607 4077 2728 4144 ideo
2759 4088 2876 4143 sine
2901 4088 3019 4157 ipso
3046 4085 3368 4140 interierunt
3392 4084 3448 4138 in

1866 4187 1969 4242 viis
1998 4185 2201 4241 saeculi.
2258 4183 2410 4238 Unde
2454 4181 2741 4252 sequitur:
2779 4178 2924 4252 [Qui
2967 4178 3346 4233 nutriebantur
3391 4175 3450 4230 in

1867 4279 2074 4334 croceis
2100 4275 2393 4346 amplexati
2425 4283 2550 4329 sunt
2581 4271 2888 4344 stercora.]
2922 4270 3190 4339 Quoniam
3224 4281 3450 4324 croceus

1868 4373 2041 4436 color,
2067 4371 2256 4441 igneus
2281 4383 2403 4424 esse
2424 4367 2832 4436 comprobatur.
2870 4365 2988 4432 Quo
3017 4363 3259 4434 profecto
3296 4363 3442 4433 igne,

1869 4463 2200 4519 ﬂammantia
2227 4463 2390 4518 corda
2420 4459 2748 4523 efﬁciuntur,
2775 4458 2901 4512 dum
2929 4457 3085 4512 donis
3110 4455 3285 4512 sancti
3324 4453 3450 4524 Spi-

1871 4556 2006 4610 ritus
2051 4553 2362 4623 replentur;
2398 4553 2451 4606 in
2486 4550 2682 4620 quibus
2709 4562 2840 4604 sane
2868 4548 3044 4603 sancti
3097 4545 3290 4602 Patres
3327 4559 3451 4600 cro-

1869 4646 1982 4701 ceis
2011 4644 2233 4698 enutriti
2264 4642 2561 4712 gratiarum
2607 4638 2960 4693 sacramentis
2982 4678 2998 4704 ,
3043 4635 3216 4691 Judaei
3255 4634 3449 4706 perﬁdi

1868 4739 2200 4804 abnegantes
2230 4733 2514 4790 Dominum
2543 4730 2834 4800 amplexati
2861 4738 2987 4784 sunt
3015 4736 3278 4784 stercora.
3317 4726 3449 4795 Qua:

1869 4827 2124 4884 nimirum
2157 4835 2398 4880 stercora
2433 4822 2629 4877 Paulus
2674 4820 2966 4889 abiecerat,
2995 4835 3116 4875 cum
3142 4818 3355 4875 dicebat
3381 4818 3450 4874 de

1867 4920 2083 4977 Christo
2115 4935 2130 4972 :
2171 4915 2392 4987 PrOpter
2417 4931 2568 4984 quem
2606 4914 2813 4978 omnia,
2851 4910 3047 4980 inquit,
3074 4909 3445 4971 detrimentum

1874 5012 1996 5083 feci,
2019 5019 2066 5065 et
2084 5009 2311 5063 arbitror
2339 5017 2394 5061 ut
2423 5017 2676 5071 stercora,
2708 5003 2914 5060 scilicet
2941 5002 3123 5059 omnia
3153 5000 3286 5071 legis
3325 5011 3448 5068 quae

1871 5101 2166 5158 secundum
2218 5099 2454 5154 litteram
2500 5097 2652 5167 prius
2700 5095 2846 5148 velut
2894 5103 3140 5149 stercora
3195 5090 3359 5144 etiam
3416 5102 3450 5142 a

1874 5191 2082 5250 cunctis
2125 5190 2410 5246 catholicis
2453 5189 2783 5258 deputantur
2811 5193 2867 5238 ut
2917 5181 3185 5239 Christum
3227 5178 3452 5236 lucrifa-

1873 5288 2050 5352 ciant;
2099 5296 2146 5341 et
2175 5284 2519 5340 inveniantur
2551 5282 2606 5335 in
2632 5279 2745 5345 illo,
2776 5294 2882 5334 non
2909 5278 3173 5333 habentes
3213 5287 3332 5330 eam
3355 5273 3452 5344 ju-

1872 5380 2102 5445 stitiam,
2135 5395 2252 5448 qua:
2295 5393 2358 5431 ea:
2391 5374 2499 5446 lege
2537 5383 2634 5436 est,
2684 5372 2777 5427 sed
2812 5387 2930 5440 qua:
2969 5386 3034 5425 ea:
3066 5368 3171 5438 ﬁde
3207 5377 3282 5423 est
3320 5363 3451 5421 Iesu

1873 5469 2069 5525 Christi
2097 5469 2316 5540 (Philip.
2348 5465 2536 5535 cxvn).
2592 5462 2764 5530 Quam
2793 5476 2922 5517 sane
2946 5461 3211 5533 justitiam
3238 5465 3294 5513 et
3317 5455 3452 5530 legis

1874 5563 2110 5617 litteram
2139 5560 2326 5631 perﬁdi
2373 5556 2542 5612 Judaei
2591 5555 2738 5610 velut
2766 5562 3007 5609 stercora
3057 5551 3451 5622 amplexantes,

1843 5655 2134 5725 .justitiam
2164 5666 2283 5722 quae
2313 5652 2365 5704 in
2396 5649 2611 5704 Christo
2649 5654 2755 5710 est,
2796 5644 2988 5700 nolunt
3028 5643 3290 5712 recipere.
3339 5636 3450 5694 Sed

1875 5754 1932 5802 et
1959 5744 2240 5803 obsidione
2269 5755 2430 5815 quam
2454 5753 2595 5808 saepe
2629 5735 2992 5809 eoangustati,
3014 5734 3176 5792 etiam
3207 5739 3450 5812 stercora
