4078 6348
341 328 487 390 1213

1052 337 1409 394 EXPOSITIO
1444 337 1510 394 IN
1544 340 2122 402 LAMENTATIONES
2155 347 2493 404 JEREMIJE.
2519 381 2588 391 —
2614 350 2739 406 LIB.
2779 350 2868 406 Ν.

3473 312 3614 412 ait

342 440 942 515 consanguinitatisque
968 454 1023 501 et
1050 446 1174 502 ﬁdei
1216 448 1419 504 foedera
1455 466 1469 515 ;
1505 453 1719 520 quando
1746 454 1937 511 levitas
1963 461 2016 519 Α
2042 460 2347 526 virtutibus,
2399 478 2558 532 quam
2611 463 2775 519 etiam
2820 463 3048 523 interius
3093 466 3306 524 occulte
3346 470 3494 526 vitiis
3532 487 3616 528 re-

341 534 525 589 omnia
580 541 784 600 tentat,
837 545 892 590 et
937 538 1267 593 conscientia
1315 541 1443 595 boni
1497 542 1644 597 nulla
1701 554 1927 616 manet;

2037 548 2177 620 pleta
2207 552 2274 606 ad
2308 552 2414 608 ima
2446 561 2836 609 tormentorum
2867 557 3105 625 quotidie
3150 560 3304 628 quasi
3354 563 3614 620 mundata

338 625 561 697 quando
580 627 760 725 cuncti
791 626 1156 698 obloquuntur
1182 646 1301 699 qum
1346 633 1574 700 agimus,
1625 636 1712 689 vix
1736 636 1932 707 aliquis
2034 650 2090 697 et
2108 651 2317 709 ornata,
2353 644 2702 717 demergitur.
2728 644 3021 718 Propterea
3050 658 3107 705 et
3141 625 3315 723 major
3359 654 3615 725 iniquitas

338 725 491 774 recte
518 719 672 773 vivit.
715 719 977 776 intestino
1019 721 1369 792 depopulatur
1395 726 1571 792 patria
1615 726 1797 793 bello;
1828 730 1930 786 ho-

338 811 450 868 stili
491 811 620 867 hinc
670 813 795 869 inde
819 814 1064 869 exterius
1092 814 1321 870 ferimur
1346 816 1522 887 gladio
1550 836 1562 883 ;
1592 835 1692 875 nec
1738 822 1817 876 sic
1847 832 1929 877 ta-

335 918 464 958 men
504 903 740 959 habendi
772 913 936 976 atque
977 908 1290 977 acquirendi
1315 925 1437 965 cum
1484 914 1629 968 omni
1654 914 1929 972 molimine

335 993 447 1049 doli
494 995 724 1050 habetur
770 994 931 1062 linis;
966 999 1219 1066 quoniam
1266 999 1433 1056 veluti
1481 1004 1778 1071 Vulcanalis
1818 1006 1925 1061 olla

334 1085 452 1142 Suis
487 1098 750 1140 succensa
775 1085 1063 1151 incendiis,
1094 1102 1247 1157 mque
1282 1090 1523 1146 virorum
1552 1102 1608 1147 et
1636 1095 1925 1151 mulierum

333 1174 503 1230 corda
559 1172 927 1241 ﬂammantur,
975 1184 1033 1231 et
1080 1192 1218 1247 pene
1265 1188 1396 1235 aetas
1451 1181 1595 1236 nulla
1642 1184 1927 1255 nullusque

332 1265 477 1322 ordo
503 1267 793 1337 excipitur.
826 1268 932 1324 Pro
957 1269 1153 1338 quibus
1196 1280 1251 1325 et
1290 1272 1599 1342 hujusmodi
1628 1276 1786 1331 malis
1802 1276 1924 1346 jure

329 1355 540 1428 plangit
569 1356 828 1422 Ecclesia,
882 1358 991 1413 imo
1028 1374 1208 1415 sermo
1233 1363 1582 1433 propheticus
1624 1383 1639 1420 :
1668 1368 1922 1437 quoniam

329 1457 393 1502 et
417 1448 509 1504 illa
534 1449 731 1519 quibus
761 1450 1050 1505 damnatur
1070 1450 1325 1520 Sodoma,
1356 1456 1706 1513 crebrescunt
1733 1440 1914 1526 malai;

330 1548 393 1595 et
433 1539 541 1595 alia
575 1556 735 1611 quam
763 1541 916 1611 plura
957 1544 1196 1611 quotidie
1228 1555 1351 1615 post
1387 1548 1670 1604 innumera
1707 1552 1799 1606 Dei
1830 1552 1923 1607 be-

328 1629 526 1686 neﬁcia
559 1642 749 1688 contra
784 1634 951 1689 Deum
991 1637 1400 1694 committimus.
1431 1640 1724 1712 Propterea
1756 1644 1922 1714 igitur

330 1731 387 1776 et
438 1724 615 1794 major
672 1726 926 1795 iniquitas
970 1736 1157 1784 nostra
1201 1737 1350 1786 recte
1410 1732 1705 1803 plangitur,
1753 1750 1914 1805 quam

2033 731 2213 800 p0puli
2242 733 2378 804 ejus,
2423 743 2644 789 actuum
2701 737 2957 793 videlicet
2997 747 3052 793 et
3093 754 3340 811 operum,
3388 755 3613 814 peccato

2035 822 2395 880 Sodomorum
2417 827 2765 896 praedicatur,
2796 845 2917 899 quae
2945 846 3138 887 manus
3165 847 3271 886 non
3298 835 3525 890 miserat
3542 836 3613 892 ad

2030 912 2261 971 fructtun
2297 919 2422 975 boni
2448 922 2660 992 operis;
2694 931 2753 977 ut
2782 923 3185 994 bypocritarum
3232 928 3464 983 societas
3492 944 3613 999 qua

2030 1007 2214 1062 multis
2242 1010 2493 1066 decorata
2543 1013 2757 1069 videtur
2780 1017 3056 1083 operibus,
3108 1018 3202 1072 sed
3250 1018 3611 1088 iniquioribus

2030 1096 2209 1154 illccta
2236 1102 2404 1168 vitiis,
2435 1118 2597 1173 quam
2647 1107 2738 1176 qui
2784 1106 2837 1160 in
2891 1117 3078 1178 aperto
3126 1100 3297 1173 teneri
3356 1108 3611 1169 videntur

2025 1197 2371 1258 peccatorum
2393 1193 2726 1250 criminibus.
2760 1193 3050 1266 Pr0pterea
3075 1198 3350 1268 sequitur:

2747 1346 2889 1386 ΖΔΙΝ.

2096 1455 2438 1515 Candidiores
2475 1458 2730 1516 Nazartei
2775 1462 2892 1532 ejus
2942 1463 3076 1529 nive,
3126 1464 3401 1522 nitidiores
3448 1466 3604 1538 laete,

2024 1550 2419 1605 rubicundiores
2459 1552 2609 1607 ebore
2655 1554 2904 1624 antiquo,
2951 1555 3199 1625 sapphiro
3257 1555 3601 1626 pulchriores.

2025 1639 2375 1696 Pulchritudo
2414 1641 2818 1698 Nazarenorum
2851 1644 3148 1700 secundum
3180 1645 3425 1723 litteram
3455 1656 3603 1706 recte

2022 1730 2368 1798 describitur,
2397 1734 2613 1802 quando
2659 1735 2861 1789 candor
2885 1735 3227 1791 abstinentiae
3250 1745 3305 1794 et
3334 1746 3592 1796 venustas

329 1826 522 1869 eorum
553 1814 644 1884 qui
673 1832 779 1871 non
803 1828 1085 1887 coeperunt
1116 1820 1170 1874 in
1194 1820 1300 1877 [ide
1331 1822 1530 1879 Christi
1555 1826 1753 1897 aliquid
1786 1829 1912 1886 boni
1946 1816 1992 1877 Β
2019 1821 2199 1876 “llius
2222 1836 2431 1890 eorum,
2464 1823 2689 1879 ηίιίάίιιε
2713 1824 2853 1880 laete
2879 1826 3145 1881 candebat
3166 1826 3292 1882 Olim
3323 1828 3379 1883 in
3400 1828 3598 1898 Ρορυιο

325 1919 514 1972 agere.
544 1904 682 1962 Hinc
720 1916 775 1962 et
822 1908 1082 1979 supplicia
1128 1912 1579 1981 pertimescamus
1622 1920 1909 1987 atrociora,

323 2010 492 2064 quam
540 1997 657 2067 ejus
702 1996 872 2065 fuere,
911 2017 1032 2071 quae
1077 2002 1341 2060 subversa
1390 2014 1474 2062 est
1515 2008 1570 2063 in
1610 2022 1909 2067 momento.

323 2084 765 2145 nomentaneum
807 2106 1042 2161 namque
1071 2102 1155 2150 est
1182 2109 1343 2149 omne
1385 2099 1528 2166 quod
1560 2100 1828 2167 vivimus;
1857 2109 1912 2158 et

322 2175 451 2233 ideo
478 2179 753 2247 peccando
783 2181 1046 2249 quotidie,
1093 2184 1249 2252 quasi
1301 2186 1355 2240 in
1383 2197 1657 2247 momento
1701 2193 1769 2247 ad
1797 2207 1912 2262 pue-

322 2280 456 2321 nam
479 2267 865 2325 subvertimur.
897 2271 1166 2329 Fortassis
1186 2289 1316 2346 ergo
1340 2277 1430 2332 illa
1460 2294 1559 2349 pro
1602 2281 1714 2336 suis
1738 2284 1803 2336 ad
1830 2282 1913 2338 in-

321 2355 475 2414 feros
519 2360 720 2417 leviora
754 2362 927 2435 culpis
974 2365 1235 2436 supplicia
1271 2369 1422 2436 tulit;
1458 2388 1559 2428 nos
1586 2388 1617 2428 e
1638 2377 1911 2432 contrario

319 2448 417 2517 qui
444 2463 665 2504 manum
709 2452 775 2507 ad
807 2452 989 2519 (idem,
1019 2464 1076 2510 et
1118 2464 1244 2513 vota
1282 2457 1511 2515 fecimus
1544 2464 1735 2531 multa,
1777 2480 1907 2536 pec-

318 2539 498 2594 cando
519 2542 778 2610 quotidie,
801 2544 1070 2601 deteriora
1096 2562 1387 2618 meremur,
1422 2552 1577 2622 juxta
1603 2557 1745 2625 quod
1768 2557 1910 2629 Apo-

323 2632 500 2689 stolus
547 2633 623 2688 ait
657 2651 672 2689 :
711 2635 795 2689 An
832 2639 1000 2692 nescis
1028 2637 1183 2693 homo
1219 2643 1344 2711 quia
1374 2644 1680 2713 patientiam
1713 2647 1809 2701 Dei
1838 2649 1908 2703 ad

316 2721 675 2789 paenitentiam
724 2732 774 2778 te
798 2724 1056 2779 adducit?
1084 2725 1124 2779 Τ
1126 2727 1433 2785 hesaurisas
1472 2732 1613 2787 enim
1658 2735 1751 2788 tibi
1772 2736 1907 2789 iram

316 2813 375 2866 in
413 2813 500 2868 die
525 2812 639 2879 irae,
679 2824 728 2870 et
751 2816 1079 2873 reuelationis
1097 2819 1232 2889 justi
1265 2822 1460 2891 judicii
1482 2825 1580 2879 Dei
1606 2824 1786 2897 (Rom.
1821 2829 1903 2901 ιι).

320 2902 429 2959 Sed
459 2913 514 2959 et
544 2907 827 2963 moraliter
852 2924 1038 2965 eorum
1069 2911 1395 2985 planguntur
1434 2933 1643 2973 morum
1676 2921 1903 2988 scelera,

318 2996 413 3065 qui
438 2996 506 3051 ad
534 2998 864 3070 hypocrisim
890 3001 1164 3071 labuntur,
1191 3010 1447 3077 quoniam
1477 3012 1650 3083 major
1672 3013 1905 3071 efﬁcitur

316 3086 580 3157 iniquitas
640 3105 829 3147 eorum
878 3104 1103 3163 peccato
1154 3096 1551 3168 Sodomorum,
1604 3109 1904 3175 praesertim

2017 1911 2404 1979 etjucunditas
2431 1914 2648 1968 ruboris
2700 1914 3078 1985 resplendebat
3105 1918 3162 1971 in
3209 1916 3369 1974 facie.
3407 1917 3514 1975 Sed
3542 1918 3595 1975 in

2016 2001 2259 2056 deﬂendo
2290 2002 2519 2073 amplius
2560 2003 2830 2067 laudatur,
2857 2012 2917 2059 ut
2959 2005 3179 2062 foeditas
3206 2021 3394 2063 eorum
3426 2007 3600 2077 major

2015 2104 2293 2165 appareat,
2325 2103 2549 2166 propter
2591 2097 2873 2166 penuriam
2907 2096 3110 2163 famis;
3165 2113 3400 2168 quorum
3431 2097 3599 2155 facies

2015 2199 2177 2254 super
2204 2184 2469 2241 carbones
2519 2186 2801 2257 denigrata
2841 2186 3135 2257 plangitur,
3184 2187 3260 2245 ita
3297 2196 3356 2243 ut
3380 2187 3599 2258 agnosci

2013 2291 2120 2331 non
2148 2278 2359 2345 possint
2406 2277 2464 2331 in
2493 2278 2691 2347 plateis
2737 2293 2848 2348 prae
2874 2277 3166 2334 afﬂictione
3212 2278 3397 2334 famis.
3426 2278 3600 2336 Cate-

2012 2381 2133 2421 rum
2161 2375 2345 2422 sancta
2372 2367 2467 2423 Dei
2492 2368 2733 2423 Ecclesia
2765 2368 2929 2423 habet
2966 2367 3256 2425 Nazaraeos
3299 2384 3430 2425 suos
3465 2384 3597 2426 can-

2012 2456 2245 2511 didiores
2280 2456 2402 2511 nive
2454 2464 2511 2511 et
2549 2457 2689 2512 lacte
2731 2456 3056 2523 nitidiores;
3104 2472 3202 2527 per
3249 2471 3385 2527 quos
3432 2457 3594 2514 nimi-

2012 2564 2131 2603 rum
2167 2549 2556 2605 ahstinentium
2594 2557 2649 2605 et
2695 2548 3094 2605 continentium
3143 2549 3256 2604 vita
3295 2547 3543 2618 signatur
3574 2564 3592 2604 :

2011 2632 2129 2709 qua:
2160 2640 2282 2694 nive
2312 2640 2396 2695 vel
2422 2639 2561 2695 lacte
2586 2639 2826 2704 nitidior,
2864 2640 3058 2695 merito
3086 2639 3140 2694 in
3180 2639 3369 2695 electis
3388 2637 3593 2696 Christi

2009 2734 2354 2803 pmdicatur.
2392 2731 2493 2786 Nix
2516 2732 2661 2787 enim
2685 2746 2753 2786 ex
2787 2746 2950 2802 aqua,
2983 2746 3105 2801 quae
3131 2731 3199 2786 de
3226 2730 3477 2801 supernis
3498 2744 3591 2787 ve.
3640 2744 3647 2747 ‘

2011 2824 2129 2878 nire
2155 2824 2415 2890 cernitur,
2461 2823 2813 2891 congelatur;
2848 2822 2935 2877 lac
2980 2835 3110 2877 vero
3154 2821 3221 2877 de
3250 2834 3415 2876 carne
3444 2819 3589 2875 mul-

2010 2927 2185 2986 getur,
2218 2933 2338 2987 quae
2364 2919 2418 2972 in
2470 2917 2816 2973 inferioribus
2858 2916 3117 2973 nutritur.
3149 2914 3290 2983 Quid
3335 2928 3465 2986 ergo
3493 2927 3593 2986 per

2010 3011 2187 3066 nivem
2219 3011 2320 3065 nisi
2345 3012 2550 3066 candor
2596 3002 2722 3090 vita:
2759 3009 3019 3075 caelestis,
3047 3009 3179 3079 quid
3219 3022 3316 3079 per
3353 3007 3441 3064 lac
3483 3006 3591 3067 nisi

2013 3100 2323 3171 temporalis
2349 3101 2765 3171 dispensationis
2799 3099 3200 3157 administratio
3245 3099 3589 3155 demonstra-

318 3193 445 3236 cum
468 3182 650 3238 omnia
679 3184 773 3253 qui
804 3195 971 3256 agunt
1000 3189 1167 3244 etiam
1196 3192 1362 3259 bona,
1410 3195 1566 3265 pIena
1598 3198 1708 3253 είηι
1732 3200 1904 3270 culpis
1933 3175 1979 3239 C
2013 3192 2138 3245 tur?
2165 3191 2241 3245 ita
2272 3198 2332 3245 ut
2370 3190 2571 3246 Christi
2601 3189 2841 3246 Ecclesia
2876 3204 3002 3247 suos
3032 3189 3228 3244 habeat
3279 3186 3590 3255 Nazaraeos,

316 3274 743 3344 septempliciter
762 3277 1043 3335 daemoniis
1073 3280 1319 3338 dedicata
1346 3301 1359 3350 ;
1388 3295 1441 3340 et
1476 3286 1598 3343 ideo
1629 3288 1801 3359 major
1820 3300 1902 3348 est

319 3363 579 3435 iniquitas
602 3381 829 3439 cperum
852 3384 1040 3426 eorum
1074 3379 1237 3442 atque
1286 3389 1494 3431 morum
1542 3388 1765 3448 peccato
1798 3380 1901 3437 So-

320 3455 625 3513 domorum.
648 3458 855 3516 ldcirco
878 3460 1131 3530 quaelibet
1164 3464 1345 3519 anima
1391 3467 1492 3521 sub
1523 3469 1796 3539 hypocrisi
1826 3474 1904 3527 vi-

317 3545 411 3622 liis
440 3548 665 3619 repleta,
689 3550 813 3622 jure
834 3551 1040 3624 plangit
1061 3552 1253 3624 lugens
1278 3565 1333 3611 et
1358 3557 1489 3612 dicit
1522 3577 1535 3612 :
1569 3560 1748 3631 Major
1766 3565 1906 3619 enim

316 3637 571 3709 iniquitas
616 3640 796 3711 populi
828 3645 927 3697 mei
960 3655 1172 3714 peccato
1199 3645 1570 3703 Sodomorum.
1604 3651 1738 3718 Quia
1766 3654 1904 3710 sicut

313 3728 549 3798 populus
574 3740 762 3785 contra
809 3732 1064 3802 populum
1102 3736 1350 3805 erigitur,
1393 3738 1466 3793 ita
1495 3739 1901 3810 bypocritarum

316 3837 500 3879 mores
537 3833 593 3879 et
625 3835 780 3881 actus
819 3826 1136 3899 conﬂigunt,
1169 3838 1228 3884 ut
1272 3832 1501 3887 virtutes
1522 3834 1615 3902 qui
1636 3850 1794 3906 agere
1819 3837 1903 3891 vi-

315 3911 517 3968 dentur
537 3917 795 3981 exterius,
845 3918 1136 3988 nequiores
1175 3919 1323 3975 vitiis
1350 3920 1710 3978 Sodomorum
1756 3941 1903 3980 mm-

315 4005 618 4074 probentur
662 4007 920 4075 interius;
990 4010 1117 4078 quia
1164 4028 1282 4065 cum
1331 4013 1546 4082 spiritus
1600 4015 1903 4071 immundus

315 4100 502 4154 exierit
522 4099 588 4155 ab
613 4100 842 4167 homine,
879 4102 1112 4156 ambulat
1136 4120 1229 4172 per
1254 4103 1368 4158 loca
1391 4106 1544 4160 arida
1572 4116 1621 4160 et
1648 4107 1902 4178 inaquosa

314 4206 556 4261 querens
612 4192 839 4262 requiem
878 4201 927 4247 et
986 4209 1090 4247 non
1133 4194 1438 4260 inveniens;
1479 4204 1623 4264 tunc,
1673 4197 1846 4267 inquit
1883 4215 1897 4252 :

314 4279 568 4336 Revertar
616 4282 671 4336 in
729 4282 942 4337 domum
989 4298 1157 4337 meam
1209 4284 1347 4339 unde
1393 4286 1549 4340 exivi.
1608 4285 1741 4342 Cum
1807 4303 1902 4341 au-

316 4381 427 4427 tem
463 4372 676 4427 venerit
730 4381 786 4428 et
831 4373 1095 4428 invenerit
1133 4390 1248 4426 eam
1289 4384 1581 4441 vacantem,
1630 4388 1678 4430 et
1733 4377 1901 4448 scopis

315 4462 626 4517 mandatam
649 4472 696 4517 et
717 4472 982 4529 ornatam,
1028 4463 1169 4518 vadit
1198 4473 1247 4517 et
1280 4465 1497 4520 assumit
1540 4475 1730 4535 septem
1766 4465 1899 4521 alios

2008 3282 2098 3351 qui
2123 3282 2287 3337 ctiam
2310 3296 2406 3351 per
2431 3280 2944 3351 contemplationem
2994 3279 3163 3333 vitam
3194 3276 3474 3333 ctelestem
3496 3274 3591 3330 du-

2006 3381 2177 3437 cant;
2218 3381 2273 3427 et
2319 3387 2417 3442 per
2470 3372 2696 3428 actualis
2747 3372 2871 3426 vitae
2924 3369 3402 3439 dispensationem,
3449 3365 3590 3423 lacte

2006 3463 2287 3519 candidius
2309 3462 2377 3517 ad
2406 3461 2621 3517 laudem
2650 3462 2732 3517 sui
2753 3460 3028 3516 Creatoris
3053 3459 3347 3523 reniteant,
3378 3456 3434 3512 in
3472 3464 3591 3513 tan-

2005 3561 2117 3609 tum
2168 3552 2505 3622 plerumque,
2559 3550 2776 3624 1599
2830 3559 2891 3605 ut
2924 3549 3264 3605 continentes
3315 3546 3416 3602 viri
3474 3554 3588 3603 tam

2006 3648 2143 3700 mira
2176 3644 2438 3698 virtutum
2477 3658 2644 3714 Opera
2687 3642 2920 3706 faciant,
2964 3650 3233 3711 quatenus
3271 3636 3341 3699 ab
3366 3637 3446 3694 eis
3493 3638 3588 3708 qui

2005 3736 2279 3791 caelestem
2301 3734 2472 3789 vitam
2505 3741 2792 3789 tenuerant
2832 3732 3008 3797 multi,
3051 3732 3139 3801 qui
3192 3738 3409 3786 terrena
3449 3729 3588 3803 bene;

2004 3825 2472 3894 dispensaverant,
2498 3823 2742 3893 superari
2763 3821 3070 3879 videantur.
3096 3820 3220 3875 Ideo
3238 3817 3364 3887 jure
3388 3816 3582 3897 candif

2005 3916 2349 3980 diores—nive,
2381 3922 2436 3970 et
2456 3913 2739 3970 nitidiores
2765 3912 2908 3968 lacte
2936 3912 3171 3983 utrique.
3213 3909 3315 3979 Qui
3341 3907 3587 3982 profecto

2004 4007 2169 4062 etiam
2199 4006 2324 4077 quia
2349 4020 2448 4076 per
2471 4003 2739 4062 fervorem
2760 4002 2986 4075 spiritus
3013 4002 3364 4073 antiquorum
3387 4014 3451 4054 ac
3472 3996 3585 4055 for-

2004 4099 2142 4154 tium
2165 4107 2400 4169 patrum,
2432 4110 2820 4165 nonnunquam
2856 4094 3074 4150 vincere
3112 4093 3281 4171 vitam
3311 4090 3585 4159 videntur,

2002 4198 2152 4246 recte
2173 4188 2522 4260 adiungitur:
2555 4185 2972 4241 Rubicundiores
3005 4184 3157 4241 ebore
3184 4182 3420 4253 antiquo.
3448 4180 3586 4237 Dum

2003 4283 2148 4338 enim
2199 4280 2414 4336 ruboris
2455 4277 2797 4349 pulchritudo
2842 4274 3112 4341 laudatur,
3167 4271 3383 4329 flamma
3413 4268 3587 4328 sancti

2004 4373 2255 4431 desiderii
2283 4371 2625 4443 exprimitur.
2650 4370 2797 4425 Ebur
2819 4384 3072 4438 namque,
3098 4382 3162 4423 os
3182 4381 3303 4423 esse
3324 4363 3584 4435 elephan-

2007 4466 2076 4521 tis
2102 4480 2212 4521 non
2239 4464 2535 4537 ignoratur.
2568 4461 2674 4517 Sed
2701 4462 2827 4530 quia
2865 4461 3031 4516 ebore
3069 4459 3294 4529 antiquo
3321 4456 3607 4513 rubicuur

314 4552 532 4622 spiritus
562 4553 830 4624 nequiores
853 4569 950 4620 se;
980 4564 1028 4608 et
1051 4553 1272 4626 ingressi
1300 4555 1538 4609 habitant
1562 4531 1635 4609 ibi
1680 4554 1895 4627 (Matth.
1927 4531 1980 4590 D
2007 4556 2185 4611 diores
2234 4531 2510 4624 signanter
2554 4550 2864 4615 laudantur,
2909 4555 3059 4618 patet
3097 4545 3337 4619 profecto
3362 4558 3576 4617 sensus,

315 4642 452 4714 XIV).
484 4641 774 4713 Egreditur
800 4658 930 4714 ergo
954 4644 1177 4714 spiritus
1218 4645 1527 4700 immundus
1564 4645 1633 4699 ab
1658 4644 1894 4713 homine,

313 4736 532 4805 quando
584 4735 802 4808 λῆθε
841 4737 1147 4795 renascitur
1196 4737 1249 4791 in
1301 4736 1538 4793 Christo.
1592 4736 1900 4793 Revertitur

312 4839 443 4881 vere
479 4825 536 4882 in
558 4826 776 4883 domum
814 4840 989 4892 suam,
1038 4827 1256 4897 quando
1308 4842 1495 4882 rursus
1542 4828 1776 4882 animam
1825 4829 1896 4886 ab

314 4913 513 4975 aﬂ'ectu
539 4914 665 4970 boni
690 4916 871 4986 operis
891 4924 1174 4971 vacantem
1199 4916 1424 4981 invenit,
1456 4930 1555 4986 per
1566 4916 1894 4987 hypocrisim

314 5006 473 5083 quasi
495 5006 672 5077 scopis
693 5008 1007 5063 mandatam
1029 5023 1059 5062 a
1083 5008 1332 5064 sordibus
1352 5016 1408 5062 et
1434 5017 1680 5063 ornatam
1718 5009 1898 5079 pravis

313 5095 477 5153 simul
519 5098 824 5154 actionibus
854 5115 869 5165 ;
899 5098 974 5153 ita
1002 5106 1061 5153 ut
1107 5098 1377 5169 duplicato
1406 5114 1633 5155 numero
1661 5100 1896 5155 immun-

314 5189 509 5246 dorum
538 5192 824 5261 spirituum
854 5199 1104 5248 teneatur
1129 5193 1311 5248 anima
1356 5192 1603 5261 amplexa
1633 5208 1648 5259 ;
1679 5201 1735 5247 et
1760 5192 1894 5249 ﬁant

313 5283 612 5340 novissima
652 5284 892 5341 hominis
926 5285 1068 5342 illius
1116 5285 1302 5355 pejora
1332 5286 1622 5356 pn‘oribus.
1666 5285 1745 5340 Ex
1786 5276 1902 5356 quo.

315 5376 517 5433 talibus
563 5376 766 5448 repleta
818 5380 999 5433 anima
1048 5366 1447 5433 immundorum
1475 5378 1766 5448 spirituum
1800 5393 1895 5448 po-

312 5465 455 5537 pulis
479 5474 537 5523 et
557 5467 813 5525 vitiorum
841 5468 1100 5533 catervis,
1133 5481 1237 5522 non
1288 5467 1585 5538 incongrue
1626 5468 1890 5536 deplorat,

313 5560 459 5631 quod
488 5558 659 5631 major
686 5561 756 5616 sit
790 5560 1047 5629 iniquitas
1072 5557 1188 5629 ejus
1222 5567 1446 5628 peccato
1492 5558 1889 5627 Sodomorum;

308 5653 571 5724 quoniam
598 5651 653 5710 hi
681 5668 778 5709 uer
803 5661 1050 5724 apertum
1074 5651 1274 5708 malum
1308 5651 1361 5706 in
1409 5661 1685 5707 momento
1723 5652 1791 5706 ad
1817 5652 1896 5707 in-

311 5744 461 5828 me!
517 5744 869 5821 devenerunt,
914 5742 1019 5803 ista
1060 5756 1189 5802 vero
1235 5756 1346 5801 non
1391 5741 1572 5802 minus
1627 5740 1895 5819 simulatis

2007 4647 2132 4716 quia
2159 4644 2402 4701 nonnulli
2433 4651 2747 4699 sanctorum
2771 4654 2913 4710 saepe
2947 4647 3076 4695 ante
3102 4639 3372 4694 humanos
3397 4633 3585 4707 oculos

2006 4737 2330 4808 quibusdam
2381 4731 2808 4804 praecedentibus
2852 4730 3099 4802 patribus
3140 4728 3318 4785 studio
3367 4725 3584 4781 ferven-

2006 4830 2170 4884 tiores
2204 4827 2464 4883 existunt.
2495 4824 2570 4879 De
2595 4823 2792 4893 quibus
2826 4833 2885 4879 ut
2911 4831 3081 4878 totum
3111 4818 3270 4879 simul
3292 4816 3583 4891 pandatur,

2003 4916 2313 4989 adiungitur
2340 4934 2355 4971 :
2391 4914 2661 4985 Sapphiro
2687 4912 3057 4984 pulchriores;
3086 4907 3375 4980 sapphirus
3399 4905 3583 4975 itaque

1998 5008 2222 5064 aetherei
2247 5007 2445 5063 coloris
2472 5015 2576 5061 est.
2608 5004 2675 5060 Et
2699 5005 2825 5076 quia
2847 5002 3199 5074 precedentes
3239 4997 3438 5054 multos
3463 5010 3577 5051 non

1998 5099 2176 5154 minus
2219 5112 2314 5169 per
2358 5097 2624 5153 actualem
2676 5095 2844 5151 vitam
2879 5094 2947 5149 ad
2995 5105 3230 5164 superna
3268 5088 3575 5155 tendentes,

1997 5208 2160 5263 quam
2187 5192 2354 5247 etiam
2381 5205 2478 5262 per
2510 5189 2864 5261 inspectivam
2898 5185 3134 5242 caelestis
3173 5184 3301 5239 vita
3346 5193 3579 5245 convere:

1996 5285 2262 5341 sationem
2329 5280 2699 5353 praecedentes
2763 5276 3015 5333 videntur
3067 5275 3285 5330 vincere
3333 5267 3578 5327 Nazaraei

1999 5375 2222 5440 Christi,
2246 5372 2601 5431 ecclesiarum
2631 5370 2952 5426 meritorum
2994 5373 3290 5422 narrantur
3322 5359 3579 5434 sapphiro

1998 5466 2356 5538 pulchriores.
2382 5463 2488 5519 Sed
2517 5463 2723 5517 utinam
2756 5460 2896 5530 quod
2918 5459 2986 5515 ad
3012 5458 3264 5513 decorem
3294 5451 3499 5510 Christi
3522 5460 3578 5508 et

1997 5561 2209 5615 laudem
2238 5571 2446 5627 sponsae
2496 5554 2842 5625 praedicatur,
2885 5550 3039 5608 favor
3084 5546 3482 5641 vanae.laudis,
3519 5552 3577 5601 et

1995 5649 2239 5721 deceptio
2268 5662 2447 5719 prava:
2467 5644 2823 5700 simulationis
2848 5658 2949 5715 pro
2978 5641 3163 5698 dolore
3190 5634 3296 5695 non
3326 5634 3577 5693 obfuscae

1995 5751 2115 5815 ret;
2172 5739 2297 5814 quia
2342 5736 2658 5815 plerumque
2705 5734 2831 5791 dum
2880 5733 3140 5792 virtutum
3197 5728 3354 5809 copia
3406 5725 3572 5809 etiam
