4078 6348
505 343 648 401 1215

1323 329 1382 384 S.
1421 323 1774 382 PASCHASII
1817 317 2158 376 RADBERTI
2195 312 2484 371 ABBATIS
2519 309 2964 367 CORBEIENSIS

3624 314 3761 372 ηω

499 455 784 531 plusquam
817 445 1035 518 “pedit
1067 449 1435 515 prosperatur,
1464 440 1515 493 in
1553 436 1784 506 quadam
1818 435 1900 488 sui
1945 433 2073 486 ﬁdu~
2099 435 2150 492 Α
2175 436 2358 531 pterea
2412 444 2479 483 ex
2517 443 2612 483 sua
2655 429 2892 497 nequitia
2939 447 2998 487 se
3048 435 3340 490 emendare
3383 446 3754 498 contenmunt.

505 525 586 605 cia
612 525 766 602 mens
788 538 1073 597 adducitur
1103 553 1119 604 ;
1163 544 1218 589 et
1266 532 1406 588 male
1457 530 1677 598 decepta
1703 525 1917 597 propria
1949 539 2085 595 prae-

506 640 812 710 sumptione
846 642 1014 690 certa:
1065 637 1158 684 aut
1189 642 1339 681 vana:
1370 623 1565 687 laudis,
1601 628 1819 690 repente
1861 624 2085 710 peccato

507 707 841 802 subripiente
869 725 1111 780 fuscatur
1138 737 1152 786 ;
1182 728 1236 773 et
1267 715 1410 787 quod
1434 715 1523 781 diu
1564 711 1843 767 videbatur
1871 707 2084 761 virtuti-

505 827 610 882 bus
634 822 858 877 nitidius
882 814 1246 887 resplendere,
1284 807 1481 865 diaboli
1506 805 1783 859 fraudibus
1818 802 2083 872 deprava-

508 925 595 968 tur
621 931 633 966 :
667 910 818 968 Unde
842 915 985 964 recte
1009 901 1349 972 subjungitur
1373 897 1472 951 sub
1493 895 1632 950 lleth
1656 893 1832 946 littera
1856 904 1870 942 :

1218 1011 1380 1050 llE’l‘ll.

581 1097 869 1165 Denigrata
894 1100 970 1148 est
1001 1106 1158 1160 super
1182 1089 1430 1142 carbones
1457 1083 1617 1152 facies
1645 1095 1823 1135 eorum
1847 1095 1866 1144 ;
1895 1087 1942 1132 et
1982 1092 2086 1131 non

509 1199 630 1245 sunt
657 1188 848 1258 cogniti
875 1188 928 1239 in
953 1184 1158 1254 plateis.
1205 1177 1438 1232 Adha'sit
1465 1176 1598 1228 cutis
1633 1189 1809 1228 eorum
1839 1171 2038 1225 ossibus
2065 1186 2084 1234 ,°

511 1282 652 1336 aruit
679 1289 726 1333 et
758 1279 899 1347 facta
937 1285 1009 1330 est
1038 1274 1190 1344 quasi
1216 1271 1434 1340 lignum.
1469 1267 1617 1338 Nigri
1656 1282 1784 1336 ergo
1813 1274 1933 1334 post
1963 1279 2089 1318 can-

513 1373 698 1428 dorem
724 1371 858 1424 ﬁunt
889 1387 901 1422 :
939 1367 1063 1436 quia
1087 1365 1282 1419 emissa
1309 1361 1402 1415 Dei
1422 1358 1657 1428 justitia,
1685 1374 1805 1412 cum
1835 1374 1944 1411 sua:
1967 1355 2084 1410 lau-

512 1466 597 1522 dis
619 1466 857 1521 favorem
888 1471 1156 1532 qumrunt,
1191 1467 1282 1512 aut
1322 1471 1443 1510 cum
1497 1455 1561 1508 de
1611 1469 1668 1508 se
1717 1451 1854 1507 male
1892 1466 2088 1520 praesu-

513 1565 690 1620 munt,
726 1553 791 1608 ad
817 1568 879 1608 ea
909 1553 1070 1606 etiam
1094 1564 1212 1618 quae
1241 1563 1346 1602 nun
1380 1544 1707 1613 intelligunt,
1747 1557 1920 1612 neque
1950 1556 2088 1609 pran-

513 1647 696 1701 videre
742 1652 964 1714 queunt,
1019 1648 1239 1711 peccata
1286 1636 1623 1691 delabuntur.
1681 1635 1747 1687 Et
1791 1634 1919 1703 quia
1968 1639 2088 1702 post

512 1753 755 1792 amarum
812 1736 988 1805 ignem
1020 1732 1084 1786 ad
1128 1730 1296 1798 frigus
1322 1728 1582 1798 corporis,
1635 1726 1716 1780 vel
1750 1726 1911 1779 etiam
1967 1733 2087 1792 post

2188 520 2322 576 l-linc
2353 537 2564 593 quoque
2609 522 2917 595 adjungitur
2956 541 2970 583 :
3011 526 3162 583 Aruit
3231 540 3279 585 et
3318 532 3460 602 facta
3507 546 3581 590 est
3611 538 3766 607 quasi

2186 611 2403 682 lignum.
2436 608 2603 684 Culpa
2631 615 2827 686 quippe
2857 633 3043 674 eorum
3071 629 3219 678 tanto
3249 624 3614 686 insensibilior
3640 635 3769 690 red-

2187 704 2350 770 ditur,
2379 717 2580 774 quanto
2605 709 2744 777 apud
2769 724 2862 765 eos
2889 712 3052 768 etiam
3091 731 3153 772 ac
3177 717 3224 772 si
3253 734 3380 775 vera
3424 724 3599 779 virtus
3651 727 3770 782 lano

2187 797 2377 889 dabilis
2425 800 2670 856 habetur.
2718 802 2888 870 Quam
2935 818 3081 863 recte
3130 827 3254 867 mox
3289 815 3494 870 aridam
3545 822 3769 889 asserit,

2186 888 2311 957 quia
2372 890 2515 943 nulla
2568 907 2707 946 verae
2761 895 2977 950 virtutis
3024 900 3197 969 gratia
3248 903 3396 960 intus
3445 888 3767 972 viridescit:

2187 981 2280 1034 sed
2327 979 2468 1035 facta
2516 982 2785 1053 plangitur
2829 988 2980 1056 quasi
3025 989 3245 1061 lignum.
3299 994 3436 1052 Hinc
3494 1017 3626 1060 Sane
3683 1016 3773 1063 est

2188 1074 2334 1170 quod.
2359 1076 2596 1170 nonnulli
2637 1093 2666 1130 a
2704 1081 2964 1146 proximis
3001 1085 3127 1139 dum
3151 1090 3516 1160 corrigunt—ur,
3552 1097 3768 1170 1501

2189 1165 2336 1232 quasi
2408 1165 2612 1236 lignum
2681 1169 3027 1230 insensibiles
3085 1193 3405 1249 remanent,
3472 1165 3643 1258 atque
3669 1165 3772 1250 val)

2187 1257 2334 1311 omni
2363 1259 2539 1314 virore
2573 1263 2760 1331 gratiae
2809 1265 2990 1329 alieni,
3026 1269 3170 1325 intus
3197 1286 3469 1332 arescunt.
3523 1257 3677 1347 Quod
3717 1296 3776 1342 et

2189 1363 2330 1418 saepe
2382 1351 2460 1405 eis
2486 1354 2728 1423 contigit,
2761 1357 2852 1424 qui
2907 1359 3098 1415 altiora
3155 1380 3214 1420 se
3253 1381 3512 1438 appetunt
3543 1385 3597 1430 et
3623 1378 3778 1436 intus

2188 1444 2448 1500 bonorum
2473 1450 2766 1515 consortia,
2813 1456 2966 1521 quasi
3013 1456 3149 1512 bona
3181 1460 3417 1519 habeant
3460 1483 3648 1538 opera,
3673 1489 3778 1529 oc—

2189 1539 2330 1592 culte
2359 1540 2504 1594 vitiis
2525 1542 2853 1597 deserviunt.
2883 1545 3126 1604 Candent
3154 1553 3370 1620 quidem
3392 1562 3634 1618 exterius
3649 1566 3779 1623 nive

2190 1625 2488 1696 pulchrius,
2520 1641 2573 1684 et
2600 1631 2737 1687 lacte
2765 1637 3048 1692 candidius
3074 1656 3088 1704 ;
3122 1644 3217 1698 sed
3255 1649 3589 1706 conscientia
3625 1653 3781 1712 vitiis

2191 1717 2464 1787 deuigrata
2501 1732 2604 1785 est,
2632 1738 2696 1777 eo
2751 1728 2892 1795 quod
2939 1744 3152 1786 onmem
3188 1736 3423 1793 calorem
3459 1740 3555 1797 Dei
3610 1747 3780 1801 ardo-

512 1829 801 1884 candorem
832 1795 954 1880 ξηπ
1006 1825 1072 1878 ad
1116 1821 1388 1893 ignaviam
1437 1837 1587 1874 vam,
1630 1819 1806 1872 laudis
1839 1817 2084 1882 νεηίυηι,
2119 1795 2163 1856 Β
2191 1823 2408 1877 remque
2430 1811 2573 1864 intus
2595 1815 2864 1871 amittunt.
2899 1817 2996 1884 Qui
3027 1823 3164 1878 bene
3191 1840 3221 1879 a
3248 1831 3695 1896 prudentioribus
3721 1838 3782 1892 in

512 1938 617 1976 non
643 1919 912 1974 immerito
932 1916 1100 1971 facies
1126 1931 1315 1969 eorum
1331 1913 1615 1968 exstinctis
1649 1911 1976 1966 carbonibus
2004 1911 2090 1964 ni-

512 2011 657 2081 grior
683 2017 1044 2077 comparatur.
1097 2004 1388 2072 Propterea
1445 2002 1608 2073 igitur
1647 2001 1730 2053 via
1785 2000 1928 2070 regia
1968 2016 2091 2069 gra-

510 2101 762 2155 diendum
795 2107 908 2162 est;
941 2106 996 2151 et
1015 2096 1334 2164 Scriptura:
1369 2092 1452 2147 Ne
1494 2094 1587 2156 sis,
1641 2091 1833 2161 inquit,
1871 2091 2088 2144 nimium

504 2196 702 2266 justus.
759 2191 895 2258 Quia
947 2189 1212 2261 profecto,
1269 2189 1396 2242 dum
1437 2187 1655 2256 quidam
1707 2198 2088 2253 nonnunquam

515 2283 728 2354 1500
754 2282 845 2336 Dei
879 2282 1127 2336 timorem
1159 2295 1226 2334 ex
1256 2278 1336 2333 sui
1371 2277 1564 2331 ﬁducia
1592 2284 1976 2345 praesumentes
2000 2275 2090 2327 de-

508 2384 717 2439 serunt,
749 2375 913 2428 etiam
944 2372 1154 2444 frigidis
1189 2370 1461 2426 mentibus
1492 2369 1796 2439 frigidiores
1826 2368 1980 2421 ﬁunt.
2013 2369 2090 2421 De

508 2467 702 2535 quibus
732 2473 882 2519 recte
907 2464 1155 2519 subditur
1180 2481 1192 2515 :
1220 2459 1287 2515 Et
1312 2479 1414 2514 non
1435 2470 1555 2514 sunt
1579 2459 1772 2528 cogniti
1798 2459 1851 2512 in
1881 2457 2086 2527 plateis.

507 2558 690 2613 Platea
719 2557 915 2626 quippe
939 2572 968 2609 a
993 2554 1184 2609 Graeco
1214 2568 1463 2608 sermone
1492 2551 1740 2614 veniens,
1780 2565 1878 2619 pro
1909 2549 2090 2602 latitu-

509 2651 633 2706 dine
661 2649 942 2720 praesentis
985 2648 1108 2702 vitae
1146 2647 1362 2701 dicitur.
1395 2643 1534 2711 Quid
1579 2658 1706 2697 vero
1731 2651 1813 2696 est
1843 2643 2090 2696 humana:

508 2741 708 2796 mentis
753 2739 1032 2810 angustius
1099 2752 1262 2807 quam
1303 2735 1612 2790 voluntates
1642 2733 1892 2803 proprias
1920 2733 2085 2786 abne-

507 2849 657 2905 gare,
685 2833 952 2888 desideria
979 2833 1159 2886 carnis
1187 2831 1457 2900 frangere,
1494 2828 1693 2883 nullius
1724 2827 1896 2881 laudis
1917 2826 2088 2896 gratia

505 2925 593 2979 vel
628 2924 962 2994 deceptionis
993 2922 1183 2992 ajusto
1219 2931 1272 2976 et
1316 2928 1464 2975 recto
1504 2917 1810 2974 deflectere?
1843 2919 1916 2971 De
1937 2915 2089 2985 cujus

507 3015 763 3070 nimirum
815 3015 936 3068 vitae
991 3014 1236 3082 ingressu
1286 3009 1501 3084 Veritas
1545 3009 1721 3064 dicit:
1753 3007 1956 3062 Intrate
1998 3023 2090 3076 per

508 3114 782 3176 angustam
811 3114 1014 3174 portam
1057 3102 1247 3174 (Eccli.
1291 3102 1427 3172 xu).
1459 3101 1567 3156 Sed
1593 3100 1718 3170 quid
1741 3099 1904 3154 latius
1923 3115 2085 3169 quam

2192 1899 2382 1969 plateis
2418 1919 2521 1958 non
2546 1914 2671 1960 sunt
2689 1910 2875 1978 agniti,
2908 1913 3033 1980 quia
3060 1915 3184 1969 dum
3214 1933 3312 1987 per
3341 1923 3509 1977 latam
3542 1926 3693 1982 intus
3723 1937 3784 1984 et

2193 1993 2564 2062 voluptuosam
2594 1999 2715 2053 vitae
2746 2001 2885 2055 viam
2915 2005 3336 2074 ambulant,non
3364 2028 3781 2085 cognoscuntur

2191 2087 2492 2182 esse-quod
2536 2105 2594 2145 se
2618 2091 2843 2163 ﬁngunt.
2874 2095 2979 2150 Sed
3010 2099 3147 2154 aridi
3187 2103 3420 2173 Spiritus
3441 2113 3615 2166 sancti
3647 2129 3782 2182 gra-

2195 2176 2266 2230 tia
2315 2178 2682 2246 inveniuntur,
2727 2186 2816 2254 qui
2847 2202 2971 2241 cum
3004 2195 3240 2262 correpti
3275 2213 3305 2250 a
3335 2199 3447 2254 suis
3476 2203 3562 2256 vel
3588 2176 3782 2261 inere-

2192 2268 2302 2338 pati
2335 2269 2556 2338 fuerint,
2591 2283 2740 2329 tanto
2791 2277 3220 2340 iusensibiliores
3256 2297 3314 2342 ut
3366 2291 3568 2362 lignum
3625 2296 3785 2352 inve-

2193 2362 2431 2429 niuntur,
2457 2375 2658 2434 quanto
2687 2370 2950 2428 aridiores
2980 2375 3123 2432 intus
3158 2378 3378 2449 fuerint,
3407 2395 3462 2438 et
3504 2389 3784 2446 occultius

2191 2467 2417 2521 peccare
2463 2457 2780 2526 probantur.
2815 2461 3183 2535 Dedignantur
3218 2471 3383 2542 igitur
3409 2477 3555 2533 aliud
3601 2481 3784 2538 videri

2191 2560 2353 2614 quam
2383 2550 2525 2616 quod
2574 2566 2633 2605 se
2678 2552 2922 2623 ﬁngunt:
2955 2561 3096 2615 unde
3140 2571 3195 2617 et
3246 2567 3662 2628 rubicundiores
3714 2591 3785 2632 se

2186 2637 2391 2730 jactant
2412 2641 2574 2696 ebore
2603 2646 2845 2716 antiquo,
2877 2650 3083 2707 scilicet
3109 2659 3312 2714 sanctis
3338 2665 3784 2730 praecedentibus

2191 2726 2379 2782 electis
2433 2731 2728 2800 meliores;
2759 2745 2921 2807 atque
2964 2743 3167 2798 eisdem
3208 2726 3353 2804 inter
3398 2768 3492 2809 eos
3520 2757 3614 2826 qui
3655 2758 3782 2828 jam

2193 2819 2468 2921 caelestem
2499 2824 2704 2881 ducunt
2737 2830 2900 2885 vitam
2926 2834 3296 2905 pulchriores;
3330 2859 3437 2913 quo
3479 2819 3783 2921 longe-diu

2192 2909 2428 3007 indurati
2479 2915 2823 2987 impudentia:
2869 2928 3179 2995 supercilio,
3209 2909 3363 3002 quasi
3410 2909 3615 3007 lignum
3645 2957 3779 3007 are:

2191 3001 2340 3102 facti,
2388 3005 2726 3066 insensibiles
2772 3013 2917 3069 intus
2973 3017 3129 3074 ﬁunt.
3189 3022 3338 3081 Unde
3383 3001 3781 3102 nonnunquam

2191 3091 2353 3148 nullis
2400 3097 2734 3166 verberibus,
2796 3103 2956 3160 nullis
2997 3114 3448 3181 correptionibus,
3501 3091 3783 3192 nullisque

509 3200 672 3256 nullis
711 3201 894 3256 subire
929 3199 1155 3272 legibus,
1196 3199 1537 3270 propriisque
1577 3197 1848 3252 deservire
1895 3195 2084 3250 νοιυη-
2111 3180 2157 3243 C
2189 3185 2509 3260 terroribus,
2538 3198 2593 3243 et
2619 3192 2779 3248 nullis
2801 3200 3211 3264 persuasionum
3249 3221 3344 3262 seu
3370 3180 3778 3271 blandimento-

508 3292 726 3356 tatibus,
757 3301 813 3346 et
854 3291 1014 3346 nullis
1041 3291 1262 3347 obviare
1301 3289 1654 3360 impulsibus?
1702 3287 1951 3357 Alioquin
1983 3285 2084 3341 nisi

509 3382 645 3437 tales
699 3397 798 3438 sua
839 3392 1168 3452 quaererent,
1215 3398 1491 3454 nunquam
1524 3382 1688 3437 tantis
1714 3381 1952 3436 decorati
1981 3381 2086 3435 vir-

507 3473 713 3529 tutibus
761 3473 815 3528 in
844 3473 1050 3543 plateas
1092 3475 1458 3530 devenissent.
1504 3472 1811 3528 Platearum
1853 3486 2086 3540 namque

506 3562 739 3622 latitudo
764 3580 951 3621 eorum
983 3576 1089 3634 est,
1135 3567 1228 3636 qui
1277 3583 1374 3622 sua
1406 3574 1675 3635 quaerunt,
1705 3573 1760 3619 et
1809 3565 1875 3618 ad
1906 3565 2085 3619 omnia

506 3669 568 3711 se
599 3654 909 3713 defendunt.
950 3655 1160 3712 Idcirco
1196 3656 1250 3710 hi
1279 3671 1384 3710 non
1413 3664 1541 3710 sunt
1569 3655 1771 3726 cogniti
1799 3654 1852 3707 in
1883 3654 2086 3709 eisdem

506 3748 736 3820 plateis;
779 3749 906 3818 quia
959 3764 1066 3804 non
1116 3757 1241 3805 sunt
1281 3749 1375 3819 qui
1421 3748 1762 3809 videbantur,
1817 3763 1959 3812 cum,
1993 3746 2086 3800 Dei

502 3836 650 3908 justo
677 3838 883 3908 judicio
919 3839 1264 3910 inspiciente,
1295 3839 1510 3910 reprobi
1561 3839 1927 3893 inveniuntur.
1984 3837 2085 3904 Qui

509 3942 639 4000 ergo
666 3943 765 3999 per
810 3929 1061 3986 ﬁduciam
1101 3929 1408 3984 sanctitatis
1459 3930 1758 3999 postposito
1804 3927 2085 3982 meliorum

501 4017 706 4090 judicio
728 4021 1031 4077 voluntates
1053 4022 1302 4093 proprias
1328 4033 1647 4091 sequuntur,
1671 4023 1823 4092 quasi
1857 4037 1956 4092 per
1976 4020 2088 4090 pla-

506 4116 624 4166 teas
657 4121 910 4182 pergunt,
940 4113 1033 4167 sed
1075 4129 1181 4168 non
1211 4122 1337 4167 sunt
1384 4113 1580 4182 cogniti
1620 4113 1673 4166 in
1701 4113 1930 4182 plateis:
1959 4112 2086 4180 quia

507 4199 576 4254 de
597 4197 709 4254 vita
743 4214 840 4256 sua
874 4209 934 4254 ut
961 4201 1106 4257 aliud
1151 4201 1516 4263 ostenderent,
1549 4203 1763 4270 quando
1792 4201 2088 4269 frangendo

505 4288 815 4347 voluntates
843 4293 1114 4363 proprias,
1149 4293 1203 4348 in
1234 4302 1462 4364 angusto
1491 4294 1626 4349 calle
1654 4310 1713 4349 se
1738 4295 2043 4349 retinebant
2070 4335 2085 4361 ,

507 4381 654 4439 aliud
672 4399 804 4441 vero
829 4401 952 4443 cum
982 4388 1050 4444 de
1089 4404 1150 4445 se
1176 4398 1592 4458 praesumentes,
1642 4397 1763 4458 post
1799 4388 1883 4443 sui
1908 4386 2087 4442 cordis

505 4473 864 4532 intentionem
893 4475 1194 4534 ﬁducialius
1227 4479 1452 4534 vadunt.
1485 4477 1638 4534 Unde
1659 4479 1903 4548 sequitur
1932 4496 1943 4532 :
1972 4477 2083 4531 Ad-

507 4567 658 4622 Iuesit
685 4569 820 4623 cutis
845 4586 1028 4625 eorum
1053 4571 1276 4627 ossibus.
1319 4571 1456 4639 Quid
1488 4587 1584 4643 per
1601 4586 1724 4628 ossa
1755 4571 1859 4626 nisi
1889 4570 2087 4626 duritia

506 4653 840 4715 fortitudinis
880 4659 1233 4732 designatur?
1274 4661 1404 4733 quid
1434 4677 1532 4732 per
1559 4670 1738 4716 cutem
1776 4661 1879 4716 nisi
1911 4659 2086 4715 molli-

508 4748 615 4815 ties
667 4759 869 4807 nostra:
938 4752 1271 4809 infirmitatis
1326 4752 1688 4822 exprimitur?
1736 4751 1889 4808 Cutis
1957 4765 2089 4823 ergo

509 4838 787 4897 adhaerere
813 4841 1030 4898 ossibus
1055 4843 1272 4905 dicitur,
1295 4841 1420 4912 quia
1460 4843 1527 4896 ab
1556 4843 1634 4897 eis
1657 4857 1823 4912 prave
1853 4841 2090 4897 sentien-

505 4927 672 4993 tibus,
706 4928 994 4987 inﬁrmitas
1021 4931 1276 4988 vitiorum
1330 4931 1530 4986 duritia
1569 4931 1791 4986 virtutis
1831 4937 2085 5000 putatur;

506 5017 593 5072 vel
633 5019 795 5074 etiam
841 5021 967 5092 quia
998 5021 1138 5078 cutis
1183 5023 1364 5078 omnia
1415 5021 1672 5077 interiora
1723 5020 2086 5091 circumtegit,

508 5117 657 5164 recte
700 5111 914 5168 ossibus
965 5115 1242 5170 adhaerere
1291 5115 1508 5182 dicitur,
1567 5115 1694 5169 dum
1737 5113 1916 5168 omnia
1969 5127 2089 5182 quae

508 5201 749 5258 exterius
775 5216 1036 5274 geruntur
1060 5207 1206 5264 intus
1229 5206 1506 5263 favoribus
1531 5222 1685 5263 vana:
1713 5205 1888 5260 laudis
1933 5203 2086 5273 quasi

509 5292 728 5347 ossibus
746 5295 1064 5368 junguntur.
1090 5299 1268 5355 Haeret
1288 5315 1521 5370 namque
1541 5299 1682 5354 cutis
1702 5299 1936 5364 ossibus,
1961 5298 2088 5352 dum

509 5383 748 5442 adulatio
778 5405 876 5458 pro
898 5391 1060 5447 rebus
1085 5395 1323 5448 exterius
1361 5395 1498 5449 bene
1524 5393 1692 5462 gestis
1713 5392 1856 5446 intus
1877 5391 2088 5446 virtuti-

512 5475 614 5532 bus
633 5479 892 5534 sociatur.
931 5481 1134 5548 Quibus
1165 5486 1237 5538 ita
1267 5483 1592 5553 conjunctis,
1623 5498 1833 5539 merces
1858 5498 2085 5538 evacua-

508 5575 629 5635 tur;
676 5571 802 5625 dum
828 5582 882 5627 et
911 5573 1122 5630 inﬁrma
1149 5586 1274 5632 sunt
1294 5592 1413 5646 quae
1444 5577 1670 5644 faciunt,
1700 5587 1861 5647 atque
1889 5577 2089 5630 elatio-

508 5662 594 5715 nis
628 5661 820 5720 fiducia
851 5666 1079 5738 decepti,
1127 5669 1444 5726 fortioribus
1493 5674 1556 5727 de
1605 5689 1663 5728 se
1692 5671 2087 5743 suspicionibus

515 5750 884 5814 blandiuntur.
923 5760 1076 5818 Unde
1097 5764 1222 5834 quia
1257 5781 1448 5836 magna
1479 5769 1546 5823 de
1584 5783 1640 5822 se
1669 5769 1928 5834 sentiunt,
1961 5781 2088 5836 pro-

2113 4529 2164 4590 D

2191 3292 2308 3370 rum
2355 3277 2604 3350 alloquiis
2638 3289 3033 3358 emendantur,
3065 3295 3161 3349 sed
3207 3311 3422 3370 semper
3471 3304 3780 3366 deteriores

2190 3369 2344 3464 fiunt.
2387 3370 2525 3438 Quid
2545 3379 2856 3435 etmoribus
2880 3397 3068 3439 eorum
3095 3389 3187 3455 qui
3217 3369 3335 3444 sub
3364 3392 3642 3464 hypocrisi
3671 3399 3778 3454 ho-

2189 3461 2426 3558 nestiora
2461 3466 2716 3558 virtutum
2759 3480 2923 3540 atque
2961 3478 3230 3548 prmeipua
3257 3461 3578 3541 meritorum
3603 3503 3778 3558 opera

2181 3553 2392 3649 jactant
2421 3572 2478 3611 se
2519 3557 2737 3626 habere,
2769 3563 2906 3619 bene
2941 3579 3246 3640 congruunt
3285 3575 3498 3646 utrique
3539 3553 3774 3649 versus;

2189 3647 2316 3713 quia
2341 3648 2465 3702 dum
2499 3653 2754 3721 sapphiro
2775 3656 3082 3725 pulchriora
3111 3665 3351 3722 exterius
3379 3683 3601 3726 suorum
3628 3647 3778 3729 tacta

2188 3751 2408 3830 operum
2436 3752 2728 3811 ostentant,
2755 3748 2897 3805 intus
2914 3753 3095 3808 omnia
3115 3770 3325 3813 morum
3341 3773 3688 3830 ornamenta,
3718 3775 3778 3821 et

2189 3827 2423 3898 nigriora
2476 3835 2812 3925 carbonibus
2848 3881 2864 3907 ,
2947 3852 3005 3900 et
3073 3858 3285 3906 mortua
3325 3853 3532 3924 jaceat.
3621 3827 3771 3925 Quo-

2190 3933 2308 3973 rum
2360 3923 2609 4018 arefacta
2680 3939 2762 3985 est
2811 3933 2984 3991 virtus
3023 3977 3039 4002 ,
3106 3949 3161 3995 et
3214 3951 3274 3997 ut
3326 3944 3568 4018 lignum,
3631 3923 3767 4005 cun-

2190 4011 2403 4110 ctaJeis
2439 4013 2557 4110 sine
2603 4015 2793 4110 fructui
2834 4025 3106 4091 putribilia
3136 4030 3342 4100 jaceat,
3369 4011 3561 4106 neque
3593 4048 3774 4110 potest

2190 4103 2391 4196 sentire
2412 4103 2591 4196 apima
2614 4107 2754 4172 talis,
2771 4109 2919 4167 falsis
2944 4113 3166 4187 decepta
3190 4103 3485 4190 coloribus,
3508 4103 3770 4196 quantum

2189 4187 2335 4292 intus
2360 4207 2391 4245 a
2431 4192 2540 4250 Deo
2593 4201 2818 4266 przecisa
2861 4203 3191 4266 insensibilis
3234 4209 3437 4281 jaceat.
3472 4187 3647 4276 unde
3681 4233 3772 4278 se—

2189 4289 2372 4348 quitur
2394 4299 2410 4337 :

2899 4382 3063 4424 ‘I'B'l‘l.

2260 4467 2450 4568 Melius
2476 4471 2577 4568 fuit
2617 4478 2800 4536 occisis
2829 4480 3029 4552 gladio,
3072 4503 3230 4557 quam
3269 4491 3553 4564 interfectis
3581 4498 3724 4568 fame
3751 4515 3774 4557 :

2187 4561 2437 4650 quoniam
2461 4564 2551 4619 siti
2572 4569 2940 4640 extabuerunt,
2955 4581 3247 4650 consumpti
3261 4599 3292 4635 a
3306 4561 3772 4646 sterilitate-terrm.

2191 4647 2561 4742 Qui'profecto
2576 4671 2785 4726 versus,
2813 4664 2947 4720 satis
2989 4647 3225 4725 maxima
3252 4671 3307 4727 in
3335 4674 3423 4729 illa
3453 4676 3644 4734 ultima
3673 4681 3776 4737 ob-

2190 4742 2420 4838 sidione,
2445 4744 2644 4804 Judazis
2677 4756 2928 4823 congruit
2954 4771 3116 4828 quam
3147 4761 3318 4820 levius
3358 4765 3528 4826 fuisse
3571 4772 3776 4838 occisis

2192 4832 2370 4904 gladio
2411 4839 2700 4908 probatur;
2729 4843 2856 4900 dum
2879 4847 3002 4905 vitae
3031 4851 3370 4922 dispendium
3407 4859 3462 4914 in
3495 4832 3776 4920 momento

2192 4923 2428 5024 tulerunt
2454 4931 2553 4985 sub
2582 4932 2691 4988 ictu
2716 4935 2876 5006 gladii
2923 4955 3083 5009 quam
3119 4945 3417 5006 interfectis
3462 4951 3626 5018 fame,
3676 4955 3775 5024 qui

2190 5018 2481 5088 diuturnis,
2505 5034 2666 5094 atque
2688 5029 2990 5087 acrioribus
3017 5037 3347 5096 cruciatibus
3362 5053 3593 5099 mortem
3615 5018 3775 5100 susti-

2191 5121 2444 5177 nuerunt,
2475 5117 2744 5186 variisque
2766 5120 2942 5176 affecti
2965 5127 3240 5196 suppliciis
3267 5130 3358 5185 siti
3385 5135 3770 5201 extabaerunt,

2191 5210 2244 5299 et
2261 5218 2287 5254 a
2303 5205 2542 5299 quolibet
2561 5223 2844 5278 pmnarum
2864 5217 3074 5289 1502
3087 5236 3282 5292 genere
3302 5235 3428 5282 sunt
3441 5231 3767 5299 consumpti.

2189 5293 2358 5351 Porro
2398 5298 2597 5354 Christi
2646 5303 2889 5363 Ecclesia
2931 5309 3202 5368 feliciores
3216 5313 3426 5383 judicat
3450 5293 3773 5378 interfectos

2194 5386 2373 5456 gladio
2406 5391 2554 5445 verbi
2580 5391 2696 5460 Dei,
2718 5410 2878 5465 quam
2903 5400 3209 5460 interfectos
3230 5404 3392 5473 fame,
3420 5413 3673 5479 quoniam
3714 5412 3771 5466 bi

2195 5480 2263 5578 ad
2295 5481 2394 5536 hoc
2421 5485 2756 5552 perimuntur
2783 5502 2840 5546 ut
2862 5494 3065 5563 vivant,
3099 5498 3171 5554 illi
3198 5516 3329 5557 vero
3352 5503 3522 5574 culpis
3551 5507 3776 5578 exigen-

2193 5571 2337 5670 tibus
2367 5590 2771 5648 consumentur,
2813 5593 2870 5638 ut
2916 5589 3201 5646 intereant.
3248 5595 3400 5652 Unde
3434 5571 3588 5668 rogat
3626 5571 3775 5670 Ᾰρο-

2193 5662 2362 5758 stolus
2382 5681 2657 5726 assumere
2680 5677 3026 5741 [armaturam
3056 5683 3168 5746 Dei,
3206 5694 3261 5741 et
3285 5662 3522 5758 gladium
3546 5662 3776 5758 spiritus

2193 5754 2386 5825 inquit,
2420 5762 2563 5829 quod
2587 5774 2671 5820 est
2705 5768 2927 5826 verbum
2971 5773 3064 5829 Dei
3105 5754 3326 5847 (Ephes'
3352 5779 3454 5853 δί).
3491 5754 3609 5847 Quo
3637 5795 3772 5852 pro-
