4078 6348
215 243 356 302 1217

889 232 1250 293 EXPOSITIO
1286 232 1355 290 1N
1391 229 1974 292 LAMENTATIONES
2011 233 2346 292 JEREMIE.
2384 265 2457 278 —
2492 233 2624 291 LIB.
2660 233 2751 294 IV.

3347 236 3494 293 1218-

213 357 364 414 ιθοιο
389 351 567 425 gladio
588 350 726 406 bene
752 348 1094 418 perimuntur
1122 347 1295 404 sancti
1321 356 1375 402 et
1403 346 1561 403 electi
1598 347 1712 411 Dei,
1745 355 1805 402 ut
1829 349 1882 409 Α
1907 347 2134 417 singulis
2163 349 2356 408 suis.in
2379 349 2630 404 domibus
2655 356 2850 420 parant
2875 348 3141 416 convivia,
3187 356 3246 404 ut
3271 365 3340 408 ex
3369 366 3490 407 om-

213 446 524 506 moriantur
569 439 788 504 saaculo,
832 446 888 493 et
917 438 1105 492 vivant
1132 438 1261 493 Deo.
1296 437 1404 492 Sed
1433 437 1563 508 quia
1591 436 1800 507 gladius

213 539 313 596 Dei
350 534 535 591 multis
559 533 614 587 in
640 531 772 586 locis
803 529 1034 586 diversis
1071 530 1424 585 adumbratur
1452 529 1801 599 signiﬁcatio-

212 633 396 697 nibus,
431 625 710 698 eligendus
732 633 816 679 est
837 623 946 688 ille,
979 639 1087 694 quo
1113 623 1400 692 perimitur
1427 638 1594 687 mors,
1628 630 1687 676 ut
1710 636 1797 676 se-

213 732 417 799 quatur
444 722 595 786 vita;
627 727 683 773 et
711 733 814 773 non
848 717 958 782 ille,
989 717 1082 786 qui
1108 715 1537 786 praeciditvitam
1567 716 1619 768 in
1649 723 1801 769 aeter-

211 830 369 880 num,
387 819 447 867 ut
481 809 746 866 moriatur
768 808 969 862 anima.
1000 805 1152 862 Unde
1180 805 1438 860 Dominus
1466 805 1518 858 in
1539 803 1796 861 Cantico:

211 901 286 961 Et
341 903 550 976 gladius
598 917 774 966 meus,
828 898 1037 968 inquit,
1089 897 1378 952 inebriatus
1431 906 1506 950 est
1566 898 1622 950 in
1672 896 1798 950 cazlo

210 994 382 1069 (Gen.
410 992 528 1063 tu).
577 990 684 1046 Sed
729 999 784 1045 et
830 990 1103 1058 romphaea
1143 987 1411 1042 versatilis
1441 996 1602 1057 atque
1650 986 1802 1041 flam—

210 1100 355 1150 mea,
389 1091 516 1137 ante
542 1079 851 1153 paradisum
884 1079 1057 1149 posita
1090 1119 1106 1144 ,
1134 1077 1203 1132 ad
1225 1077 1628 1133 custodiendam
1658 1078 1799 1149 viam

209 1174 343 1246 ligni
368 1174 516 1240 vitae,
548 1187 648 1228 nec
675 1187 782 1226 non
829 1179 884 1225 et
910 1186 1007 1241 per
1033 1170 1349 1241 prophetam
1378 1183 1563 1222 mucro
1588 1169 1801 1224 Domini

207 1267 352 1322 bene
397 1265 619 1319 limatus
645 1271 700 1318 et
749 1271 1010 1317 exacutus
1051 1261 1266 1325 dicitur,
1303 1269 1358 1315 et
1387 1269 1606 1330 propter
1641 1261 1799 1315 saevi-

209 1359 342 1414 tiam
400 1356 820 1412 interfectionis.
854 1355 1165 1424 Quousque,
1218 1354 1412 1424 inquit,
1455 1369 1559 1408 non
1620 1368 1804 1408 rever-

211 1449 429 1520 terisin
457 1449 708 1519 vaginam
739 1447 928 1502 tuam?
968 1444 1102 1500 Nam
1129 1453 1184 1500 et
1218 1445 1400 1498 Maria:
1429 1444 1666 1498 animam
1692 1444 1802 1516 gla-

211 1543 331 1600 dius
343 1540 734 1613 pertransisse,
751 1540 963 1594 dicente
989 1538 1234 1603 Domino,
1253 1537 1522 1592 creditur:
1540 1535 1607 1589 Et
1631 1545 1800 1600 tuam,

209 1635 410 1705 inquit,
438 1634 602 1704 ipsius
633 1633 864 1687 animant
890 1633 1226 1702 pertransibit
1266 1631 1475 1702 gladius
1506 1630 1669 1703 (Luc.
1702 1630 1799 1700 tt),

210 1725 470 1796 quoniam
495 1722 754 1792 nimirum
789 1718 965 1794 gladio
991 1722 1258 1791 passionis
1287 1721 1437 1776 dolor
1479 1721 1682 1777 Christi
1707 1736 1800 1775 ex-
1826 1710 1875 1771 B

208 1815 486 1887 primitur,
521 1829 628 1886 quo
676 1813 1015 1869 vulneratam
1064 1813 1245 1868 Mariae
1293 1813 1530 1868 animant
1578 1814 1632 1868 in
1667 1828 1799 1884 pas-

210 1908 365 1963 sione
411 1921 572 1961 nemo
611 1904 847 1960 ﬁdeliam
904 1905 1131 1960 dubitat.
1166 1905 1358 1961 Suavis
1390 1907 1553 1976 igitur
1591 1905 1802 1977 gladius

211 2008 276 2055 et:
294 1998 451 2054 valde
474 1996 750 2068 optabilis,
777 1999 1003 2052 verbum
1044 1997 1162 2063 Dei,
1195 2013 1300 2067 quo
1328 1998 1521 2052 melius
1569 1999 1800 2067 quisque

210 2091 482 2147 occiditur
515 2099 572 2145 ut
602 2090 771 2156 vivat,
795 2096 960 2163 quam
1003 2090 1049 2144 si
1078 2089 1188 2143 vita
1223 2089 1422 2144 vixerit
1449 2105 1552 2158 qua
1587 2096 1795 2158 pereat.

210 2185 508 2257 Propterea
537 2183 739 2240 Christi
774 2183 1012 2239 Ecclesia
1066 2182 1259 2238 melius
1314 2183 1380 2237 de
1431 2181 1800 2250 hujuscemodi

211 2275 516 2334 interfectis
555 2278 770 2346 gaudet,
803 2290 964 2344 quam
995 2274 1040 2328 si
1077 2273 1218 2328 fame
1248 2273 1508 2343 perierint
1549 2272 1801 2327 audiendi

209 2371 439 2425 verbum
488 2367 600 2422 Dei.
633 2365 772 2422 Hinc
800 2381 1014 2436 quoque
1039 2381 1139 2433 eos
1191 2365 1339 2435 luget
1365 2380 1502 2434 quos
1549 2378 1802 2420 consum-

209 2472 334 2536 ptos
364 2462 508 2518 fame
527 2460 614 2516 vel
639 2460 752 2526 siti,
799 2474 912 2528 prie
951 2458 1235 2513 sterilitate
1282 2458 1452 2522 novit,
1499 2455 1624 2525 quia
1655 2455 1801 2510 nulla

210 2555 368 2628 pejor
393 2568 514 2610 esse
532 2560 714 2623 potest
746 2568 894 2609 mors
941 2567 1103 2622 quam
1134 2544 1239 2622 qua
1278 2551 1460 2605 anima
1498 2549 1798 2620 perimitur.

212 2649 371 2706 Unde
409 2647 670 2703 Dominus
715 2661 812 2718 per
837 2645 1194 2715 Prophetam:
1226 2642 1440 2698 Mittam
1475 2643 1533 2697 in
1579 2659 1685 2709 eos,
1722 2641 1804 2696 in-

213 2741 355 2813 quit,
407 2756 510 2794 non
554 2739 747 2808 [amem
794 2738 944 2808 panis
973 2752 1138 2808 neque
1161 2736 1302 2790 sitim
1353 2751 1526 2806 aqua’,
1559 2734 1649 2788 sed
1699 2751 1802 2788 au-

211 2836 393 2892 diendi
438 2834 647 2889 verbum
694 2831 795 2887 Dei
827 2831 1018 2902 (Amos
1069 2831 1223 2900 vttt).
1251 2831 1367 2898 Qua
1399 2829 1632 2898 denique
1659 2826 1802 2882 fame

212 2931 444 3002 quisque
482 2935 792 2998 peremptus
832 2925 1027 2990 fuerit,
1075 2932 1248 2979 morte
1280 2932 1481 2977 aeterna
1516 2921 1800 2987 morietur,

212 3021 339 3091 quia
366 3019 509 3074 sicut
550 3017 666 3088 ipsa
696 3016 910 3072 Veritas
934 3015 1068 3070 dicit
1101 3032 1113 3066 :
1156 3012 1279 3067 Non
1305 3014 1359 3066 in
1387 3011 1499 3066 solo
1526 3027 1660 3081 pane
1683 3009 1802 3063 vivit

212 3075 387 3166 Iiomo.
429 3075 709 3180 Siquidem
756 3109 964 3179 integer
1014 3107 1176 3161 homo
1226 3119 1294 3160 ex
1336 3075 1543 3159 duabus
1587 3108 1801 3156 constat
1827 3075 1874 3139 θ

214 3202 552 3264 substantiis,
583 3200 764 3255 anima
817 3199 1068 3253 videlicet
1119 3207 1280 3266 atque
1331 3209 1518 3259 carne,
1564 3203 1620 3249 et
1663 3193 1804 3248 sicut

214 3310 340 3350 caro
381 3294 503 3349 sine
531 3292 653 3348 cibo
701 3299 939 3362 potuque
982 3290 1166 3343 vivere
1221 3301 1329 3341 non
1370 3293 1572 3355 potest,
1630 3284 1704 3338 ita
1751 3289 1806 3338 et

215 3386 397 3441 anima
427 3385 545 3439 sine
570 3397 709 3452 pane
737 3380 890 3436 verbi
925 3380 1018 3434 Dei
1059 3387 1297 3449 potuque
1333 3374 1616 3446 Spirituali.
1668 3375 1805 3428 Pro-

213 3486 404 3547 pterea
431 3482 488 3530 et
516 3473 754 3544 quotidie
801 3486 1055 3540 rogamus
1101 3470 1157 3524 in
1202 3468 1448 3523 oratione
1478 3465 1757 3521 Dominica
1787 3481 1800 3514 :

217 3565 420 3621 Panem
474 3574 710 3619 nostrum
738 3563 1107 3636 quotidianum
1157 3561 1228 3613 da
1291 3558 1438 3613 nobis
1489 3557 1660 3611 hodie.
1700 3555 1808 3612 Per

214 3675 411 3731 panem
441 3672 676 3728 namque
706 3670 813 3711 non
860 3656 1035 3710 minus
1074 3653 1175 3709 iste
1208 3649 1554 3722 quotidianus
1607 3649 1802 3714 victus,

217 3765 375 3821 quam
403 3760 458 3804 et
481 3748 570 3804 ille
588 3749 680 3819 qui
703 3747 768 3803 de
795 3745 932 3802 caelo
958 3743 1237 3800 descendit
1257 3741 1434 3812 panis,
1456 3739 1802 3824 intelligitur;

217 3859 318 3900 nec
349 3857 460 3897 non
486 3850 542 3896 et
587 3841 691 3898 iste
714 3841 806 3911 qui
834 3838 901 3895 de
929 3836 1230 3912 Scripturis
1259 3835 1431 3891 sacris
1459 3834 1536 3910 ab.
1559 3833 1806 3887 esurien-

220 3936 362 3991 tibus
388 3943 446 3990 et
483 3933 792 3990 sitientibus
820 3932 1188 3987 indesinenter
1234 3928 1552 4001 percipitur.
1595 3924 1806 3996 1503

218 4025 390 4091 Beati,
420 4025 595 4095 inquit
620 4023 987 4094 Evangelista,
1019 4023 1110 4094 qui
1149 4022 1385 4076 esuriant
1411 4030 1458 4072 et
1485 4018 1672 4071 sitiunt
1708 4017 1806 4086 ju-

217 4119 439 4183 stitiam,
492 4117 739 4187 quoniam
794 4115 893 4185 ipsi
951 4112 1331 4168 saturabuntur
1379 4109 1594 4180 (Matth.
1624 4109 1712 4179 v).
1739 4107 1810 4161 At

217 4224 348 4266 vero
373 4209 426 4263 hi
456 4208 550 4278 qui
583 4207 673 4263 tali
701 4207 1042 4276 perimuntur
1091 4204 1290 4277 inedia,
1313 4201 1437 4271 jure
1479 4201 1810 4272 planguntur

218 4301 426 4359 mortui
454 4309 618 4370 atque
643 4297 970 4368 consumpti,
995 4312 1107 4367 prae
1135 4294 1423 4350 sterilitate
1453 4301 1629 4348 terrae.
1682 4289 1806 4345 Ste-

218 4393 398 4450 rilitas
421 4405 554 4445 vero
578 4399 735 4444 terrze
764 4396 848 4444 est
891 4386 1149 4442 Ecclesia:
1180 4384 1562 4448 infecunditas,
1593 4381 1809 4452 quando

217 4482 474 4538 doctores
530 4478 804 4542 deﬁciunt,
846 4486 901 4532 et
952 4477 1070 4546 ipsa
1122 4473 1283 4530 nullis
1329 4474 1665 4544 eloquiorum
1714 4472 1809 4527 Dei

218 4573 526 4631 inebriatur
551 4571 839 4627 imbribus.
890 4569 1044 4626 Unde
1072 4574 1291 4624 constat
1341 4568 1486 4638 quod
1526 4566 1682 4636 culpa
1725 4579 1812 4620 sa-

218 4667 506 4723 cerdotum
527 4673 581 4720 et
602 4663 921 4734 negligentia
947 4644 1194 4725 docendi,
1221 4673 1368 4714 mors
1393 4669 1448 4713 et
1471 4657 1812 4727 consumptis

218 4755 282 4810 ﬁt
310 4755 506 4826 plebis.
539 4754 815 4810 Moraliter
839 4761 1020 4809 autem
1060 4751 1257 4807 melius
1283 4757 1368 4806 est
1407 4749 1605 4805 occisis
1634 4749 1812 4818 gladio

218 4847 398 4910 verbi,
429 4845 676 4902 sensibus
702 4860 769 4900 ne
788 4861 847 4900 se
868 4843 1160 4900 defendant
1179 4842 1436 4906 exterius,
1461 4841 1606 4897 intus
1631 4840 1812 4894 anima

215 4940 331 5010 jam
357 4938 516 5011 quasi
557 4946 800 4995 mortuos
824 4938 1026 5001 vivere,
1075 4950 1236 5006 quam
1262 4933 1567 5004 aggregatis
1595 4931 1809 4987 virtuti-

220 5033 325 5090 bus
351 5032 470 5087 sine
495 5031 692 5102 pabulo
739 5030 906 5085 divini
955 5027 1177 5093 amoris,
1229 5026 1381 5097 quasi
1427 5023 1569 5080 fame
1614 5023 1812 5094 sitique

222 5125 430 5196 perire.
464 5122 735 5179 Sterilitas
775 5135 1010 5190 namque
1056 5120 1339 5183 virtutum,
1369 5105 1600 5188 privatio
1634 5113 1813 5170 chari-

225 5216 359 5272 tatis
385 5222 472 5271 est
495 5231 512 5280 ;
541 5229 648 5284 qua
668 5228 792 5269 cum
819 5212 1022 5269 sterilis
1049 5211 1214 5267 fuerit
1237 5211 1442 5275 anima,
1466 5209 1697 5264 virtutes
1728 5221 1814 5262 re-

226 5306 393 5378 liquae
424 5319 613 5360 omnes
643 5303 785 5360 fame
810 5304 1008 5373 sitique
1029 5302 1331 5358 tabescunt.
1370 5300 1440 5355 Et
1462 5299 1582 5353 ideo
1607 5306 1813 5368 septem

226 5396 327 5452 ﬁlii
354 5394 478 5461 Job,
511 5404 619 5451 tres
650 5409 867 5451 sorores
891 5409 1018 5450 suas
1038 5407 1136 5464 per
1163 5391 1370 5462 singula
1401 5390 1662 5445 vocabant
1688 5403 1814 5442 con-

227 5491 394 5556 vivia,
452 5499 511 5544 ut
545 5490 658 5545 suis
706 5489 1062 5544 reficerentur
1113 5487 1168 5540 in
1218 5484 1506 5540 domibus:
1560 5474 1818 5550 queniatn

228 5573 392 5647 ﬁdes,
425 5596 548 5650 spes
575 5591 630 5637 et
660 5581 916 5644 charitas,
945 5588 1153 5650 septem
1179 5585 1476 5647 pascuntur
1497 5573 1652 5628 donis
1689 5570 1813 5639 Spi-

226 5676 371 5734 ritus
391 5673 590 5730 sancti.
621 5671 765 5730 Bcne
792 5673 955 5746 igitur
975 5669 1184 5742 singula
1200 5669 1433 5742 Spiritus
1452 5665 1622 5722 sancti
1650 5663 1814 5728 dona,

1902 439 2060 495 nibus
2089 456 2194 495 una
2242 441 2311 495 sit
2361 442 2572 496 domus.
2613 442 2785 509 Quam
2814 456 2944 497 sane
2987 443 3210 498 domum
3241 442 3491 501 Christus

1903 529 2165 599 sapientia
2209 531 2460 597 aedificat,
2501 548 2621 602 qua:
2647 541 2850 601 septem
2886 532 3104 589 fulcitur
3129 534 3394 590 columnis
3420 550 3491 592 ne

1902 629 2044 686 ruat,
2077 631 2133 676 et
2158 633 2364 694 septem
2402 623 2643 693 pascitur
2667 623 2823 679 donis
2847 639 2916 678 ne
2954 624 3206 682 intereat.
3236 625 3489 696 Alioquin

1902 713 2237 781 quantalibet
2263 715 2523 768 virtutum
2551 715 2660 770 sint
2683 715 2823 769 dona
2851 715 2904 770 in
2925 716 3128 782 animo,
3152 717 3253 772 nisi
3280 717 3488 773 eisdem
3513 711 3518 716 ’

1901 811 2107 873 septem
2131 804 2365 875 Spiritus
2387 806 2559 862 sancti
2587 815 2878 876 pascantur
2902 807 3077 871 donis,
3108 807 3306 877 quibus
3357 808 3489 863 cha-

1903 894 2037 948 ritas
2068 895 2122 948 in
2175 897 2432 952 cordibus
2477 896 2793 956 diffunditur
2841 897 3067 962 nostris,
3117 898 3262 954 fame
3302 899 3490 970 utique
3526 894 3553 972 ⁸,·

1901 986 2101 1055 sitique
2131 987 2388 1042 deﬁciunt
2408 1003 2519 1058 prae
2538 989 2825 1044 sterilitate
2846 998 3027 1045 terras.
3044 987 3198 1045 Unde
3219 989 3487 1045 orandum

1901 1087 1984 1134 est
2017 1094 2137 1133 cum
2190 1079 2499 1150 Propheta:
2534 1079 2683 1136 Sicut
2729 1081 2882 1150 adipe
2932 1090 2980 1135 et
3009 1081 3378 1152 pinguedine,
3430 1090 3490 1136 ut

1902 1171 2079 1224 anima
2103 1180 2284 1225 nostra
2322 1170 2584 1242 repleatur
2609 1169 2783 1244 (Psal.
2809 1172 2976 1243 Lxu).

2639 1299 2752 1339 JOD.

1974 1397 2165 1454 Manus
2207 1399 2486 1454 mulierum
2513 1417 2605 1470 per
2631 1399 3049 1454 misericordiam
3071 1385 3321 1454 conterunt
3347 1399 3490 1468 ﬁlios

1902 1507 2025 1544 suos
2053 1504 2071 1542 :
2108 1491 2236 1559 facti
2263 1502 2383 1546 sunt
2411 1492 2513 1546 cibi
2541 1509 2723 1546 earum
2751 1493 2806 1546 in
2836 1491 3143 1546 contritione
3163 1491 3291 1560 ﬁlia:
3310 1489 3492 1561 populi

1902 1586 2024 1638 mei.
2071 1584 2169 1639 Jon
2201 1602 2416 1655 quoque
2461 1585 2641 1640 littera
2697 1586 2962 1655 sequitur,
3012 1599 3133 1655 quae
3175 1583 3490 1654 principium

1905 1673 1990 1727 vel
2023 1674 2276 1728 desolatio
2322 1676 2731 1746 interpretatur.
2770 1674 3101 1744 Principium
3132 1683 3370 1743 namque
3400 1672 3491 1728 de-

1903 1762 2180 1818 solationis
2207 1763 2406 1818 Judaeis
2453 1773 2580 1818 tunc
2617 1764 2953 1829 imminebat,
3001 1764 3214 1834 quando
3239 1762 3495 1817 mulieres

1901 1871 2110 1920 eorum,
2142 1864 2296 1910 natos
2329 1871 2454 1911 suos
2488 1873 2625 1926 quos
2654 1840 2911 1911 videbant
2951 1855 3094 1911 fame
3121 1856 3320 1925 sitique
3362 1870 3491 1910 con-

1901 1947 2062 2011 sumi,
2114 1947 2267 2015 quasi
2317 1962 2416 2017 per
2472 1947 2902 2002 misericordiam
2961 1947 3016 2002 in
3069 1946 3219 2002 cibos
3273 1959 3493 2002 coxere.

1901 2035 2044 2092 Nulli
2089 2039 2313 2093 dubium
2357 2053 2476 2094 esse
2522 2039 2736 2109 poterit,
2767 2040 3074 2108 quicunque
3121 2039 3376 2093 historias
3418 2036 3497 2092 le-

1902 2130 2062 2200 gerit,
2113 2145 2205 2186 eos
2259 2131 2362 2185 hoc
2413 2129 2644 2185 fecisse:
2682 2130 2917 2184 maxime
2966 2130 3021 2183 in
3071 2128 3161 2184 illa
3190 2127 3494 2192 obsidione,

1904 2228 2040 2276 teste
2064 2220 2322 2290 Josepho,
2349 2237 2468 2290 quae
2505 2223 2605 2276 sub
2636 2222 2758 2276 Tito
2785 2230 2839 2276 et
2868 2221 3204 2291 Vespasiano
3232 2219 3496 2275 accidisse

1903 2312 2119 2383 legitur.
2146 2311 2415 2366 Caeterum
2450 2311 2503 2366 in
2533 2312 2636 2366 hac
2681 2311 2882 2366 Christi
2934 2310 3180 2366 Ecclesia
3226 2309 3304 2365 illi
3335 2308 3493 2380 quasi

1903 2420 2000 2474 per
2053 2404 2484 2458 misericordiam
2527 2403 2665 2458 ﬁlios
2694 2403 3006 2472 decoquunt
3063 2417 3209 2465 suos,
3236 2402 3328 2471 qui
3374 2400 3492 2456 cul-

1904 2496 2050 2551 mine
2103 2494 2386 2565 regiminis
2432 2494 2732 2559 sublimati,
2785 2493 2887 2549 zeli
2930 2502 2985 2549 et
3018 2493 3232 2549 invidiae
3277 2491 3495 2549 ﬂamma

1903 2589 2303 2645 uruntanimas
2340 2597 2612 2654 natorum,
2657 2591 2782 2644 dum
2810 2589 2972 2644 minis
3011 2587 3145 2657 justi
3175 2588 3278 2659 ipsi
3317 2587 3494 2645 videri

1905 2680 2151 2750 cupiunt,
2178 2687 2236 2734 et
2259 2679 2385 2733 dum
2419 2694 2516 2749 per
2544 2679 2883 2750 tyrannicam
2911 2686 3236 2748 potestatem
3265 2693 3358 2733 eos
3399 2693 3496 2735 ex-

1905 2771 2172 2836 cruciant,
2207 2771 2365 2838 quasi
2414 2786 2512 2840 per
2556 2768 2985 2825 miscricordiam
3013 2783 3107 2824 eos
3146 2767 3251 2824 zeli
3279 2766 3516 2824 ﬂamma.

1910 2862 2123 2934 1504¹
2156 2863 2481 2931 decoquunt.
2513 2859 2727 2915 Habent
2755 2859 2971 2928 quidem
2993 2867 3051 2914 et
3074 2859 3176 2929 ipsi
3198 2858 3498 2914 secundum

1905 2953 2218 3022 Apostolum
2241 2953 2416 3006 zelum
2431 2951 2525 3007 Dei
2551 2952 2626 3005 ita
2644 2952 2928 3015 duntaxat,
2945 2950 3039 3005 sed
3060 2965 3170 3006 non
3200 2947 3495 3006 secundum

1906 3045 2186 3099 scientiam
2216 3043 2395 3114 (Rom.
2424 3043 2514 3114 x).
2539 3043 2779 3109 Quorum
2805 3042 3050 3114 profecto
3075 3043 3230 3099 cibus
3252 3041 3498 3099 decoctio

1903 3146 2007 3204 est,
2035 3153 2156 3192 cum
2185 3152 2280 3192 eos
2329 3153 2434 3192 non
2487 3137 2662 3192 solum
2698 3138 2904 3193 crudeli
2942 3138 3310 3194 dominatione
3335 3137 3493 3208 quasi

1902 3243 2001 3298 pro
2038 3229 2248 3295 justitia
2281 3227 2535 3294 adurunt,
2567 3240 2759 3282 verum
2794 3228 2958 3284 etiam
2985 3244 3109 3283 cum
3142 3229 3415 3285 infirmam
3443 3232 3500 3281 et

1905 3316 2174 3372 carnalem
2207 3333 2395 3371 eorum
2425 3318 2592 3372 vitam
2624 3317 2876 3373 dentibus
2913 3318 3127 3372 rodunt.
3173 3319 3299 3374 Haec
3340 3335 3500 3375 nam-

1906 3426 2010 3481 que
2040 3411 2221 3465 omnia
2275 3411 2328 3464 in
2371 3410 2700 3465 contritione
2751 3409 3030 3476 Ecclesiae,
3084 3388 3204 3481 quae
3251 3421 3336 3466 est
3387 3413 3500 3471 ﬁlia

1905 3503 2086 3574 populi
2114 3503 2228 3567 Dei,
2255 3501 2620 3572 apostolorum
2637 3501 2888 3556 videlicet
2911 3510 2966 3556 et
2991 3509 3302 3558 sanctorum
3330 3505 3397 3558 ah
3419 3506 3499 3562 eis

1907 3594 2061 3659 ﬁunt,
2096 3594 2187 3663 qui
2235 3602 2330 3648 aut
2373 3593 2741 3649 ecclesiastica
2789 3600 3056 3662 potestate
3094 3600 3265 3659 certe,
3297 3602 3390 3648 aut
3418 3593 3500 3650 of-

1908 3685 2031 3740 ﬁcio
2055 3685 2301 3741 saeculari
2334 3686 2543 3740 animas
2583 3681 2866 3756 tyrannica
2905 3684 3193 3739 vexatione
3242 3695 3498 3752 exurunt,

1909 3779 2032 3834 dum
2055 3778 2508 3848 concupiscentiis
2547 3777 2660 3832 suis
2695 3776 3036 3842 inflammati,
3061 3775 3202 3833 ﬁlios
3239 3787 3333 3833 aut
3369 3776 3500 3835 sub-

1902 3869 2077 3939 jectos
2124 3885 2260 3941 quos
2315 3870 2524 3925 nutrire
2577 3869 2718 3925 lacte
2751 3868 3053 3924 debuerant
3103 3870 3498 3938 doctrinarum,

1909 3962 2189 4016 adustione
2213 3975 2394 4030 prava:
2420 3957 2730 4014 alliictionis
2779 3968 3127 4014 consumunt.
3179 3957 3272 4014 Sic
3318 3959 3502 4031 itaque

1911 4059 2242 4129 tropologice
2263 4057 2492 4111 virtutes
2522 4045 2928 4128 ltypocritarum
2963 4064 3258 4126 conceptus
3288 4071 3417 4112 suos
3444 4057 3501 4113 in

1911 4152 2092 4204 animo
2139 4147 2370 4213 faciunt,
2410 4148 2537 4202 dum
2586 4147 2839 4202 simulate
2881 4147 3034 4216 quasi
3059 4162 3156 4217 per
3195 4149 3502 4204 misericor-

1909 4242 2076 4306 diam,
2127 4241 2306 4297 laudis
2327 4257 2517 4297 amore
2541 4241 2626 4296 vel
2648 4240 2852 4297 favoris
2877 4233 3082 4316 gratia,
3106 4243 3160 4298 in
3192 4251 3378 4300 tenera
3404 4259 3501 4301 sua

1911 4336 2089 4390 adhuc
2117 4335 2487 4404 conceptione,
2518 4334 2749 4389 virtutes
2783 4333 3076 4403 perimunt;
3108 4343 3163 4390 et
3196 4337 3504 4406 decoquunt

1834 4429 1888 4491 ι)
1913 4426 1967 4479 in
2002 4426 2153 4481 cibos
2183 4439 2352 4480 suos:
2386 4425 2512 4479 dum
2560 4439 2665 4479 non
2705 4422 2909 4490 futura,
2938 4424 3032 4479 sed
3057 4427 3340 4494 praesentis
3376 4428 3502 4483 vitae

1914 4520 2062 4574 lucra
2087 4525 2362 4588 quaerunt,
2389 4525 2445 4571 et
2475 4519 2599 4571 dum
2630 4530 2848 4569 suarum
2893 4515 3156 4571 virtutum
3204 4525 3504 4588 pascuntur

1912 4609 2181 4673 laudibus,
2213 4607 2368 4678 quasi
2411 4605 2661 4677 proprios
2691 4613 2747 4661 et
2788 4605 3042 4662 decoctos
3088 4605 3291 4663 favoris
3335 4608 3500 4664 adus-

1913 4701 2060 4755 tione
2089 4709 2246 4754 natos
2274 4697 2584 4753 comedunt.
2610 4697 2740 4764 Qua:
2763 4697 2901 4752 bene
2928 4697 3184 4753 mulieres
3203 4697 3394 4765 fuisse,
3423 4707 3504 4754 ta-

1913 4792 2094 4861 liaque
2118 4790 2352 4862 gessisse
2399 4789 2786 4858 perhibentur;
2817 4789 2943 4860 quia
2982 4789 3029 4844 si
3065 4805 3171 4847 non
3220 4789 3504 4848 muliebria

1916 4882 2184 4940 simulata:
2239 4881 2460 4935 virtutis
2516 4880 2702 4936 animo
2761 4888 3120 4947 sectarentur,
3177 4895 3284 4936 non
3319 4882 3504 4952 utique

1917 4981 2208 5044 conceptus
2232 4971 2399 5027 animi
2431 4971 2567 5027 bene
2595 4970 2858 5028 formatos
2883 4971 2952 5026 ad
2979 4971 3170 5039 vitam,
3196 4971 3253 5029 in
3271 4981 3503 5030 mortem

1920 5080 2074 5121 vante
2099 5063 2275 5121 laudis
2299 5063 2648 5121 adducerent.
2685 5061 2840 5120 Unde
2859 5063 3106 5134 sequitur
3131 5079 3146 5118 :

2629 5189 2786 5231 ωε.

1991 5291 2276 5364 Complevit
2303 5288 2560 5344 Dominus
2582 5286 2814 5356 furorem
2843 5301 3022 5351 suum,
3048 5286 3233 5356 eﬂudit
3263 5287 3398 5342 iram
3422 5288 3503 5342 in-

1919 5381 2240 5452 dignationis
2264 5395 2394 5443 sua',
2426 5389 2474 5431 et
2501 5376 2765 5432 succendit
2800 5376 2970 5445 ignem
2994 5375 3049 5429 in
3090 5374 3242 5442 Sion,
3276 5385 3325 5431 et
3348 5375 3504 5431 devo-

1920 5475 2052 5528 ravit
2077 5472 2416 5542 fundamenta
2453 5469 2584 5537 ejus.
2638 5465 2790 5520 Tunc
2818 5479 2950 5521 sane
2993 5480 3154 5536 super
3203 5464 3502 5522 Jerusalem

1922 5563 2209 5634 complevit
2264 5560 2522 5634 Dominus
2566 5556 2804 5612 furorem
2854 5571 3031 5620 suum,
3087 5556 3302 5626 quando
3350 5570 3504 5611 com-

1923 5658 2062 5729 pleta
2094 5665 2175 5714 est
2196 5653 2398 5712 malitia
2429 5634 2590 5720 illius,
2619 5649 2777 5706 sicuti
2807 5659 2860 5706 et
2883 5643 3102 5721 peccata
3126 5647 3502 5708 Armorrhao-
