4078 6348
525 270 666 333 HN

1296 261 1357 318 8.
1397 252 1757 318 PASCHASII
1796 243 2143 308 RADBERTI
2178 240 2468 299 ADBATIS
2501 234 2959 298 COBBEIENﬂS

3654 226 3801 309 me

526 400 673 451 rum,
694 379 922 455 quando
955 376 1118 436 deleti
1144 383 1290 431 sunt.
1316 370 1517 429 Effudit
1536 383 1668 425 vero
1695 367 1834 435 iram
1864 361 2110 433 indigna-
2136 364 2187 426 Α
2212 356 2375 412 etiam
2428 352 2580 425 regni
2630 351 3004 406 fundamenta.
3056 345 3410 418 Tropologiee
3452 358 3610 411 vero,
3661 346 3807 416 quod

721 450 867 539 suae,
913 468 1132 541 quando
1157 474 1215 521 et
1241 465 1359 534 ipsa
1383 470 1445 519 se
1465 458 1680 516 dilludit
1715 458 1783 511 ad
1826 452 2008 509 omnia
2036 450 2116 543 vi-

530 541 730 625 tiorum
750 561 957 620 scelera
970 577 986 628 ;
1001 568 1058 615 et
1077 554 1357 613 devoravit
1374 551 1724 607 fundamenta
1746 545 1886 614 ejus,
1901 541 2117 612 quando

528 657 960 721 fundamentum.
1011 651 1155 723 quod
1182 648 1432 705 Christus
1479 653 1584 709 est,
1638 640 1811 696 noluit
1852 637 2152 705 recipere“

528 745 740 818 Reiecit
790 761 926 803 sane
958 744 1106 800 illum
1150 740 1387 811 lapidem
1430 735 1751 808 pretiosum,
1783 728 2118 801 angularem,

530 838 815 896 fundatum
844 837 901 893 in
950 833 1304 891 fundamento
1354 828 1522 885 totius
1568 832 1857 882 structurae
1900 826 2118 873 nostrae.

531 929 638 1000 Qui
661 944 789 987 cum
818 927 1042 983 vidisset
1067 923 1317 989 eamdem
1347 919 1604 976 miseram
1624 911 1951 975 Jerusalem,
1975 906 2122 963 ﬂevit

531 1039 697 1097 super
720 1022 872 1080 illam
905 1022 1131 1078 dicens:
1171 1016 1317 1089 quod
1361 1015 1416 1071 in
1461 1028 1525 1070 ea
1552 1027 1653 1067 nec
1677 1009 1813 1081 lapis
1849 1019 2012 1075 super
2041 1002 2124 1056 la-

530 1122 715 1195 pidem
739 1118 1127 1190 relinquendus
1152 1122 1299 1171 esset
1329 1111 1545 1184 (Matth.
1577 1107 1774 1178 xxiv);
1811 1121 1906 1161 seu
1928 1110 2125 1159 caetera

536 1227 658 1283 quae
668 1212 941 1282 leguntur.
963 1209 1133 1263 Porro
1149 1222 1269 1272 nos,
1284 1205 1428 1275 quod
1444 1202 1597 1257 valde
1611 1201 1898 1256 dolendum
1914 1205 2019 1261 cst,
2038 1210 2127 1250 su-

536 1319 636 1376 per
658 1310 845 1358 nostra
861 1298 1161 1356 Jerusalem
1178 1310 1314 1369 pene
1343 1294 1522 1349 omnia
1538 1290 1804 1363 completa
1829 1288 2124 1350 cernimus,

537 1413 658 1469 quae
683 1397 945 1469 propheta
977 1390 1447 1448 irremediabiliter
1483 1402 1582 1457 pro
1612 1386 1725 1441 suis
1741 1382 1971 1439 deﬂebat
2000 1393 2127 1449 pro-

539 1487 677 1544 fusis
714 1483 991 1558 lacrymis.
1026 1481 1278 1554 Alioquin
1303 1480 1405 1534 nisi
1446 1477 1744 1549 completus
1766 1472 1955 1529 fuisset
1980 1470 2131 1526 furor

546 1578 759 1654 1505
773 1576 1012 1644 Domini,
1038 1573 1208 1632 eﬂ'usa
1235 1571 1510 1628 contentio
1536 1584 1699 1640 super
1728 1565 2001 1638 principes
2024 1577 2130 1617 non

542 1653 693 1730 esset
719 1681 957 1738 nostros,
988 1684 1109 1740 qua:
1132 1676 1194 1722 ut
1228 1665 1524 1729 cernimus,
1554 1659 1687 1716 facit
1715 1674 1811 1715 eos
1838 1670 2025 1712 errare
2076 1653 2130 1708 in

544 1765 714 1831 invio,
739 1772 797 1820 et
815 1778 924 1819 non
956 1760 1011 1815 in
1038 1760 1126 1814 via
1156 1757 1227 1812 ob
1253 1755 1390 1810 iram
1414 1750 1801 1823 indignationis
1831 1747 1943 1803 Dei.
1973 1745 2131 1802 Com-
2160 1747 2209 1809 Β

543 1856 692 1930 pleta
725 1852 946 1927 quidem
988 1849 1194 1906 malitia
1236 1844 1527 1916 complevit
1573 1843 1813 1898 furorem
1846 1840 1975 1903 Dei;
2006 1836 2134 1908 quia

546 1947 842 2004 secundum
872 1956 1185 1999 mensuram
1206 1938 1550 2001 delictorum,
1580 1934 1826 2005 sequitur
1851 1940 1905 1985 et
1948 1943 2131 2001 pcena.

547 2036 682 2094 Nam
705 2036 821 2107 jam
853 2036 970 2090 haec
1009 2031 1191 2088 omnia
1224 2045 1344 2101 qua:
1396 2027 1692 2092 cernimus,
1739 2038 1899 2096 paena
1927 2020 2137 2093 peccati

549 2116 695 2187 sunt.
736 2127 991 2198 Alioquin
1022 2125 1127 2182 nisi
1166 2122 1437 2194 completa
1484 2128 1667 2176 essent
1692 2117 1895 2174 scelera
1929 2123 2135 2181 nostra,

550 2237 654 2278 nec
673 2219 938 2277 Dominus
965 2215 1204 2272 furorem
1252 2230 1411 2271 suum
1458 2209 1855 2283 complevisset.
1888 2206 2041 2275 Quod
2093 2207 2139 2261 si

456 2364 459 2369 λ
551 2311 714 2368 alicui
738 2311 971 2368 necdum
1024 2306 1324 2379 completus
1366 2305 1599 2370 videtur,
1648 2308 1836 2358 cernat
1879 2300 1992 2371 jam
2045 2298 2139 2367 qui

551 2405 609 2461 in
636 2403 890 2463 sordibus
911 2410 1059 2469 sunt,
1092 2410 1304 2456 tantum
1332 2398 1651 2455 sordescant
1679 2413 1691 2449 :
1735 2395 1815 2451 sic
1846 2394 2030 2463 utique
2057 2392 2137 2446 vi-

549 2496 682 2554 dere
709 2496 910 2569 poterit
951 2509 1017 2550 ac
1042 2491 1257 2558 deﬂere,
1299 2489 1444 2560 quod
1494 2487 1626 2543 talia
1670 2501 1739 2542 ex
1782 2484 2143 2556 completione

551 2588 722 2665 divini
750 2584 952 2645 furoris
977 2586 1218 2641 veniant.
1254 2582 1520 2650 Quoniam
1565 2595 1847 2635 succensus
1889 2587 1962 2632 est
2006 2577 2141 2647 ignis

549 2680 608 2738 in
634 2679 767 2738 Sion
790 2697 810 2737 :
839 2694 945 2736 non
971 2677 1112 2751 ignis
1143 2676 1330 2745 utique
1360 2672 1451 2729 ille
1471 2672 1563 2743 qui
1593 2686 1755 2742 super
1777 2666 2051 2739 apostolos
2078 2669 2144 2721 de

550 2773 692 2835 celo
744 2772 1044 2839 descendit,
1095 2768 1191 2826 sed
1236 2766 1326 2824 ille
1381 2764 1475 2837 qui
1517 2779 1647 2821 oves
1693 2759 1794 2832 Job
1842 2772 2145 2831 puerosque

554 2865 912 2939 consumpsit.
946 2864 1120 2920 liabet
1146 2861 1293 2918 enim
1309 2859 1453 2916 Deus
1473 2858 1750 2914 diversum
1778 2853 1960 2925 ignem
1983 2864 2146 2921 quem

560 2959 765 3018 emittit
788 2958 856 3016 de
885 2956 1161 3014 thesauris
1201 2952 1337 3019 suis,
1393 2950 1695 3008 secundum
1725 2942 2146 3017 dispensationis

556 3068 669 3113 suae
693 3052 914 3108 modum
940 3067 954 3105 :
985 3046 1140 3118 cujus
1168 3046 1310 3119 ignis
1337 3052 1422 3101 est
1458 3043 1513 3098 in
1538 3039 1694 3102 Sion,
1725 3046 1781 3094 et
1810 3035 2058 3092 caminus
2090 3032 2146 3088 in

554 3143 877 3202 Jerusalem.
906 3142 983 3198 De
1001 3106 1108 3211 quo
1137 3106 1393 3193 nimirum
1430 3135 1553 3206 igne
1572 3130 1708 3186 alios
1738 3127 2041 3183 inﬂammat
2086 3133 2147 3180 ut
2173 3106 2220 3172 (ἶ

556 3235 813 3301 erudiat;
858 3232 994 3290 alios
1044 3227 1305 3293 incendit,
1338 3234 1400 3281 ut
1428 3230 1639 3280 exurat.
1671 3220 1817 3289 Quos
1853 3234 1979 3275 cum
2019 3232 2146 3273 suc—

558 3327 824 3393 cenderit,
847 3325 1013 3380 etiam
1054 3336 1216 3377 omne
1243 3317 1657 3374 fundamentum
1704 3327 1894 3368 eorum
1942 3311 2147 3382 diripit.

560 3417 738 3491 Super
763 3414 909 3488 quod
932 3414 1116 3483 itaque
1146 3409 1557 3465 fundamentum
1585 3403 1631 3459 si
1653 3401 1775 3473 quis
1800 3399 2150 3457 mdiﬂeaverit

557 3510 725 3583 ligna,
759 3505 1041 3580 stipulam,
1072 3501 1277 3568 fenum,
1308 3506 1585 3563 stannum,
1616 3503 1673 3550 et
1704 3494 2002 3565 plumbum,
2052 3492 2147 3547 de-

464 3672 470 3678 _
561 3604 878 3660 trimentum
941 3597 1023 3656 sui
1068 3594 1338 3668 patietur;
1391 3590 1517 3662 quia
1550 3587 1973 3658 uniuscujusque
2013 3598 2150 3655 opus

562 3694 705 3769 ignis
734 3690 1009 3766 probabit,
1042 3695 1098 3743 et
1127 3694 1254 3741 tunc
1307 3681 1660 3738 fundamenta
1693 3678 1811 3748 ejus
1857 3678 2151 3742 subruunt,

562 3772 779 3859 quando
802 3785 1013 3855 integra
1034 3789 1090 3836 et
1118 3792 1244 3834 vera
1276 3775 1411 3832 ﬁdes
1442 3789 1474 3829 a
1511 3772 1695 3839 corde,
1720 3770 1904 3843 pravis
1930 3777 1985 3825 et
2029 3783 2153 3840 per-

563 3873 1005 3947 versisoperibus
1036 3868 1354 3927 destruitur.
1385 3865 1453 3922 Et
1477 3866 1603 3936 quia
1618 3862 1732 3935 jam
1760 3862 1886 3917 talia
1912 3862 1966 3916 in
1992 3859 2153 3916 nobis

564 3968 863 4035 cernimus,
891 3978 1001 4020 non
1054 3974 1275 4018 necesse
1315 3967 1400 4013 est
1449 3957 1665 4013 oculum
1710 3953 1997 4011 deﬂectere
2030 3967 2154 4006 cum

565 4058 832 4132 pr0pbeta
872 4068 1035 4124 super
1063 4050 1371 4108 Judaeorum
1412 4048 1686 4113 miserias,
1720 4062 1908 4101 verum
1959 4044 2155 4115 proba-

565 4148 752 4213 bilius,
774 4159 919 4201 nunc
951 4144 1006 4198 in
1034 4150 1279 4211 tempore
1303 4147 1519 4194 nostras
1543 4137 1745 4193 deﬂere
1774 4134 2150 4190 calamitates:

570 4239 789 4313 quando
815 4236 959 4307 ignis
988 4232 1555 4306 concupiscentiarum
1584 4237 1896 4285 nostrarum
1922 4241 2153 4282 succen-

571 4347 665 4389 sus
694 4338 814 4397 est;
836 4325 1073 4400 quando,
1102 4334 1163 4381 ut
1186 4325 1319 4390 dixi,
1343 4324 1625 4378 universos
1651 4333 1788 4393 pene
1808 4333 1975 4373 vorax
2004 4315 2157 4370 ﬂam-

570 4440 660 4481 ma
707 4421 1027 4479 insidiarum
1086 4432 1150 4473 ac
1182 4416 1509 4473 seditionum
1539 4414 1821 4476 devastat;
1854 4408 2070 4481 quando
2101 4408 2155 4462 in

572 4518 772 4575 divinis
802 4516 964 4572 rebus
988 4526 1044 4571 et
1072 4512 1421 4570 facultatibus
1449 4510 1561 4565 Deo
1604 4505 1835 4571 collatis,
1872 4502 2161 4576 Babylonis

541 4600 680 4667 "olla
713 4623 1031 4666 succensaa
1058 4606 1199 4662 facie
1236 4602 1505 4675 aquilonis
1551 4609 1713 4669 atque
1763 4598 1956 4652 fornax
1996 4595 2162 4653 Chal-

577 4704 818 4758 daeorum
851 4698 1161 4773 septuplum
1200 4709 1482 4759 succensa,
1506 4699 1703 4746 cuncta
1727 4689 1929 4760 diripit,
1958 4697 2012 4741 et
2041 4702 2164 4743 suc-

574 4790 759 4849 cendit
817 4805 1060 4863 quosque
1114 4786 1320 4859 reperit
1370 4784 1439 4838 de
1498 4781 1783 4838 Chaldaeis.
1836 4779 1968 4834 Nam
2023 4777 2166 4833 sicut

574 4884 1004 4956 praedecessores
1027 4879 1199 4935 nostri
1228 4875 1476 4931 succensi
1503 4873 1656 4929 fuere
1689 4874 1813 4946 igne
1828 4871 1995 4928 divini
2016 4884 2165 4924 amo-

577 4977 674 5043 ris,
703 4976 795 5048 qui
824 4975 940 5030 haec
968 4973 1081 5028 Deo
1112 4969 1333 5035 dedere,
1377 4976 1434 5023 et
1462 4976 1705 5022 sanctam
1744 4963 1949 5020 Christi
1981 4961 2165 5017 Eccle-

575 5068 713 5124 siam
736 5065 849 5123 suis
874 5064 1116 5120 ditarunt
1141 5060 1469 5132 sumptibus,
1498 5059 1572 5115 ita
1608 5057 1906 5129 probantur
1931 5070 2163 5110 succen-

578 5162 625 5216 si
655 5160 832 5215 alieno
857 5157 925 5213 ab
952 5158 1097 5227 igne,
1125 5154 1216 5224 qui
1244 5152 1404 5208 modo
1429 5168 1493 5208 ea
1517 5151 1849 5207 devorantet
1869 5147 2162 5217 diripiunt;

578 5264 877 5323 pauperum
921 5246 1141 5317 quidem
1193 5243 1453 5314 diripiunt
1501 5239 1907 5312 patrimonium,
1935 5245 1990 5291 et
2046 5237 2167 5292 ideo

581 5341 975 5399 homicidarum
1028 5336 1153 5408 jure
1201 5337 1279 5392 rei
1324 5336 1633 5407 plectuntur
1670 5347 1685 5386 :
1719 5331 1993 5401 quoniam,
2026 5336 2163 5384 teste

583 5437 887 5507 Scriptura,
916 5435 1010 5506 qui
1057 5434 1197 5490 tollit
1246 5430 1601 5488 substantiam
1632 5442 1842 5492 eorum,
1875 5424 2030 5496 quasi
2070 5423 2164 5495 qui

583 5538 789 5587 mactat
818 5530 873 5585 in
893 5537 1184 5599 conspectu
1210 5526 1382 5598 patris
1435 5523 1622 5577 ﬁlium.
1684 5517 1839 5575 Unde
1884 5516 2037 5572 valde
2090 5516 2163 5570 ti-

583 5621 838 5677 mendum
867 5621 1113 5693 estquod
1140 5619 1290 5674 furor
1322 5616 1425 5673 iste
1445 5629 1659 5671 cessare
1691 5629 1796 5667 non
1826 5610 2041 5677 debeat,
2071 5610 2164 5665 do-

587 5726 690 5768 nec
723 5712 1057 5785 compleatur
1093 5712 1173 5767 ira
1230 5708 1612 5782 indignationis
1670 5706 1784 5773 Dei,
1839 5712 1894 5760 et
1941 5705 2166 5761 devoret

2217 458 2411 507 cuncta
2443 447 2793 505 fundamenta
2815 442 3221 515 hypocritarnm
3253 438 3469 512 1m
3490 454 3589 495 seu
3631 438 3808 496 hare-

2217 540 2449 596 ticorum
2473 538 2802 592 devorentur
2821 533 2889 588 ab
2912 533 3034 604 igne
3047 529 3247 586 furoris
3260 529 3379 596 Dei,
3394 528 3527 584 nulli
3547 527 3806 596 dubium;

2218 647 2284 689 eo
2303 630 2446 702 quod
2474 630 2529 686 in
2561 632 2743 683 mente
2770 639 2957 681 eorum
2978 622 3095 693 jam
3143 622 3284 694 ignis
3315 623 3529 691 ardeat
3558 620 3781 692 indigna
3798 652 3811 664 ι

2219 725 2407 788 tionis,
2458 731 2514 777 et
2554 718 2857 788 completus
2902 716 2976 772 sit
3024 714 3175 771 furor
3227 712 3444 769 Domini
3491 726 3661 783 super
3696 726 3808 769 eos.

2221 815 2378 873 Unde
2411 812 2559 870 Job:
2602 810 2741 876 Vidi,
2786 808 2986 879 inquit,
3041 804 3258 861 stultum
3305 804 3419 873 ﬁxa
3465 802 3649 858 radice
3675 816 3696 856 :
3724 805 3811 861 sed

2221 908 2400 965 statim
2426 904 2678 961 maledixi
2704 898 3087 974 pulchritudini
3114 897 3229 968 ejus
3258 895 3380 971 (Job
3417 895 3495 967 v).
3517 894 3664 964 Quid
3710 895 3814 966 igi-

2224 1009 2311 1056 tur
2340 997 2641 1063 scelestius,
2669 1009 2834 1065 quam
2873 991 3283 1064 hypocritarum
3326 987 3515 1045 stultia
3535 1002 3662 1044 esse
3686 1001 3815 1059 pro-

2224 1091 2423 1150 batur?
2457 1089 2560 1158 Qui
2586 1102 2710 1145 cum
2736 1087 2850 1143 suis
2885 1085 3172 1141 videantur
3199 1082 3354 1153 quasi
3381 1081 3590 1137 sanctis
3641 1080 3818 1152 operi-

2226 1184 2329 1240 bus
2358 1191 2504 1237 stare
2539 1195 2604 1235 ac
2634 1180 2684 1235 si
2722 1177 2881 1232 firma
2930 1176 3137 1242 radice,
3188 1175 3242 1229 in
3289 1172 3444 1229 initio
3487 1187 3707 1243 quoque
3734 1173 3820 1230 sui

2228 1271 2441 1329 decoris
2461 1269 2546 1325 vel
2592 1265 3007 1339 pulchritudinis
3061 1278 3285 1320 suarum
3325 1263 3613 1329 virtutum,
3655 1262 3822 1318 male-

2231 1364 2361 1419 dicti
2399 1361 2673 1418 habentur
2696 1366 2754 1414 et
2784 1357 3003 1428 reprobi
3031 1370 3219 1412 coram
3244 1354 3356 1410 Deo
3382 1371 3395 1408 :
3425 1368 3663 1424 quorum
3699 1367 3824 1409 cor-

2231 1456 2299 1511 da
2330 1454 2482 1509 vanis
2522 1451 2872 1507 ﬂammantur
2925 1448 3197 1515 laudibus,
3225 1456 3284 1503 et
3327 1447 3667 1503 adulantium
3694 1460 3825 1502 etm-

2235 1551 2546 1601 cremantur
2599 1540 2894 1597 favoribus.
2947 1539 3054 1596 Pro
3112 1538 3310 1610 quibus
3353 1538 3613 1594 omnibus
3657 1552 3825 1610 quam

2232 1635 2369 1692 bene
2398 1634 2643 1705 sequitur
2666 1649 2681 1688 :

2936 1734 3102 1778 ιλιει
3127 1763 3138 1776 .

2310 1840 2432 1895 Non
2470 1837 2802 1893 crediderunt
2829 1851 2974 1907 reges
2999 1844 3153 1891 teme
3174 1842 3224 1889 et
3251 1835 3479 1888 universi
3505 1836 3833 1890 habitatura

2238 1934 2398 1998 orbis,
2453 1930 2591 2003 quod
2628 1927 2991 2001 ingrederetur
3037 1926 3201 1981 hostis
3249 1934 3298 1981 et
3346 1926 3596 1981 inimicus
3648 1938 3833 1998 portas

2237 2023 2552 2082 Jerusalem.
2586 2022 2788 2078 Verum
2815 2021 3111 2077 secundum
3140 2019 3401 2086 litteram,
3431 2020 3678 2091 quandiu
3712 2021 3829 2077 haec

2240 2120 2432 2178 civitas
2453 2119 2650 2175 vallata
2679 2117 2782 2172 fuit
2830 2116 3032 2173 auxilio
3072 2116 3194 2183 Dei,
3221 2125 3280 2173 et
3322 2117 3532 2171 munita
3576 2117 3835 2188 praesidio

2241 2212 2578 2282 angelorum,
2605 2208 2821 2281 quando
2851 2208 2951 2263 fuit
2977 2209 3031 2262 in
3079 2223 3145 2264 eo
3179 2207 3444 2279 judicium
3491 2216 3549 2263 et
3594 2208 3833 2277 justitia,

2241 2303 2459 2375 quando
2478 2302 2743 2356 virtutum
2766 2298 3077 2370 replebatur
3114 2300 3292 2366 bonis,
3327 2298 3508 2355 nullus
3534 2314 3731 2373 regum
3753 2299 3840 2356 vel

2242 2390 2515 2445 habitator
2544 2389 2693 2445 orbis
2716 2387 2942 2443 credere
2976 2393 3211 2457 poterat,
3263 2386 3408 2455 quod
3454 2386 3840 2456 ingrederetur

2243 2482 2417 2538 hostis
2447 2489 2542 2534 aut
2570 2480 2823 2535 inimicus
2846 2480 2899 2534 in
2924 2494 3045 2533 eam
3074 2496 3088 2543 ;
3130 2479 3260 2548 quia
3288 2478 3703 2535 confortaverat
3733 2481 3844 2537 Do.

2242 2574 2425 2630 minus
2450 2587 2603 2629 seras
2636 2582 2916 2638 portarunt
2944 2569 3081 2640 ejus,
3123 2578 3181 2625 et
3224 2580 3479 2639 posuerat
3522 2569 3693 2625 linem
3724 2569 3844 2641 ejus

2244 2683 2454 2741 pacem.
2487 2665 2623 2722 Cum
2653 2674 2836 2720 autem
2866 2664 2969 2734 ipsi
2989 2663 3168 2719 aversi
3192 2672 3319 2718 sunt
3341 2663 3410 2719 ab
3431 2678 3516 2730 eo,
3555 2663 3716 2736 cujus
3746 2665 3845 2721 he-

2246 2762 2443 2818 neﬂcio
2469 2758 2870 2824 muniebantur,
2907 2758 3137 2813 recessit
3162 2757 3231 2812 ab
3253 2758 3336 2812 eis
3359 2771 3525 2812 omne
3561 2757 3660 2812 Dei
3702 2772 3849 2827 pra:-

2247 2851 2464 2915 sidium,
2492 2856 2568 2904 -et
2605 2846 2736 2902 facti
2780 2855 2907 2902 sunt
2950 2847 3094 2902 inter
3144 2848 3331 2902 hostes
3380 2846 3606 2917 praeda;
3641 2847 3846 2915 sicuti,

2247 2950 2433 2998 nostra
2475 2956 2620 2996 nunc
2656 2939 2895 2995 Ecclesia
2928 2939 3086 3008 juxta
3140 2940 3398 3012 mysticos
3454 2953 3672 3006 sensus,
3720 2939 3851 2996 hinc

2248 3034 2374 3089 inde
2408 3035 2476 3089 ab
2500 3032 2747 3088 hostibus
2776 3032 3047 3102 diripitur,
3089 3040 3149 3086 ut
3186 3031 3264 3086 ita
3311 3031 3522 3102 loquar.
3553 3031 3694 3099 Quis
3744 3047 3847 3086 un-

2252 3139 2414 3195 quam
2443 3124 2710 3188 crederet,
2742 3123 2827 3177 vel
2850 3124 2973 3193 quis
3019 3138 3259 3193 unquam
3287 3123 3533 3194 cogitare
3579 3125 3851 3195 potuisset

2252 3218 2308 3272 in
2339 3216 2540 3271 nostris
2567 3214 2833 3286 partibus,
2858 3215 3003 3285 quod
3025 3223 3345 3271 transcurso
3381 3222 3629 3286 tempore
3655 3230 3852 3270 omnes

2254 3308 2518 3363 accidisse
2553 3307 2961 3377 conspeximus,
3011 3306 3284 3362 doluimus
3331 3322 3395 3362 ac
3421 3304 3767 3375 deﬂevimus,
3799 3317 3858 3362 et

2254 3399 2410 3455 valde
2435 3398 2848 3469 pertimuimus?
2884 3397 3037 3453 Unde
3062 3406 3119 3453 et
3148 3396 3326 3453 adhuc
3351 3396 3511 3453 hodie
3532 3411 3644 3452 non
3669 3398 3854 3455 minus

2253 3491 2712 3564 pertimescimus,
2738 3499 2798 3545 ut
2821 3490 3009 3560 piratae
3036 3490 3269 3546 diversis
3313 3489 3601 3546 admodum
3636 3489 3852 3545 collecti

2256 3594 2320 3636 ex
2362 3581 2606 3646 familiis,
2633 3580 2971 3635 Parisiorum
3017 3581 3350 3651 attingerent
3373 3580 3531 3647 ﬁnes,
3559 3579 3853 3636 ecclesias-

2257 3688 2361 3745 que
2405 3672 2608 3728 Christi
2636 3671 2763 3727 hinc
2805 3672 2929 3726 inde
2957 3673 3081 3743 igne
3123 3680 3432 3727 cremarent
3478 3671 3627 3727 circa
3673 3671 3847 3727 littus.

2257 3764 2391 3834 Quis
2432 3777 2693 3833 unquam,
2717 3776 2923 3833 quaeso,
2979 3762 3225 3818 crederet
3268 3761 3414 3832 quod
3448 3760 3691 3817 latrones
3716 3775 3850 3832 pro-

2258 3860 2480 3917 miscuaa
2527 3858 2713 3929 gentis;
2742 3871 2982 3927 unquam
3040 3855 3169 3911 talia
3231 3855 3530 3911 auderent?
3569 3855 3657 3911 vel
3727 3855 3855 3925 quis

2259 3953 2534 4009 aestimare
2580 3950 2849 4021 potuisset
2898 3950 3043 4021 quod
3096 3958 3206 4005 tam
3254 3949 3552 4022 gloriosum
3597 3963 3851 4021 regnum,

2263 4053 2482 4113 tamque
2509 4042 2774 4096 munitum
2795 4049 2853 4096 et
2874 4040 3221 4108 latissimum,
3268 4050 3378 4097 tam
3426 4040 3747 4112 populosum
3798 4051 3857 4096 et

2262 4135 2655 4201 firmissimum,
2687 4133 2873 4188 talium
2898 4134 3175 4190 hominum
3207 4134 3483 4190 humiliari
3532 4133 3618 4190 vel
3654 4132 3855 4190 fmdari

2262 4227 2514 4282 sordibus
2548 4224 2804 4281 deberet?
2834 4224 2902 4280 Et
2924 4240 3031 4280 non
3070 4225 3194 4281 dico
3225 4225 3283 4281 hi
3307 4225 3451 4295 quod
3474 4239 3701 4280 censum
3732 4223 3857 4295 plu-

2262 4320 2459 4374 rimum
2490 4326 2794 4390 asportare,
2832 4327 2888 4373 et
2945 4319 3155 4389 praedas
3191 4319 3446 4389 diripere,
3496 4317 3582 4373 vel
3604 4318 3857 4389 captivos

2265 4413 2663 4467 transdueere:
2703 4429 2891 4467 verum
2967 4414 3090 4485 quis
3154 4413 3381 4469 credere
3454 4422 3638 4484 posset
3708 4408 3858 4484 quod

2270 4512 2381 4558 tam
2436 4503 2684 4558 vilissimi
2751 4511 2967 4559 nostros
3018 4504 3172 4559 adire
3222 4504 3357 4558 ﬁnes
3418 4500 3859 4572 auderentYIFa-e

2271 4605 2386 4651 teor
2438 4596 2605 4661 enim,
2644 4603 2703 4651 ut
2754 4609 2824 4649 ne
2848 4595 3059 4667 1507
3087 4596 3295 4651 aestimo
3330 4610 3437 4650 non
3480 4594 3639 4667 longe
3684 4603 3856 4662 retro,

2268 4687 2413 4756 quod
2454 4685 2632 4741 nullus
2676 4700 2744 4739 ex
2784 4687 3003 4756 regibus
3058 4693 3219 4741 terra:
3265 4686 3366 4741 ista
3426 4685 3711 4758 cogitaret,
3754 4699 3859 4743 ne-

2269 4793 2377 4848 que
2420 4779 2561 4834 ullus
2616 4778 2892 4834 habitator
2937 4778 3109 4834 nostri
3158 4779 3308 4835 orbis
3352 4779 3539 4834 audire
3562 4779 3860 4850 potuisset,

2272 4873 2413 4943 quod
2476 4872 2745 4928 Parisium
2795 4880 3041 4928 nostrum
3098 4872 3274 4927 hostis
3328 4872 3577 4927 intraret.
3629 4870 3865 4940 Propteo

2270 4980 2363 5021 rea
2415 4966 2518 5021 hoc
2544 4964 2618 5035 _in
2666 4964 2806 5030 loco,
2847 4973 2901 5020 et
2943 4964 2989 5019 si
3036 4979 3141 5019 non
3172 4972 3255 5019 est
3281 4964 3423 5036 quod
3453 4977 3741 5034 exponam,
3774 4970 3865 5017 est

2270 5066 2451 5114 tamen
2482 5060 2625 5130 quod
2652 5057 2876 5114 deﬂeam
2907 5066 2962 5114 et
3010 5057 3267 5128 plangam
3298 5074 3312 5124 ;
3343 5057 3623 5129 quoniam,
3656 5067 3717 5110 ut
3762 5068 3865 5110 se-

2271 5168 2445 5224 quens
2465 5166 2654 5208 versus
2684 5152 2941 5218 insinuat,
2968 5159 3194 5222 propter
3241 5158 3464 5221 peccata
3514 5147 3696 5220 populi
3740 5145 3866 5203 lucc

2272 5243 2454 5298 omnia
2482 5245 2854 5314 contigerunt;
2902 5252 2958 5300 et
2982 5251 3202 5315 propter
3241 5242 3554 5312 iniquitates
3602 5241 3866 5296 sacerdo—

2274 5344 2387 5391 tum
2408 5345 2463 5391 et
2489 5337 2836 5407 principium,
2859 5337 2985 5391 hinc
3011 5336 3135 5392 inde
3148 5344 3295 5390 tanta
3310 5335 3666 5392 crebrescunt
3680 5332 3827 5389 mala
3844 5346 3865 5387 :

2272 5429 2396 5500 quia
2432 5436 2807 5499 perverterunt
2837 5428 2993 5501 longe
3013 5428 3128 5499 jam
3151 5430 3239 5484 diu
3277 5428 3330 5483 in
3377 5427 3559 5484 medio
3587 5435 3864 5492 nostrum,

2270 5530 2332 5576 ut
2368 5521 2441 5576 ita
2473 5521 2671 5586 dicam,
2714 5520 2917 5591 judicia
2966 5519 3264 5589 justorum,
3303 5528 3359 5576 et
3396 5520 3614 5592 sanguis
3645 5518 3870 5589 sangui-

2270 5629 2394 5671 nem
2439 5616 2657 5686 tetigit;
2701 5629 2808 5684 quo
2850 5616 3029 5670 cuncti
3082 5614 3312 5685 polluti,
3347 5613 3461 5683 jam
3493 5613 3610 5669 suis
3665 5619 3870 5668 cuncta

2269 5706 2615 5777 repleverunt
2660 5704 2797 5761 dolis
2835 5713 2889 5761 et
2936 5704 3236 5763 fraudibus.
3271 5705 3425 5762 Unde
3470 5705 3526 5760 hi
3562 5708 3755 5760 versus
3785 5701 3872 5757 la-
