4078 6348
251 301 386 358 1221

975 299 1334 358 EXPOSITIO
1368 299 1435 355 IN
1475 297 2053 355 LAMENTATIONES
2091 299 2517 360 JEREMUE.—
2553 305 2678 360 LIB.
2719 306 2807 362 iV.

3387 311 3538 370 12ὶῖ-

247 415 454 471 mentis
478 413 663 484 potius
695 425 822 468 sunt
854 415 1158 484 exponendi
1184 425 1238 469 et
1263 413 1496 479 ﬂetibus,
1521 429 1682 483 quam
1714 412 1837 467 ullis
1862 414 1917 474 Α
1941 413 2006 466 ad
2037 415 2290 483 templum
2317 416 2552 472 caelestis
2571 421 2776 488 patriae,
2801 421 2872 476 ita
2894 421 3081 492 polluti
3109 438 3327 480 suorum
3351 427 3526 498 inqui-

248 507 644 563 sententiarum
689 505 920 574 eloquiis
972 506 1288 571 retexendi;
1323 521 1495 576 neque
1550 504 1834 574 triplicitas

247 614 508 655 sensuum
543 597 888 667 requirenda,
917 613 1039 652 cum
1065 613 1203 652 unus
1225 599 1295 653 sit
1319 598 1559 652 omnium
1589 607 1831 653 nostrum

245 707 410 750 casus
435 700 491 746 et
525 691 701 746 ruina.
732 690 938 745 Idcirco
961 691 1114 745 dolor
1135 692 1313 747 cordis
1347 692 1399 744 in
1439 691 1632 747 talibus
1663 693 1833 747 ulula-

245 783 396 838 tibus
417 791 471 837 et
491 782 781 853 gemitibus
806 791 890 836 est
911 781 1264 852 requirendus
1289 799 1300 834 :
1328 791 1521 836 utcum
1547 786 1840 853 propheta;

241 883 438 931 nostra
468 890 589 945 qua:
633 876 900 945 gessimus
936 876 1100 940 mala,
1151 875 1348 931 deflere
1383 877 1673 946 possimus,
1700 886 1842 948 quo—ﬁ

238 969 394 1023 niam
415 935 594 1023 vibrat
625 935 716 1022 Dei
742 967 971 1038 gladius,
1003 977 1057 1022 et
1081 970 1277 1038 pendet
1308 969 1360 1022 in
1383 935 1685 1024 cervicibus
1717 935 1842 1053 ⁵ηο--ξ

239 1060 406 1116 stris.
437 1059 557 1114 Jam
597 1059 804 1114 securis
843 1060 910 1114 ad
946 1059 1158 1114 radices
1192 1059 1444 1114 arborum
1500 1061 1675 1130 posita
1707 1070 1826 1116 est:

236 1153 371 1224 quia
415 1150 751 1207 infructuosa
778 1160 862 1207 cst
886 1166 1040 1206 mens
1069 1161 1272 1217 nostra,
1303 1152 1443 1222 Ergo
1465 1153 1685 1207 desazvit
1715 1152 1828 1222 gla-

237 1243 363 1297 dius
403 1240 766 1296 Barbarorum
808 1242 1124 1312 evaginatus
1169 1256 1234 1296 ex
1278 1243 1466 1313 vagina
1501 1242 1739 1306 Domini;
1773 1251 1828 1296 et

236 1343 344 1385 nos
396 1330 580 1385 miseri
621 1339 895 1400 torpentes
924 1327 1174 1397 vivimus,
1213 1332 1354 1386 inter
1402 1341 1512 1386 tam
1571 1332 1827 1388 immania

234 1421 608 1478 Barbarorum
673 1424 836 1489 mala,
887 1425 1028 1481 inter
1102 1434 1208 1480 tam
1275 1427 1569 1482 crudelium
1628 1429 1826 1484 civium

239 1513 405 1578 bella,
457 1515 602 1570 inter
649 1515 1017 1586 diripientium
1060 1519 1298 1589 praedas,
1348 1521 1488 1574 inter
1533 1521 1827 1579 seditiones

232 1611 290 1659 et
340 1603 582 1671 fraudes,
637 1608 731 1662 sed
759 1609 999 1677 quotidie
1050 1610 1117 1664 ad
1163 1611 1364 1682 majora
1420 1614 1826 1671 exardescimus

235 1693 508 1749 scelerum
568 1696 729 1750 mala.
773 1697 1004 1768 Pmpter
1052 1701 1194 1769 quod
1233 1701 1385 1771 quasi
1409 1703 1474 1756 de
1504 1705 1679 1769 nobis,
1720 1721 1824 1760 vox

230 1783 548 1856 plangentis
575 1785 860 1857 Propheta:
889 1790 1132 1860 sequitur
1157 1808 1169 1821 ·

966 1917 1095 1958 NUN.

306 2010 629 2068 Erraverunt
652 2015 775 2068 crvci
803 2017 855 2069 in
877 2016 1066 2087 plateis
1086 2019 1274 2089 polluti
1300 2023 1570 2091 sanguine.
1591 2023 1822 2096 Cumque

237 2101 443 2173 ingredi
484 2121 587 2159 non
628 2117 858 2176 possent,
885 2109 1079 2179 inquit,
1117 2121 1391 2167 tenuerunt
1421 2114 1642 2170 lacinias
1673 2133 1817 2171 suas.

228 2192 387 2250 Patet
419 2210 626 2261 sensus,
661 2197 802 2266 quod
851 2197 1056 2254 Scriba:
1099 2211 1152 2256 et
1196 2201 1451 2259 Pharisaei
1485 2207 1612 2261 caeci
1667 2223 1816 2262 erra-

229 2295 426 2340 verunt
454 2286 506 2340 iu
545 2287 734 2356 plateis
767 2290 879 2344 suis
911 2299 996 2355 ,et
1031 2295 1249 2362 quando
1274 2297 1538 2368 sanguine
1565 2311 1820 2353 cruenta-

238 2377 446 2432 bantur
476 2379 724 2434 humanm
755 2380 1054 2449 effusionis,
1097 2384 1346 2441 fortassis
1388 2388 1591 2457 pudore
1624 2393 1818 2460 pressi,

227 2469 581 2526 abstinebant
613 2488 669 2526 se
719 2473 787 2528 ab
841 2474 1084 2543 ingressu
1133 2478 1428 2546 templi.Et
1454 2479 1578 2548 quia
1619 2480 1820 2536 effude-

228 2571 360 2617 runt
429 2561 482 2616 in
553 2565 732 2618 medio
779 2563 1079 2621 Jerusalem
1139 2569 1462 2638 sanguinem
1524 2568 1816 2638 justorum,

231 2652 419 2723 polluti
467 2669 564 2725 per
610 2655 841 2725 plateam
894 2659 1227 2724 incedentes,
1284 2661 1629 2716 abstinebant
1678 2678 1735 2719 se
1789 2681 1818 2718 a

231 2746 434 2816 templo
456 2762 561 2801 non
588 2763 684 2802 sua
716 2747 961 2819 lugentes
995 2761 1239 2821 peccata,
1269 2753 1363 2806 sed
1413 2752 1822 2810 adblandientcs

229 2838 358 2901 sibi,
391 2853 488 2908 per
519 2838 724 2908 plateas
761 2839 1107 2896 lascivientes
1131 2844 1301 2896 ihant.
1332 2842 1599 2898 Errabant
1640 2854 1820 2899 autem

227 2934 291 2981 ut
314 2927 464 2992 caeci,
491 2931 822 2983 aestimantes
854 2931 998 3000 quod
1027 2946 1121 2985 eos
1162 2931 1294 2986 tales
1325 2934 1590 3004 purgabat
1615 2941 1820 3004 tempo-

228 3017 306 3073 ris
328 3016 514 3074 dilatio
553 3019 913 3086 solummodo,
970 3021 1014 3076 si
1062 3037 1092 3075 a
1137 3022 1335 3093 templo
1381 3039 1439 3078 se
1480 3023 1818 3091 cohiberent,

226 3108 296 3164 de
323 3126 380 3165 se
400 3109 670 3182 jactantes
698 3113 852 3182 quasi
879 3111 1036 3167 fortia
1069 3129 1296 3184 quaeque
1332 3123 1606 3185 gestormu
1653 3130 1819 3187 opera

225 3202 508 3267 haberent,
537 3213 589 3258 et
629 3204 904 3260 humilitas
935 3214 1352 3272 monstraretur,
1385 3224 1603 3278 cumque
1646 3209 1817 3279 ingre-

224 3295 282 3348 di
314 3312 420 3350 non
445 3307 673 3366 possent,
703 3307 976 3351 tenuerunt
995 3298 1215 3353 lacinias
1240 3317 1384 3354 suas.
1411 3299 1646 3356 Lacinia:
1672 3302 1819 3357 enim

225 3395 355 3443 sunt
402 3387 566 3456 panni
631 3389 1078 3444 vestimentorum
1132 3400 1400 3458 veterum,
1447 3392 1530 3447 vel
1578 3393 1818 3450 cincinni

223 3480 610 3547 scissurarum,
643 3483 839 3552 quibus
884 3483 1078 3550 induti,
1136 3483 1352 3555 1508
1395 3486 1548 3554 quasi
1582 3486 1707 3541 caeci
1761 3501 1818 3542 se

224 3568 458 3626 invicem
489 3579 782 3642 sequentes
828 3573 1106 3639 tenebant,
1151 3583 1210 3627 ut
1253 3575 1390 3629 alter
1435 3589 1621 3630 eorum
1662 3576 1818 3635 alteri

217 3661 566 3734 iungeretur,
607 3672 874 3734 quatenus
904 3666 1160 3720 sub-hac
1202 3665 1336 3721 falsa
1386 3667 1690 3724 humilitate
1730 3684 1816 3724 sa-

227 3754 498 3819 cerdotes,
532 3754 624 3823 qui
656 3753 954 3810 effuderant
981 3758 1298 3829 sanguinem
1321 3757 1592 3827 justorum
1617 3771 1670 3816 et
1691 3776 1813 3832 pro-

223 3845 424 3916 pheta},
452 3845 650 3916 populo
674 3846 1074 3902 satisfacerent.

959 3979 1093 4018 “El.

293 4069 524 4145 Propter
550 4087 764 4146 peccata
785 4079 1156 4148 prophetarum
1187 4079 1302 4149 ejus
1333 4089 1382 4133 et
1411 4080 1713 4151 iniquitates
1729 4099 1814 4137 sa-

223 4165 496 4220 cerdotum
547 4168 686 4238 ejus,
717 4171 806 4240 qui
859 4171 1157 4239 effuderunt
1182 4171 1236 4225 in
1258 4171 1427 4224 medio
1456 4172 1571 4241 ejus
1595 4174 1815 4243 sangui-

224 4274 340 4312 nem
384 4259 680 4329 justorum.
715 4263 867 4318 Unde
898 4273 1078 4318 nostra
1105 4263 1409 4318 Jerusalem
1447 4265 1814 4321 abundantius

223 4347 372 4418 luget
405 4365 530 4404 cum
556 4355 819 4422 propheta
853 4356 1165 4410 sacerdotes
1195 4371 1323 4412 suos
1342 4365 1397 4410 ct
1416 4356 1687 4422 doctores,
1721 4357 1815 4426 qui

223 4437 278 4492 in
307 4439 490 4495 medio
512 4440 877 4498 Ecclesiarum
912 4446 1002 4500 Dei
1036 4445 1317 4500 effundunt
1347 4447 1663 4517 sanguinem
1688 4447 1807 4515 jus-

222 4535 428 4595 torum,
480 4533 572 4601 qui
604 4534 787 4604 utique
805 4536 938 4606 justi
961 4552 1083 4592 esse
1122 4545 1360 4607 possent,
1395 4516 1500 4593 nisi
1541 4555 1608 4594 ex
1640 4541 1813 4612 negli-
1841 4516 1894 4577 D

221 4623 406 4693 gentia
437 4639 625 4678 eorum
672 4628 1032 4697 deperisseut.
1068 4628 1218 4684 Unde
1247 4630 1506 4685 Dominus
1531 4647 1628 4701 per
1674 4633 1810 4688 Eze-

219 4713 453 4768 chielem
487 4731 500 4766 :
539 4715 690 4781 Quod
720 4720 764 4772 si
825 4737 928 4773 non
961 4722 1373 4785 annuntiaveris,
1409 4709 1604 4790 inquit,
1652 4725 1811 4793 impio

219 4819 402 4859 omnes
434 4807 734 4878 iniquitates
761 4811 897 4881 ejus,
933 4814 1241 4882 sanguinem
1293 4813 1405 4883 ejus
1436 4815 1500 4868 de
1532 4831 1691 4869 manu
1718 4826 1812 4870 tua

218 4900 487 4967 requiram
547 4899 764 4971 (Ezech.
805 4904 986 4974 xvm).
1018 4903 1088 4959 Ut
1116 4903 1244 4972 quid
1271 4904 1433 4975 igitur
1461 4906 1680 4975 sanguis
1705 4906 1808 4959 im-

218 4989 296 5059 pii
328 4990 396 5045 de
448 5006 610 5046 manu
642 4995 941 5050 sacerdotis
970 4996 1296 5064 exquiritur,
1349 4996 1448 5050 nisi
1481 4997 1602 5065 quia
1647 4997 1814 5067 ipsius

218 5079 382 5151 culpa
395 5085 634 5153 sanguis
660 5086 797 5156 ejus,
835 5095 1115 5157 peccatum
1141 5087 1368 5152 scilicet,
1389 5103 1560 5157 usque
1586 5087 1652 5142 ad
1671 5104 1816 5143 mor-

220 5177 332 5225 tem
364 5170 642 5230 funditur?
663 5176 840 5231 Etiam
863 5186 917 5234 et
950 5195 1337 5250 nonnunquam
1369 5179 1459 5250 qui
1493 5181 1816 5236 videbantur

213 5263 373 5335 justi,
403 5283 591 5324 eorum
622 5273 884 5344 exemplis
911 5283 968 5329 et
993 5275 1238 5330 doctrina
1269 5276 1574 5345 pravitatis,
1600 5275 1664 5328 ad
1707 5285 1815 5330 ter-

219 5373 340 5414 ram
376 5376 551 5433 usque
592 5367 840 5433 veniunt,
888 5377 943 5423 et
989 5369 1195 5437 peccati
1249 5367 1521 5437 profusius
1551 5368 1815 5438 sanguine

217 5452 413 5524 polluti
440 5457 799 5525 perimentur.
837 5459 938 5526 Qui
968 5460 1213 5531 profecto
1243 5463 1558 5517 sacerdotes
1586 5469 1642 5516 et
1691 5475 1816 5530 pro-

217 5545 402 5615 phetae
434 5549 561 5605 caci
586 5563 907 5606 erraverunt
929 5553 981 5606 in
1012 5553 1223 5621 plateis,
1265 5554 1392 5607 dum
1416 5553 1577 5607 latam
1606 5564 1661 5606 et
1687 5568 1815 5622 spa-

221 5634 420 5690 tiosam
443 5641 727 5708 praesentis
750 5643 934 5695 szcculi
965 5644 1104 5696 viam
1145 5643 1631 5714 apprehemlcutes,
1650 5659 1816 5712 augu-

220 5732 367 5781 stam
395 5743 464 5784 ex
485 5729 781 5805 Evangelia
801 5734 1089 5790 noluerunt
1109 5735 1316 5807 ingredi
1340 5735 1504 5801 viam,
1521 5750 1640 5805 qua:
1669 5735 1817 5791 ducit

1942 506 2210 559 namentis
2257 506 2597 574 delictorum,
2630 527 2728 566 nec
2762 514 2860 582 ipsi
2889 514 3234 581 introierunt,
3267 533 3367 572 nec
3393 519 3526 576 alios

1942 594 2147 652 intrare
2172 599 2554 667 permiserunt.
2585 601 2652 656 Et
2683 604 2785 658 hoc
2809 613 2892 659 est
2919 607 3063 674 quod
3085 607 3192 662 ait.
3215 610 3525 680 sanguinem

1931 692 2200 762 justorum
2242 698 2536 767 effuderunt
2564 702 2617 754 in
2647 703 2815 755 medio
2865 703 2998 773 ejus.
3034 704 3090 758 ld
3120 715 3222 770 est,
3257 707 3310 761 in
3348 707 3526 764 medio

1939 783 2198 839 Ecclesim
2227 803 2345 855 qum
2365 803 2492 842 vera
2520 798 2602 843 est
2626 788 2957 858 Jerusalem;
2998 803 3050 848 et
3078 804 3161 849 cst
3199 806 3374 851 mater
3400 814 3524 852 om—

1940 874 2088 927 nium
2119 885 2385 930 nostrum.
2421 878 2476 931 In
2501 877 2653 946 cujus
2680 881 2935 936 nimirum
2967 885 3143 938 medio
3175 887 3301 941 caeci
3335 903 3527 942 erranv

1941 975 2020 1022 tes
2050 967 2333 1024 effundunt
2361 973 2677 1043 sanguinem
2698 973 3228 1046 justorum,quamlo
3259 981 3372 1034 suis
3402 997 3525 1050 pra-

1939 1057 2020 1113 vis
2053 1061 2174 1114 vitze
2218 1064 2500 1133 exemplis,
2543 1080 2636 1118 eos
2660 1065 2726 1118 ad
2757 1068 3088 1134 peccandum
3118 1069 3407 1138 proclivius
3436 1071 3522 1126 in-

1939 1150 2130 1219 vitant,
2185 1161 2240 1205 et
2293 1153 2576 1208 scelestius
2620 1153 2922 1220 effundunt.
2971 1156 3071 1224 Qui
3121 1174 3243 1212 cum
3295 1161 3361 1213 ad
3394 1159 3523 1216 illud

1936 1241 2051 1294 veri
2089 1243 2180 1296 Dei
2214 1243 2467 1312 templum
2503 1243 2708 1314 ingredi
2733 1246 2845 1316 jam
2902 1233 3014 1302 suis
3045 1249 3228 1318 polluti
3259 1251 3524 1323 contagiis

1937 1339 2232 1400 nequeunt,
2255 1341 2438 1387 tenent
2461 1333 2686 1390 lacinias
2715 1352 2862 1402 suas,
2885 1337 2938 1390 id
2955 1346 3038 1392 est
3065 1339 3344 1394 discissam
3368 1350 3423 1395 et
3444 1341 3525 1397 di-

1937 1419 2224 1476 laceratam
2254 1424 2541 1479 vetustatis
2573 1441 2684 1480 suae
2712 1427 2899 1492 vitam,
2930 1429 3082 1497 quasi
3118 1429 3243 1484 (εωοί
3269 1431 3525 1484 oberran-

1939 1520 2032 1568 tes.
2073 1512 2280 1568 Tenent
2306 1514 2535 1569 invicem
2566 1515 2791 1570 lacinias
2812 1533 2937 1572 suas
2963 1519 3273 1574 sacerdotes
3296 1518 3522 1587 Christi,

1936 1613 2202 1660 vetustam
2233 1605 2485 1661 videlicet
2519 1617 2574 1661 et
2599 1612 3018 1663 contaminatam
3047 1611 3238 1672 vitam,
3287 1622 3345 1665 ut
3369 1626 3520 1665 com-

1936 1699 2194 1769 probetur
2221 1699 2348 1754 illud
2375 1715 2440 1754 ex
2469 1701 2790 1770 Evangelio:
2820 1702 2954 1770 Quia
2983 1703 3028 1756 si
3071 1719 3239 1758 οηέω
3260 1721 3396 1759 cwco
3422 1705 3520 1758 du-

1860 1791 1910 1852 B
1939 1801 2112 1845 catum
2141 1791 2391 1860 praebeat,
2439 1793 2588 1846 ambo
2614 1793 2667 1846 in
2697 1793 2897 1861 foveam
2929 1795 3122 1850 radunt
3152 1794 3367 1867 (Matth.
3401 1796 3518 1868 xv).

1923 1883 1992 1938 Et
2022 1883 2123 1937 hoc
2150 1891 2234 1936 est
2259 1882 2401 1950 quod
2439 1881 2687 1952 deplorat
2735 1885 3020 1954 propheta,
3068 1887 3177 1940 imo
3223 1886 3520 1943 electorum

1923 1976 2166 2031 omnium
2200 1975 2418 2036 cherus,
2453 1976 2688 2030 maxime
2738 1992 2884 2031 nunc
2926 1977 2979 2030 in
3011 1985 3272 2048 tempore,
3301 1978 3520 2049 quando

1925 2069 2004 2124 sic
2033 2082 2220 2121 omnes
2247 2067 2431 2121 caecati
2462 2066 2626 2121 latam
2651 2076 2707 2122 et
2727 2069 3020 2136 spatiosam
3042 2069 3186 2124 viam
3213 2071 3515 2138 ambulant,

1924 2168 1979 2213 et
2027 2167 2210 2212 tenent
2240 2158 2304 2211 ad
2337 2158 2567 2212 invicem
2596 2159 2824 2214 lacinias
2852 2175 2976 2215 suas
3002 2159 3191 2230 polluti
3229 2161 3516 2233 sanguine,

1926 2265 2025 2306 nec
2043 2250 2218 2304 valent
2242 2252 2647 2320 apprehendere
2663 2253 2778 2307 vias
2798 2254 2940 2319 vitae,
2959 2270 3135 2325 neque
3150 2270 3210 2310 se
3239 2271 3268 2309 a
3297 2257 3410 2311 suis
3423 2272 3520 2310 ex-

1925 2343 2128 2412 plicare
2143 2343 2350 2396 viarum
2369 2341 2722 2398 anfractibus.
2741 2344 2949 2399 Tenent
2966 2346 3128 2417 igitur
3148 2345 3372 2401 lacinias
3387 2363 3517 2403 suas

1928 2431 2142 2502 1509
2166 2433 2233 2486 ad
2254 2433 2506 2496 invicem,
2532 2433 2608 2487 uti
2641 2434 2769 2488 οωοὶ
2819 2449 2877 2488 se
2919 2442 3236 2503 sequentes,
3261 2435 3386 2505 quia
3416 2436 3515 2489 du-

1923 2539 2040 2578 cem
2073 2523 2351 2578 Christum
2380 2525 2537 2594 sequi
2569 2524 2756 2579 nolunt
2787 2543 2798 2578 :
2827 2534 2882 2578 et
2926 2525 3046 2580 ideo
3084 2534 3351 2580 vetustate
3381 2525 3515 2581 deli-

1924 2623 2133 2670 ctorum
2199 2615 2413 2678 vestiti,
2454 2617 2738 2671 discissam
2782 2625 2837 2671 et
2875 2617 3175 2687 disruptam
3216 2617 3382 2672 vitam
3422 2633 3510 2674 se-

1923 2714 2182 2773 quuntur.
2235 2704 2341 2760 Sed
2394 2714 2448 2760 et
2487 2706 2864 2761 haereticorum
2893 2706 3140 2777 deplorat
3185 2709 3510 2778 caecitatem,

1924 2791 2014 2861 qui
2077 2791 2444 2866 relinquentes
2493 2804 2696 2848 rectum
2745 2791 3148 2863 Scripturarum
3201 2794 3508 2862 tramitem,

1924 2882 2362 2953 catholicamque
2430 2883 2554 2939 ﬁdei
2609 2885 2871 2955 regulam,
2917 2883 3253 2941 latitudinem
3307 2887 3514 2944 erroris

1924 2974 2238 3046 delegerunt
2268 2975 2454 3046 polluti
2492 2975 2752 3047 sanguine
2790 2990 3002 3041 eorum,
3028 2991 3260 3047 quorum
3283 2977 3397 3032 suis
3423 2992 3512 3033 er-

1924 3066 2141 3122 roribus
2176 3067 2387 3122 animas
2433 3068 2710 3138 perimunt
2734 3067 3102 3137 deceptorum.
3134 3067 3235 3134 Qui
3267 3084 3389 3124 cum
3417 3083 3512 3124 ca-

1848 3159 1894 3224 C
1928 3155 2179 3212 tholicam
2208 3165 2486 3227 nequeunt
2507 3157 2756 3225 introire,
2795 3156 2920 3226 quia
2952 3157 3162 3223 nolunt,
3188 3157 3510 3226 Ecclesiam,

1924 3256 2113 3304 tenent
2141 3248 2368 3306 lacinias
2400 3266 2526 3305 suas
2557 3251 2784 3305 invicem
2819 3265 2833 3303 :
2875 3251 3221 3306 discissiones
3258 3251 3512 3306 videlicet

1924 3339 2355 3410 Scripturarum,
2395 3342 2480 3398 vel
2510 3341 2926 3400 dilacerationes
2967 3358 3101 3412 quas
3127 3343 3226 3412 ipsi
3257 3358 3352 3397 sua
3377 3343 3512 3397 diri-

1921 3441 2157 3502 puerunt
2178 3431 2385 3489 fraude.
2422 3433 2514 3489 Sic
2546 3434 2730 3504 itaque
2765 3443 2820 3490 et
2857 3434 3118 3489 virtutum
3158 3436 3358 3490 chorus
3389 3449 3511 3490 mo-

1924 3524 2113 3580 raliter
2151 3525 2349 3581 amissa
2380 3525 2686 3596 prudentia,
2709 3526 3072 3596 populositate
3093 3525 3209 3594 ejus
3235 3527 3382 3582 intus
3401 3542 3510 3581 ca:-

1920 3617 2025 3671 cati
2049 3616 2350 3671 ambulant.
2393 3616 2686 3671 Ambulant
2742 3617 3008 3688 siquidem
3052 3618 3194 3672 viam
3241 3619 3512 3689 appetitus

1925 3707 2050 3760 vani
2077 3717 2135 3762 ut
2163 3707 2290 3762 caeci
2323 3707 2375 3761 in
2403 3707 2598 3777 plateis
2625 3722 2640 3760 :
2672 3707 2800 3780 quia
2841 3717 3030 3762 carent
3066 3707 3186 3764 luce
3210 3723 3329 3778 quae
3355 3707 3512 3764 Chri-

1918 3807 2036 3856 stus
2057 3808 2142 3854 est
2166 3815 2181 3864 ;
2207 3807 2264 3854 et
2289 3799 2416 3853 dum
2445 3799 2586 3852 viam
2608 3799 2969 3869 cumdemque
3014 3797 3288 3853 Christum
3327 3806 3514 3854 tenere

1919 3900 2219 3960 nequeunt,
2250 3891 2379 3944 dum
2406 3898 2560 3945 extra
2599 3904 2658 3944 se
2681 3905 2898 3960 semper
2929 3889 3000 3945 ob
3023 3890 3150 3944 vani
3176 3889 3377 3946 favoris
3391 3906 3512 3964 gra-

1922 3983 2051 4037 tiam
2089 3995 2148 4037 se
2176 3980 2500 4046 diffundunt,
2533 3990 2720 4035 tenent
2749 3979 2982 4036 invicem
3027 3980 3252 4036 laCinias
3281 3989 3514 4036 vetusta-

1922 4077 1991 4132 tis
2039 4091 2204 4142 suae;
2263 4084 2318 4130 et
2392 4074 2611 4146 explere
2659 4074 2775 4129 vias
2843 4075 3099 4129 virtutum
3163 4082 3441 4144 nequeunt
3488 4091 3501 4127 :

1919 4169 2174 4238 quoniam
2221 4176 2486 4224 vetustate
2540 4168 2798 4222 vitiorum
2850 4168 3172 4233 vestiuntur,
3219 4167 3346 4222 dum
3392 4166 3510 4238 pol-

1921 4260 2035 4316 luta
2083 4275 2270 4316 eorum
2318 4276 2474 4316 mens
2500 4269 2554 4314 et
2576 4261 2932 4327 conscientia,
2967 4260 3267 4332 platearum
3299 4276 3514 4332 semper

1917 4368 2072 4407 vanae
2113 4353 2289 4408 laudis
2321 4351 2654 4422 amplissima
2696 4359 2992 4406 sectantur.
3039 4352 3117 4406 De
3143 4351 3342 4421 quibus
3369 4351 3508 4407 bene

1919 4446 2170 4501 subditur
2199 4464 2212 4500 :

2598 4531 2826 4571 SAIECB.

1995 4631 2256 4695 Recedite,
2271 4627 2478 4698 polluti,
2498 4628 2942 4683 clamaverunt'er‘s
2959 4645 2972 4682 :
2990 4639 3226 4694 receaue,
3243 4631 3398 4696 abite,
3415 4646 3509 4685 no-

1918 4722 2008 4775 lite
2046 4731 2276 4790 tangere.
2324 4719 2539 4790 Jurgati
2567 4719 2755 4790 quippe
2796 4730 2940 4785 sunt,
2974 4731 3023 4774 et
3059 4723 3304 4776 commoti
3353 4723 3505 4776 dixe-

1919 4823 2040 4868 runt
2077 4813 2214 4866 inter
2251 4823 2426 4881 gentes
2461 4830 2473 4865 :
2504 4809 2626 4865 Non
2652 4813 2807 4866 addet
2837 4812 2998 4878 ultra,
3025 4824 3079 4867 ut
3117 4813 3306 4867 habitet
3329 4815 3382 4869 in
3408 4815 3503 4871 eis.

1919 4903 2196 4958 Fortassis
2222 4916 2352 4973 ergo
2383 4916 2482 4972 per
2510 4904 2982 4974 exaggerationem
3008 4906 3267 4976 prepheta
3290 4904 3506 4962 Judazo-
3524 4920 3544 4928 ·

1921 5013 2040 5052 rum
2077 4993 2470 5051 immanissima
2501 4994 2661 5051 deﬂet
2700 4996 2906 5052 scelera
2942 5015 2954 5050 :
2988 4997 3280 5063 intantum,
3324 5005 3384 5052 ut
3428 4997 3507 5054 sic

1918 5089 2066 5144 vitiis
2092 5098 2148 5145 et
2166 5091 2408 5160 peccatis
2440 5089 2646 5147 fuerint
2675 5093 2966 5164 deturpati,
3013 5102 3282 5162 quatenus
3322 5092 3505 5152 hostes

1919 5198 2108 5238 eorum
2163 5192 2220 5238 et
2273 5183 2573 5239 adversarii
2625 5193 2810 5255 portas
2875 5184 3173 5241 Jerusalem
3231 5185 3507 5257 insperate

1920 5276 2148 5346 ingressi
2175 5276 2483 5342 obruerint,
2509 5286 2567 5332 et
2592 5277 2947 5332 clamaverint
2976 5277 3057 5332 eis
3085 5277 3501 5348 exprobrando:

1921 5367 2178 5422 Recedite
2208 5369 2406 5424 vestris
2425 5369 2615 5439 polluti
2638 5368 3263 5435 criminibus;-recedite
3318 5386 3348 5424 a
3381 5386 3505 5425 san-

1923 5460 2132 5516 ctuario
2155 5460 2271 5524 Dei,
2300 5462 2495 5516 vestris
2523 5460 2707 5515 multis
2743 5468 2798 5515 et
2837 5460 3117 5516 immensis
3140 5461 3338 5517 foedati
3367 5462 3505 5518 deli-

1927 5562 2144 5609 ctorum
2189 5555 2475 5625 contagiis.
2526 5553 2604 5607 Ac
2664 5553 2858 5609 deinde
2889 5555 3102 5610 scelesti
3140 5554 3309 5611 Judmi
3343 5563 3506 5626 atque

1924 5645 2109 5700 hos:cs
2139 5660 2327 5699 eorum
2359 5645 2488 5714 quid
2537 5645 2778 5716 egerint,
2821 5647 3081 5716 propheta
3133 5645 3366 5720 lugendo
3423 5649 3505 5704 in-

1924 5735 2030 5792 fert
2063 5735 2315 5806 :Jurgati
2348 5736 2534 5807 quippe
2564 5746 2704 5804 sunt,
2749 5736 2942 5808 inquit,
2969 5747 3018 5793 et
3061 5740 3326 5796 commoti.
3381 5738 3503 5796 Sci-
