4078 6348
563 253 704 312 1223

1375 246 1433 303 S.
1474 245 1834 306 PASCHASII
1872 239 2555 316 RADBER'I'IIABBATIS
2592 240 3047 300 CORBEIENSIS

3698 252 3837 310 ιω

561 371 687 426 licet
710 368 784 424 illi
806 365 1059 424 commoti
1088 366 1155 420 ad
1178 363 1356 435 jurgia
1391 379 1406 417 :
1439 362 1529 418 isti
1571 377 1702 417 vero
1731 365 1798 416 ad
1841 361 2136 433 lacrymas,
2165 365 2220 424 Α
2242 372 2349 414 non
2373 363 2660 422 steterunt,
2687 357 2776 426 qui
2809 373 3025 429 semper
3064 360 3204 416 idem
3233 371 3318 417 est
3351 370 3408 418 et
3428 361 3706 436 jurgatur.
3729 365 3833 421 Pa-

561 473 618 520 et
645 463 1022 520 contritionem
1053 457 1270 524 cordis;
1311 457 1387 511 illi
1419 465 1480 511 ut
1523 456 1695 526 magis
1731 455 2009 525 magisque
2039 469 2138 524 op-

561 557 777 630 probria
819 554 1083 609 inferrent
1107 561 1162 608 et
1204 549 1570 620 hlasphemias
1598 567 1612 603 :
1644 549 1731 605 isti
1762 549 1828 604 ad
1855 548 2057 602 luctum
2088 556 2143 600 et

561 645 933 702 confusionem
976 645 1108 699 dirae
1168 643 1518 699 calamitatis.
1576 640 1645 696 Et
1703 641 1956 695 dixerunt
2001 640 2142 695 inter

560 749 751 810 gentes
805 752 820 792 :
866 736 990 792 Non
1015 736 1171 790 addet
1211 733 1373 799 ultra,
1418 743 1474 787 ut
1511 732 1761 787 inhabitet
1793 733 1849 786 in
1882 733 1956 785 eis
2000 730 2140 786 Deus

558 849 763 887 eorum.
804 829 886 885 Ad
932 838 1222 898 utrumque
1271 826 1457 898 igitur,
1505 825 1650 878 inter
1694 831 1900 895 gentes,
1950 822 2140 877 referri

558 929 738 993 potest
768 937 782 974 :
813 928 870 972 ut
889 919 960 974 sit
993 932 1208 981 sensus,
1235 916 1379 986 quod
1405 913 1480 969 illi
1497 913 1829 984 captivitatis
1845 915 1960 968 haec
1991 913 2142 967 dixe-

558 1014 672 1068 rint
705 1013 846 1067 inter
877 1019 1086 1083 gentes,
1115 1017 1209 1063 aut
1245 1015 1414 1063 certe.
1460 1005 1578 1061 Non
1616 1005 1778 1061 addet
1809 1005 1952 1059 ultra
1999 1005 2141 1058 inter

559 1111 754 1175 gentes
799 1110 860 1156 ut
904 1101 1113 1155 habitet
1159 1099 1212 1152 in
1249 1098 1330 1153 eis
1360 1115 1372 1150 :
1408 1097 1551 1152 inter
1577 1112 1711 1166 quas
1759 1095 1924 1150 etiam
1970 1095 2140 1149 Deum

562 1208 746 1248 verum
774 1200 828 1246 et
868 1191 1050 1246 vivum
1100 1189 1430 1253 deserentes,
1479 1187 1622 1242 idola
1675 1187 1975 1242 coluerunt.
2033 1185 2139 1240 Sed

564 1284 778 1355 1510
800 1291 854 1339 et
878 1282 1000 1352 ipsi,
1034 1290 1095 1336 ut
1118 1295 1356 1351 sequens
1381 1295 1571 1334 versus
1598 1280 1856 1344 insinuat,
1889 1278 2016 1348 quia
2054 1277 2136 1330 fa-

557 1375 672 1430 cies
709 1374 923 1428 Domini
956 1373 1140 1429 divisit
1185 1387 1297 1436 eos,
1357 1371 1604 1426 fortassis
1651 1371 1791 1426 inter
1835 1387 1894 1426 se
1935 1369 2141 1444 jurgati

556 1472 704 1529 sunt,
734 1473 793 1518 ut
817 1463 1006 1534 polluti
1056 1463 1316 1534 sanguine
1349 1462 1692 1526 delictorum,
1741 1461 1946 1517 eisdem
1979 1460 2140 1517 simili

556 1555 719 1610 modo
754 1554 973 1625 pollutis
1010 1554 1366 1608 clamaverint
1407 1571 1418 1606 :
1455 1552 1730 1617 Recedite;
1775 1553 1853 1606 uti
1904 1567 2022 1606 mos
2056 1561 2139 1607 est

554 1658 767 1710 eorum,
792 1645 885 1714 qui
912 1644 1099 1698 volunt
1128 1642 1264 1713 justi
1294 1643 1493 1707 videri,
1517 1652 1573 1698 et
1598 1650 1960 1711 aspernantur
1987 1651 2142 1697 caete-

2241 464 2358 504 cem
2403 448 2554 517 prius
2591 448 2738 504 intus
2777 449 3078 505 amiserunt
3112 467 3177 508 ac
3205 454 3524 510 delcctionis
3567 472 3832 513 amorem.

2241 539 2532 612 PrOpterea
2560 549 2616 595 et
2663 541 2731 596 de
2763 541 2960 597 talibus
3005 553 3152 599 recte
3191 545 3336 600 inter
3378 556 3569 618 gentes
3609 547 3835 603 dicitur.

2240 631 2356 688 Non
2388 633 2550 690 addet
2599 632 2768 699 ultra,
2801 642 2860 688 ut
2894 635 3103 693 habitet
3158 638 3212 691 in
3249 639 3330 693 eis
3359 639 3524 704 Deus,
3575 641 3839 711 quoniam

2240 724 2331 779 ubi
2359 740 2464 794 pax
2495 734 2550 780 et
2581 723 2873 780 concordia
2901 741 3009 781 non
3033 736 3137 793 est,
3169 729 3309 785 Deus
3331 745 3454 785 esse
3480 747 3590 786 non
3613 741 3838 802 potest:

2241 814 2367 885 quia
2408 813 2582 868 factus
2607 824 2692 868 est
2719 814 2772 868 in
2824 830 2959 885 pace
2991 815 3142 871 locus
3177 817 3316 886 ejus,
3341 827 3395 873 et
3421 819 3695 876 habitatio
3719 821 3843 892 ejus

2238 902 2294 958 in
2335 903 2552 974 specula
2579 918 2748 958 sacra:
2773 906 3262 975 contemplationis.
3292 909 3436 964 Inter
3454 919 3647 980 gentes
3674 927 3841 967 nam-

2239 1009 2346 1064 que
2379 1005 2598 1064 propter
2634 1010 2758 1060 nos,
2811 996 2952 1051 sicut
3001 998 3079 1052 ait
3126 998 3436 1066 Apostolus,
3472 1001 3598 1069 quia
3632 1016 3842 1058 nomen

2241 1085 2337 1140 Dei
2386 1085 2808 1157 blasphemetur.
2867 1087 3013 1144 Talis
3063 1089 3263 1160 quippe
3312 1100 3395 1144 est
3441 1091 3841 1148 sceleratorum

2241 1179 2466 1243 inﬂatio,
2499 1179 2629 1234 talia
2653 1179 3006 1250 superborum
3025 1181 3227 1251 jurgia,
3259 1183 3492 1253 talisque
3523 1184 3841 1240 adiuvicem

2241 1269 2518 1339 despectio
2572 1279 2627 1324 et
2685 1271 2919 1342 abjectio
2983 1273 3339 1342 reproborum
3367 1313 3383 1339 ,
3446 1273 3843 1330 haereticorum

2242 1376 2458 1431 quoque
2485 1370 2672 1416 contra
2714 1363 3040 1417 catholicam
3086 1364 3270 1430 ﬁdem,
3301 1364 3540 1421 maxime
3574 1365 3841 1424 Donatis-

2243 1463 2444 1519 tarum,
2481 1464 2537 1509 et
2566 1470 2752 1510 eorum
2775 1456 2870 1525 qui
2898 1455 3170 1511 Catharos
3197 1472 3256 1511 se
3277 1465 3495 1512 vocant.
3527 1457 3662 1514 Haec
3685 1460 3842 1517 vobis

2241 1548 2333 1617 qui
2357 1548 2584 1602 dicunt:
2619 1547 2861 1601 Recedite
2883 1562 2915 1601 a
2955 1547 3132 1611 nobis,
3177 1549 3432 1618 quoniam
3465 1565 3533 1605 ex
3581 1551 3841 1606 omnibus

2243 1654 2342 1694 nos
2375 1639 2558 1693 mundi
2603 1653 2813 1705 sumus,
2865 1653 2962 1694 vos
3009 1648 3188 1695 autem
3216 1640 3408 1710 polluti
3443 1657 3460 1707 ;
3510 1643 3762 1698 recedite
3789 1651 3844 1697 et

559 1750 671 1792 ros.
706 1736 860 1792 Unde
882 1744 938 1790 et
958 1734 1199 1806 jurgium
1243 1735 1386 1790 inter
1416 1749 1508 1789 eos
1543 1749 1708 1804 quam
1754 1749 1894 1804 saepe
1928 1736 2142 1789 contin-
2171 1733 2220 1794 B
2247 1731 2414 1797 abite,
2468 1732 2632 1787 nolite
2660 1747 2759 1786 nos
2800 1740 3047 1804 tangere,
3109 1749 3177 1789 ne
3223 1732 3364 1790 forte
3413 1750 3444 1789 a
3479 1735 3640 1791 vobis
3693 1738 3845 1792 coin-

557 1839 689 1897 gere
717 1825 872 1880 solet.
903 1824 1058 1892 Quod
1084 1823 1326 1880 Ecclesia
1354 1823 1556 1879 Christi
1581 1838 1703 1878 cum
1727 1823 1987 1893 pr0pheta
2011 1823 2139 1877 talia

555 1915 702 1971 inter
750 1916 991 1971 membra
1031 1930 1127 1970 sua
1175 1929 1424 1980 cernens,
1465 1913 1620 1983 quasi
1662 1913 1916 1984 profanos
1968 1915 2135 1986 luget.

550 2003 679 2080 illos
704 2006 994 2075 siquidem,
1023 2006 1151 2076 quia
1176 2005 1305 2060 caeci
1333 2013 1388 2060 et
1415 2005 1826 2076 pollutiingredi
1856 2015 2134 2076 nequeunt

554 2096 654 2151 Dei
683 2098 789 2151 vivi
819 2096 1143 2161 Ecclesiam,
1191 2107 1245 2151 et
1283 2097 1454 2152 sacris
1485 2097 1813 2167 participare
1843 2097 2138 2168 mysteriis,

555 2187 700 2243 forte
731 2188 830 2243 sub
858 2188 1177 2259 pceuitentia
1221 2189 1466 2244 redacti:
1506 2189 1640 2243 istos
1675 2201 1807 2242 vero
1863 2204 1988 2244 cum
2031 2190 2140 2244 sint

559 2288 617 2334 et
647 2278 750 2350 ipsi
799 2278 1011 2348 polluti,
1065 2279 1220 2348 quasi
1274 2293 1373 2348 pro
1418 2278 1532 2333 zelo
1574 2278 1689 2343 Dei,
1739 2279 1866 2348 quia
1915 2288 2140 2336 cancros

548 2380 904 2443 aspernantes
929 2371 1247 2442 despiciunt.
1271 2371 1404 2428 Cum
1421 2386 1550 2444 ergo
1564 2371 1699 2427 tales
1720 2373 1853 2443 justi
1879 2382 2141 2445 appetunt

547 2463 743 2529 videri,
799 2463 889 2534 qui
936 2465 1165 2519 necdum
1213 2464 1270 2518 in
1314 2474 1505 2533 aperto
1539 2465 1868 2534 deprehendi
1905 2475 2133 2537 queunt,

548 2563 605 2611 et
630 2555 696 2608 ad
723 2553 858 2609 alios
889 2553 981 2624 qui
1009 2552 1122 2623 jam
1154 2564 1249 2610 aut
1289 2554 1422 2625 lapsi
1464 2563 1591 2610 sunt
1636 2563 1692 2610 et
1733 2555 1992 2622 correcti,
2041 2565 2137 2612 aut

547 2645 807 2701 labuntur
851 2646 1048 2712 adhuc,
1093 2646 1148 2700 in
1204 2646 1493 2702 manifesto
1543 2647 1886 2717 delinquunt,
1951 2659 2136 2704 erecto

547 2739 856 2810 despiciunt
883 2737 1171 2808 supercilio
1198 2747 1253 2792 et
1279 2737 1589 2809 objurgaut,
1634 2740 1763 2810 quid
1797 2740 1943 2796 aliud
1973 2755 2136 2812 agere

546 2828 823 2895 videntur,
855 2844 1018 2898 quam
1049 2828 1287 2884 clamare
1312 2829 1418 2884 illis
1449 2843 1514 2884 ac
1544 2830 1727 2886 dicere
1757 2847 1768 2884 :
1803 2829 2064 2886 Recedite
2100 2846 2133 2886 a

546 2920 727 2985 nobis,
760 2928 816 2974 et
845 2935 877 2974 a
921 2919 1274 2975 sacramentis
1316 2921 1434 2985 Dei,
1464 2921 1660 2991 quibus
1697 2935 1797 2976 nos
1827 2921 1953 2990 jure
1980 2920 2134 2976 ‘frui-

552 3013 702 3068 mur?
723 3013 979 3067 Recedite
1006 3027 1036 3066 a
1063 3011 1242 3077 nobis,
1269 3023 1324 3067 et
1355 3013 1498 3068 abite
1525 3013 1592 3066 ad
1623 3028 1716 3068 eos
1743 3027 1974 3082 quorum
2003 3029 2135 3068 con—

2243 1825 2550 1894 quiuemur.
2583 1824 2688 1878 Sed
2715 1833 2770 1878 et
2793 1824 2896 1893 ipsi
2924 1825 3164 1880 haeretici
3197 1825 3340 1880 inter
3366 1842 3425 1882 se
3445 1826 3658 1899 jurgati
3692 1837 3842 1895 sunt,

2243 1916 2369 1971 dum
2402 1916 2630 1972 diversis
2658 1931 2715 1970 se
2741 1917 3062 1987 impugnant
3085 1918 3399 1973 haeresibus.
3435 1917 3722 1975 Commoti
3744 1935 3841 1975 ve-

2241 2021 2322 2072 ro,
2355 2007 2480 2076 quia
2525 2006 2578 2060 in
2633 2015 2783 2061 recta
2829 2007 2934 2061 fide
2979 2016 3126 2062 stare
3180 2008 3491 2064 noluerunt.
3556 2012 3845 2066 Moverunt

2241 2095 2457 2164 quidem
2483 2096 2646 2166 pedes
2667 2099 2736 2150 ab
2767 2095 2999 2160 oriente,
3033 2097 3204 2151 donec
3220 2099 3472 2153 venirent
3499 2099 3556 2153 in
3580 2115 3840 2171 campum

2240 2186 2572 2242 confusionis
2599 2203 2734 2252 suae,
2765 2188 2818 2242 id
2843 2197 2925 2243 est
2961 2188 3146 2254 Babel,
3179 2191 3271 2245 ubi
3326 2193 3517 2246 turrim
3569 2194 3844 2264 superbia

2237 2288 2649 2344 construentes,
2686 2279 3008 2336 divisionem
3039 2292 3358 2338 meruerunt
3391 2287 3689 2357 percipere
3736 2287 3839 2343 lin-

2237 2388 2485 2445 guarum.
2527 2372 2644 2440 Qua
2674 2387 2743 2429 ex
2765 2387 2930 2430 causa
2952 2383 3077 2446 apte
3105 2376 3384 2445 sequitur:

2969 2534 3083 2574 AIN.

2310 2652 2498 2708 Facies
2535 2651 2754 2707 Domini
2783 2652 2958 2708 divisit
2987 2669 3074 2708 eos
3100 2665 3120 2704 :
3148 2670 3251 2708 non
3281 2655 3445 2708 addat
3492 2661 3553 2708 ut
3582 2657 3845 2726 respiciat

2239 2761 2348 2800 eos.
2386 2745 2453 2799 Et
2479 2744 2600 2799 ideo
2630 2743 2764 2799 satis
2797 2758 3053 2815 congrue,
3081 2744 3208 2814 quia
3233 2753 3287 2799 et
3327 2743 3452 2814 ipsi,
3483 2744 3632 2800 sicut
3659 2747 3844 2816 sequi-

2237 2846 2344 2902 tur,
2371 2836 2533 2892 facies
2581 2838 2924 2893 sacerdotum
2972 2851 3076 2892 non
3106 2837 3446 2892 erubuerunt
3476 2855 3489 2890 :
3524 2836 3640 2892 imo
3668 2837 3727 2892 in
3752 2854 3845 2894 sa-

2237 2929 2550 2985 cerdotibus
2579 2929 2691 2984 suis
2730 2928 2900 2984 Deum
2929 2936 3393 2998 contempserunt,
3425 2942 3489 2981 ac
3545 2937 3843 2999 propterea

2238 3022 2365 3091 quia
2393 3021 2448 3075 in
2484 3021 2564 3076 eis
2602 3019 2797 3076 faciem
2828 3019 3040 3075 Domini
3070 3035 3178 3076 non
3206 3029 3333 3075 sunt
3359 3019 3602 3083 reveriti,
3655 3021 3842 3076 divisit

548 3113 728 3160 sortes
766 3105 919 3160 estis.
961 3103 1139 3160 Nolite
1174 3113 1395 3175 tangere
1445 3113 1632 3160 sancta
1666 3104 1760 3158 Dei
1801 3104 1885 3160 his
1929 3105 2021 3175 qui
2052 3105 2132 3160 ἰι-
2159 3089 2206 3154 C
2236 3089 2330 3167 eos
2359 3111 2473 3182 ipsa
2500 3109 2668 3166 facies
2699 3110 2936 3175 Domini,
2969 3109 3117 3165 utde
3154 3110 3594 3181 reciprocatione
3646 3111 3841 3167 vindi-

547 3197 696 3269 digni
725 3199 877 3254 estis.
928 3196 1059 3265 Quae
1099 3198 1355 3252 nimirum
1380 3197 1559 3268 jurgia
1594 3195 1734 3250 inter
1774 3210 1872 3250 nos
1925 3204 1980 3250 et
2026 3196 2127 3267 ipsi

545 3307 709 3364 quam
739 3307 884 3362 saepe
905 3291 1190 3355 sentimus,
1225 3291 1352 3344 dum
1381 3289 1602 3359 quidam
1636 3286 1778 3342 male
1797 3286 1988 3354 inﬂati,
2015 3290 2128 3345 suis

545 3397 605 3437 se
651 3383 1026 3438 delitescentes
1054 3382 1333 3438 occultant
1373 3380 1674 3446 fraudibus,
1722 3389 1776 3435 et
1837 3381 1966 3435 dum
2007 3397 2133 3437 san-

547 3475 748 3530 ctiores
775 3489 990 3544 semper
1015 3481 1275 3545 appetunt
1301 3472 1494 3536 videri,
1527 3488 1633 3526 non
1669 3471 1843 3527 solum
1866 3475 2129 3543 quosdam

543 3567 758 3639 publice
781 3567 1146 3637 deprehensos
1157 3575 1253 3620 aut
1271 3564 1550 3621 confessos
1567 3565 1891 3636 despiciunt,
1916 3581 2134 3621 verum-

549 3661 715 3715 etiam
769 3661 1066 3716 sanctiores
1119 3660 1381 3730 derogant
1427 3661 1583 3730 quasi
1626 3669 1806 3732 pestes
1849 3660 2130 3727 Ecclesize,

544 3761 601 3808 et
635 3753 949 3808 corrodunt.
974 3752 1076 3820 Qui
1095 3751 1344 3822 profecto
1357 3753 1598 3821 quotidie
1621 3754 1750 3823 quid
1774 3754 1941 3818 aliud,
1966 3769 2129 3823 quam

546 3845 674 3900 dum
699 3854 792 3900 aut
816 3859 1006 3900 omnes
1043 3844 1352 3899 immundos
1383 3857 1503 3898 esse
1536 3852 1590 3898 et
1631 3844 1883 3914 pollutos,
1930 3845 2131 3899 solum-

547 3935 710 3990 modo
741 3943 800 3989 ut
824 3951 882 3991 se
904 3936 1083 4006 justos
1115 3950 1236 3990 esse
1265 3935 1666 4002 commendent,
1702 3944 1755 3991 et
1801 3937 2133 4006 exprobrant

547 4032 794 4080 exteros.
836 4025 912 4080 De
959 4041 1067 4096 quo
1111 4024 1252 4080 forte
1291 4025 1530 4081 clamore
1570 4024 1902 4096 Apostolus:
1947 4024 2132 4080 Omnis

545 4118 650 4183 ira,
683 4118 876 4188 inquit,
920 4127 967 4172 et
1017 4118 1328 4188 indignatio,
1359 4118 1558 4173 clamor
1585 4129 1632 4174 et
1660 4118 1998 4188 blasphemia,
2031 4117 2130 4172 tol-

546 4206 692 4260 latur
716 4224 748 4260 a
785 4206 956 4273 vobis,
985 4224 1105 4261 cum
1147 4208 1290 4262 omni
1330 4208 1535 4263 malitia
1577 4207 1791 4280 (Ep/tes.
1831 4209 1926 4278 tv).
1981 4208 2128 4274 Quo-

544 4300 692 4356 niam
723 4300 848 4356 taiis
866 4300 1074 4356 clamor
1097 4317 1205 4356 non
1235 4301 1341 4357 nisi
1371 4312 1465 4356 aut
1498 4302 1566 4354 ab
1595 4301 1691 4363 ira,
1742 4309 1836 4355 aut
1879 4301 1947 4356 ab
1991 4301 2129 4356 indi-

543 4392 798 4464 gnatione
815 4393 1018 4459 cordis,
1047 4391 1115 4448 de
1136 4392 1425 4464 supercilio
1454 4391 1741 4462 superbiae,
1771 4399 1918 4446 certe
1942 4399 2038 4445 aut
2058 4406 2128 4446 ex

2232 3211 2375 3258 ctam
2401 3201 3234 3274 exciperentsumdamnationis.
3266 3200 3404 3255 Nam
3434 3201 3580 3256 sicut
3605 3202 3666 3256 in
3689 3201 3838 3258 Psal-

2231 3311 2322 3350 mo
2350 3294 2587 3358 canitur,
2623 3293 2749 3363 quia
2799 3308 2907 3349 non
2961 3295 3258 3349 timuerunt
3305 3294 3596 3349 Dominum
3643 3295 3838 3366 perﬁdi

2229 3385 2422 3450 Judzei,
2449 3383 2692 3440 extendit
2727 3399 2951 3438 manum
3001 3399 3158 3440 suam
3189 3385 3244 3438 in
3293 3384 3671 3440 retribuendo.
3725 3384 3838 3441 Sed

2232 3492 2334 3532 nec
2361 3477 2520 3542 sicut,
2576 3493 2700 3532 curn
2748 3476 2936 3532 multis
2980 3478 3132 3549 prius
3196 3480 3602 3550 corrigerentur
3660 3494 3835 3551 angu-

2235 3569 2459 3624 stiarum
2487 3566 2733 3639 ﬂagellis,
2763 3569 3013 3624 conversi
3044 3579 3192 3636 sunt,
3215 3579 3275 3624 ut
3299 3569 3578 3625 Christum
3609 3586 3680 3627 ex
3720 3571 3835 3645 lege

2233 3661 2617 3732 repromissum
2646 3662 2988 3732 susciperent
3013 3679 3028 3728 ;
3077 3662 3186 3718 imo
3213 3663 3732 3720 contaminaverunt
3760 3674 3822 3720 te-

2233 3761 2558 3808 stamentum
2585 3752 2723 3821 ejus,
2754 3766 2878 3806 cum
2901 3768 3025 3806 eum
3048 3753 3138 3822 qui
3167 3761 3492 3808 testamento
3513 3753 3652 3825 legis
3667 3754 3734 3809 ad
3757 3771 3836 3810 sa-

2233 3845 2401 3901 lutem
2428 3845 2811 3916 pronuntiatus
2851 3844 3053 3911 fuerat,
3078 3845 3415 3916 repulerunt.
3453 3846 3521 3901 Et
3550 3847 3677 3902 ideo
3705 3849 3835 3919 quia

2235 3937 2551 4007 repulerunt
2593 3951 2738 4002 eum,
2777 3950 2953 4006 neque
2990 3936 3158 3990 facies
3193 3937 3530 3992 erubuerunt
3577 3938 3838 3994 sacerdo-

2235 4036 2347 4082 tum
2375 4037 2425 4083 et
2455 4028 2862 4098 prophetarum,
2893 4028 3089 4082 merito
3116 4027 3275 4082 divisi
3305 4037 3434 4082 sunt
3481 4030 3550 4084 ab
3585 4029 3667 4082 ira
3716 4028 3836 4083 vul-

2235 4128 2322 4177 tus
2347 4120 2558 4192 1512
2588 4120 2745 4190 ejus:
2775 4130 2830 4175 et
2857 4121 2960 4175 hoc
2978 4129 3063 4175 est
3086 4120 3288 4186 dicere,
3314 4119 3483 4176 facies
3509 4120 3724 4176 Domini
3751 4121 3838 4177 di-

2232 4214 2360 4269 visit
2397 4228 2511 4268 eos.
2539 4212 2664 4267 illos
2697 4221 2876 4267 autem
2925 4212 2994 4266 ab
3044 4213 3122 4267 ira
3157 4211 3336 4267 vultus
3381 4213 3466 4267 sui
3501 4212 3726 4268 civitate
3764 4213 3840 4268 ad

2231 4303 2483 4358 ultimum
2524 4317 2716 4356 eversa
2770 4302 2974 4366 divisit,
3025 4301 3244 4372 quando
3273 4311 3482 4373 partem
3530 4318 3718 4357 eorum
3777 4303 3836 4358 in

2232 4395 2459 4466 perfidia
2517 4395 2760 4464 reliquit,
2814 4409 3021 4464 ponens
3069 4410 3164 4449 eos
3221 4410 3344 4449 cum
3381 4393 3731 4460 inﬁdelibus;
3768 4408 3838 4450 ac

546 4459 729 4556 aliqua
752 4485 959 4540 malitia
989 4459 1255 4542 nascitur.
1287 4486 1353 4540 Et
1379 4486 1498 4540 ideo
1519 4459 1678 4554 quam
1701 4482 1925 4552 pulchre
1951 4483 2124 4539 dixit:
2153 4459 2208 4520 Ῑ)
2232 4459 2486 4555 dispersit
2513 4485 2568 4539 in
2590 4459 2773 4539 omnia
2798 4459 2965 4554 regna
2997 4492 3268 4538 terrarum
3294 4501 3306 4536 :
3339 4491 3552 4553 partem
3591 4459 3724 4536 vero
3769 4490 3837 4539 ut

545 4577 680 4633 Cum
702 4577 843 4632 omni
879 4577 1085 4634 malitia
1114 4576 1334 4633 tollatur
1357 4595 1389 4631 a
1420 4576 1580 4631 vobis.
1611 4575 1863 4645 Alioquin
1912 4578 2128 4647 quando

542 4671 822 4741 proximos
878 4679 1094 4726 nostros
1132 4670 1478 4740 corrigimus,
1513 4675 1608 4721 aut
1655 4667 2125 4736 reprehendimus,

543 4771 638 4816 aut
669 4761 1062 4833 exprobramus
1116 4759 1268 4824 foris,
1301 4760 1405 4814 nisi
1437 4758 1588 4829 prius
1611 4758 1758 4814 intus
1787 4775 1816 4813 a
1840 4759 1997 4816 nobis
2027 4761 2128 4816 tol-

542 4852 689 4908 latur
719 4853 944 4919 malitia,
983 4851 1275 4908 clamorem
1320 4849 1569 4906 facimus.
1601 4847 1757 4907 Unde
1795 4864 1958 4921 quam
1983 4865 2127 4922 szepe

543 4947 669 5004 lites
698 4947 841 5003 inter
885 4945 1161 5016 proximos
1203 4952 1259 4999 et
1303 4944 1480 5015 jurgia
1509 4943 1665 5008 fiunt,
1693 4943 1820 5014 quia
1851 4945 2124 5001 nonnullae

541 5040 943 5111 increpationes
984 5051 1169 5094 eorum
1195 5044 1253 5091 et
1273 5036 1662 5106 correptiones,
1678 5049 1746 5090 ex
1776 5036 1976 5090 malitia
2001 5052 2141 5108 pra-_

541 5145 625 5184 va:
659 5128 999 5194 invectionis,
1041 5138 1097 5183 et
1132 5142 1238 5182 non
1289 5141 1356 5182 ex
1395 5142 1582 5182 amore
1627 5136 1792 5182 casta:
1819 5127 2125 5183 dilectionis

549 5219 760 5292 1511
795 5235 918 5274 cum
967 5219 1292 5276 discretione
1319 5219 1560 5274 veniunt.
1593 5217 1718 5273 Ideo
1747 5227 1804 5273 et
1847 5218 2125 5288 signanter

547 5312 661 5367 ait:
690 5311 906 5382 Jurgati
957 5321 1076 5366 sunt
1120 5320 1167 5366 et
1210 5312 1473 5375 commoti,
1529 5309 1793 5379 siquidem
1843 5309 2118 5373 commoti,

545 5403 673 5474 quia
702 5401 924 5474 jurgati,
952 5411 1009 5458 et
1026 5403 1229 5474 jurgati
1251 5403 1376 5472 quia
1411 5402 1686 5456 commoti.
1736 5400 1991 5471 Alioquin
2016 5417 2125 5458 non

544 5503 1041 5559 commoverentur,
1076 5495 1180 5549 nisi
1219 5494 1424 5565 jurgati
1467 5492 1616 5562 prius
1653 5493 1799 5547 intus
1844 5503 2028 5548 essent
2068 5493 2124 5549 in

543 5587 770 5652 animo;
826 5597 1000 5655 neque
1031 5587 1259 5641 invicem
1309 5586 1679 5656 jurgarentur,
1722 5585 1825 5639 nisi
1869 5594 1924 5639 et
1973 5585 2123 5655 prius

540 5673 801 5734 commoti
845 5685 1044 5734 essent.
1083 5675 1352 5734 Commoti
1400 5678 1596 5749 quippe
1632 5687 1781 5746 sunt,
1817 5677 1942 5748 quia
1975 5677 2027 5732 in
2057 5691 2122 5737 eo

2232 4577 2514 4648 Scriptura
2561 4584 2791 4633 testatur
2841 4575 3005 4649 (Luc.
3052 4576 3192 4647 xu),
3241 4575 3310 4629 ad
3366 4575 3526 4630 fidem
3576 4583 3833 4630 sanctam

2229 4669 2480 4725 Christus
2508 4671 2731 4739 recepit.
2763 4669 2967 4724 Eadem
3009 4668 3211 4738 quippe
3236 4677 3322 4723 est
3361 4666 3529 4722 facies
3559 4666 3678 4733 Dei,
3705 4683 3834 4737 qua:

2227 4768 2283 4816 et
2308 4759 2508 4815 vultus.
2563 4759 2670 4815 Sed
2701 4761 2779 4814 ira
2824 4774 2946 4829 qua:
2976 4758 3030 4813 in
3062 4759 3214 4813 vultu
3255 4767 3349 4813 aut
3381 4757 3522 4814 facie
3549 4773 3692 4828 sape
3725 4757 3833 4814 de~

2229 4861 2583 4918 monstratur,
2615 4851 2801 4908 divisit
2821 4867 2917 4908 eos
2942 4871 2955 4906 :
2988 4852 3248 4921 quoniam
3276 4850 3622 4906 mitissimum
3653 4851 3831 4906 Deum

2227 4947 2295 5001 ad
2339 4944 2673 5000 iracundiam
2722 4952 3176 5014 provocaverunt,
3203 4943 3422 5014 quando
3451 4943 3519 4998 de
3545 4941 3706 4999 malis
3732 4958 3832 4998 ac-

2225 5037 2370 5093 tibus
2419 5037 2534 5092 suis
2563 5036 2955 5107 ptenitudinem
3005 5035 3188 5090 cordis
3234 5034 3477 5105 recipere
3505 5033 3828 5090 noluerunt.

2226 5127 2494 5185 Caeterum
2539 5126 2741 5182 Christi
2793 5126 3032 5183 Ecclesia
3059 5125 3268 5196 plangit
3294 5141 3390 5180 eos
3439 5125 3830 5181 irremediabi-

2223 5221 2350 5276 liter
2377 5220 2469 5291 qui
2493 5219 2744 5274 timorem
2775 5217 2873 5274 Dei
2909 5233 2939 5273 a
2965 5233 3024 5274 se
3064 5217 3395 5287 rejicientes,
3435 5217 3603 5274 facies
3630 5213 3834 5274 sacer;

2227 5312 2410 5368 dotum
2446 5309 2586 5366 infra
2632 5310 2879 5364 eamdem
2930 5308 3233 5364 Ecclesiam
3282 5323 3390 5363 non
3426 5309 3824 5365 erubescunt:

2226 5405 2351 5475 quia
2371 5405 2482 5474 jam
2505 5417 2694 5458 eorum
2721 5401 3385 5472 excrescentibus‘culpis,
3412 5400 3581 5457 facies
3603 5401 3826 5456 Domini

2223 5503 2280 5550 et
2300 5495 2381 5549 ira
2411 5494 2592 5550 vultus
2620 5493 2738 5564 ejus
2787 5493 2970 5549 divisit
2996 5508 3091 5548 eos
3134 5493 3203 5547 ab
3229 5494 3314 5549 his
3363 5493 3454 5562 qui
3495 5493 3738 5564 praesciti
3769 5501 3830 5548 et
3919 5524 3922 5525 ν

2223 5588 2588 5659 ρταξᾶθδιίηηῑί
2641 5595 2770 5641 sunt
2827 5587 2894 5641 ad
2942 5587 3162 5640 vitam:
3217 5585 3330 5641 Nec
3380 5586 3546 5640 addat
3610 5597 3669 5641 ut
3715 5603 3829 5641 us-

2223 5679 2381 5750 piciat
2415 5695 2521 5736 eos.
2571 5679 2635 5733 Et
2683 5679 2979 5736 notandum
3027 5694 3190 5749 quam
3242 5679 3486 5738 terribile
3532 5681 3608 5738 sit
3633 5693 3825 5737 sacerv
