4078 6348
228 336 371 395 1225

920 332 1285 392 EXPOSiTlO
1320 331 1390 388 1N
1425 315 2009 394 LAMENTKTIONES
2040 325 2380 384 JEREMIIE.
2414 358 2488 371 —
2523 327 2651 387 LIB.
2690 327 2783 384 iV.

3307 280 3327 291 λ
3356 288 3513 388 me

224 451 384 509 dotes
430 418 633 506 Christi
686 426 1055 516 contemnere,
1101 465 1395 521 coramque
1444 448 1584 504 facie
1628 462 1817 503 eorum
1846 450 2168 511 [terrorum
2200 441 2556 508 falsitatibus,
2601 456 2667 498 eo
2710 441 2854 513 quod
2890 442 3004 513 jam
3043 456 3268 514 propter
3291 429 3514 517 poenam

222 560 334 601 non
364 543 623 607 revereri,
655 557 830 613 neque
859 544 966 600 illis
1000 546 1343 601 monentibus
1363 559 1395 598 a
1421 543 1581 598 malis
1611 542 1822 597 actibus

222 635 624 705 cessaro,quod
649 642 735 689 est
756 649 949 690 eorum
972 632 1139 690 facies
1164 651 1272 691 non
1301 635 1646 690 erubescere.
1663 633 1821 689 Unde

222 724 370 781 idem
401 738 499 795 per
530 739 590 780 se
639 724 900 781 Dominus
930 727 996 781 de
1024 724 1155 796 ipsis
1187 742 1201 779 :
1238 724 1344 791 Qui
1373 741 1479 803 vos
1507 726 1677 790 audit,
1734 726 1818 780 in-

221 818 363 888 quit,
394 834 476 872 me
496 817 678 883 audit;
697 826 746 873 et
769 819 859 890 qui
889 835 977 873 vos
1002 819 1221 890 spernit,
1250 836 1333 875 me
1351 821 1547 891 spernit
1567 818 1718 891 (Luc.
1737 819 1817 892 χ).

172 930 193 950 ο
221 906 372 966 Sane
413 925 522 965 non
578 910 789 975 audire,
837 925 948 965 non
985 910 1244 978 obedire;
1278 926 1385 966 non
1408 911 1630 967 obedire
1665 926 1819 978 vero,

220 1015 518 1073 spernere:
546 1016 714 1074 porro
745 1018 1027 1074 spernere,
1078 1017 1187 1058 non
1231 1004 1552 1060 erubescere
1601 1015 1703 1061 est.
1741 1007 1821 1062 Ac

217 1101 513 1165 propterea
544 1093 702 1149 valde
755 1094 1087 1150 horrendum
1117 1104 1203 1151 est
1233 1096 1375 1165 quod
1404 1096 1636 1152 infertur
1663 1116 1676 1151 :
1704 1097 1819 1152 Nec

218 1183 389 1238 addat
432 1193 492 1237 ut
516 1186 760 1255 respiciat
805 1202 913 1240 eos.
949 1185 1085 1254 Quia
1116 1174 1253 1258 quos
1288 1204 1397 1244 non
1439 1189 1681 1259 respicit,
1709 1206 1819 1246 non

218 1283 636 1341 convertuntur,
667 1285 724 1332 et
760 1278 852 1349 qui
882 1294 988 1333 non
1010 1287 1419 1348 convertuntur,
1451 1281 1640 1353 utique
1663 1284 1816 1339 dam-

216 1375 426 1422 nantur
445 1408 461 1433 ,
495 1369 749 1438 quoniam
775 1368 943 1426 facies
968 1371 1184 1427 Domini
1208 1372 1393 1428 divisit
1420 1388 1516 1429 eos
1544 1389 1576 1427 a
1613 1376 1816 1431 sanctis

152 1514 159 1521 ,
217 1457 358 1513 suis.
412 1456 553 1515 Hinc
587 1474 803 1531 quoque
850 1477 917 1517 ne
964 1462 1159 1518 Petrus
1208 1463 1415 1520 divisus
1454 1473 1600 1520 esset
1632 1466 1701 1521 ab
1732 1466 1815 1521 ira

215 1552 403 1608 tuitus
450 1551 601 1622 ejus,
657 1555 896 1626 reSpexit
946 1571 1071 1612 eum
1120 1556 1410 1624 Dominus;
1444 1567 1500 1614 et
1532 1559 1662 1628 quia
1723 1559 1815 1613 ille

215 1645 483 1714 respexit,
532 1661 826 1703 conversus
854 1647 1016 1718 idem,
1069 1647 1220 1703 ﬂevit
1247 1663 1433 1704 amare
1462 1666 1479 1715 ;
1512 1649 1700 1720 sicque
1728 1665 1815 1705 re-

212 1746 412 1807 ceptus
441 1737 495 1792 in
534 1753 784 1810 corpore,
814 1741 1012 1795 meruit
1047 1741 1236 1795 audire
1268 1759 1281 1795 :
1314 1737 1494 1805 Petre,
1515 1741 1817 1807 amas,me7

1923 539 2130 609 peccati
2162 539 2400 593 damnati
2451 538 2691 609 recipere
2734 537 2928 593 nolunt
2972 554 3161 594 sanam
3206 540 3512 597 doctrinam

1925 632 2146 689 Christi.
2178 630 2347 688 Divisi
2377 632 2595 702 quidem
2626 639 2751 686 sunt
2795 632 3096 687 adinvicem
3125 642 3350 703 propter
3388 650 3516 705 pro-

1924 727 2212 797 prietatem
2258 740 2438 797 prava:
2482 724 2902 789 adinventionis,
2934 746 2937 749 λ
2974 722 3053 780 et
3088 716 3214 781 ideo
3261 716 3363 781 nec
3409 726 3517 783 sibi

1924 834 2024 876 nec
2058 820 2151 875 ulli
2178 820 2570 876 catholicorum
2620 818 2912 874 convenire
2947 827 3216 888 possunt:
3254 821 3398 876 unde
3426 819 3511 875 fa-

1924 912 2038 968 cies
2067 927 2253 967 eorum
2294 912 2386 982 qui
2439 926 2629 968 sanam
2681 910 3007 967 conﬁtentur
3048 902 3353 969 doctrinam
3412 914 3517 968 mi-

1924 1007 2071 1063 nime
2093 1009 2452 1072 erubescunt,
2480 1022 2655 1079 neque
2683 1007 3015 1063 miserentur
3042 1023 3255 1064 senum.
3288 1007 3515 1064 Talibus

1924 1098 2071 1155 enim
2092 1098 2216 1169 quia
2243 1097 2479 1153 vindicta
2511 1098 2608 1152 Dei
2635 1105 2859 1169 propter
2883 1107 3110 1167 peccata
3149 1099 3371 1166 divisit,
3402 1114 3514 1155 non

1924 1189 2104 1245 minus
2134 1190 2436 1246 adinvicem
2469 1192 2613 1246 inter
2638 1205 2697 1246 se
2732 1206 2896 1260 quam
2924 1199 2979 1246 et
3028 1193 3096 1248 ab
3146 1192 3401 1248 omnibus
3424 1207 3517 1269 or-l

1920 1281 2206 1349 thodoxis,
2237 1298 2344 1337 non
2392 1282 2543 1338 addit
2589 1281 2728 1335 ultra
2762 1290 2821 1335 ut
2846 1282 3178 1351 misereatur
3226 1298 3403 1353 neque
3428 1299 3515 1340 re-

1919 1371 2147 1442 spiciat,
2177 1372 2336 1427 sicuti
2369 1387 2468 1427 nec
2495 1370 2628 1427 Cain
2672 1371 3045 1437 fratricidam,
3078 1386 3255 1441 neque
3284 1388 3513 1429 munera

1918 1462 2035 1533 ejus
2061 1461 2365 1532 respexisse
2392 1460 2594 1516 dicitur
2629 1460 2785 1532 (Gen.
2816 1461 2912 1533 IV).
2944 1460 3150 1516 Horum
3174 1463 3360 1532 itaque
3395 1477 3514 1519 om-

1916 1553 2067 1607 nium
2088 1550 2265 1623 jurgia
2292 1559 2706 1608 commoverunt
2734 1567 2830 1607 eos
2872 1552 2939 1607 de
2985 1561 3130 1607 statu
3159 1563 3322 1608 rectm
3348 1550 3513 1621 ﬁdei,

1916 1652 1972 1697 et
2006 1643 2074 1699 ad
2094 1659 2233 1698 vana
2256 1643 2510 1713 quaelibet
2532 1652 2593 1698 ut
2612 1644 2845 1714 superbe
2866 1653 3141 1714 saperent,
3162 1646 3508 1725 pepulerunt.

1915 1734 2023 1791 Pro
2051 1737 2248 1806 quibus
2274 1737 2451 1792 adhuc
2485 1752 2590 1793 vox
2620 1736 2930 1809 plangentis
2960 1739 3240 1810 prephetae
3272 1749 3399 1811 apte
3425 1756 3510 1796 se-

211 1843 370 1898 pasce
417 1844 535 1883 oves
573 1845 714 1884 meas
757 1828 983 1902 (Matth.
1018 1829 1199 1903 xxvr).
1239 1828 1392 1886 Unde
1420 1830 1583 1886 velim
1634 1831 1807 1887 nostri
1835 1822 1885 1883 Β
1911 1826 2100 1899 quitur
2130 1845 2146 1882 :

210 1919 522 1994 intelligant
551 1939 715 1995 quam
748 1925 986 1982 terribile
1015 1925 1086 1981 sit
1112 1925 1279 1983 facies
1308 1929 1680 1995 sacerdotum,
1716 1937 1813 1985 aut

210 2028 405 2069 eorum
428 2030 567 2086 quos
588 2015 705 2072 vice
726 2015 926 2073 Christi
939 2028 1318 2090 susceperunt,
1333 2036 1437 2077 non
1454 2022 1807 2080 erubescere:

209 2120 284 2162 ne
309 2106 451 2163 forte
499 2107 737 2165 offensus
786 2110 1048 2166 Dominus
1102 2128 1208 2168 non
1258 2113 1421 2169 addat
1468 2122 1528 2170 ut
1577 2131 1809 2171 conver-

208 2207 422 2262 tantur,
452 2206 508 2253 et
551 2200 807 2270 respiciat
840 2215 954 2257 eos.
986 2200 1105 2257 Jam
1136 2218 1267 2259 vero
1308 2202 1681 2273 hujuscemodi
1724 2207 1808 2261 di-

209 2286 356 2344 visio
393 2289 524 2360 quid
545 2290 690 2346 aliud
732 2291 996 2358 insinuat,
1031 2293 1139 2349 nisi
1167 2296 1311 2363 quod
1360 2295 1419 2350 in
1457 2295 1548 2350 illa
1575 2298 1808 2353 extremi

209 2379 488 2435 examinis
506 2379 837 2449 judicatione
859 2382 1230 2453 futurum'est,
1251 2388 1469 2458 quando
1498 2388 1810 2445 dividentur

208 2471 411 2542 perﬁdi
437 2481 493 2527 et
517 2473 767 2530 scelerati
789 2492 821 2532 a
849 2477 1073 2544 sanctis,
1124 2487 1180 2535 et
1224 2478 1490 2548 ﬁdelibus,
1523 2491 1580 2538 et
1601 2483 1804 2554 justis:

209 2565 435 2632 quando
464 2580 668 2621 arsura:
711 2568 881 2638 paleae
914 2572 1344 2643 segregabuntur
1384 2573 1454 2628 ab
1497 2574 1579 2629 ira
1627 2574 1809 2632 vultus

210 2653 311 2710 Dei
330 2671 364 2711 a
385 2657 571 2729 granis
589 2658 776 2727 tritici,
799 2669 861 2716 ut
888 2661 1128 2717 triticum
1156 2662 1439 2735 colligatur
1464 2666 1520 2720 in
1548 2666 1807 2721 horreum

208 2744 345 2811 Dei;
372 2746 543 2818 paleae
571 2763 700 2804 vero
735 2750 933 2806 dentur
980 2752 1092 2825 igni
1140 2753 1620 2827 inexstinguibih?
1651 2756 1809 2824 Quod

210 2845 400 2892 autem
444 2838 671 2907 dicitur,
711 2842 837 2913 quia
874 2842 1038 2913 facies
1089 2843 1187 2899 Dei
1213 2845 1388 2900 divisit
1428 2863 1536 2912 eos,
1566 2848 1695 2918 quid
1724 2857 1808 2904 est

206 2928 362 2985 aliud
396 2930 599 2999 dicere,
626 2932 733 2989 nisi
755 2932 884 3005 quia
907 2935 988 2990 ira
1017 2936 1116 2993 Dei
1139 2939 1445 3011 segregavit
1467 2955 1562 2996 eos
1590 2955 1623 2996 a
1650 2941 1806 2998 bonis

209 3032 267 3079 et
310 3024 478 3094 justis
533 3033 695 3096 atque
736 3027 925 3085 electis
960 3028 1107 3085 Dei?
1150 3029 1237 3087 Ira
1265 3033 1463 3104 quippe
1508 3033 1596 3090 vel
1638 3033 1808 3092 facies

208 3130 313 3188 pro
382 3118 622 3175 vindicta
696 3120 957 3191 ponitur;
1004 3124 1265 3193 quoniam
1342 3125 1487 3182 idem
1543 3128 1805 3184 Dominus

214 3207 431 3281 1.513
458 3225 583 3265 cum
611 3202 1003 3283 tranquillitate
1038 3212 1249 3283 iudicat.
1276 3217 1461 3272 omnia
1503 3236 1517 3272 :
1557 3232 1626 3274 eo
1657 3220 1805 3291 quod

211 3294 387 3357 facies
400 3302 1054 3373 ejusincommutabiliter
1079 3316 1278 3363 cuncta
1289 3308 1524 3381 iudicat,
1548 3323 1605 3367 et
1624 3311 1809 3382 dispo-

208 3390 310 3457 nit,
360 3400 417 3447 et
464 3391 677 3464 placide
719 3410 949 3466 quaeque
994 3396 1261 3461 decernit.
1313 3398 1423 3456 Sed
1457 3402 1585 3471 quia
1633 3403 1807 3461 facies

209 3495 660 3559 contempserunt
678 3490 1022 3546 sacerdotum
1040 3531 1057 3558 ,
1077 3506 1182 3549 nec
1201 3492 1414 3550 miserti
1434 3503 1562 3550 sunt
1586 3511 1803 3565 senum,

199 3589 365 3638 recte
390 3578 561 3637 facies
590 3583 804 3639 Domini
850 3584 1035 3641 divisit
1062 3601 1177 3642 eos.
1219 3586 1288 3643 Et
1316 3589 1615 3645 notandum
1658 3591 1805 3661 quod

207 3687 380 3744 supra
408 3674 630 3730 eosdem
660 3675 973 3732 sacerdotes
993 3678 1151 3747 quasi
1178 3678 1482 3736 homicidas
1504 3680 1798 3751 planxerit,

211 3764 290 3821 ita
314 3764 507 3821 dicens
537 3781 551 3817 :
583 3761 811 3837 Propter
832 3776 1047 3837 peccata
1068 3769 1442 3840 prophetarum
1470 3779 1518 3824 et
1545 3772 1802 3841 iniquita-

211 3867 288 3913 tes
315 3856 837 3925 sacerdotumteius,
867 3858 1033 3913 hostis
1068 3868 1119 3914 et
1146 3861 1390 3916 inimicus
1432 3861 1697 3933 ingressus
1726 3871 1803 3918 est

209 3949 269 4003 in
292 3947 618 4003 Jerusalem.
639 3948 720 4004 Ex
740 3965 849 4020 quo
884 3959 1071 4023 patet,
1095 3953 1346 4023 quamvis
1374 3953 1502 4008 mali
1526 3953 1637 4010 sint
1657 3955 1803 4026 quod

210 4055 321 4117 non
351 4040 467 4095 sint
512 4042 925 4109 contemnendi,
963 4044 1061 4100 sed
1110 4044 1165 4099 in
1207 4046 1288 4102 eis
1332 4049 1673 4104 venerandus
1718 4057 1807 4105 est

212 4131 305 4187 ille
346 4138 406 4187 et
441 4130 700 4189 colendus
738 4130 893 4203 cujus
917 4142 1046 4190 sunt
1073 4136 1384 4192 sacerdotes
1414 4176 1430 4203 ,
1478 4147 1533 4193 et
1561 4138 1616 4192 in
1646 4137 1802 4207 cujus

210 4222 436 4280 nomine
464 4236 531 4279 ac
555 4239 789 4295 persona
818 4225 1059 4280 veniunt.
1086 4225 1151 4281 Et
1173 4226 1275 4297 ipsi
1301 4227 1517 4299 quidem
1541 4230 1803 4286 oberrant

211 4318 342 4374 caeci
374 4317 431 4372 in
460 4316 658 4389 plateis
681 4333 747 4374 ac
772 4318 961 4389 polluti
1004 4323 1298 4391 sanguine,
1329 4339 1437 4380 non
1468 4326 1590 4382 ideo
1616 4336 1741 4383 sunt
1768 4341 1801 4383 a

208 4410 413 4481 populo
438 4410 790 4468 conculcandi
808 4453 823 4479 ,
864 4422 920 4468 et
947 4428 1137 4470 eorum
1165 4414 1341 4474 cilicio
1370 4434 1497 4475 mox
1524 4420 1642 4477 sine
1670 4436 1805 4493 prae-

201 4503 418 4574 judicio
442 4506 868 4573 contemnendi;
909 4508 1166 4577 quoniam
1192 4509 1319 4566 hinc
1354 4508 1535 4584 iurgia
1566 4528 1801 4570 nascun-

210 4606 300 4653 tur
319 4606 379 4653 et
407 4596 687 4670 despectio
711 4598 1034 4656 Christianae
1060 4601 1339 4673 religionis
1367 4622 1379 4657 :
1407 4606 1537 4662 hinc
1562 4607 1687 4662 inde
1715 4608 1799 4662 in-

208 4691 462 4762 dignatio
505 4698 565 4746 et
606 4690 833 4758 clamor,
883 4692 1013 4748 hinc
1057 4693 1408 4765 biaSphemiae
1454 4704 1510 4751 et
1549 4706 1799 4754 contem-

204 4791 336 4852 ptus
370 4797 388 4848 ;
417 4782 563 4852 quod
606 4781 758 4853 prior
785 4798 976 4838 versus
1005 4784 1137 4839 satis
1185 4784 1375 4842 dolens
1400 4785 1648 4855 deflevit,
1674 4806 1801 4847 cum

208 4874 467 4929 dicerent
491 4872 549 4928 hi
580 4872 877 4929 clamantes
920 4891 933 4929 :
966 4873 1226 4940 Recedite,
1248 4876 1471 4947 polluti,
1521 4881 1742 4936 recedite
1776 4898 1798 4939 :

207 4966 351 5020 abite
377 4973 427 5020 et
455 4964 617 5020 nolite
645 4975 875 5037 tangere.
899 4964 1124 5022 Constat
1153 4968 1317 5039 igitur
1332 4972 1475 5039 quod
1498 4972 1587 5027 ubi
1609 4982 1797 5030 nostra

206 5056 407 5127 religio
434 5056 515 5112 sic
547 5056 914 5124 confunditur,
948 5058 1022 5113 ibi
1058 5059 1154 5115 Dei
1190 5060 1409 5117 desaevit
1454 5062 1565 5129 ira,
1593 5072 1651 5119 et
1673 5065 1796 5121 nul-

208 5148 297 5206 lus
324 5148 464 5206 ordo
489 5156 768 5216 servatur;
795 5150 1016 5221 quando
1043 5150 1172 5207 hinc
1197 5151 1326 5208 inde
1347 5152 1540 5210 dextra
1558 5155 1801 5228 izevaque

208 5241 307 5297 isti
352 5254 417 5296 se
465 5239 800 5312 appiandunt
846 5241 1255 5313 hypocritarum
1303 5244 1405 5301 sub
1447 5247 1632 5315 specie
1672 5266 1684 5301 :
1722 5248 1800 5305 illi

208 5342 306 5390 aut
326 5331 560 5404 publicis
585 5346 645 5388 se
675 5331 924 5403 polluunt
945 5332 1295 5401 criminibus,
1324 5344 1419 5390 aut
1451 5351 1511 5392 se
1540 5338 1681 5394 male
1706 5339 1801 5396 de-

210 5427 472 5483 litescunt
488 5425 590 5480 sub
610 5423 824 5496 ignavia
868 5424 1122 5496 torporis.
1149 5425 1251 5493 Qui
1273 5443 1463 5485 omnes
1489 5444 1798 5504 quamsaepe

208 5517 500 5590 iurgantur
526 5516 595 5571 ad
634 5515 907 5582 invicem;
935 5516 1192 5586 quoniam
1223 5515 1388 5574 iacies
1413 5518 1629 5575 Domini
1656 5521 1796 5577 divi-

211 5608 285 5665 sit
313 5621 411 5664 eos
434 5623 465 5662 a
504 5605 710 5661 sanctis
735 5613 792 5660 et
816 5603 1093 5674 fidelibus,
1117 5606 1330 5664 etiamsi
1360 5608 1508 5665 intus
1536 5624 1631 5666 eos
1670 5626 1797 5667 ver—

212 5699 324 5756 sari
352 5710 581 5769 corpore
605 5696 873 5752 videatur.
903 5697 1116 5754 interea
1143 5708 1198 5753 et
1222 5700 1598 5756 haereticorum
1620 5702 1799 5758 diver-

211 5793 351 5851 sitas
378 5790 718 5862 designatur,
744 5789 839 5861 qui
880 5804 942 5845 se
991 5790 1440 5848 suisadinvicem
1482 5794 1799 5867 impugnant

462 5884 736 5950 Panos.
784 5882 973 5948 CXX.

1833 3180 1879 3245 C

1824 4564 1879 4626 D

2646 1914 2768 1955 PMB.

1982 2012 2116 2070 Cum
2143 2014 2316 2070 adhuc
2337 2013 2735 2068 subsisteremus
2752 2053 2767 2079 ,
2791 2012 3093 2084 defecerunt
3123 2015 3261 2070 oculi
3294 2016 3513 2090 1514

1910 2106 2081 2161 nostri
2109 2105 2179 2159 ad
2208 2105 2469 2160 auxilium
2495 2114 2731 2159 nostrum
2761 2104 2815 2159 in
2857 2122 3049 2161 vanum
3084 2119 3103 2159 :
3136 2123 3255 2162 cum
3286 2110 3511 2180 respice-

1909 2214 2086 2253 remus
2116 2207 2293 2252 autem
2314 2197 2385 2251 ad
2414 2207 2617 2269 gentem
2644 2214 2762 2269 qua:
2793 2197 3000 2253 salvare
3026 2215 3121 2254 nos
3156 2216 3260 2255 non
3280 2211 3508 2271 poterat.

1908 2288 2025 2345 Hoc
2052 2290 2251 2361 quippe
2274 2290 2394 2345 loco
2420 2290 2720 2345 secundum
2751 2290 3040 2346 historiam
3087 2294 3303 2348 misera:
3329 2294 3510 2363 gentis

1908 2381 2153 2452 deplorat
2196 2382 2458 2452 propheta
2509 2395 2785 2445 errorem,
2842 2383 2985 2450 quod
3027 2383 3198 2454 magis
3244 2384 3506 2440 auxilium

1907 2471 2131 2545 Egypti
2180 2481 2237 2529 et
2285 2471 2589 2527 Pharaonis
2643 2486 2805 2542 quam
2850 2471 2947 2526 Dei
2996 2472 3343 2542 expetierint.
3404 2474 3508 2541 Qui

1908 2578 2034 2618 cum
2059 2563 2236 2619 adhuc
2256 2561 2558 2619 subsistere
2580 2561 2920 2627 viderentur,
2938 2558 3053 2630 jam
3088 2577 3228 2632 pene
3252 2577 3507 2619 consum-

1906 2657 1987 2727 pti
2015 2665 2204 2721 erant,
2249 2662 2305 2710 et
2345 2654 2492 2710 oculi
2520 2668 2713 2710 eorum
2759 2654 2827 2709 ad
2854 2668 2950 2709 eos
2976 2654 3330 2723 respicientes
3357 2653 3506 2709 tabe-

1906 2747 2073 2814 facti,
2121 2746 2482 2819 respicientes
2509 2746 2579 2801 ad
2606 2752 2824 2817 gentem
2870 2761 2991 2815 quae
3014 2760 3118 2802 nec
3163 2756 3254 2813 se,
3282 2758 3385 2802 nec
3410 2744 3551 2819 eos‘,

1910 2840 2124 2896 saivare
2153 2846 2385 2910 poterat.
2420 2837 2576 2906 Quod
2609 2832 2742 2893 satis
2773 2836 2917 2893 idem
2944 2836 3213 2894 Jeremias
3235 2837 3396 2909 longe
3420 2840 3527 2911 su—j

1906 2947 2007 3003 pra
2034 2931 2196 2987 latius
2225 2931 2483 3002 exponit,
2514 2939 2570 2986 et
2590 2929 2637 2986 si
2658 2945 2804 2986 nunc
2825 2929 3004 2986 hocin
3029 2930 3150 2987 loco
3170 2930 3300 2987 illud
3323 2921 3527 2988 acrius'

1908 3032 2074 3094 atque
2096 3023 2390 3078 immanius
2434 3021 2701 3092 deplorat.
2734 3021 2830 3078 Sic
2859 3022 3044 3092 itaque
3088 3031 3145 3080 et
3168 3018 3361 3079 eorum
3398 3016 3527 3093 vox"

1909 3124 1995 3173 est
2040 3116 2185 3172 intra
2228 3114 2535 3172 Ecclesiam
2563 3113 2967 3185 plangentium,
2999 3114 3092 3185 qui
3137 3129 3196 3170 se
3225 3115 3383 3187 longe
3413 3116 3506 3171 diu

1909 3209 2068 3266 vanis
2099 3209 2408 3266 demulcent
2437 3209 2666 3279 spebus,
2704 3216 2762 3263 et
2788 3207 2973 3264 saeculi
3007 3216 3344 3279 occupantur
3368 3210 3504 3265 acti-
3528 3265 3535 3268 ,

1909 3304 2034 3360 bus.
2082 3302 2339 3372 Quicum
2375 3304 2505 3358 tacti
2546 3300 2751 3357 fuerint
2782 3304 2974 3358 mortis
3019 3301 3370 3370 inﬁrmitate,
3408 3312 3506 3358 aut

1908 3396 2210 3451 tentatione
2256 3395 2436 3465 aliqua
2457 3435 2472 3461 ,
2504 3393 2788 3449 inveniunt
2823 3408 2882 3449 se
2917 3409 3025 3449 non
3071 3394 3245 3450 solum
3290 3395 3527 3462 nudos,

1907 3499 2099 3542 verum
2114 3485 2281 3540 etiam
2298 3498 2471 3540 caecos
2500 3484 2575 3538 ita
2590 3492 2871 3555 gementes
2899 3501 2913 3539 :
2944 3480 3078 3539 Cum
3103 3485 3279 3540 adhuc
3306 3486 3504 3541 subsis-

1906 3589 2153 3648 teremus,
2185 3582 2487 3651 defecerunt
2515 3581 2656 3636 oculi
2678 3580 2845 3636 nostri
2869 3581 2940 3637 ad
2961 3581 3221 3636 auxilium
3260 3592 3499 3639 nostrum

1906 3689 2120 3728 uanum.
2148 3671 2340 3727 Adhuc
2361 3686 2491 3743 ergo
2522 3671 2772 3727 subsistit
2797 3671 3219 3742 quodammodo,
3251 3673 3501 3745 quisquis

1907 3764 1962 3819 in
1990 3778 2157 3819 carne
2203 3762 2413 3834 positus
2455 3762 2648 3831 ﬁdem,
2679 3763 2930 3834 quamvis
2955 3764 3072 3820 sine
3111 3766 3367 3835 operibus
3413 3781 3526 3821 re-.

1905 3866 2052 3925 ctam
2080 3866 2243 3914 tenet.
2279 3857 2385 3914 Sed
2408 3874 2530 3914 cum
2558 3874 2697 3913 vana
2727 3867 2967 3914 sectatur
2995 3858 3394 3931 satculi,aiiqua
3417 3868 3499 3916 ta-

1906 3959 2029 4006 ctus
2051 3949 2319 4014 molestia,
2350 3949 2557 4005 invenit
2580 3949 2768 4006 oculos
2793 3949 3056 4006 defecisse
3078 3966 3225 4019 suos,
3254 3952 3399 4023 quod
3429 3952 3498 4008 ad

1907 4044 2110 4100 caduca
2133 4053 2189 4100 et
2212 4043 2449 4099 labentia
2476 4043 2659 4099 saeculi
2690 4044 2974 4112 deﬁxerat,
3009 4061 3321 4117 vanumque
3343 4047 3498 4101 auxi-

1905 4135 2038 4192 lium
2093 4135 2355 4207 quaesisse
2387 4152 2402 4202 ;
2440 4136 2568 4205 quia
2597 4145 2803 4206 quanto
2833 4137 3190 4193 intentionem
3219 4139 3401 4194 cordis
3427 4137 3498 4192 ad

1905 4243 1972 4284 ea
1999 4237 2254 4298 posuerat
2305 4229 2620 4295 obtinenda,
2651 4237 2801 4285 tanto
2831 4229 2899 4285 ab
2941 4231 3154 4287 interno
3179 4230 3384 4287 lumine
3416 4232 3498 4286 in-

1904 4327 1996 4375 tus
2015 4328 2071 4375 et
2107 4320 2283 4392 gratia
2306 4329 2669 4376 emarcuerat.
2718 4320 2875 4377 Unde
2901 4322 3040 4378 bene
3068 4323 3136 4379 ad
3163 4339 3222 4380 se
3244 4325 3497 4381 reversus

1906 4425 2147 4481 gemens,
2176 4412 2370 4481 probat
2413 4427 2614 4467 vanum
2642 4410 2831 4477 fuisse,
2861 4413 2929 4467 ad
2958 4415 3100 4484 quod
3143 4415 3493 4486 quaerendum

1905 4503 2091 4559 oculos
2119 4502 2401 4559 deﬁxerat.
2435 4503 2503 4558 Et
2530 4504 2653 4574 quia
2689 4519 2832 4575 saepe
2883 4506 2954 4562 ob
2999 4507 3496 4579 concupiscentiam

1904 4611 2089 4651 rerum
2123 4596 2535 4667 acquisitarum,
2567 4603 2735 4650 totam
2786 4611 2940 4667 spem
2972 4612 3125 4653 suam
3158 4598 3212 4653 in
3236 4597 3499 4655 divitibus‘

1906 4686 2086 4743 saeculi
2108 4697 2163 4743 et
2186 4688 2580 4758 potentioribus
2627 4690 2996 4756 committunt,
3025 4699 3085 4746 ut
3112 4706 3212 4762 per
3238 4705 3332 4746 eos
3355 4691 3494 4746 obti-

1904 4788 2070 4835 neant
2095 4778 2372 4834 ardentius
2404 4794 2525 4849 qua:
2571 4780 2839 4848 ambiunt,
2869 4790 2994 4852 apte
3041 4782 3330 4853 sequitur:
3358 4782 3493 4837 Cum

1903 4871 2273 4941 respiceremus
2305 4868 2491 4922 attenti
2521 4868 2591 4922 ad
2631 4879 2857 4940 gentem,
2883 4887 3001 4942 qua:
3026 4870 3234 4926 salvare
3266 4885 3371 4925 non
3407 4887 3497 4942 po-

1901 4971 2055 5017 terat.
2080 4960 2159 5016 De
2201 4975 2308 5033 qua
2337 4959 2583 5030 profecto
2628 4970 2809 5032 gente,
2843 4961 2897 5017 id
2923 4974 3008 5018 e5t
3032 4961 3320 5028 divitibus,
3361 4955 3496 5033 p'ro-

1902 5055 2065 5125 pheta
2095 5071 2109 5106 :
2143 5050 2376 5119 Ululate,
2406 5052 2607 5123 inquit,
2645 5054 2844 5121 miseri,
2884 5062 2933 5109 et
2959 5053 3163 5126 plorate
3177 5069 3339 5126 super
3387 5054 3489 5107 mi-

1902 5153 2051 5207 seriis
2077 5166 2194 5223 qua:
2216 5148 2489 5203 advenient
2510 5148 2672 5204 vobis.
2698 5149 2780 5204 Ad
2802 5165 2940 5220 quos
2964 5165 3089 5207 cum
3108 5150 3408 5207 attenditur
3433 5159 3492 5206 et

1901 5251 2152 5316 speratur
2172 5241 2232 5315 in
2262 5239 2342 5296 eis
2368 5239 2626 5296 auxilium
2648 5242 2857 5309 salutis,
2879 5242 3010 5313 quid
3024 5242 3487 5299 nisimiseriarum

1902 5336 2080 5391 luctus
2099 5333 2335 5399 eveniet,
2365 5348 2488 5388 cum
2519 5348 2619 5388 nec
2644 5348 2703 5388 se
2731 5347 2832 5389 nec
2859 5332 2997 5390 alios
3023 5331 3238 5390 salvare
3264 5341 3444 5406 potest
3464 5333 3491 5386 ?

1902 5431 2240 5494 Maledictus,
2262 5426 2440 5497 inquit
2461 5425 2745 5497 prepheta,
2765 5426 2934 5479 omnis
2951 5425 3041 5497 qui
3065 5441 3207 5496 spem
3222 5440 3378 5479 suam
3395 5441 3491 5495 po-

1902 5520 1976 5574 nit
2004 5520 2059 5572 in
2080 5518 2307 5582 homine,
2332 5525 2379 5570 et
2427 5515 2570 5585 ponit
2597 5528 2807 5567 carnem
2851 5512 3122 5567 brachium
3168 5528 3343 5576 suum,
3371 5519 3484 5565 uta

1902 5610 2128 5666 Domino
2177 5608 2381 5663 recedat
2405 5623 2496 5661 cor
2514 5606 2646 5676 ejus.
2682 5605 2997 5683 Quod'satis
3019 5606 3183 5663 etiam
3204 5606 3343 5661 etde
3371 5607 3483 5662 hat-

1901 5701 2087 5755 reticis
2128 5712 2365 5769 congrue
2395 5696 2679 5766 accipitur,
2707 5705 2761 5751 et
2794 5697 2860 5752 de
2911 5697 2994 5752 his
3042 5698 3134 5768 qui
3162 5712 3348 5753 eorum
3386 5713 3485 5753 va—

1902 5810 2027 5849 num
2053 5792 2310 5847 auxilium
2339 5789 2659 5859 requirunt;
2688 5790 2943 5859 quoniam
2965 5790 3107 5844 oculi
3133 5805 3320 5846 eorum
3345 5805 3483 5852 vana
3510 5806 3523 5821 τ

2963 5885 3042 5946 39
