4092 6332
595 315 733 377 187
1378 308 1440 368 8.
1472 302 1845 391 “PASCHASII
1874 297 2230 363 RADBERTI
2262 298 2557 359 ABBATIS
2589 298 3044 361 CORBEIENSIS
3747 299 3893 363 1228

592 437 923 498 scrutantes,
949 435 1007 497 et
1027 426 1166 486 falsa
1185 424 1593 498 Scripturarum
1611 419 1849 493 eloquia,
1868 416 2044 491 magis
2062 430 2180 472 ma-
2203 414 2262 479 Α
2281 428 2423 470 rum.
2462 414 2567 485 Qui
2603 414 2865 470 nimirum
2890 413 3008 471 dies
3037 413 3299 486 peccandi
3324 427 3452 471 cum
3469 412 3736 487 completi
3765 413 3890 472 fue-

590 508 783 600 gisque
806 523 1095 581 tabescunt
1117 535 1183 578 ac
1202 517 1503 575 deﬁciunt:
1530 524 1728 577 etcum
1748 528 1845 572 eos
1872 526 2061 570 eorum
2086 524 2186 567 au-

590 618 797 679 ditores
827 613 1139 688 diligentius
1166 611 1459 669 intendunt
1491 606 1560 665 ad
1582 615 1798 682 gentem
1823 620 1946 679 qua
1971 602 2189 661 salvam

590 729 700 771 non
736 718 918 786 potast
940 708 1194 778 ,,oculos
1240 707 1297 764 in
1343 719 1541 761 vanum
1592 703 1791 760 levant.
1844 699 2185 771 Quapropter

595 808 774 871 adhuc
816 819 916 865 vos
939 801 1237 859 dolentium
1266 812 1331 855 ac
1373 796 1614 870 gentium
1643 807 1832 852 eorum
1860 807 1929 850 ex
1952 803 2185 864 persona

596 907 746 959 recte
780 896 1051 969 sequitur.

1184 1017 1398 1093 ιβιδ
1425 1031 1578 1074 stne.

671 1154 1083 1218 Lubricarerunt
1126 1154 1339 1229 vestigia
1372 1158 1551 1210 nostra
1587 1150 1642 1207 in
1684 1149 1867 1205 itinere
1889 1146 2187 1220 platearum

599 1266 941 1315 nostrarum:
964 1249 1398 1325 appropinquavit
1420 1246 1543 1318 linis
1566 1257 1739 1303 noster
1763 1257 1782 1294 :
1809 1238 2051 1312 completi
2065 1244 2188 1297 sunt

596 1328 708 1401 dies
735 1342 918 1410 nostri,
945 1344 1067 1416 quia
1090 1341 1223 1397 venit
1252 1340 1375 1411 ﬁnis
1396 1347 1592 1395 noster.
1619 1334 1763 1391 Nulli
1791 1332 2014 1389 dubium
2042 1329 2189 1401 quod

598 1436 715 1491 hrcc
740 1433 975 1489 lamenta
1001 1430 1201 1487 Judaeis
1226 1435 1547 1501 congruant,
1578 1422 1795 1505 quando
1828 1422 1928 1480 sub
1954 1420 2187 1478 articulo

598 1524 794 1581 mortis
825 1537 923 1577 sua
964 1520 1158 1594 singuli
1194 1518 1544 1575 revolvebant
1582 1525 1856 1593 gestorum
1884 1514 2047 1569 facta.
2081 1508 2190 1567 Sed

598 1625 656 1675 et
676 1617 939 1689 propheta
962 1629 1151 1671 eorum
1181 1614 1424 1670 omnium
1455 1608 1509 1667 in
1538 1626 1600 1667 se
1645 1608 1876 1665 assumit
1917 1604 2075 1663 ﬂetus
2122 1618 2195 1671 ac

594 1708 854 1775 lamenta,
886 1708 1029 1780 quod
1062 1716 1169 1763 tam
1198 1720 1386 1761 amara
1437 1713 1494 1761 et
1543 1703 1819 1774 insperata
1858 1696 2188 1773 captivitatis

2286 505 2430 575 rint,
2470 505 2596 563 linis
2622 505 2792 562 venit.
2816 503 2978 562 Prius
3004 505 3152 562 enim
3188 506 3612 578 appropinquat,
3644 504 3892 578 quandiu

2287 599 2499 659 securis
2519 599 2591 658 ad
2611 600 2851 658 radicem
2878 598 3058 673 posita
3084 614 3349 671 suspensa
3379 598 3436 655 in
3462 614 3631 655 manu
3664 597 3891 670 pendet.

2288 692 2425 752 Cum
2454 709 2587 752 vero
2611 693 2883 766 completa
2909 686 3113 751 fuerint
3134 690 3340 751 scelera
3361 692 3719 759 delictorum,
3743 708 3897 749 com-

2286 788 2508 862 plentur
2531 787 2678 856 dies,
2705 764 2835 860 quia
2860 764 3011 844 ienit
3061 784 3185 843 linis
3230 795 3446 843 aeterna:
3486 782 3893 845 retributionis.

2289 878 2503 955 Interea
2530 886 2586 936 et
2612 876 2997 935 haereticorum
3024 893 3132 935 vox
3163 886 3271 946 est,
3294 876 3511 949 quando
3555 891 3687 933 sero
3736 875 3897 932 intel-

2293 968 2547 1029 lexerunt
2580 987 2742 1044 quam
2794 970 3002 1045 lubrica
3048 970 3103 1026 in
3136 970 3437 1043 Scripturis
3481 969 3661 1025 sacris
3698 984 3898 1024 eorum

2290 1064 2514 1138 vestigia
2543 1063 2765 1131 fuerint,
2813 1072 2869 1120 et
2895 1078 3057 1135 quam
3082 1062 3247 1118 latam
3279 1056 3738 1134 arripiuntviam,
3766 1058 3898 1117 dum

2291 1157 2483 1217 nolunt
2510 1154 2724 1229 regulas
2752 1156 3149 1215 catholicorum
3202 1157 3427 1211 Patrum
3455 1166 3672 1221 tenere,
3713 1170 3901 1227 neque

2291 1252 2453 1323 viam,
2478 1268 2600 1325 quae
2622 1251 2871 1309 Christus
2917 1260 3031 1319 est,
3069 1251 3236 1307 rectis
3257 1251 3535 1324 gressibus
3562 1249 3901 1319 ambulare;

2291 1344 2384 1401 sed
2436 1342 2811 1413 unusquisque
2869 1357 3057 1399 eorum
3102 1342 3318 1403 easdem
3360 1341 3683 1415 Scripturas
3722 1341 3829 1400 Dei
3867 1359 3907 1399 ι

2291 1445 2442 1492 recto
2478 1430 2765 1511 deﬂectere
2785 1476 2800 1503 ,
2833 1444 2891 1492 et
2924 1437 2993 1495 ad
3020 1451 3132 1497 suae
3156 1437 3537 1507 perversitatis
3580 1436 3707 1493 vias
3728 1435 3904 1493 latins

2291 1524 2591 1585 diffundere
2622 1546 2637 1585 :
2669 1536 2726 1583 et
2749 1528 2876 1583 dum
2901 1542 3003 1585 nec
3023 1527 3321 1598 praefinitas
3364 1525 3591 1587 Patrum
3627 1528 3907 1586 terminos

2292 1632 2468 1697 neque
2486 1617 2668 1683 tritam
2688 1614 3095 1688 Scripturarum
3122 1617 3374 1672 semitam
3395 1616 3588 1675 volunt
3612 1615 3901 1685 incedere,

2291 1705 2703 1783 lubricaverunt
2742 1707 2974 1778 vestigia
3001 1710 3193 1764 eorum
3234 1707 3288 1762 in
3321 1706 3521 1762 itinere
3556 1707 3900 1777 platearum,

596 1800 738 1857 mala
762 1794 1106 1871 exigentibus
1131 1794 1306 1868 culpis
1350 1796 1528 1869 gentis
1576 1810 1710 1860 suae,
1743 1792 1922 1850 subito
1946 1792 2189 1863 contige-
2213 1784 2266 1849 B
2291 1796 2698 1879 qula'amplam
2726 1809 2784 1855 ei
2810 1796 3129 1855 laciniosam
3168 1798 3360 1856 secuti
3408 1806 3538 1854 sum
3568 1799 3901 1870 disputatio.

594 1894 724 1949 rint.
752 1891 910 1961 Quod
939 1907 1049 1946 non
1073 1890 1254 1945 minus
1281 1888 1447 1945 etiam
1471 1887 1537 1944 de
1565 1885 1812 1942 Ecclesia
1836 1884 2039 1941 Christi
2062 1883 2187 1953 jure

592 1986 885 2059 plangitur,
914 1983 1132 2055 quando
1160 1997 1255 2041 eos
1281 1983 1374 2053 qui
1404 1982 1568 2037 latam
1598 1990 1654 2037 et
1682 1980 1977 2052 spatiosam
2004 1980 2186 2039 saeculi

593 2078 737 2132 viam
791 2074 1061 2146 arripiunt
1096 2072 1407 2149 aspicimus.
1431 2072 1643 2147 Plangit
1664 2071 1811 2129 enim
1836 2068 2075 2127 Ecclesia
2094 2086 2189 2127 eo-

593 2186 713 2226 rum
738 2166 1041 2235 lasciviam,
1058 2166 1428 2243 quiluhricam
1444 2166 1699 2224 vitiorum
1723 2178 2001 2227 sectantur
2021 2166 2185 2233 viam,

594 2262 687 2335 qui
713 2261 944 2318 necdum
971 2276 1132 2331 supra
1163 2269 1394 2332 petram,
1425 2275 1547 2331 quae
1574 2254 1827 2319 Christus
1864 2269 1968 2327 est,
2008 2268 2189 2319 rectos

596 2348 837 2409 ﬁxerunt
879 2366 1121 2424 gressus.
1153 2344 1260 2407 Pro
1285 2349 1483 2420 quibus
1508 2346 1698 2423 lugens
1729 2346 1805 2405 ita
1831 2346 2000 2421 gemit
2030 2366 2043 2403 :
2078 2342 2189 2409 Lu-

591 2445 921 2501 bricaverunt
947 2442 1163 2515 vestigia
1183 2450 1366 2499 nostra
1386 2440 1443 2497 in
1465 2438 1651 2498 itinere
1673 2439 1971 2513 platearum
1988 2451 2192 2496 nostra

562 2554 730 2593 rum.
776 2532 1031 2610 Alioquin
1077 2536 1183 2595 nisi
1230 2535 1536 2611 platearum
1583 2536 1780 2597 itinera
1820 2537 2188 2611 quaesissent,

590 2632 756 2705 pedes
784 2647 816 2689 a
844 2640 995 2689 recto
1025 2646 1131 2689 non
1158 2628 1538 2693 lubricassent.
1568 2629 1721 2689 Unde
1749 2629 2048 2687 Dominus:
2082 2620 2190 2684 Exi

589 2724 716 2792 cito,
741 2725 935 2797 inquit,
968 2726 1024 2781 in
1049 2726 1254 2797 plateas
1281 2736 1328 2779 et
1357 2725 1497 2785 vicos
1534 2723 1762 2781 civitatis
1797 2739 1817 2779 :
1845 2738 2099 2795 pauperes
2125 2737 2189 2779 ac

590 2816 786 2875 debiles
828 2814 1078 2893 compelle
1118 2816 1320 2897 intrare
1346 2856 1361 2881 ,
1390 2824 1457 2885 σι
1499 2810 1783 2886 impleatur
1837 2814 2025 2869 domus
2072 2828 2191 2868 mea

593 2908 749 2981 (Luc.
769 2910 905 2982 xxv).
938 2909 1019 2964 Ex
1046 2922 1154 2980 quo
1180 2916 1333 2978 patet
1357 2921 1585 2973 sensus:
1609 2906 1703 2977 qui
1729 2904 1906 2963 adhuc
1937 2905 2102 2963 latam
2135 2911 2192 2960 et

593 2999 892 3075 spatiosam
944 3007 1134 3055 tenent
1159 2996 1334 3063 viam,
1371 3004 1498 3055 ante
1524 2994 1710 3053 oculos
1736 2986 1935 3055 interm
1964 2995 2188 3068 judicis,

593 3093 740 3165 quod
776 3090 913 3149 foris
940 3092 1065 3154 sint,
1101 3099 1156 3147 et
1183 3090 1229 3147 si
1252 3103 1483 3162 corpore
1516 3088 1662 3147 intro
1686 3088 1992 3171 videantur.
2018 3086 2190 3145 Extra

592 3148 812 3245 domum
834 3199 954 3257 qua:
978 3181 1181 3243 Christi
1210 3193 1294 3245 est
1322 3148 1588 3249 Ecclesia,
1634 3164 1982 3239 lascivientes
2011 3176 2186 3237 lubri-
2217 3148 2265 3213 ο

594 3288 741 3339 cant.
776 3277 1007 3335 Lubrica
1032 3285 1161 3333 sunt
1188 3275 1336 3341 enim
1368 3274 1563 3330 itinera
1592 3272 1893 3346 platearum
1919 3282 1974 3329 et
1994 3266 2193 3347 procli-

591 3371 699 3426 via.
751 3366 957 3427 Idcirco
1005 3368 1174 3425 David
1223 3366 1652 3441 gratulabundus
1704 3366 1852 3425 canit
1891 3384 1906 3422 :
1949 3364 2192 3439 Statuit,

591 3462 788 3537 inquit,
829 3480 991 3534 supra
1042 3473 1244 3533 petram
1286 3460 1441 3532 pedes
1472 3476 1637 3527 meos,
1676 3469 1724 3515 et
1760 3459 1955 3515 direxit
1985 3475 2193 3531 gressus

591 3573 730 3612 meos
759 3553 935 3631 (Psul.
971 3552 1190 3624 χχχιχ).
1210 3552 1275 3608 Et
1298 3550 1426 3613 alibi
1458 3566 1474 3606 :
1501 3550 1608 3618 Qui
1634 3550 1849 3622 perfecit
1876 3550 2031 3622 pedes
2052 3566 2195 3604 meos

591 3630 1159 3720 tanquam'cervorum,
1176 3657 1222 3703 et
1237 3662 1393 3717 super
1412 3642 1617 3701 excelsa
1638 3644 1821 3699 statuit
1838 3640 2013 3716 (Psal.
2033 3636 2190 3715 xvu).

592 3740 866 3798 Cmterum
909 3736 1020 3796 lata
1052 3736 1351 3812 platearum
1397 3734 1518 3804 via,
1550 3734 1845 3805 feculenta,
1874 3735 2033 3809 plena
2080 3732 2195 3799 luto

592 3842 647 3887 et
676 3831 929 3893 sordibus
963 3850 976 3888 :
1010 3832 1065 3887 in
1104 3846 1209 3903 qua
1238 3828 1328 3902 qui
1360 3829 1605 3887 ambulat
1637 3844 1747 3887 non
1780 3828 1986 3902 absque
2037 3828 2193 3901 lapsu

592 3924 768 3981 ruinae
796 3939 908 3979 suae
934 3924 1200 3997 graditur.
1236 3920 1305 3983 lli
1333 3938 1463 3980 vero
1493 3938 1724 3995 quorum
1765 3937 1929 3994 supra
1976 3930 2192 3997 petram

593 4014 896 4071 solidantur
920 4014 1108 4087 pedes,
1138 4023 1290 4071 recto
1319 4010 1457 4070 calle
1486 4012 1699 4069 viarum
1739 4010 2043 4080 ambulant,
2072 4023 2195 4068 tan-

593 4123 759 4179 quam
789 4104 954 4179 pedes
983 4123 1267 4167 cervorum
1292 4149 1307 4174 ,
1339 4105 1485 4164 nulla
1512 4106 1849 4180 serpentium
1882 4121 2088 4164 venena
2119 4107 2191 4173 ti-

597 4204 794 4265 ment,
840 4196 967 4254 dum
1000 4213 1214 4270 semper
1263 4186 1346 4253 ad'
1382 4197 1552 4253 ardua
1584 4207 1641 4253 ct
1665 4198 1883 4257 excelsa
1910 4196 2188 4254 festinant.

598 4286 798 4343 Nolunt
821 4287 965 4343 enim
989 4288 1197 4344 lubrica
1226 4286 1405 4345 vitare
1426 4288 1745 4361 vestigia,et
1762 4305 1869 4346 non
1894 4289 1948 4347 in
1980 4290 2191 4357 incerto

598 4377 935 4445 divitiarum,
981 4378 1067 4434 vel
1096 4378 1299 4436 labenti
1337 4378 1537 4436 saeculo
1573 4396 1723 4452 spem
1751 4378 1914 4439 ullam
1940 4396 2186 4457 ponere:

2292 1891 2380 1947 nis
2418 1906 2529 1948 sua:
2554 1884 2902 1957 doctrinam;
2933 1899 2990 1946 et
3023 1906 3133 1947 non
3166 1891 3288 1947 dico
3323 1889 3747 1962 Scripturarum
3770 1906 3904 1948 san-

2290 1992 2543 2047 ctarum,
2591 1998 2777 2039 verum
2821 1984 2986 2040 etiam
3038 1983 3484 2057 philosophorum
3522 1994 3904 2056 corruperunt

2291 2076 2526 2149 eloquia.
2553 2076 2763 2133 Idcirco
2785 2076 2994 2133 lubrica
3024 2085 3275 2134 tenentes
3304 2074 3629 2135 deciderunt
3665 2076 3727 2135 in
3752 2092 3905 2135 mor-

2292 2178 2426 2237 tem,
2468 2178 2524 2224 et
2550 2169 2705 2225 venit
2730 2168 2855 2225 linis
2881 2185 3005 2225 cum
3033 2170 3183 2225 omni
3230 2169 3552 2228 confusione
3573 2178 3745 2243 atque
3770 2186 3901 2246 per-

2293 2250 2502 2345 ditione
2530 2275 2643 2321 sua:
2669 2258 3057 2318 damnationis.
3088 2256 3227 2318 Hinc
3257 2262 3523 2337 sequitur.

3009 2412 3141 2455 GOPII

2372 2526 2668 2587 Velociores
2713 2531 2928 2603 [uerunt
2968 2538 3322 2603 persecutores
3363 2530 3529 2587 nostri
3555 2530 3717 2603 aquis
3762 2530 3905 2601 ccli,

2292 2640 2449 2697 super
2492 2624 2695 2680 mo'ittes
2731 2623 2989 2699 persecuti
3009 2632 3131 2679 sunt
3153 2641 3247 2701 nos
3279 2625 3376 2681 :in
3395 2625 3603 2681 deserto
3630 2624 3901 2693 insidiati,

2292 2729 2415 2776 sunt
2456 2716 2626 2791 nobis.
2668 2714 2798 2775 Haec
2832 2717 3182 2792 hyperbolice
3208 2719 3350 2775 dicta
3391 2728 3513 2791 sunt
3554 2716 3624 2774 de
3669 2717 3901 2785 ludatis,

2294 2810 2456 2869 sicuti
2492 2809 2755 2873 Ionathas
2790 2821 2846 2869 et
2890 2812 3058 2879 Saul,
3100 2806 3403 2885 velociores
3447 2808 3653 2885 aquilis
3684 2811 3901 2881 fuisse,

2296 2902 2351 2959 in
2380 2896 2589 2960 threuis
2612 2900 2781 2983 David
2800 2902 3109 2974 laudantur.
3137 2884 3403 2969 Caeterum
3448 2884 3585 2977 quia
3622 2905 3903 2979 propheta

2295 2990 2541 3055 omnium
2573 2993 2627 3049 in
2661 3008 2722 3050 se
2748 2993 2985 3067 lamenta
3011 3034 3027 3061 ,
3056 3007 3316 3065 personas
3345 3000 3399 3048 et
3436 3008 3625 3058 voces,
3670 3002 3735 3048 ut
3760 2993 3902 3049 dixi-

2296 3101 2440 3152 mus,
2469 3080 2952 3159 assumitrplangit
2977 3078 3385 3158 persecutiones
3405 3082 3715 3153 Ecclesiae;
3747 3086 3902 3157 cuius

2297 3177 2484 3251 utique
2539 3187 2920 3251 persecutores
2972 3174 3274 3247 velociores
3336 3179 3535 3253 aquilis
3595 3179 3733 3237 caeli
3778 3180 3905 3251 iure.

2295 3267 2630 3342 planguntur
2677 3287 2691 3324 :
2734 3266 2863 3349 quia
2910 3266 3173 3325 immundi
3210 3266 3433 3342 spiritus
3467 3269 3535 3325 ad
3588 3264 3903 3327 dilaceran-

2296 3356 2424 3416 dum
2462 3368 2519 3415 et
2543 3346 2915 3419 devorandum
2959 3350 3261 3416 velociores
3286 3360 3493 3433 sanctis
3513 3360 3901 3453 praedicatori-

2295 3450 2399 3507 bus
2435 3450 2572 3507 ﬁunt
2598 3464 2710 3507 sua:
2736 3450 2947 3511 fraudis
2987 3451 3267 3529 nequitia,
3300 3462 3357 3507 et
3385 3448 3633 3529 agilitate
3659 3462 3897 3511 natura.

2296 3540 2474 3599 Habet
2524 3550 2760 3614 namque
2805 3526 3050 3601 Ecclesia
3106 3532 3318 3619 aquilas
3363 3528 3491 3602 suas
3528 3544 3641 3603 sibi
3679 3546 3759 3607 ad
3808 3544 3901 3605 ob-

2296 3633 2547 3705 sequium
2575 3632 2814 3703 electas;
2854 3635 2921 3692 de
2957 3634 3154 3707 quibus
3178 3635 3232 3691 in
3259 3630 3550 3710 Evangelia
3584 3635 3895 3701 Dominus:

2299 3724 2402 3782 Ubi
2425 3726 2585 3799 fuerit
2613 3744 2836 3802 corpus,
2869 3712 3075 3803 inquit,
3107 3730 3180 3785 ibi
3213 3734 3673 3804 congregabantur
3702 3732 3898 3808 aquila

2298 3808 2472 3890 (Luc.
2518 3814 2664 3891 xvu)
2711 3836 2724 3873 :
2768 3816 2894 3893 quia
2950 3818 3043 3877 ubi
3089 3814 3272 3895 passio
3329 3814 3531 3879 Christi
3578 3822 3899 3883 celebratur

2296 3916 2354 3965 et
2380 3918 2577 3981 corpus
2612 3909 2927 3968 immolatur
2957 3922 3158 3968 nostrae
3187 3910 3402 3981 salutis,
3438 3909 3512 3975 ibi
3538 3910 3745 3991 aquila:
3774 3912 3897 3975 caeli

2298 4011 2661 4074 aggregantur
2700 4002 2856 4076 quasi
2894 4004 2963 4062 ad
2998 4018 3180 4063 escam
3230 4014 3287 4063 et
3331 3998 3633 4064 adveniunt
3676 4028 3691 4069 :
3733 4018 3799 4066 ut
3830 4011 3899 4068 de

2302 4086 2516 4166 1517
2544 4104 2719 4153 morte
2742 4097 2923 4153 carnis
2946 4094 3064 4173 ejus
3091 4139 3107 4167 ,
3154 4098 3319 4156 vitam
3344 4099 3675 4175 percipiant,
3718 4112 3780 4159 et
3810 4118 3891 4160 re-

2297 4185 2584 4242 fectionem
2650 4197 2926 4263 perpetuae
2989 4188 3276 4249 satietatis.
3341 4188 3421 4248 Ex
3477 4208 3588 4265 quo
3642 4192 3897 4268 profecto

2295 4278 2560 4351 propheta
2589 4280 2754 4353 luget,
2790 4280 2937 4356 luget
2960 4292 3016 4340 et
3038 4278 3280 4363 Ecclesia
3310 4282 3512 4343 Christi
3544 4306 3559 4342 :
3591 4290 3727 4363 quia
3751 4290 3895 4349 velo-

2299 4364 2475 4429 ciores
2509 4381 2636 4428 sunt
2664 4364 2848 4432 hostes
2887 4358 3084 4445 nostri,
3116 4376 3324 4434 scilicet
3346 4394 3519 4435 aereae
3546 4358 3855 4452 potestates
3875 4424 3895 4453 .

599 4471 708 4525 imo
739 4471 926 4527 beatos
954 4486 1077 4527 cum
1124 4471 1387 4549 propheta
1429 4470 1778 4540 existimant,
1817 4487 1883 4528 eo
1922 4470 2068 4545 quod
2097 4490 2191 4529 va-
2224 4494 2272 4556 ι)
2301 4474 2357 4522 ει
2384 4465 2649 4522 immundi
2689 4468 2931 4539 spiritus,
2975 4484 3042 4524 eo
3080 4468 3223 4542 quod
3252 4470 3396 4527 nulla
3439 4480 3688 4547 potestas
3731 4490 3894 4547 super

598 4565 799 4634 uitales
850 4581 958 4621 non
1001 4562 1286 4622 attendant
1341 4584 1353 4622 :
1408 4581 1585 4639 neque
1631 4575 1913 4623 sectantur
1952 4564 2192 4625 insanias

595 4659 887 4715 stultorum
936 4658 1120 4715 falsas.
1165 4658 1269 4731 Qui
1308 4676 1434 4716 cum
1469 4661 1772 4733 prtevidere
1806 4661 1999 4719 nolunt
2025 4677 2191 4734 quam

595 4752 705 4806 cito
734 4750 990 4808 labantur
1016 4767 1137 4827 quae
1174 4748 1450 4825 diligunt,
1503 4754 1682 4811 subito
1729 4755 2192 4828 appropinquasse

597 4841 760 4897 ﬁnem
792 4843 918 4899 vita:
948 4851 1207 4917 gemunt,
1237 4844 1365 4899 dum
1412 4842 1689 4917 insperate
1717 4844 1852 4903 falsa
1882 4845 2049 4907 fuisse
2070 4863 2194 4904 sen-

598 4931 765 5003 tiunt,
795 4948 916 5003 quae
944 4940 1258 4991 tenuerunt.
1311 4932 1449 4991 Hinc
1496 4943 1581 4990 est
1606 4936 1751 5006 quod
1790 4932 2193 4997 formidolosius

595 5019 822 5095 lugent:
859 5018 1295 5105 appropinquavit
1345 5022 1469 5095 ﬁnis
1511 5035 1689 5081 noster
1727 5040 1746 5079 :
1783 5026 2026 5098 completi
2070 5039 2192 5085 sunt

597 5113 709 5169 dies
731 5114 917 5193 nostri,
955 5114 1081 5193 quia
1125 5112 1261 5171 venit
1284 5114 1409 5188 ﬁnis
1436 5127 1631 5172 noster.
1663 5112 1777 5173 Non
1807 5114 1955 5175 enim
1977 5134 2194 5191 semper

599 5184 1147 5297 counpletio'tisis‘
1176 5207 1229 5262 in
1260 5184 1407 5264 bono
1461 5206 1682 5281 ponitur
1708 5248 1723 5273 ,
1772 5202 1932 5263 sicuti
1978 5184 2144 5265 habes
2175 5251 2192 5280 ,

599 5298 728 5369 quia
769 5299 1003 5383 necdum
1032 5298 1302 5383 completa
1331 5309 1459 5357 sunt
1485 5309 1707 5372 peccata
1752 5299 2194 5358 Amorrhaeorum

601 5386 756 5460 (Gen.
788 5388 904 5466 xv).
945 5374 1187 5463 Quorum
1218 5390 1510 5469 completio
1538 5392 1662 5448 ﬁnis
1692 5390 1793 5447 fuit
1844 5407 2034 5449 eorum
2100 5394 2195 5466 qui

600 5478 1012 5559 compleverant
1038 5495 1202 5561 atque
1235 5486 1621 5543 exterminium
1650 5500 1663 5540 :
1699 5486 1777 5543 uti
1812 5494 1869 5543 et
1915 5484 2142 5544 istorum
2173 5529 2192 5558 ,

599 5588 833 5646 quorum
863 5591 931 5632 ex
957 5592 1191 5649 persona
1220 5580 1499 5652 prophetae
1527 5578 1653 5645 talia
1697 5579 1989 5652 contigisse
2045 5597 2194 5636 ama-

604 5663 721 5722 rius
748 5664 915 5739 luget.
959 5666 1502 5746 Completi-namque
1540 5672 1658 5728 dies
1702 5672 2054 5745 planguntur,
2099 5675 2191 5746 qui

605 5757 1015 5827 compleverant
1045 5758 1152 5815 illis
1177 5759 1381 5816 scelera
1409 5770 1465 5816 et
1487 5777 1799 5819 mensuram
1826 5772 2041 5834 patrum
2071 5780 2193 5821 suo-

2296 4565 2503 4613 terram
2539 4559 2611 4614 sit
2642 4574 2762 4629 qum
2795 4556 2970 4615 valeat
2998 4558 3078 4616 eis
3102 4562 3428 4633 comparari.
3460 4558 3617 4620 Unde
3648 4575 3893 4639 potesus

2293 4660 2481 4704 eorum
2511 4652 2567 4705 et
2597 4648 2832 4705 violenta
2861 4651 3112 4708 celeritas
3143 4652 3502 4733 persequendi
3547 4650 3887 4735 deploratur,

2293 4747 2510 4817 quando
2538 4764 2648 4805 non
2675 4749 2797 4805 dico
2821 4766 2921 4822 per
2959 4766 3107 4818 suos,
3136 4766 3331 4837 verum
3353 4751 3519 4815 etiam
3544 4767 3645 4823 per
3680 4754 3887 4831 seipse:

2293 4839 2535 4897 velocius
2573 4842 2913 4898 circumeunt
2960 4858 3026 4899 ac
3081 4840 3419 4911 desreviunt,
3462 4854 3779 4919 quaerentes
3819 4847 3885 4903 ab

2293 4932 2537 4990 Ecclesia
2574 4935 2827 5008 .diripere
2878 4934 3143 4993 violenter
3184 4951 3323 5008 quos
3364 4936 3655 5001 devorent.
3714 4936 3884 5012 Super

2294 5034 2508 5085 montes
2546 5041 2762 5098 quoque
2792 5027 3065 5103 persecuti
3106 5036 3234 5083 sunt
3266 5042 3385 5095 nos,
3415 5026 3543 5100 quia
3568 5027 3701 5107 dqm
3722 5029 3793 5087 ad
3810 5026 3884 5084 ιι.

2295 5119 2433 5175 liora
2461 5118 2818 5175 ecclesiastici
2840 5116 3051 5176 ordinis
3084 5118 3321 5183 culmina
3343 5118 3681 5189 extollimur,
3708 5118 3883 5183 acrius

2294 5226 2388 5267 eos
2414 5210 2481 5267 ad
2506 5208 2914 5287 persequendos
2956 5226 3060 5268 nos
3094 5211 3423 5280 excitamus,
3465 5219 3521 5275 et
3566 5202 3697 5269 licet
3724 5225 3880 5283 super

2295 5300 2515 5374 specula
2544 5298 2858 5375 apostolicae
2881 5300 3218 5360 celsitudinis
3237 5302 3422 5375 positi,
3443 5302 3602 5374 quasi
3619 5300 3683 5363 in
3704 5311 3879 5365 monte

2292 5386 2596 5464 videamur,
2624 5410 2732 5452 non
2758 5392 2881 5453 ideo
2925 5394 3106 5457 securi
3158 5411 3280 5455 esse
3326 5392 3612 5464 debemus,
3639 5397 3881 5471 quiaeos

2293 5487 2489 5545 fortius
2508 5497 2929 5562 persequuntur,
2960 5503 3098 5561 quos
3118 5490 3184 5545 ad
3222 5488 3327 5549 hoc
3346 5502 3513 5561 super
3538 5497 3757 5549 montes
3773 5486 3876 5547 elc-

2291 5590 2451 5637 vatos
2482 5580 2719 5638 viderint
2746 5622 2761 5647 ,
2794 5589 2855 5635 ut
2882 5588 3109 5637 caeteros
3140 5578 3451 5657 diligentius
3491 5578 3878 5652 inspicimus

2292 5674 2359 5730 ad
2399 5674 2635 5730 culmina
2664 5674 2927 5749 virtutum
2955 5675 3275 5745 perducant.
3310 5673 3374 5729 In
3407 5660 3656 5741 Deserto,
3687 5671 3875 5744 inquit,

2293 5766 2532 5823 insidiati
2575 5775 2697 5821 sunt
2732 5766 2899 5823 nobis.
2953 5763 3059 5821 Per
3101 5764 3375 5823 desertum
3420 5776 3659 5831 namque
3692 5776 3877 5823 eoqu
