4078 6348
279 307 427 379 im

1005 300 1369 360 EXPOSITIO
1405 300 1473 358 ΙΝ
1507 277 2100 357 LAMEN'i‘ATlONES
2138 296 2480 355 JEREMLE.
2518 326 2589 340 —-
2621 296 2752 357 LIB.
2792 295 2880 353 iV.

3419 299 3560 360 1230

280 421 392 479 vita
428 417 766 491 designatur,
788 415 881 486 qui
913 420 1007 470 aut
1024 413 1128 470 sub
1153 413 1454 469 monastica
1483 413 1684 483 degunt
1714 409 1876 465 disci-
1903 411 1950 474 Α
1980 407 2126 463 niam
2152 424 2251 465 nec
2287 410 2402 481 ipse
2439 402 2665 480 spiritus
2695 410 2807 466 oris
2853 423 3043 467 eorum
3073 407 3198 477 fuit,
3233 424 3334 467 nec
3360 409 3417 467 in
3442 428 3559 469 um-

282 514 450 587 plina,
485 520 581 568 aut
604 509 1044 567 anachoreticam
1076 507 1236 578 longe
1275 508 1366 564 diu
1409 507 1624 580 probati
1676 505 1877 561 ducunt

281 605 473 661 vitam.
506 602 572 659 Hi
602 601 710 656 duo
744 600 801 656 in
826 598 1071 655 Ecclesia
1099 599 1342 665 ordines,
1370 596 1707 671 agonizando
1746 611 1877 652 con-

284 706 366 753 tra
409 691 710 750 invisibiles
756 689 1045 747 instantius
1076 690 1355 746 decertare
1398 689 1606 754 hostes,
1659 696 1715 744 et
1752 687 1877 747 ideo

282 793 476 845 contra
526 784 712 842 hostes
768 780 1007 859 velocius
1041 789 1200 852 atque
1246 780 1443 837 fortius
1496 778 1638 837 bella
1686 794 1874 851 perse-

283 874 503 945 quendo
534 878 773 928 movent.
819 871 946 929 illos
985 870 1252 944 siquidem
1290 871 1344 928 in
1396 870 1687 929 manifesto
1719 869 1878 944 quasi

283 980 451 1037 super
472 973 684 1021 montes
708 963 1057 1030 debellanda;
1106 963 1225 1020 istis
1250 978 1380 1021 vero
1404 965 1751 1023 remotiorem
1779 964 1877 1021 du-

283 1056 538 1115 centibus
586 1056 789 1121 vitam,
836 1054 1161 1111 insidiando.
1214 1053 1315 1122 Qui
1362 1055 1606 1126 profecto
1655 1055 1879 1128 utrique

283 1148 410 1213 coeli
462 1146 655 1218 aquila:
713 1146 981 1209 dicuntur,
1024 1145 1148 1217 quia
1200 1145 1442 1202 ctelestia
1492 1154 1770 1203 sectantur
1821 1153 1878 1203 et

284 1241 479 1303 ardua.
506 1236 793 1308 Sed,quod
820 1235 1040 1307 gravius
1059 1245 1141 1292 est
1155 1236 1541 1308 plangendum,
1571 1237 1874 1294 velociores

285 1347 449 1404 quam
479 1346 620 1401 saepe
649 1330 754 1386 illis
790 1330 974 1385 hostes
995 1328 1345 1385 inveniuntur
1367 1329 1433 1386 ad
1471 1329 1874 1401 decipiendum,

287 1439 452 1494 quam
487 1422 541 1478 hi
570 1422 636 1476 ad
662 1421 1097 1493 praecavendum,
1133 1428 1283 1476 certe
1336 1429 1430 1475 aut
1479 1420 1872 1478 reluctandum.

290 1513 447 1570 Unde
477 1522 553 1578 et,
586 1526 709 1567 cum
735 1511 1019 1582 propheta,
1049 1510 1251 1566 Christi
1282 1512 1554 1568 interdum
1570 1512 1746 1583 plorat
1774 1512 1877 1568 Ec-

286 1602 476 1670 clesia,
507 1602 651 1673 quod
682 1601 978 1658 velociores
1007 1601 1117 1657 sint
1139 1601 1325 1659 hostes
1354 1602 1470 1673 ejus
1495 1614 1551 1661 et
1575 1605 1878 1662 adversarii

288 1694 481 1750 electis
508 1693 645 1779 suis,
665 1692 758 1764 qui
773 1690 889 1762 jam
914 1692 1139 1749 calcatis
1165 1694 1419 1752 omnibus
1449 1696 1681 1751 terrenis
1706 1695 1874 1751 caele-

1979 500 2075 558 bra
2101 500 2216 572 ejus
2245 502 2459 558 demum
2488 502 2541 557 in
2572 501 2822 574 gentibus
2852 501 3097 563 translati
3128 501 3311 559 vivere
3353 506 3538 573 potuis

1977 598 2117 646 sent.
2144 591 2256 647 imo
2282 589 2350 646 de
2371 578 2588 647 Christo
2611 591 2777 649 velint
2799 590 2971 648 nolint
2993 592 3386 662 accipiendum,
3412 602 3556 667 quod

1977 683 2202 755 spiritus
2236 683 2348 739 oris
2376 684 2549 740 nostri
2593 683 2843 740 Christus
2873 684 3155 752 Dominus,
3187 695 3376 758 captus
3405 689 3476 744 sit
3504 689 3562 746 in

1975 770 2218 848 peccatis
2248 776 2467 833 nostris.
2508 776 2587 833 Ex
2611 791 2720 848 quo
2750 776 3056 845 manifeste,
3085 792 3193 834 non
3222 779 3401 835 minus
3428 781 3563 837 divi-

1975 869 2121 927 nitas
2157 868 2276 941 ejus
2315 886 2475 942 quam
2516 879 2572 926 et
2606 870 2916 929 humanitas
2969 871 3070 926 sub
3119 886 3224 928 una
3259 873 3560 947 eademque

1975 975 2206 1032 persona
2230 971 2386 1035 capta
2412 960 2745 1036 designatur.
2774 960 3022 1033 Spiritus,
3047 963 3240 1035 inquit,
3267 966 3373 1020 oris
3397 967 3565 1022 nostri

1975 1052 2234 1111 Dominus
2262 1052 2520 1111 Christus.
2549 1054 2685 1111 Nam
2714 1070 2838 1111 cum
2868 1055 3027 1110 dicit:
3063 1053 3295 1125 Spiritus
3318 1058 3424 1111 oris
3467 1074 3562 1111 no-

1975 1147 2095 1213 stri,
2125 1146 2242 1217 ejus
2277 1147 2528 1203 divinitas
2571 1146 2877 1202 declaratur
2918 1164 2930 1201 :
2974 1162 3098 1202 cum
3141 1162 3271 1203 vero
3323 1148 3564 1205 Christus

1976 1236 2256 1306 Dominus,
2331 1237 2619 1295 manifeste
2675 1238 2984 1297 humanitas
3042 1239 3382 1308 exprimitur,
3437 1240 3563 1311 quia

1979 1339 2128 1387 recte
2157 1330 2393 1402 Spiritus
2420 1332 2562 1386 Deus
2576 1339 2686 1386 tota
2715 1330 2953 1387 Trinitas
2981 1331 3297 1403 intelligitur
3325 1350 3340 1400 ;
3374 1349 3561 1404 quam-

1978 1422 2062 1477 vis
2089 1423 2190 1477 boc
2224 1423 2278 1477 in
2314 1422 2434 1478 loco
2463 1422 2801 1478 solummodo
2835 1422 3014 1478 Patris
3042 1420 3275 1479 Verbum
3324 1424 3562 1496 accipia-

1979 1523 2087 1571 tur.
2121 1515 2274 1572 Unde
2316 1516 2524 1587 Moyses
2551 1516 2603 1570 in
2632 1517 3048 1572 Deuteronomio
3080 1535 3092 1572 :
3125 1515 3298 1588 Prope
3341 1529 3438 1585 est,
3485 1521 3566 1575 in-

1980 1607 2120 1676 quit,
2142 1606 2354 1661 verbum
2370 1606 2423 1661 in
2445 1622 2533 1660 ore
2560 1616 2649 1661 tuo
2674 1617 2722 1660 et
2744 1608 2900 1662 corde
2924 1616 3033 1662 tuo.
3061 1608 3213 1675 Quod
3236 1609 3519 1666 estdicere
3549 1629 3561 1664 :

1980 1695 2155 1770 Prope
2181 1706 2265 1755 est
2293 1697 2515 1769 spiritus
2542 1698 2653 1753 oris
2680 1697 2895 1770 1519
2916 1701 3082 1756 nostri
3106 1711 3161 1756 et
3190 1704 3369 1757 cordis
3394 1703 3565 1759 nostri

289 1787 394 1844 stia
420 1786 665 1843 incolunt
693 1803 707 1840 :
739 1786 814 1840 ita
844 1793 904 1841 ut
933 1785 1204 1843 interdum
1237 1787 1421 1859 plures
1449 1788 1741 1859 decipiant,
1766 1804 1875 1844 non
1905 1801 1955 1869 ῃ
1980 1787 2145 1853 Deus,
2168 1787 2294 1859 quia
2321 1786 2503 1842 omnia
2534 1787 2771 1857 repletct
2794 1789 3037 1845 continet
3062 1805 3076 1844 :
3112 1792 3161 1845 in
3187 1808 3294 1862 quo
3316 1794 3562 1860 vivimus,

289 1879 413 1936 dico
460 1892 529 1934 ex
568 1876 727 1950 plebe
766 1884 880 1934 toto
932 1876 1142 1945 ordine,
1172 1892 1361 1934 verum
1409 1888 1465 1935 et
1505 1894 1572 1936 ex
1602 1879 1755 1949 ipsis,
1786 1880 1879 1951 qui
1974 1878 2129 1949 juxta
2178 1877 2517 1950 Apostolum,
2568 1895 2833 1933 movemur
2860 1890 2911 1935 et
2956 1899 3155 1939 sumus.
3186 1883 3254 1939 Et
3293 1886 3413 1940 ideo
3441 1902 3563 1941 sau-

292 1979 384 2027 ant
415 1979 666 2042 pastores
704 1976 852 2035 sunt,
901 1976 995 2024 aut
1018 1968 1275 2040 perfectae
1306 1970 1506 2041 quietis
1549 1970 1763 2042 elegere
1800 1971 1885 2027 vi-

294 2070 428 2116 tam.
455 2058 537 2114 Ex
560 2072 669 2130 quo
689 2056 850 2127 longe
873 2072 1036 2130 supra
1060 2057 1203 2115 idem
1227 2061 1493 2132 propheta
1520 2061 1679 2117 valde
1701 2061 1882 2132 plorat

293 2140 485 2207 dicens
508 2168 523 2203 :

366 2240 509 2296 Grex
540 2240 776 2313 perditus
815 2240 989 2311 factus
1034 2250 1111 2298 est
1157 2243 1382 2315 populus
1427 2261 1569 2301 meus
1601 2262 1620 2300 :
1646 2256 1881 2317 pastores

293 2352 479 2390 eorum
508 2335 829 2391 seduxerunt
857 2352 965 2402 eos,
999 2336 1335 2409 feceruntque
1359 2339 1543 2411 vagari
1587 2340 1641 2394 in
1690 2340 1883 2395 monti-

293 2428 414 2495 bus,
439 2418 516 2501 .de
547 2436 719 2483 monte
740 2428 795 2483 in
836 2411 1021 2484 collem
1047 2430 1391 2498 transierunt,
1415 2430 1559 2486 obliti
1587 2441 1709 2486 sunt
1738 2432 1884 2487 cubi-

292 2522 360 2578 lis
385 2523 492 2579 sui.
521 2520 623 2579 Ubi
653 2537 763 2587 non
783 2521 955 2579 solum
987 2522 1363 2579 haereticorum
1386 2522 1594 2595 plangit
1620 2523 1885 2580 seductio-

296 2629 444 2681 nem,
494 2628 686 2670 verum
735 2621 790 2671 et
832 2628 1021 2671 eorum
1073 2614 1167 2685 qui
1213 2615 1269 2671 in
1313 2613 1553 2672 Ecclesia
1583 2615 1738 2672 malis
1771 2616 1885 2672 suis

293 2704 562 2778 exemplis
599 2704 808 2761 animas
848 2705 1123 2777 decipiunt
1149 2705 1509 2763 subditorum.
1536 2705 1682 2775 Quas
1709 2717 1884 2763 trans-

292 2803 375 2863 ire
422 2801 631 2859 faciunt
663 2802 730 2859 de
768 2809 951 2857 monte
995 2802 1064 2857 ad
1107 2800 1326 2870 collem,
1373 2800 1504 2858 dum
1538 2817 1637 2874 per
1682 2801 1887 2858 fastum

296 2895 575 2966 Superbiae,
591 2894 839 2951 obtinere
876 2893 1125 2950 nituntur
1146 2893 1442 2967 dignitates
1472 2909 1675 2960 rerum,
1699 2903 1756 2951 et
1790 2910 1886 2967 po-

297 2985 524 3055 tentiam
553 2983 769 3056 1518
790 2982 1065 3041 saecularis
1093 2981 1299 3055 glorias.
1332 2983 1639 3042 Transeunt
1673 3000 1804 3056 ergo
1832 2993 1890 3043 et

1982 1978 2102 2029 ctus
2140 1969 2306 2026 David
2344 1968 2713 2041 supplicando,
2748 1987 2871 2029 cum
2918 1970 3237 2031 Trinitatem
3279 1977 3437 2034 vellet
3464 1979 3567 2036 dis-

1989 2061 2234 2132 tinguere
2283 2060 2337 2116 in
2382 2061 2650 2131 personis,
2696 2060 2954 2132 Spiritum
3002 2074 3220 2131 rectum,
3249 2066 3443 2136 inquit,
3486 2070 3569 2123 in-

1983 2171 2117 2213 ttova
2144 2154 2199 2230 in
2233 2154 2513 2209 visceribus
2546 2156 2674 2209 meis
2697 2152 2870 2226 (Psal.
2903 2156 2958 2229 1.)
2992 2176 3002 2210 :
3033 2173 3100 2213 ex
3138 2174 3246 2230 quo
3277 2160 3447 2218 Filius
3474 2163 3569 2219 de-

1984 2228 2258 2318 signatur;
2293 2255 2342 2302 et
2365 2244 2624 2319 Spiritum
2646 2258 2885 2303 sanctum
2906 2260 3055 2306 tuum
3083 2228 3390 2324 nefauferas
3415 2273 3445 2309 a
3468 2273 3569 2323 me,

1983 2352 2108 2393 cum
2132 2351 2365 2407 persona
2394 2336 2567 2392 sancti
2613 2335 2847 2409 Spiritus
2879 2340 3138 2413 aperitur.
3185 2343 3340 2412 Quod
3386 2355 3566 2405 autem

1984 2416 2054 2483 ad
2091 2426 2339 2483 ultimum
2390 2424 2597 2497 Spiritu
2648 2428 2937 2511 principali
2974 2431 3287 2491 conﬁrmari
3326 2446 3566 2508 exoptat,

1983 2516 2165 2573 Patris
2194 2516 2575 2574 manifestatur
2608 2520 2948 2589 proprietas;
2990 2532 3175 2580 tamen
3222 2533 3334 2582 tota
3391 2528 3571 2584 Trini-

1987 2618 2071 2665 tas
2101 2609 2242 2665 Deus
2268 2616 2414 2667 recte
2437 2607 2672 2680 Spiritus
2691 2610 3035 2681 praedicatur.
3066 2614 3179 2672 Hoc
3206 2632 3336 2673 vero
3365 2618 3420 2674 in
3446 2620 3566 2676 loco

1985 2702 2208 2773 spiritus
2233 2702 2346 2758 oris
2370 2702 2543 2758 nostri
2581 2701 2830 2761 Christus
2875 2704 3136 2766 Dominus
3163 2710 3430 2768 catholice
3475 2728 3563 2768 ca~

1982 2802 2109 2869 ptus
2134 2793 2351 2859 dicitur,
2393 2794 2519 2866 quia
2571 2795 2626 2849 in
2657 2810 2762 2872 un‘a
2805 2798 3104 2870 eademque
3147 2816 3379 2872 persona
3435 2806 3571 2862 divi-

1985 2853 2135 2945 nitas
2162 2888 2322 2944 simul
2350 2853 2510 2944 verbi
2560 2897 2617 2945 et
2658 2853 2969 2949 thnauitas
3011 2853 3244 2950 ienetrur.
3276 2895 3428 2955 Unde
3450 2898 3575 2969 jure

1987 2978 2552 3052 incomprehensibilis
2575 2982 2997 3053 comprehensus
3026 2987 3287 3054 creditur,
3319 2996 3377 3045 et
3415 2990 3569 3047 inca-

296 3077 543 3134 hmmuci
600 3078 666 3132 de
719 3084 901 3133 monte
950 3076 1019 3132 ad
1070 3075 1286 3144 collem,
1327 3080 1546 3149 quando
1575 3077 1642 3135 de
1669 3095 1776 3134 una
1818 3080 1890 3137 ad
1986 3069 2181 3141 pabilis
2208 3071 2439 3142 capitur,
2470 3086 2570 3126 nec
2594 3088 2702 3128 non
2730 3083 2784 3130 et
2811 3073 2913 3129 alia
2940 3077 3282 3149 quamplura,
3333 3097 3455 3153 quae
3488 3085 3566 3139 si-

296 3168 459 3239 aliam
504 3162 748 3223 insiliunt
798 3167 1085 3240 pravitatis
1123 3183 1234 3225 sua:
1281 3167 1610 3236 doctrinam,
1670 3184 1887 3240 semper
1913 3158 1961 3223 C
1992 3163 2104 3218 mul
2123 3164 2188 3218 de
2213 3163 2323 3219 Deo
2361 3172 2417 3218 et
2448 3164 2668 3221 homine
2693 3166 2792 3221 sub
2822 3182 2925 3221 una
2954 3166 3156 3224 Christi
3177 3186 3406 3241 persona
3429 3190 3568 3246 pra:-

296 3258 521 3330 quidem
572 3258 714 3329 vagi,
771 3269 825 3317 et
868 3273 1145 3329 nunquam
1194 3259 1438 3316 stabiles.
1481 3258 1779 3332 Propterea
1830 3270 1887 3318 et

294 3362 427 3421 grex
449 3347 661 3403 Domini
682 3350 927 3420 perditus
952 3358 1075 3407 est:
1106 3350 1234 3422 quia
1275 3350 1419 3407 idem
1446 3352 1690 3408 haeretici
1718 3367 1884 3423 quam

296 3454 440 3511 saepe
470 3438 524 3495 in
553 3439 876 3511 disputando
900 3442 1201 3500 velociores
1231 3449 1359 3500 sunt
1388 3443 1586 3514 aquilis
1609 3443 1754 3509 caeli,
1780 3445 1887 3501 sci-

295 3531 424 3588 licet
450 3533 707 3593 Ecclesiae
742 3534 1055 3591 doctoribus
1094 3544 1150 3591 et
1189 3537 1495 3594 rectoribus
1527 3537 1701 3608 plebis
1747 3553 1885 3610 quos

296 3633 726 3700 persequuntur,
751 3642 916 3697 super
945 3627 1248 3684 doctrinam
1276 3622 1487 3685 scilicet
1514 3629 1884 3701 apostolorum

295 3718 354 3776 et
385 3728 701 3773 sanctorum
728 3717 969 3773 omnium
1007 3719 1326 3775 electorum.
1367 3718 1478 3776 illis
1504 3736 1635 3777 vero
1680 3722 1772 3793 qui
1800 3736 1884 3779 re-

297 3805 548 3862 motioris
568 3806 691 3862 vitae
719 3815 997 3863 sectantur
1020 3810 1211 3875 otium,
1237 3808 1563 3867 insidiantur
1581 3809 1883 3881 fraudibus,

297 3907 355 3956 et
402 3897 679 3971 decipiunt
721 3898 1031 3956 calliditatis
1067 3916 1178 3957 suae
1226 3900 1473 3975 eloquiis.
1511 3902 1659 3971 Quos
1697 3919 1909 3961 omnes-

298 3988 401 4046 sub
449 4006 557 4045 uno
594 3990 834 4049 [amento
873 4000 1020 4053 recte
1072 3991 1271 4049 Christi
1333 3992 1579 4066 deplorat
1618 3995 1886 4065 Ecclesia,

298 4085 426 4161 quiia
461 4083 517 4140 in
549 4085 635 4140 his
663 4086 914 4141 omnibus
945 4086 1267 4162 infirmatur,
1301 4098 1356 4144 et
1385 4088 1484 4145 sub
1512 4089 1887 4162 hujuscemodi

298 4178 610 4261 praestigiis,
633 4180 788 4251 quasi
820 4179 1027 4237 alarum
1057 4182 1239 4236 avium
1269 4184 1599 4255 praepeditur
1621 4184 1883 4256 remigiis.

299 4268 439 4326 Hinc
467 4278 551 4326 est
585 4270 728 4341 quod
761 4272 925 4326 tantis
967 4286 1223 4344 urgemur
1257 4274 1415 4331 malis
1444 4292 1551 4332 non
1604 4278 1784 4334 minus
1831 4278 1885 4334 in

298 4359 517 4416 occulto
545 4375 708 4430 quam
736 4369 790 4414 et
836 4361 894 4415 in
922 4370 1129 4433 aperto.
1162 4361 1441 4433 Siquidem
1472 4366 1529 4421 in
1570 4368 1808 4435 occulto,
1838 4368 1888 4425 si

302 4451 356 4507 in
383 4452 473 4507 die
493 4451 707 4525 vigent;
758 4452 811 4506 in
839 4460 1027 4523 aperto
1054 4469 1182 4508 vero
1214 4465 1402 4511 contra
1428 4448 1632 4514 Christi
1658 4459 1890 4515 athletas

1991 3255 2262 3311 dicantur.
2307 3253 2416 3311 Sed
2444 3255 2667 3325 spiritus
2704 3255 2817 3312 oris
2861 3259 3030 3313 nostri
3057 3275 3218 3329 quam
3245 3262 3384 3319 bene
3415 3264 3575 3320 Chri-

1988 3356 2105 3404 stus
2129 3347 2388 3404 Dominus
2416 3347 2735 3419 appellatur,
2759 3348 2885 3419 quia
2914 3365 3074 3420 quem
3097 3338 3259 3408 corde
3285 3371 3383 3425 per
3404 3355 3566 3413 fidem

1988 3441 2136 3498 intus
2174 3450 2476 3517 gustamus,
2523 3457 2618 3498 ore
2663 3441 3012 3510 conﬁtemur;
3064 3454 3125 3499 ut
3155 3447 3226 3501 sit
3254 3447 3361 3503 illis
3413 3449 3571 3507 nobis

1988 3534 2055 3589 ad
2087 3532 2379 3605 justitiam,
2425 3532 2568 3588 istud
2622 3548 2753 3590 vero
2791 3533 3146 3592 confessionis
3191 3539 3258 3594 ad
3314 3540 3565 3597 salutem.

1987 3627 2112 3684 Oris
2134 3634 2219 3682 est
2241 3634 2420 3681 autem
2451 3626 2694 3698 aspirare
2733 3637 2788 3683 et
2832 3628 3125 3699 respirare,
3176 3640 3443 3703 quatenus
3470 3649 3571 3705 per

1988 3717 2312 3773 infusionem
2342 3718 2553 3789 gratiae,
2584 3719 2725 3788 quod
2757 3719 2903 3775 intus
2929 3721 3184 3790 trahitur,
3215 3722 3351 3781 foris
3397 3727 3574 3798 respi-

1988 3816 2141 3863 retur
2165 3806 2524 3863 confessionis
2539 3807 2945 3879 adprofectnm.
2978 3808 3357 3889 Verumtamen
3383 3831 3574 3874 eorum

1990 3900 2092 3956 ista
2111 3915 2214 3956 vox
2231 3908 2335 3965 est,
2361 3914 2467 3970 qua
2490 3899 2687 3956 dicitur
2715 3919 2729 3955 :
2757 3900 2989 3972 Spiritus
3012 3906 3120 3961 oris
3144 3908 3311 3962 nostri
3335 3906 3575 3968 Christus

1989 3993 2268 4050 Dominus.
2297 3993 2399 4062 Qui
2424 3994 2560 4051 nihil
2586 3995 2729 4052 aliud
2752 3996 2804 4051 in
2829 4012 2925 4054 ore
2964 3999 3187 4067 habent,
3216 4003 3320 4060 nisi
3347 4006 3573 4063 verbum

1991 4087 2254 4152 veritatis,
2272 4089 2415 4158 quod
2440 4088 2689 4149 Christus
2713 4098 2796 4147 est
2820 4107 2834 4144 :
2862 4092 2994 4148 nihil
3024 4093 3079 4149 in
3107 4095 3294 4163 corde,
3314 4099 3574 4169 quoniam

1990 4192 2060 4234 ex
2091 4177 2425 4233 abundantia
2453 4178 2631 4235 cordis
2651 4194 2713 4235 os
2741 4179 2998 4251 loquitur,
3025 4199 3089 4239 ac
3110 4200 3207 4255 per
3229 4186 3333 4243 hoc
3360 4197 3579 4246 sancto.

1992 4286 2114 4325 rum
2135 4279 2219 4326 est
2242 4271 2343 4326 iste
2367 4271 2598 4342 gemitus
2621 4283 2677 4328 et
2702 4273 2956 4331 ululatus.
2989 4275 3219 4349 Spiritus
3271 4284 3377 4337 oris
3409 4287 3579 4341 nostri

1994 4357 2234 4416 Christus
2257 4361 2515 4419 Dominus
2552 4374 2734 4435 captus
2760 4375 2835 4421 est
2864 4366 2919 4422 in
2939 4371 3165 4439 peccatis
3204 4374 3418 4428 nostris.
3441 4374 3578 4444 Quia

1995 4454 2136 4509 idem
2186 4469 2286 4525 pro
2335 4456 2586 4512 omnibus
2615 4466 2805 4529 captus
2834 4469 2888 4516 et
2918 4472 3164 4519 mortuus
3197 4475 3300 4531 est,
3352 4476 3411 4522 ut
3458 4484 3577 4525 om-

298 4524 608 4615 persecutio
634 4558 796 4613 super
819 4550 1030 4601 montes
1052 4547 1228 4614 saevit,
1258 4557 1314 4603 ut
1344 4556 1399 4603 et
1424 4563 1518 4604 eos
1558 4551 1809 4622 perimat,
1832 4561 1890 4608 et
1917 4524 1972 4585 D
1996 4543 2147 4597 nium
2175 4551 2399 4614 Ρθοολῑδ
2425 4544 2659 4611 deleret;
2707 4564 2814 4602 ηοη
2842 4552 2986 4605 enim
3013 4568 3113 4622 pro
3146 4555 3277 4621 suis,
3310 4558 3403 4627 qui
3428 4560 3576 4618 nulla

301 4632 516 4704 plebem
542 4632 797 4704 deinceps
816 4633 923 4689 illis
942 4633 1167 4705 dejectis
1195 4635 1466 4693 crudelius
1495 4647 1721 4695 sternat.
1751 4640 1890 4699 Hinc

303 4736 520 4797 quoque
550 4724 810 4780 Dominus
849 4741 946 4797 per
979 4728 1339 4799 prophetam:
1371 4725 1674 4784 Percutiam
1716 4741 1891 4802 pasto-

302 4833 434 4884 rem,
486 4808 539 4871 et
584 4816 946 4888 dispergentur
997 4836 1113 4873 oves
1162 4816 1545 4893 gregis(Zach.
1586 4819 1731 4892 xm).
1774 4821 1895 4899 Quor

300 4916 583 4983 percusso,
611 4910 835 4982 apostoli
858 4925 1048 4966 omnes
1071 4909 1356 4983 fugerunt;
1405 4920 1460 4971 et
1485 4913 1610 4970 inde
1634 4922 1721 4971 est
1741 4915 1889 4986 quod

302 5003 554 5077 sequitur
582 5021 596 5058 :

1042 5090 1159 5131 RES.

296 5224 300 5231 -
376 5186 610 5262 Spiritus
634 5188 740 5244 oris
762 5189 926 5244 nostri
946 5188 1187 5245 Christus
1214 5189 1496 5257 Dominus,
1536 5199 1719 5262 captus
1740 5201 1813 5247 est
1836 5192 1897 5249 in

302 5280 529 5349 peccatis
557 5280 750 5334 nostris
778 5293 797 5332 :
823 5281 909 5334 cui
933 5279 1162 5335 diximus
1192 5281 1246 5335 in
1270 5282 1539 5351 gentibus:
1576 5280 1685 5338 Sub
1707 5282 1894 5340 umbra

304 5380 397 5426 tua
428 5372 678 5427 vivemus.
705 5370 820 5429 Hoc
840 5388 1076 5444 namque
1106 5372 1277 5430 Judaei
1306 5373 1373 5429 de
1394 5373 1541 5433 Josia
1573 5375 1779 5431 dictum
1807 5391 1897 5432 ac-

306 5464 539 5538 cipiunt,
576 5465 721 5536 quod
749 5462 1080 5533 iustissimus
1110 5482 1204 5521 rex
1252 5481 1358 5522 non
1403 5467 1535 5533 suis,
1569 5467 1664 5523 sed
1710 5466 1898 5539 populi

303 5559 549 5631 peccatis
577 5568 768 5631 captus
797 5559 868 5614 sit
907 5558 959 5614 in
991 5566 1239 5627 mortem,
1271 5559 1325 5615 in
1376 5577 1489 5633 quo
1530 5570 1696 5616 totam
1744 5577 1896 5632 spem

308 5665 463 5704 suam
522 5658 837 5721 posuerant,
880 5649 1093 5705 etiamsi
1128 5646 1183 5719 in
1233 5652 1481 5722 gentibus
1523 5636 1892 5710 devenissent.

309 5737 420 5796 Sed
452 5755 618 5818 super
655 5755 779 5797 eum
809 5741 1018 5798 videtur
1053 5759 1158 5797 non
1198 5752 1341 5800 stare
1387 5745 1477 5801 hic
1509 5762 1721 5814 sensus,
1764 5764 1897 5818 quo-

1996 4633 2185 4688 habuit
2210 4635 2435 4706 vestigia
2462 4635 2803 4704 delictorum,
2845 4642 2938 4695 sed
2959 4658 3058 4712 pro
3088 4647 3287 4701 nostris
3315 4649 3440 4703 etin
3475 4666 3571 4705 no~

1999 4722 2129 4778 stris
2171 4729 2353 4779 tentus
2398 4732 2482 4779 est
2526 4728 2804 4794 peccatis:
2838 4741 3105 4800 quatenus
3149 4750 3211 4790 ea
3252 4738 3475 4807 deleret,
3524 4751 3584 4800 et

1999 4813 2241 4869 auferret
2266 4814 2687 4886 chirographum
2710 4820 2853 4888 quod
2881 4820 3167 4878 adversum
3201 4842 3297 4882 nos
3339 4840 3455 4886 erat
3487 4833 3583 4888 de-

1998 4906 2269 4965 lictorum.
2305 4907 2492 4980 Neque
2539 4910 2889 4980 credendum,
2923 4916 3066 4987 quod
3118 4917 3240 4973 talis
3292 4930 3581 4997 tantusque

1997 4998 2263 5071 propheta
2289 4999 2358 5055 de
2383 5000 2578 5071 spiritu
2609 5002 2713 5057 isto
2739 5017 2898 5058 aereo
2926 5005 3070 5060 dicat
3096 5017 3186 5061 aut
3228 5007 3354 5065 ﬂatu
3374 5054 3388 5077 ,
3418 5031 3580 5083 quem

1997 5104 2068 5145 ex
2092 5104 2222 5161 aere
2244 5088 2386 5145 infra
2416 5106 2514 5147 nos
2537 5093 2821 5161 trahimus,
2846 5110 2970 5151 cum
2991 5099 3279 5169 aspirando
3308 5119 3429 5159 eum
3458 5122 3583 5176 per-

2000 5184 2256 5256 cipimus,
2284 5185 2517 5241 velcum
2566 5189 2885 5259 respirando
2931 5206 3087 5247 rursu
3133 5195 3440 5273 reddimus;
3488 5201 3586 5257 sed

2001 5278 2069 5336 de
2103 5279 2298 5352 spiritu
2337 5281 2430 5354 qui
2465 5281 2608 5338 Deus
2647 5278 2879 5339 Verbum
2916 5293 3002 5341 est
3034 5303 3048 5340 :
3075 5300 3236 5359 quem
3277 5292 3440 5347 corde
3466 5309 3587 5349 cre-

2002 5371 2183 5428 dimus
2209 5372 2276 5429 ad
2303 5373 2594 5445 justitiam,
2623 5390 2718 5430 ore
2748 5384 2930 5431 autem
2979 5379 3303 5436 confitemur
3333 5385 3398 5437 ad
3444 5385 3590 5443 saltt-

2006 5475 2133 5523 tem.
2172 5465 2423 5537 Alioquin
2463 5465 2620 5522 ﬂatus
2674 5467 2787 5523 oris
2838 5471 3010 5525 nostri
3053 5481 3147 5527 aut
3206 5473 3430 5544 spiritus
3480 5476 3587 5534 iste

2006 5576 2219 5627 aereus,
2251 5560 2634 5616 necDominus
2659 5576 2759 5616 nec
2786 5559 3040 5619 Christus
3078 5571 3183 5630 est,
3221 5580 3321 5621 nec
3367 5568 3585 5638 capitur

2007 5670 2107 5710 nec
2152 5663 2363 5710 tenetur
2387 5669 2523 5721 cum,
2559 5655 2802 5730 rejicitur
2849 5673 2862 5711 :
2910 5672 3018 5713 non
3048 5657 3169 5715 dico
3193 5675 3293 5730 pro
3328 5663 3589 5733 peccatis,

2006 5765 2196 5803 verum
2230 5764 2326 5804 nec
2377 5764 2474 5818 pro
2504 5748 2625 5807 ullis
2673 5750 2883 5819 usibus,
2906 5767 3083 5823 neque
3126 5738 3191 5813 de
3218 5753 3456 5827 quolibet
3482 5754 3591 5811 alio
