4078 6348
616 297 753 354 1251

1403 296 1461 354 S.
1499 293 1853 353 PASCHASII
1890 290 2239 351 RADBERTI
2277 288 2570 348 ABBATIS
2606 288 3059 348 CORBEIENSIS

3716 296 3829 355 1232

614 411 787 482 accipi
816 417 1017 480 potest,
1040 409 1144 466 nisi
1170 409 1237 463 de
1260 422 1345 475 eo,
1382 408 1473 479 qui
1523 408 1577 461 in
1615 407 1823 463 duabus
1875 406 2197 462 substantiis
2225 402 2278 466 Α
2300 402 2548 460 Christus
2576 403 2839 459 Dominus
2860 417 2984 457 cum
3014 400 3233 465 dicitur,
3266 416 3392 458 caro
3418 403 3528 473 ejus
3568 405 3686 462 nihil
3710 409 3829 467 aliud

616 518 761 559 unus
788 510 873 557 est
900 499 1181 565 Christus;
1212 498 1427 571 1520
1453 513 1515 554 ac
1545 513 1641 567 per
1682 499 1804 562 hoc,
1842 499 2063 569 spiritus
2088 498 2200 554 oris

617 594 813 657 nostri,
840 592 1048 647 scilicet
1068 591 1307 645 Verbum
1330 589 1506 643 Patris
1533 598 1589 644 et
1616 589 1777 644 homo
1821 588 2069 643 Christus
2096 587 2205 643 Do-

616 687 818 751 minus,
850 699 992 739 unus
1024 682 1277 755 idemque
1304 682 1466 745 Deus,
1495 680 1586 750 qui
1610 689 1803 752 captus
1830 688 1914 735 est
1950 696 2049 749 pro
2075 694 2203 750 pec-

614 776 754 833 catis
780 774 1055 840 omnium;
1084 773 1169 828 cui
1198 781 1343 827 recte
1384 772 1621 827 diximus
1653 758 1666 825 ὲ
1694 770 1763 825 In
1800 771 1982 825 umbra
2010 781 2099 825 tua
2126 772 2205 825 via

612 884 791 923 ventus
813 866 868 921 in
892 865 1151 938 gentibus.
1183 865 1472 934 Propterea
1500 874 1557 917 et
1598 877 1697 917 nos
1726 862 1828 931 ipsi
1863 862 2029 916 etiam
2076 877 2199 917 cum

609 961 879 1031 propheta
909 964 1285 1029 exspectantes
1310 957 1590 1028 promissa:
1612 955 1917 1026 adoptionis
1943 956 2197 1027 gratiam,

610 1053 757 1110 infra
784 1061 994 1109 nosmet
1023 1053 1289 1123 gemimus
1324 1060 1487 1121 atque
1528 1051 1758 1105 dicimus
1790 1067 1803 1103 :
1841 1048 2066 1121 Spiritus
2093 1049 2199 1103 oris

609 1152 780 1207 nostri
802 1150 1042 1204 Christus
1066 1150 1322 1203 Dominus
1346 1160 1527 1219 captus
1555 1158 1629 1202 est
1652 1147 1704 1200 in
1728 1145 1952 1218 peccatis
1982 1143 2195 1197 nostris.

610 1244 683 1299 Et
715 1252 841 1299 tunc
874 1258 1004 1297 sane
1040 1242 1141 1296 hoc
1164 1242 1323 1312 digne
1349 1256 1470 1294 cum
1504 1238 1636 1293 nihil
1664 1238 1807 1291 aliud
1838 1237 1891 1291 in
1917 1236 2080 1290 corde
2106 1240 2202 1288 aut

608 1337 665 1391 in
700 1351 795 1391 ore
826 1346 1145 1406 gestamus;
1179 1332 1273 1388 sed
1310 1341 1479 1386 totum
1526 1331 1670 1402 quod
1702 1329 1843 1384 infra
1880 1328 2197 1382 interiorem

607 1426 884 1481 hominem
935 1424 1254 1494 trajicimus,
1309 1432 1402 1477 aut
1462 1423 1577 1492 ipse
1616 1430 1711 1477 aut
1748 1436 1814 1475 ex
1869 1421 1985 1491 ipso
2011 1428 2115 1482 est,
2144 1424 2200 1472 et

605 1515 750 1585 quod
780 1531 875 1571 ore
903 1514 1252 1584 proferimus,
1281 1512 1347 1567 de
1395 1513 1512 1581 ipso
1553 1519 1607 1565 et
1655 1510 1722 1565 ad
1764 1510 1939 1579 ipsum
1968 1516 2069 1564 est.
2104 1507 2197 1561 Sic

606 1608 807 1678 quippe
834 1607 1065 1662 interior
1107 1607 1269 1661 homo
1317 1605 1645 1669 vivificatur,
1688 1604 1932 1674 pascitur
1964 1642 1980 1669 ,
2010 1602 2197 1671 sicque

604 1702 877 1757 animatus
932 1699 1293 1756 continuatim
1344 1708 1655 1754 renovatur.
1698 1698 2017 1754 Vivificatur
2064 1711 2196 1755 vero

2303 513 2464 567 quam
2492 495 2683 551 umbra
2710 495 2832 563 fuit,
2857 494 3113 564 quoniam
3143 493 3249 549 sub
3277 496 3459 551 utnbra
3479 498 3719 566 passionis
3738 517 3829 558 suat

2303 582 2403 645 nos
2428 590 2684 661 protexit,
2726 597 2782 644 et
2809 589 2910 643 sub
2938 587 3131 642 umbra
3169 589 3416 657 corporis
3442 587 3552 657 ejus
3575 606 3663 646 nos
3683 592 3828 648 salva-

2301 683 2397 738 vit.
2424 681 2563 750 Quid
2588 682 2750 753 igitur
2768 689 2949 752 putas,
2971 689 3235 750 quantum
3263 679 3417 735 nobis
3433 691 3607 749 aperta
3620 682 3830 742 conferre

2301 775 2499 847 poterit
2520 774 2738 830 claritas
2766 773 2987 828 virtutis
3016 772 3154 842 ejus,
3182 781 3237 827 et
3285 772 3367 828 sol
3400 770 3614 842 justitize
3636 790 3743 830 cum
3766 794 3832 834 re-

2302 869 2537 935 fulserit,
2579 870 2625 925 si
2658 877 2866 923 tantum
2903 867 3134 923 contulit
3166 866 3440 921 humilitas
3467 866 3656 932 carnis,
3680 877 3729 924 et
3757 885 3832 926 ex-

2302 962 2530 1018 inanitio
2583 962 2779 1017 divina:
2821 958 3160 1029 majestatis?
3212 957 3319 1012 Per
3366 960 3600 1013 umbram
3639 976 3834 1031 namque

2302 1053 2451 1124 lepra
2476 1063 2663 1108 curata
2691 1062 2798 1119 est,
2840 1060 2895 1107 et
2939 1066 3034 1122 per
3063 1049 3332 1104 fimbriam
3372 1048 3650 1106 Dominicae
3675 1052 3832 1120 vestis,

2302 1147 2445 1202 illius
2488 1146 2699 1201 feminae
2745 1143 3142 1214 stetitsanguis
3191 1161 3205 1197 :
3260 1158 3359 1212 per
3392 1143 3625 1197 umbram
3655 1159 3835 1214 quoque

2303 1255 2425 1293 eum
2456 1239 2708 1302 vidimus,
2736 1236 2954 1307 quando
2999 1252 3104 1291 non
3140 1234 3375 1290 habebat
3427 1234 3647 1304 speciem
3689 1249 3833 1306 neqne

2301 1328 2573 1383 decorem.
2599 1327 2740 1383 Caro
2769 1327 2969 1397 quippe
2997 1324 3132 1394 ejus,
3166 1335 3227 1379 ut
3247 1325 3503 1390 diximus,
3537 1325 3708 1380 umbra
3734 1326 3832 1394 fuit,

2301 1433 2421 1489 quae
2439 1427 2747 1473 nostrarum
2784 1417 3125 1486 refrigeravit
3146 1426 3312 1470 aestus
3340 1415 3698 1484 cupiditatum,
3738 1431 3833 1487 quae

2300 1507 2552 1563 restinxit
2572 1508 2725 1579 ignes
2754 1506 3034 1561 libidinum
3066 1524 3078 1559 :
3114 1521 3234 1576 qua:
3263 1506 3505 1560 avaritia:
3524 1506 3834 1562 diversarum—

2300 1611 2405 1668 que
2444 1598 2755 1668 passionum
2804 1598 3048 1654 incendia
3085 1598 3427 1668 temperavit.
3459 1597 3524 1652 Et
3548 1598 3665 1667 quid
3692 1598 3834 1653 dicam

2300 1689 2367 1745 de
2394 1692 2582 1745 umbra
2611 1691 2845 1756 Domini,
2897 1691 2997 1745 sub
3042 1705 3147 1760 qua
3175 1690 3411 1745 vivimus
3433 1691 3570 1746 inter
3593 1698 3771 1761 gentes,
3794 1700 3838 1745 et

602 1794 848 1865 quotidie
879 1794 932 1848 in
956 1809 1021 1849 eo
1049 1794 1103 1847 in
1127 1808 1234 1863 quo
1253 1799 1359 1856 est,
1376 1799 1429 1845 et
1458 1791 1549 1861 qui
1581 1790 1635 1844 in
1663 1805 1729 1845 eo
1754 1798 1856 1855 est,
1881 1788 2149 1843 enutritur
2176 1804 2189 1841 :
2221 1780 2271 1843 B
2299 1782 2353 1837 in
2382 1798 2544 1851 quam
2568 1790 2760 1853 gentes
2789 1797 3038 1853 sperasse
3068 1781 3327 1853 legimus,
3370 1781 3579 1851 quando
3602 1789 3652 1835 et
3670 1791 3839 1849 aposto-

600 1897 771 1960 atque
797 1904 895 1959 per
921 1888 1087 1943 ﬁdem
1124 1886 1271 1941 intus
1313 1884 1514 1939 forisve
1561 1883 1810 1939 Christus
1849 1880 2195 1952 amplectitur

599 1986 661 2034 et
687 1975 992 2048 profertur;
1028 1984 1085 2030 et
1122 1975 1266 2030 sicut
1296 1972 1456 2029 ﬂatus
1494 1973 1596 2028 iste
1626 1987 1818 2028 aereus
1842 1987 1909 2027 ex
1938 1986 2003 2026 eo
2033 1971 2194 2026 habet

597 2066 981 2137 quod'capitur
1003 2065 1071 2120 ad
1098 2080 1263 2136 quem
1285 2064 1539 2134 respirat,
1560 2078 1749 2117 rursus
1770 2063 2010 2118 exterior
2033 2064 2194 2117 homo

599 2159 913 2213 viviﬁcatur
952 2164 1013 2211 ut
1041 2156 1264 2226 aspiret,
1294 2155 1369 2209 ita
1430 2162 1485 2208 et
1525 2161 1712 2208 noster
1748 2153 1912 2209 homo
1964 2153 2193 2207 interior

598 2261 822 2302 necesse
850 2247 1012 2301 habet
1037 2262 1137 2317 per
1158 2245 1342 2310 fidem,
1369 2245 1618 2315 spiritum
1649 2244 1819 2298 Deum
1848 2243 1995 2298 intus
2029 2242 2192 2297 corde

599 2349 911 2411 susceptum
951 2340 1171 2403 habere,
1198 2348 1465 2409 quatenus
1509 2338 1576 2391 ab
1606 2351 1691 2402 eo,
1720 2344 1883 2407 atque
1915 2351 2013 2407 per
2042 2350 2188 2400 eum,

600 2438 764 2499 atque
795 2430 849 2483 in
881 2429 997 2500 ipso
1030 2430 1202 2499 possit
1236 2429 1443 2492 vivere,
1471 2427 1702 2483 vivendo
1741 2441 1871 2482 vero
1905 2426 2046 2482 votis
2074 2441 2192 2480 om-

598 2523 765 2577 nibus
794 2523 861 2576 ad
899 2518 1022 2577 euni
1054 2520 1346 2592 respirare,
1383 2530 1547 2590 atque
1587 2535 1685 2575 sua
1729 2534 1958 2590 qumque
2000 2518 2189 2574 intima

601 2618 658 2672 in
689 2632 812 2673 eum
860 2625 915 2672 et
962 2631 1147 2671 coram
1181 2631 1247 2671 eo
1276 2613 1575 2670 effundere.
1614 2599 1727 2681 Qui
1765 2611 2010 2684 profecto
2066 2611 2189 2667 talis

594 2721 722 2781 apte
748 2718 929 2780 potest
948 2708 1133 2764 dicere
1165 2726 1178 2762 :
1212 2706 1439 2778 Spiritus
1463 2707 1569 2760 oris
1607 2706 1773 2760 nostri
1818 2705 2057 2760 Christus
2079 2703 2189 2758 Do-

595 2804 795 2869 minus,
823 2813 1005 2873 captus
1027 2813 1099 2856 est
1123 2801 1177 2855 in
1205 2801 1667 2871 peccatisgostris.
1696 2788 1901 2870 Captus
1948 2806 2032 2853 est
2056 2811 2188 2868 ergo

594 2899 653 2954 in
680 2900 922 2969 peccatis
975 2898 1200 2964 nostris,
1246 2907 1305 2952 ut
1340 2905 1565 2967 peccata
1610 2912 1639 2951 a
1677 2895 1836 2951 nobis
1868 2893 2183 2962 expelleret,

594 3005 766 3062 seque
803 2989 1212 3053 intromitteret,
1241 2997 1299 3043 ut
1326 3003 1424 3043 nos
1452 2987 1596 3043 Deus
1627 2986 1865 3059 Spiritus
1894 2986 2039 3041 inter
2062 3001 2186 3055 pos-

596 3099 779 3140 sessos
807 3081 1130 3146 vivificaret,
1181 3080 1485 3136 vivificatos
1527 3095 1657 3135 vero
1699 3093 1915 3149 semper
1944 3076 2186 3147 posside-

2297 1873 2475 1929 lorum
2502 1875 2695 1928 umbra
2718 1875 3212 1946 sanabattegrotos,
3235 1872 3837 1945 vivificabatlanguidos?

2296 1967 2559 2024 Veniente
2602 1970 2747 2024 enim
2804 1969 2985 2035 Petro,
3027 1970 3403 2026 offerebantur
3431 1971 3622 2025 infirmi
3668 1988 3680 2025 :
3728 1985 3836 2041 quos

2295 2061 2632 2116 transeuntis
2652 2060 2881 2132 apostoli
2903 2061 3093 2116 umbra
3114 2062 3397 2117 reddebat
3407 2062 3614 2117 sanitati
3637 2061 3754 2132 (Act.
3772 2062 3832 2129 τ).

2295 2151 2449 2209 Unde
2474 2169 2602 2209 caro
2632 2153 2867 2219 Domini,
2890 2153 3019 2224 quid
3052 2152 3199 2208 aliud
3226 2168 3394 2222 quam
3421 2154 3601 2208 umbra
3627 2151 3745 2206 fuit?
3773 2150 3833 2205 De

2293 2257 2397 2313 qua
2425 2243 2670 2313 proiecto
2703 2260 2868 2300 carne
2912 2246 3179 2315 propheta
3230 2244 3370 2300 dicit
3403 2263 3416 2298 :
3448 2241 3579 2299 Ecce
3619 2242 3829 2297 Dominus

2292 2335 2434 2390 sedet
2464 2353 2620 2407 super
2642 2338 2829 2390 nubem
2854 2335 3036 2403 levem,
3080 2346 3130 2391 et
3170 2338 3314 2391 venit
3344 2339 3401 2391 in
3428 2337 3698 2408 digyptum
3723 2334 3830 2406 (Isa.

2292 2427 2427 2497 11v).
2460 2426 2569 2483 Sed
2596 2436 2652 2483 et
2680 2429 2852 2483 nubes
2880 2426 3014 2484 levis
3060 2438 3115 2482 et
3156 2428 3338 2484 lucida
3370 2429 3708 2484 obumbrabat
3732 2442 3831 2497 apo-

2291 2519 2482 2585 stolos,
2513 2534 2583 2574 ne
2633 2519 2714 2575 sol
2768 2519 3073 2590 iniquitatis
3102 2535 3197 2576 eos
3242 2528 3524 2576 exureret.
3568 2518 3671 2575 Sub
3708 2518 3832 2586 cujus

2290 2615 2545 2669 nimirum
2574 2614 2767 2670 umbra
2788 2615 2932 2685 quod
2956 2613 3196 2670 futurum
3219 2616 3490 2687 propheta
3511 2611 3828 2676 denuntiabat,

2284 2705 2399 2777 jam
2423 2706 2652 2762 vivimus
2674 2706 2727 2761 in
2780 2707 3033 2779 gentibus
3057 2715 3112 2763 et
3133 2708 3533 2779 requiescimus
3553 2706 3644 2762 sub
3675 2703 3830 2759 umbra

2288 2796 2642 2867 protectionis
2670 2795 2809 2866 ejus.
2836 2796 2975 2853 Nam
3001 2797 3143 2854 idem
3165 2800 3437 2869 propheta
3468 2799 3519 2854 in
3542 2797 3710 2853 umbra
3731 2808 3828 2850 eum

2288 2889 2527 2955 videbat,
2554 2889 2805 2959 quamvis
2842 2889 2897 2944 in
2925 2889 3140 2960 spiritu,
3179 2905 3314 2945 cum
3343 2890 3517 2946 adhuc
3545 2889 3666 2944 ﬁdes
3689 2886 3830 2958 prima

2288 2981 2406 3036 hinc
2454 2980 2521 3035 de
2573 2996 2639 3036 eo
2689 2981 2941 3053 gentibus
3002 2981 3411 3049 nuntiabatur;
3452 2982 3543 3038 sed
3590 2976 3829 3045 nunciam

2290 3078 2465 3127 totum
2513 3071 2781 3127 illuminat
2816 3073 3100 3139 mundum,
3144 3074 3403 3143 quamvis
3429 3074 3597 3128 adhuc
3622 3086 3727 3126 eum
3757 3080 3832 3138 per

592 3189 701 3245 ret,
734 3186 1004 3248 quatenus
1042 3192 1140 3232 nos
1178 3192 1208 3231 a
1240 3192 1300 3232 se
1346 3184 1404 3231 et
1432 3176 1484 3230 in
1515 3190 1593 3240 se,
1627 3174 1694 3230 ad
1721 3188 1781 3228 se
1806 3172 1981 3242 ipsum
2010 3171 2186 3241 respi-
2214 3144 2260 3209 (ἶ
2292 3164 2373 3220 sui
2404 3164 2668 3234 corporis,
2698 3180 2819 3235 qua:
2842 3175 2925 3221 est
2951 3162 3198 3221 Ecclesia
3228 3166 3337 3221 Dei
3378 3165 3504 3231 vivi,
3527 3163 3746 3219 umbram
3769 3158 3832 3213 vi-

596 3286 722 3325 rarc
744 3269 1088 3326 concederet.
1114 3268 1233 3336 Quo
1268 3269 1500 3337 denique
1526 3266 1719 3336 spiritu
1759 3264 1906 3319 intus
1930 3263 2184 3329 recreati,

594 3365 837 3421 dicamus
862 3378 985 3417 cum
1007 3362 1305 3433 Propheta:
1326 3363 1395 3416 1η
1415 3361 1600 3414 umbra
1621 3369 1713 3413 tua
1736 3359 1962 3413 vivemus
1984 3358 2040 3413 in
2062 3375 2188 3429 geu-

592 3455 750 3510 tibus.
789 3454 1055 3521 Quoniam
1088 3454 1201 3524 ipse
1224 3461 1307 3509 est
1337 3450 1672 3522 exspectatio
1718 3450 1959 3521 gentium
1984 3458 2039 3505 et
2067 3449 2188 3503 Sal-

588 3552 748 3601 vator
773 3561 959 3599 earum
993 3563 1006 3599 :
1037 3546 1151 3615 ipse
1171 3553 1256 3599 est
1282 3558 1468 3599 semen
1498 3542 1752 3605 Abrahm,
1784 3541 1839 3596 in
1867 3556 1977 3611 quo
2026 3541 2187 3596 bene-

590 3634 842 3689 dicentur
863 3649 1054 3688 omnes
1087 3642 1280 3706 gentes
1302 3642 1480 3687 teme.
1511 3629 1611 3686 Cui
1648 3630 1891 3701 profecto
1919 3634 2184 3703 propheta

586 3725 726 3781 bene
752 3724 916 3779 corde
943 3724 1177 3789 dixerat,
1203 3731 1256 3777 et
1295 3736 1391 3776 ore
1417 3719 1704 3776 confessus
1728 3720 1908 3776 fuerat
1932 3735 1947 3775 :
1974 3720 2042 3774 In
2066 3736 2185 3774 um-

588 3818 683 3872 bra
715 3828 807 3871 tua
836 3818 1063 3871 vivemus
1093 3815 1147 3869 in
1188 3814 1449 3886 gentibus.
1479 3813 1744 3881 Quoniam
1776 3813 1891 3884 ipse
1916 3821 2182 3867 venturus

585 3908 641 3964 in
672 3922 837 3964 carne
865 3916 986 3963 erat
1009 3905 1257 3962 Christus
1278 3904 1559 3966 Dominus,
1586 3919 1746 3975 quem
1776 3916 1965 3976 gentes
1997 3916 2183 3972 regem

585 4014 643 4057 et
678 4002 848 4057 Deum
898 4009 1231 4071 susceptura:
1261 4000 1362 4055 sub
1408 3996 1525 4067 ejus
1555 3999 1748 4053 umbra
1779 3998 2033 4068 deinceps
2069 3996 2181 4052 sal-

584 4102 726 4147 vataz
762 4107 887 4146 cum
919 4091 1123 4145 sanctis
1153 4090 1592 4159 requiescerent;
1632 4096 1689 4144 et
1710 4088 1814 4144 hoc
1840 4096 1925 4142 est
1948 4088 2131 4142 dicere
2161 4103 2177 4140 :

589 4182 698 4238 Sub
731 4182 915 4236 umbra
959 4191 1049 4235 tua
1106 4182 1329 4236 vivemus
1368 4182 1423 4235 in
1454 4182 1712 4254 gentibus.
1760 4180 1876 4235 Non
1923 4182 1992 4236 de
2042 4196 2180 4251 prae-

587 4275 729 4330 senti
760 4284 853 4329 aut
891 4275 1185 4345 praeterito,
1218 4274 1313 4329 sed
1340 4275 1406 4329 de
1455 4275 1656 4330 futuro.
1708 4275 1872 4341 Quasi
1928 4275 2176 4331 diceret:

586 4366 723 4433 Quia
768 4373 895 4420 tunc
928 4365 1120 4419 melius
1163 4382 1286 4419 cum
1318 4366 1398 4421 eis
1431 4367 1682 4437 gentibus
1736 4365 2001 4430 vivemus,
2052 4381 2180 4419 cum

583 4456 702 4526 ipse
733 4456 1016 4512 advenerit
1044 4458 1407 4528 repromissus
1436 4458 1661 4528 spiritus
1688 4458 1800 4511 oris
1823 4457 1994 4510 nostri
2018 4455 2180 4511 Chri—

2289 3256 2499 3310 demus.
2534 3253 2783 3310 NOndum
2813 3255 2959 3311 enim
2983 3255 3123 3312 facie
3168 3256 3238 3309 ad
3293 3256 3510 3322 faciem,
3536 3254 3649 3326 quia
3671 3249 3831 3307 nullius

2289 3350 2531 3421 corporis
2551 3349 2693 3404 oculi
2715 3349 3018 3405 divinitatis
3047 3350 3165 3421 ejus
3184 3360 3421 3421 possunt
3443 3350 3670 3420 recipere
3688 3344 3828 3414 fulgo-

2286 3458 2425 3508 rem,
2484 3450 2539 3498 et
2583 3441 2706 3497 ideo
2733 3441 2886 3512 quasi
2917 3442 3019 3498 sub
3058 3442 3249 3497 umbra
3277 3442 3524 3512 quotidie
3551 3448 3702 3494 totum
3727 3449 3828 3506 pro-

2287 3544 2418 3616 tegit
2445 3544 2632 3599 orbem
2662 3551 2955 3610 terrarum,
2997 3554 3052 3601 et
3074 3558 3172 3599 nos
3198 3543 3251 3598 in
3279 3545 3533 3616 gentibus
3556 3540 3740 3614 1522
3758 3552 3830 3609 Spe

2286 3634 2407 3688 viva
2438 3643 2785 3706 regeneratos
2835 3636 2989 3706 quasi
3031 3635 3133 3691 sub
3163 3637 3366 3692 umbra
3401 3637 3575 3692 vivere
3607 3630 3828 3689 concedit.

2286 3725 2501 3782 Nullum
2532 3728 2676 3782 enim
2710 3727 3010 3783 remedium
3036 3734 3175 3791 erat,
3193 3726 3307 3783 nisi
3336 3729 3391 3783 in
3415 3728 3636 3783 adventu
3657 3718 3830 3779 Domini

2285 3819 2456 3874 nostri
2484 3817 2611 3875 Jesu
2637 3817 2866 3885 Christi,
2887 3818 2978 3889 qui
3004 3819 3135 3874 solis
3156 3819 3467 3890 desperatis
3494 3819 3652 3891 possit
3674 3814 3831 3870 aliene

2285 3909 2632 3965 medicinam.
2669 3908 2824 3965 Unde
2849 3917 2906 3965 et
2952 3924 3117 3980 supra
3163 3910 3265 3965 sub
3322 3910 3473 3982 Coph
3503 3910 3684 3972 littera,
3707 3900 3832 3975 quasi

2286 4002 2575 4058 conclusus
2598 4003 2835 4073 jacebat.
2868 4000 2984 4057 Hoc
3010 4004 3211 4073 quippe
3254 4002 3414 4075 Coph
3458 4002 3620 4057 littera
3666 4007 3827 4054 sonare

2286 4096 2501 4152 dicitur.
2519 4096 2966 4168 Appropinquavit
2991 4096 3127 4150 enim
3151 4105 3361 4166 tempus
3376 4107 3624 4160 nostrum,
3637 4085 3832 4161 completi

2285 4198 2407 4244 sunt
2438 4190 2547 4243 dies
2573 4190 2739 4243 nostri
2768 4230 2782 4254 ,
2813 4190 2937 4261 quia
2959 4191 3095 4245 venit
3116 4190 3238 4265 [juis
3270 4201 3470 4247 noster.
3503 4188 3621 4244 llzec
3639 4194 3831 4253 namque

2285 4281 2562 4339 conclusio
2584 4284 3019 4353 desperationem
3067 4282 3314 4351 atl‘erret,
3346 4285 3448 4341 nisi
3477 4285 3721 4339 adventus
3746 4276 3830 4331 Do-

2283 4375 2415 4429 mini
2462 4391 2561 4429 nos
2590 4375 2875 4432 relevaret.
2907 4375 3061 4432 Unde
3090 4376 3232 4432 idem
3274 4378 3332 4431 in
3358 4378 3545 4448 spiritu
3574 4380 3827 4431 recreatur.

2287 4466 2539 4538 Spiritus,
2581 4469 2774 4538 inquit,
2820 4470 2935 4526 oris
2985 4470 3156 4526 nostri
3212 4480 3344 4527 ante
3370 4470 3559 4528 faciem
3605 4475 3828 4526 nostram.

583 4556 701 4605 stus
746 4547 1024 4612 Dominus,
1062 4527 1155 4619 qui
1189 4557 1379 4620 captus
1406 4527 1489 4604 est
1520 4550 1572 4601 in
1595 4547 1831 4618 peccatis
1863 4548 2085 4612 nostris,
2117 4546 2177 4602 in

2288 4558 2535 4614 Christus
2559 4527 2818 4616 Dominus
2858 4560 3284 4630 comprehensus
3306 4570 3392 4618 est
3431 4563 3483 4617 in
3508 4557 3726 4632 peccatis
3748 4567 3829 4607 no-

589 4639 799 4711 1521
814 4641 1011 4710 quibus
1025 4642 1224 4697 mortui
1239 4656 1477 4706 eramus;
1492 4648 1547 4694 et
1559 4638 1914 4695 viviﬁcaverit
1927 4640 2178 4695 mortalia

583 4749 812 4803 corpora
844 4750 940 4805 per
972 4736 1371 4790 inhabitantem
1401 4733 1650 4803 spiritum
1673 4730 1791 4802 ejus
1818 4732 1873 4787 in
1898 4732 2075 4797 nobis,
2118 4741 2178 4789 et

581 4827 769 4882 tulerit
790 4829 932 4897 quod
956 4828 1243 4884 adversum
1268 4842 1368 4882 nos
1389 4836 1472 4881 est
1497 4825 1917 4896 chirographum
1938 4827 2173 4897 peccati.

584 4917 738 4974 Unde
762 4918 887 4972 alibi
912 4919 1078 4973 David
1106 4937 1119 4971 :
1146 4917 1253 4972 Sub
1278 4917 1479 4981 umbra,
1510 4917 1707 4986 inquit,
1729 4916 1938 4972 alarum
1961 4928 2177 4972 tuarum

578 5023 789 5083 protege
838 5030 953 5078 me,
1013 5031 1044 5067 a
1094 5013 1231 5082 {acie
1283 5011 1567 5081 impiorum
1611 5012 1703 5082 qui
1750 5027 1831 5065 me
1870 5011 2168 5083 afﬂixerunt

577 5102 756 5176 (Psal.
781 5105 917 5175 xw).
968 5103 1227 5159 Senserat
1256 5103 1404 5158 enim
1448 5103 1673 5159 ardores
1698 5104 2171 5174 concupiscentia-

576 5212 698 5250 rum
721 5206 854 5252 aestu
879 5205 1101 5252 vexatos
1123 5196 1381 5263 libidinis,
1407 5206 1463 5253 et
1481 5195 1604 5253 ideo
1625 5199 1726 5254 sub
1748 5198 1938 5252 umbra
1958 5180 2183 5252 alarum

575 5288 673 5343 Dei
713 5305 772 5344 se
798 5290 1009 5359 protegi
1038 5299 1280 5361 exoptat,
1305 5298 1574 5361 quatenus
1601 5306 1632 5344 a
1655 5292 1874 5345 ﬂamma
1900 5300 2011 5345 tam
2034 5290 2168 5344 dine

574 5381 880 5437 exustionis
912 5382 1113 5437 illaesus
1141 5383 1464 5453 requiescat.
1492 5382 1630 5438 Hinc
1657 5395 1874 5451 quoque
1908 5389 1963 5436 et
1993 5382 2167 5437 beatae

575 5473 761 5531 Maria).
803 5476 1140 5547 promittitur
1197 5495 1210 5532 :
1286 5475 1461 5531 Virtus
1527 5475 1786 5531 Altissimi
1839 5473 2168 5529 obumbrabit

576 5566 668 5620 tibi
697 5566 849 5637 (Luc.
885 5568 947 5638 ι),
1014 5583 1084 5625 ne
1140 5569 1264 5625 ullis
1308 5568 1873 5639 concupiscentiarum
1932 5566 2169 5622 motibus

575 5668 952 5725 vaporaretur,
986 5671 1047 5714 ut
1086 5661 1421 5716 adustionem
1472 5659 1708 5716 incendii
1754 5659 2002 5724 sentiret,
2045 5673 2166 5728 quae

575 5750 642 5809 de
691 5751 893 5829 Spiritu
955 5763 1144 5808 sancto
1197 5765 1525 5826 conceptura
1581 5766 1716 5811 erat.
1771 5755 1972 5833 Captus
2016 5754 2163 5813 enim

2282 4650 2430 4707 stris.
2472 4650 2540 4705 Et
2568 4651 2867 4706 notandum
2911 4651 3056 4722 quod
3087 4654 3266 4710 omnis
3297 4653 3521 4709 lamenti
3551 4648 3756 4708 intentio
3774 4643 3828 4699 ad

2281 4744 2431 4802 hunc
2459 4745 2699 4802 decurrit
2726 4745 2911 4814 linem,
2952 4747 3007 4802 in
3033 4762 3141 4818 quo
3168 4749 3337 4804 totius
3364 4748 3612 4804 mteroris
3636 4761 3693 4801 ac
3710 4741 3832 4797 dolo-

2282 4834 2361 4890 ris
2388 4834 2510 4890 finis
2538 4836 2874 4907 imponitur;
2904 4852 2968 4893 ac
2996 4838 3255 4909 deinceps
3290 4839 3346 4894 in
3371 4838 3707 4911 sequentibus
3730 4846 3830 4887 ver-

2282 4928 2454 4993 sibus,
2483 4930 2637 4998 quasi
2684 4929 2888 4985 bivium
2933 4929 3369 4997 demonstratur,
3426 4931 3670 5002 quoniam
3696 4922 3829 4981 caele-

2280 5020 2382 5077 stis
2411 5028 2467 5075 et
2496 5020 2773 5091 redempta
2815 5020 3117 5079 Jerusalem
3147 5024 3431 5079 dexteram
3459 5030 3602 5079 tenet
3626 5037 3641 5087 ;
3671 5018 3826 5074 eadem

2278 5128 2412 5169 vero
2439 5113 2793 5185 sanguinibus
2826 5125 3175 5185 peccatorum
3228 5115 3431 5172 foedata
3476 5115 3655 5170 lteram
3697 5105 3825 5180 petil-

2279 5203 2437 5260 Unde
2464 5204 2590 5260 huic
2610 5220 2693 5260 vae
2721 5204 2957 5260 futurum
2989 5207 3237 5262 imminet
3274 5224 3289 5262 :
3316 5210 3385 5262 ab
3415 5203 3699 5262 Jerusalem
3722 5208 3826 5253 vero

2278 5292 2529 5351 Christus
2583 5295 2844 5351 Dominus
2916 5312 3133 5352 omnem
3188 5297 3485 5368 lacrymam
3552 5294 3822 5359 absterget:

2278 5387 2536 5457 quoniam
2557 5401 2694 5442 crux
2712 5387 2925 5442 Domini
2947 5388 3181 5443 tribunal
3191 5387 3378 5457 judicii
3397 5387 3564 5442 fuisse
3580 5384 3824 5456 probatur,

2274 5476 2403 5532 dum
2429 5493 2568 5533 unus
2611 5493 2801 5534 eorum
2849 5479 2943 5550 qui
2992 5479 3120 5535 hinc
3164 5480 3289 5535 inde
3332 5478 3706 5548 pependerant.
3746 5480 3825 5538 Ρετ

2272 5568 2435 5625 ﬁdem
2465 5570 2787 5635 assumitur,
2836 5570 2977 5626 alter
3006 5570 3342 5643 blasphemia
3382 5570 3662 5624 damnatus
3694 5562 3741 5617 in
3759 5558 3826 5612 inc

2269 5662 2433 5718 teritu
2458 5672 2676 5718 aeternae
2718 5665 2911 5718 mortis
2964 5662 3336 5735 relinquitur;
3378 5661 3502 5732 quia
3541 5656 3821 5730 pendentem

2269 5770 2453 5811 coram
2484 5754 2658 5811 oculis
2701 5770 2801 5824 per
2845 5754 3006 5821 fidem
3036 5756 3283 5828 recipere
3322 5748 3638 5834 contempsit
3661 5744 3823 5803 vitam
