4078 6348
265 338 407 402 1285

976 338 1339 400 EXPOSITIO
1375 343 1443 398 ΙΝ
1478 342 2061 403 LAMENTATIONES
2098 346 2439 407 JEREMLE.
2480 358 2558 395 -“
2592 352 2714 410 LIB.
2754 352 2845 410 IV.

3361 320 3532 417 ’πίει

262 450 400 507 Nam
431 450 579 522 quod
617 448 747 505 dicit
774 460 959 520 captus
986 462 1083 519 est,
1129 454 1467 524 praeteritum
1493 457 1675 526 posuit
1704 456 1850 528 quod
1876 461 1932 521 Α
1954 460 2172 516 daretur
2200 463 2459 520 virtutum
2485 467 2831 525 indumentis.
2853 469 2925 524 At
2946 483 3076 525 vero
3100 469 3397 530 Jerusalem
3411 492 3531 546 quae

259 542 506 599 iuturum
540 550 680 609 erat,
707 558 861 599 more
903 545 1144 599 omnium
1166 561 1373 611 eorum,
1419 549 1511 618 qui
1544 549 1599 604 in
1649 550 1847 607 divinis

259 632 776 704 repromissionibus
803 632 1121 704 profuturis
1156 639 1431 707 praeterita
1466 655 1715 710 posuere.
1750 642 1846 699 Est

160 754 171 761 ι
256 728 442 799 itaque
470 736 527 782 et
557 727 660 783 hoc
701 728 755 783 in
795 726 1017 798 eiulatu,
1060 731 1228 785 nimia
1276 734 1556 803 sequentis
1584 735 1842 792 discretio

256 820 506 886 lamenti,
532 835 641 891 quo
668 830 983 877 sanctorum
1021 823 1263 879 omnium
1298 824 1472 882 luctus
1500 828 1837 897 terminatur,

253 920 312 967 et
348 910 602 983 gaudium
641 920 765 983 post
807 927 1099 969 maerorem
1143 923 1199 970 et
1243 916 1519 973 tristitiam
1550 900 1836 990 incipitur.

251 1003 311 1059 ln
351 1004 459 1059 illis
486 1019 617 1061 vero
646 1003 854 1061 duobus
884 1006 1107 1062 lamenti
1142 1009 1423 1076 versibus,
1464 1027 1494 1065 a
1535 1014 1729 1083 gaudio
1760 1028 1840 1068 va:

250 1097 503 1153 ultimum
542 1098 828 1154 inchoatur
867 1116 881 1153 :
912 1100 1054 1170 quod
1092 1101 1240 1157 nullo
1276 1104 1598 1161 terminatur
1638 1106 1841 1164 doloris

250 1204 317 1247 ac
337 1191 616 1248 cruciatus
637 1191 897 1248 remedio.
927 1191 1079 1248 Unde
1100 1195 1373 1265 sequitur:

982 1352 1086 1393 SlN.

318 1469 505 1527 Gaude
524 1480 572 1525 et
599 1470 801 1538 laetare,
817 1471 934 1539 ﬁlia
962 1472 1157 1539 Edam,
1184 1491 1303 1545 quae
1324 1475 1533 1530 habitas
1569 1477 1624 1530 in
1647 1486 1787 1532 terra
1812 1492 1831 1531 :

246 1563 330 1617 Ad
350 1572 401 1617 te
424 1580 629 1635 quoque
648 1563 902 1635 perveniet
934 1563 1077 1618 calix
1098 1578 1116 1615 :
1143 1565 1482 1620 inebriaberis
1494 1577 1648 1633 atque
1664 1568 1834 1622 nuda-

244 1655 404 1711 beris.
437 1654 687 1711 inimicos
709 1670 923 1727 semper
948 1655 1113 1712 fuisse
1159 1656 1553 1730 Jerosolymitis
1581 1675 1688 1716 non
1710 1661 1832 1718 dico

242 1743 439 1812 Edom,
493 1759 678 1800 verum
709 1745 873 1801 etiam
922 1762 1111 1803 omnes
1135 1757 1325 1817 gentes
1375 1764 1472 1819 per
1519 1751 1826 1817 circuitum,

1950 566 2163 608 sursum
2193 562 2298 622 est,
2329 566 2504 613 mater
2546 567 2630 616 est
2656 560 2952 615 electorum
2981 561 3111 629 Dei;
3141 579 3247 619 non
3279 566 3332 620 in
3360 574 3525 632 terra,

1948 644 2042 701 sed
2067 646 2119 701 in
2150 648 2301 705 caelis
2330 649 2579 719 habitat,
2611 654 2702 708 uhi
2731 667 2790 709 se
2830 663 2999 710 totam
3030 659 3364 727 transposuit
3388 660 3530 716 sicut

1924 735 2142 794 .Paulus
2183 740 2364 796 aiebat
2405 761 2418 797 :
2477 743 2679 800 Nostra
2716 756 2905 801 autem
2939 751 3262 804 conversatio
3300 752 3527 807 in‘cwlis

1943 839 2051 893 est;
2080 840 2133 887 et
2165 852 2178 887 :
2215 833 2348 899 Qum
2377 852 2586 890 sursum
2615 846 2737 892 sunt
2763 839 2947 909 sapite,
2972 857 3077 895 non
3098 858 3216 912 quae
3239 859 3397 913 super
3416 853 3525 899 ter-

1942 938 2058 976 ram
2080 922 2297 995 (Philip.
2328 927 2431 998 nr).
2469 928 2891 985 Pertimescebat
2921 948 3157 1008 namque
3186 933 3334 999 illud,
3380 936 3527 1004 quod

1928 1012 2175 1079 Joannes
2204 1017 2259 1071 iu
2285 1018 2603 1091 Apocalypsi
2634 1036 2730 1076 sua
2759 1023 2835 1076 ait
2867 1021 3028 1089 ;,,Va:,
3060 1040 3134 1078 va:
3168 1025 3527 1082 habitantibus

1939 1107 1994 1162 in
2017 1121 2181 1174 terra,
2210 1112 2334 1179 quia
2364 1112 2604 1166 diabolus
2635 1114 2901 1168 descendit
2927 1115 2997 1168 ad
3033 1132 3118 1169 vos
3141 1117 3194 1169 in
3226 1118 3308 1170 ira
3330 1117 3526 1187 furoris

1937 1199 2153 1255 Domini
2173 1202 2356 1272 (Apoc.
2391 1205 2530 1273 vni).
2566 1204 2861 1276 Pr0pterea
2888 1207 3163 1262 auditores
3185 1223 3312 1263 suos
3340 1222 3529 1263 mone-

1936 1289 2031 1344 bat
2064 1309 2077 1343 :
2110 1289 2242 1357 Qua:
2268 1309 2480 1347 sursum
2516 1306 2639 1349 sunt
2675 1298 2857 1366 sapite.
2894 1294 3001 1351 Sed
3036 1297 3206 1352 Edom
3238 1299 3379 1367 quod
3407 1299 3523 1354 ele-

1937 1380 2015 1451 git
2055 1381 2300 1437 habitare
2331 1384 2384 1437 in
2433 1395 2597 1450 terra,
2628 1394 2795 1439 totam
2842 1386 3051 1441 scilicet
3076 1388 3242 1441 vitam
3265 1403 3418 1441 suam
3466 1388 3523 1443 in

1940 1473 2170 1528 terrenis
2194 1482 2249 1528 et
2291 1476 2533 1531 cruentis
2558 1487 2902 1557 peccatorum
2934 1479 3189 1549 eperilius
3218 1480 3521 1545 sordidare,

1935 1563 2062 1619 licet
2092 1565 2574 1636 impraesentiarum
2614 1568 2828 1642 15216.
2875 1571 3128 1626 videatur
3177 1574 3416 1643 gaudere
3467 1581 3525 1628 et

1934 1652 2127 1720 laetari,
2172 1658 2333 1726 paulo
2380 1646 2503 1728 post
2538 1674 2703 1714 aureo
2749 1675 2863 1729 iam
2919 1661 3185 1717 inebriata
3233 1662 3523 1734 Babylonis

1935 1747 2151 1817 poculo,
2181 1763 2245 1803 ex
2276 1750 2353 1803 ira
2388 1750 2589 1806 furoris
2619 1751 2713 1805 Dei
2742 1753 3051 1808 nudabitur.
3075 1752 3186 1810 Nec
3208 1754 3520 1810 immerito:

238 1850 405 1892 nemo
424 1837 517 1906 qui
545 1837 802 1893 historias
839 1848 934 1893 aut
963 1841 1255 1910 prophetas
1298 1840 1446 1912 legit,
1500 1842 1730 1897 dubitat.
1761 1842 1829 1899 Et
1855 1824 1904 1885 Β
1930 1852 2052 1907 Quae
2071 1839 2241 1909 magis
2267 1840 2509 1896 decrevit
2538 1859 2643 1896 non
2666 1844 2786 1899 dico
2808 1846 2860 1898 in
2886 1854 3030 1900 terra
3056 1845 3374 1922 simpliciter
3392 1862 3523 1902 con-

237 1927 366 1984 ideo
395 1928 521 1999 quia
545 1936 735 1984 contra
763 1930 1049 1985 Dominum
1074 1940 1372 2002 contraque
1402 1931 1518 2001 ejus
1544 1933 1826 2001 auxilium,

237 2017 293 2072 hi
324 2019 649 2075 ex‘sultando
683 2019 753 2076 de
782 2022 939 2077 malis
984 2038 1105 2093 quae
1130 2024 1440 2081 acciderant
1469 2025 1635 2081 lzetati
1674 2036 1824 2096 sunt,

237 2109 399 2181 digne
426 2112 582 2182 quasi
624 2112 692 2169 de
732 2113 1162 2183 reciprocatione
1196 2131 1489 2187 percepere
1527 2119 1823 2177 vindictam

234 2199 443 2258 furoris
486 2203 721 2258 Domini.
750 2204 1055 2261 lnebriatur
1080 2217 1264 2263 autem
1295 2209 1460 2264 Edoni
1495 2210 1563 2265 de
1606 2211 1730 2267 vino
1756 2228 1823 2267 ex

235 2306 346 2362 quo
366 2308 556 2371 omnes
576 2304 766 2366 gentes
800 2312 963 2368 supra
990 2298 1263 2365 biberunt,
1312 2308 1369 2355 et
1413 2316 1481 2356 ex
1512 2303 1705 2371 poculo
1732 2303 1824 2359 illo

232 2379 526 2454 Babylonis
545 2401 731 2441 aureo.
756 2387 1046 2458 Propterea
1077 2391 1275 2446 dicitur
1306 2410 1319 2445 :
1346 2392 1428 2446 Ad
1451 2402 1500 2448 te
1521 2411 1682 2463 usque
1706 2412 1823 2465 per-

232 2473 399 2529 ueniet
445 2474 588 2530 calix
629 2491 648 2528 :
697 2478 1039 2534 inebriaberis
1088 2490 1136 2535 et
1186 2482 1486 2538 nudaberis.
1539 2485 1673 2551 Quia
1705 2487 1820 2543 haec

232 2563 367 2620 dicit
394 2564 606 2638 1523
629 2567 891 2624 Dominus
921 2588 934 2624 :
966 2571 1110 2627 Ecce
1134 2571 1330 2642 quibus
1367 2589 1474 2628 non
1519 2582 1637 2630 erat
1669 2576 1818 2647 judi-

229 2654 375 2710 cium
410 2665 471 2710 ut
514 2650 764 2714 biberent
811 2661 1058 2728 calicem,
1108 2664 1356 2721 bibentes
1404 2666 1620 2732 bibent;
1654 2678 1707 2722 et
1748 2670 1815 2724 ad

226 2742 483 2799 ultimum
514 2746 765 2804 civitates
786 2750 937 2821 ejus,‘
967 2751 1164 2823 inquit,
1194 2762 1356 2809 erunt
1401 2755 1455 2810 in
1496 2757 1816 2816 solitudines

224 2836 606 2907 sempiternas,
656 2850 712 2897 et
762 2858 790 2897 a
840 2860 973 2901 voce
1023 2847 1193 2901 ruinae
1239 2846 1356 2916 ejus
1411 2860 1680 2905 commota
1732 2861 1816 2908 est

225 2930 407 2986 omnis
434 2940 600 2989 terra.
632 2936 763 3005 Quae
788 2940 969 2995 omnia
1016 2940 1143 2997 licet
1187 2943 1450 3014 completa
1498 2946 1608 3000 sint
1635 2947 1689 3000 in
1722 2947 1812 3003 illa

223 3023 528 3079 vastatione
546 3025 707 3098 gladii
737 3030 1046 3102 Babylonis,
1094 3042 1152 3088 et
1180 3051 1367 3091 rursus
1414 3036 1651 3108 Babylon
1696 3039 1811 3111 ipsa

222 3114 587 3172 exterminata
620 3118 674 3173 in
703 3119 783 3175 ira
821 3121 1021 3177 furoris
1046 3123 1166 3191 Dei,
1200 3134 1378 3182 tamen
1410 3128 1601 3184 melius
1633 3130 1699 3186 de
1720 3131 1809 3187 illo

222 3202 418 3259 ultimo
456 3205 649 3273 judicii
678 3209 766 3265 die
802 3224 999 3269 cuncta
1029 3217 1394 3288 accipiuntur,
1441 3224 1657 3291 quando
1690 3233 1811 3293 post

221 3291 522 3350 vindictam
552 3297 785 3356 solitudo
803 3305 1133 3374 sempiterna
1158 3317 1431 3378 sequetur.
1459 3311 1524 3366 Et
1553 3314 1669 3369 ideo
1692 3291 1809 3370 non

223 3385 404 3441 minus
442 3387 690 3457 planctus
733 3393 834 3449 iste
874 3403 1062 3451 contra
1100 3396 1431 3470 Babylonem
1469 3406 1762 3461 assumitur
1793 3448 1808 3473 ,

221 3474 520 3546 quiajuxta
546 3484 803 3553 mysticos
824 3486 1130 3545 intellectus
1149 3504 1246 3560 per
1290 3492 1459 3548 Edom
1480 3504 1536 3549 et
1583 3497 1808 3569 Babylo-

220 3580 348 3620 nem
381 3584 546 3624 unum
577 3577 826 3644 estquod
872 3578 1227 3649 signiﬁcatur.
1259 3582 1394 3637 Nam
1425 3586 1495 3640 ab
1523 3587 1679 3643 initio
1706 3605 1808 3644 sae-

218 3657 326 3711 culi
366 3675 486 3729 quze
527 3669 896 3723 tantummodo
936 3671 1261 3742 colliguntur
1283 3676 1531 3734 civitates
1560 3689 1616 3735 et
1642 3682 1809 3738 {editi-

218 3757 417 3804 cantur
446 3770 457 3804 :
489 3770 718 3823 quarum
757 3775 860 3813 una
885 3758 1207 3829 Jerusalem,
1239 3768 1410 3823 altera
1460 3786 1589 3826 vero
1640 3774 1806 3830 Edom

217 3849 313 3895 aut
339 3840 583 3914 Babylon
615 3861 629 3899 :
662 3863 768 3902 una
795 3864 981 3904 earum
1004 3868 1123 3923 qum
1154 3855 1496 3928 plangitcum
1521 3863 1802 3931 propheta,

215 3941 271 3986 et
301 3932 450 3988 dolet
489 3944 543 3990 et
571 3941 839 4006 parturit;
873 3942 1200 4007 alteravero
1226 3963 1346 4017 quae
1375 3952 1547 4005 nescit
1588 3954 1641 4007 in
1688 3956 1806 4025 qni-

215 4024 446 4081 busdam
461 4043 680 4084 suorum
706 4048 805 4087 cur
826 4035 1131 4107 plangatur,
1150 4040 1414 4109 siquidem
1430 4059 1591 4099 unam
1618 4061 1807 4103 earum

215 4115 469 4174 Christus
493 4122 758 4191 aediﬁcat;
798 4127 1021 4183 alteram
1058 4145 1184 4185 vero
1214 4132 1486 4202 diabolus,
1514 4137 1604 4206 qui
1644 4155 1805 4208 quam

215 4222 359 4277 szepe
388 4209 442 4262 in
465 4212 764 4282 prophetis,
790 4214 1290 4284 Nabuchodonosor
1318 4236 1562 4282 vocatur.
1604 4230 1672 4284 Et
1699 4231 1805 4287 Ba-

212 4296 377 4368 bylon
428 4299 518 4353 illa
557 4311 642 4357 est
698 4305 890 4362 civitas
948 4311 1277 4378 perditorum
1315 4355 1331 4380 ,
1392 4332 1511 4386 qua:
1576 4320 1808 4377 inebriat

213 4400 432 4443 omnem
478 4400 679 4446 terram
710 4395 835 4450 vino
882 4397 1186 4468 iniquitatis
1215 4418 1347 4459 suae.
1396 4407 1472 4461 De
1524 4424 1629 4478 qua
1663 4410 1805 4465 idem

210 4479 477 4547 propheta
510 4500 522 4535 :
545 4481 699 4538 Calia:
717 4502 928 4554 aureus,
960 4490 1157 4561 inquit,
1178 4492 1417 4565 Babylon
1439 4499 1491 4552 in
1514 4517 1673 4554 manu
1693 4501 1804 4556 Do-

212 4572 364 4636 mini,
388 4573 657 4630 inebrians
686 4595 892 4634 amnem
929 4591 1126 4637 terram
1181 4584 1399 4652 (Jerem.
1431 4591 1528 4660 Li).
1564 4590 1637 4647 De
1670 4593 1799 4649 vino

212 4660 415 4719 furoris
440 4666 560 4736 ejus
580 4668 835 4725 biberunt
864 4686 1054 4729 omnes
1073 4684 1279 4744 gentes.
1315 4676 1389 4732 De
1406 4694 1514 4748 quo
1541 4681 1798 4737 nimirum

210 4753 400 4839 calicis
422 4756 552 4812 vino
584 4759 749 4815 etiam
796 4761 965 4818 Edom
1017 4773 1199 4834 potata
1241 4767 1534 4840 plangitur,
1576 4779 1633 4826 et
1681 4772 1799 4828 ideo

211 4834 402 4897 eontra
430 4860 553 4901 eam
580 4863 689 4903 non
718 4852 990 4908 monentis
1027 4868 1154 4920 vox,
1185 4855 1278 4910 sed
1307 4872 1403 4927 per
1451 4858 1680 4914 ironiam
1720 4861 1799 4915 in-

211 4932 470 4990 sultantis
516 4939 810 5008 profertur,
858 4943 945 4998 vel
989 4947 1431 5013 contradicentis,
1474 4952 1616 5019 quod
1663 4967 1799 5007 nun-

210 5038 377 5093 quam
401 5029 639 5099 gaudere
668 5033 864 5089 debeat
891 5050 1067 5105 neque
1090 5035 1279 5103 laetari,
1313 5040 1379 5093 ad
1399 5055 1563 5109 quam
1595 5042 1650 5096 in
1690 5043 1799 5099 line

209 5113 367 5172 furor
408 5118 619 5177 Domini
658 5127 986 5195 pervenerit.
1035 5128 1207 5183 Edom
1241 5144 1473 5201 namque
1511 5135 1799 5205 sanguino-

211 5207 384 5263 lentus
424 5210 507 5266 vel
537 5213 687 5283 rufus
735 5216 1140 5288 interpretatur.
1176 5218 1267 5275 llle
1288 5233 1371 5276 est
1394 5222 1558 5305 igitur
1576 5226 1794 5297 sangui-

211 5301 468 5358 nolentus
495 5313 657 5376 atque
714 5309 957 5379 hispidus
1006 5313 1253 5382 populus,
1302 5316 1392 5385 qui
1447 5301 1567 5387 quae
1616 5321 1799 5378 carnis

212 5404 343 5450 sunt
371 5408 631 5464 sectatur,
665 5410 743 5469 et,
774 5418 875 5472 pro
909 5392 1190 5474 praesentis
1220 5408 1344 5462 vitae
1392 5409 1689 5478 illecebris,
1713 5428 1800 5468 re.

210 5484 537 5556 demptionis
574 5500 793 5547 aeternae
832 5495 1064 5565 perdidit
1117 5499 1496 5570 primogenita.
1548 5502 1684 5558 Hinc
1713 5512 1798 5561 est

175 5557 355 5647 ‘quod
388 5580 586 5636 dicitur
615 5602 627 5636 :
665 5582 797 5649 Quae
827 5586 1031 5641 habitas
1053 5590 1106 5644 in
1136 5600 1295 5646 terra.
1323 5593 1572 5664 Alioquin
1608 5595 1710 5651 nisi
1738 5597 1793 5654 in

208 5675 447 5728 terrenis
471 5678 682 5733 actibus
708 5690 942 5735 mentem
986 5684 1290 5752 posuisset,
1334 5703 1674 5758 nequaquam
1705 5691 1789 5746 in-

206 5760 697 5823 cbriareturaureo
713 5769 800 5826 illo
821 5770 1110 5842 Babylonis
1132 5776 1345 5845 poculo,
1365 5794 1539 5850 neque
1565 5785 1675 5841 suis
1697 5801 1791 5839 nn-

1829 4543 1880 4602 D

1929 1928 2159 1990 versari,
2188 1944 2397 1996 verum,
2431 1940 2490 1985 ut
2533 1933 2750 2002 quidam
2794 1935 3008 1991 codices
3035 1937 3255 2003 habent,
3290 1938 3344 1992 in
3374 1946 3520 1994 terra

1927 2019 2063 2074 Hus.
2095 2021 2207 2077 llus
2244 2038 2460 2094 quoque
2500 2026 2805 2080 consiliator
2842 2027 3254 2099 interpretatur,
3288 2045 3396 2084 non
3426 2029 3520 2087 ille

1925 2111 2114 2181 utique
2135 2113 2226 2183 qui
2251 2113 2463 2169 consilii
2495 2117 2717 2185 angelus
2749 2117 2969 2183 dicitur,
2992 2119 3102 2181 sed
3138 2119 3228 2174 ille
3255 2119 3347 2189 qui
3387 2135 3513 2175 ver-

1924 2203 2171 2258 Sentibus
2216 2205 2270 2258 in
2303 2213 2447 2259 terra
2491 2221 2747 2276 perversa
2784 2216 2971 2263 contra
3024 2210 3190 2264 Deum
3222 2219 3515 2266 consuetus

1923 2301 2007 2346 est
2034 2281 2166 2347 dare
2185 2295 2430 2350 consilia.
2454 2295 2591 2351 Nam
2627 2306 2681 2351 et
2707 2298 2873 2353 Edom
2897 2301 3057 2361 etiam
3083 2308 3318 2354 terrenus
3347 2300 3515 2355 inter-

1919 2392 2184 2455 pretatur.
2214 2386 2363 2441 Unde
2388 2402 2484 2457 per
2513 2388 2681 2443 Edom
2711 2406 2808 2445 nec
2830 2391 3100 2446 immerito
3131 2392 3205 2446 illi
3229 2393 3514 2463 designan-

1925 2480 2031 2537 tur,
2056 2474 2145 2542 qui
2176 2490 2281 2529 non
2336 2477 2602 2544 caelestia,
2649 2480 2743 2534 sed
2792 2489 3009 2536 terrena
3052 2498 3267 2552 semper
3291 2492 3510 2538 sectan-

1922 2572 2029 2643 tur,
2058 2568 2255 2622 astutia
2303 2568 2517 2640 decepti
2569 2581 2623 2626 et
2677 2572 2908 2628 consilio
2956 2574 3177 2629 diaboli.
3239 2573 3320 2627 Ad
3371 2590 3508 2645 quos

1918 2636 2090 2726 usque
2133 2658 2273 2713 calix
2310 2659 2398 2714 ille
2444 2676 2641 2716 aureus
2690 2664 2957 2733 pervenit,
3018 2680 3125 2735 quo
3166 2660 3376 2721 cu'nctze
3423 2666 3507 2721 in-

1919 2748 2201 2803 ebriantur
2225 2759 2435 2822 gentes,
2476 2760 2533 2806 et
2562 2754 2837 2810 nudantur
2865 2757 3039 2827 gratia
3067 2756 3184 2823 Dei,
3218 2756 3371 2814 Unde
3412 2773 3503 2813 se-

1917 2838 2105 2908 quitur
2128 2838 2266 2895 Tan.

2650 2933 2770 2972 TAU.

1985 3022 2251 3095 Completa
2295 3038 2368 3081 est
2405 3030 2655 3100 iniquitas
2688 3042 2802 3096 tua,
2833 3034 2947 3102 ﬁlia
2996 3034 3127 3090 Sion
3156 3050 3174 3088 :
3215 3053 3320 3091 non
3348 3038 3508 3093 addet

1912 3112 2054 3168 ultra
2079 3125 2132 3168 ut
2162 3119 2493 3190 transmigret
2512 3132 2593 3186 te;
2620 3123 2843 3177 visitabit
2868 3126 3197 3196 iniquitatem
3218 3139 3363 3183 tuam
3388 3129 3507 3199 ﬁlia

1916 3201 2086 3259 Edoni
2110 3222 2129 3261 :
2159 3207 2498 3281 discooperiet
2530 3226 2742 3283 peccata
2791 3227 2902 3272 tua.
2933 3218 3057 3273 Haec
3085 3236 3317 3292 namque
3348 3223 3506 3293 iuxta

1914 3295 2152 3352 litteram
2191 3302 2434 3372 utrisque
2491 3306 2781 3377 contigisse
2818 3310 3113 3377 videntur;
3169 3314 3264 3368 sed
3314 3315 3507 3371 melius

1914 3394 2239 3463 generaliter
2288 3396 2354 3450 de
2391 3400 2643 3454 omnibus
2692 3403 3028 3471 accipienda,
3081 3406 3172 3475 qui
3216 3406 3270 3461 in
3311 3408 3502 3464 ultimo

1913 3483 2093 3552 magni
2108 3481 2294 3551 judicii
2317 3488 2586 3554 examine,
2613 3499 2671 3544 ut
2697 3492 2925 3561 recipiat
2947 3496 3317 3566 unusquisque
3340 3508 3505 3568 prout

1912 3573 2099 3644 gessit,
2123 3572 2402 3642 iudicandi
2452 3590 2596 3634 sunt.
2657 3579 2785 3635 Sion
2819 3585 3058 3653 quidem,
3093 3594 3152 3639 ut
3177 3586 3243 3641 de
3267 3602 3505 3644 maerore

1911 3674 2154 3720 transeat
2175 3668 2241 3722 ad
2258 3670 2580 3739 gaudiumct
2601 3674 2837 3729 laetitiam
2865 3679 3248 3747 sempiternam
3281 3696 3295 3746 ;
3329 3680 3501 3739 Edom

1909 3770 2039 3811 vero
2076 3758 2372 3815 rubicunda
2416 3765 2679 3834 sanguine
2723 3766 3062 3835 delictorum,
3109 3772 3379 3828 visitauda
3414 3782 3501 3830 est

1909 3856 1969 3933 ut
1991 3850 2251 3919 supplicia
2296 3853 2521 3924 recipiat
2548 3867 2824 3925 perpetua)
2871 3860 3107 3917 ultionis.
3142 3863 3235 3919 Hae
3264 3882 3499 3937 namque

1909 3926 2054 4003 sunt,
2085 3950 2142 3993 ut
2172 3942 2426 4010 diximus,
2465 3962 2585 4015 qua:
2621 3952 2687 4003 ab
2713 3949 2870 4005 initio
2899 3962 3317 4023 construuntur;
3363 3974 3501 4028 qua-

1910 4043 2029 4083 rum
2055 4047 2157 4084 una
2186 4032 2288 4088 hoc
2327 4034 2447 4090 loco
2474 4035 2602 4092 Sion
2637 4050 2875 4103 vii-catur,
2915 4044 3080 4099 altera
3129 4062 3257 4102 vero
3302 4047 3493 4104 Edom.

1910 4124 2016 4181 Sed
2047 4126 2176 4182 Sion
2204 4132 2368 4185 etiam
2400 4133 2599 4188 dicitur
2618 4149 2715 4204 per
2741 4136 2930 4191 lsaiam
2980 4142 3300 4211 prephctam
3348 4146 3497 4215 quod

1907 4219 2172 4288 completa
2199 4222 2270 4276 sit
2302 4223 2528 4290 malitia,
2554 4227 2680 4294 quia
2702 4226 2923 4284 dimissa
2941 4240 3024 4285 est
3051 4232 3307 4302 iniquitas
3331 4236 3495 4304 illius,

1908 4310 2203 4365 secundum
2242 4314 2383 4382 quod
2426 4315 2595 4371 David
2645 4318 2763 4372 ait:
2794 4319 2947 4374 Beati
2996 4338 3220 4393 quorum
3266 4327 3496 4382 remissi:

1906 4410 2028 4454 stmt
2054 4401 2376 4473 iniquitates,
2408 4416 2455 4459 et
2476 4424 2698 4477 quarunt
2738 4420 2870 4464 tecta
2911 4422 3031 4466 sunt
3072 4424 3285 4484 peccata
3313 4415 3492 4488 (Psal.

1906 4493 2079 4565 xxxi).
2113 4494 2249 4551 llinc
2274 4505 2358 4552 est
2386 4513 2517 4554 sane
2542 4507 2597 4553 et
2620 4502 2720 4556 hoc
2749 4501 2869 4557 loco
2892 4505 3037 4573 quod
3070 4507 3146 4561 ait
3175 4525 3187 4561 :
3224 4507 3494 4577 Completa

1904 4595 1979 4637 est
2007 4585 2257 4655 iniquitas
2279 4597 2391 4653 tua,
2423 4588 2538 4656 ﬁlia
2578 4589 2725 4644 Sion.
2765 4592 3046 4665 Completa
3091 4598 3328 4669 quidem,
3361 4600 3491 4668 quia

1902 4674 2150 4729 remissa.
2177 4675 2330 4731 Unde
2356 4677 2410 4731 in
2445 4674 2766 4736 remissione
2797 4683 3063 4741 scelerum
3086 4688 3352 4758 completa
3376 4706 3490 4743 rna-

1901 4763 2041 4829 litia,
2071 4766 2125 4820 id
2146 4776 2231 4822 est
2265 4767 2417 4823 (inita
2456 4772 2803 4841 praedicatur,
2835 4778 2962 4848 quia
2998 4780 3485 4850 impraesentiarum

1902 4856 2138 4925 suscepit
2157 4856 2388 4928 duplicia
2419 4861 2488 4916 de
2510 4877 2669 4917 manu
2702 4864 2932 4922 Domini.
2959 4869 3035 4924 Ex
3068 4885 3175 4939 quo
3204 4872 3334 4927 satis
3365 4872 3485 4927 laeta

1899 4949 2250 5016 repromissio
2278 4965 2404 5005 mox
2452 4952 2831 5026 subiungitur:
2865 4959 2990 5013 Non
3042 4961 3199 5016 addet
3241 4962 3379 5017 ultra
3430 4974 3486 5017 ut

1901 5042 2236 5113 transmigret
2266 5054 2332 5099 te.
2366 5044 2502 5113 Quia
2541 5047 2693 5105 linito
2713 5050 2917 5120 judicio
2941 5070 3063 5110 cum
3080 5056 3336 5127 iniquitas
3366 5073 3484 5114 ces-

1900 5134 2123 5200 saverit,
2175 5145 2230 5190 et
2278 5147 2599 5207 perventum
2636 5142 2803 5199 fuerit
2829 5147 2896 5200 ad
2936 5148 3196 5217 requiem,
3229 5151 3482 5222 deinceps

1900 5226 2044 5281 nulla
2073 5228 2180 5283 erit
2205 5230 2511 5287 immutatio
2537 5251 2710 5307 neque
2741 5240 3139 5311 transmigratio
3168 5247 3236 5298 de
3277 5244 3479 5301 virtute

1900 5316 1966 5370 ad
1990 5318 2204 5386 vitium,
2231 5321 2296 5376 de
2321 5321 2654 5381 beatitudine
2680 5337 2735 5382 et
2754 5330 2949 5399 gaudio
2971 5332 3039 5387 ad
3075 5349 3388 5402 maerorem,
3411 5338 3480 5394 de

1899 5409 2066 5479 gloria
2092 5412 2160 5466 ad
2184 5414 2524 5485 supplicium.
2549 5418 2616 5474 Et
2653 5434 2684 5474 e
2710 5424 2985 5479 contrario
3008 5440 3173 5497 super
3196 5429 3365 5484 Edom
3389 5431 3477 5486 vi-

1898 5504 2084 5560 sitabit
2129 5507 2440 5577 iniquitates
2477 5512 2593 5581 ejus
2633 5512 2908 5581 Dominus,
2940 5532 3044 5572 non
3096 5528 3154 5574 ut
3211 5521 3478 5584 remittat.

1895 5596 1991 5651 sed
2032 5605 2091 5652 ut
2128 5602 2358 5667 puniat:
2402 5617 2573 5672 neque
2606 5614 2664 5659 ut
2715 5606 2939 5674 relaxet,
2983 5610 3110 5681 quia
3163 5627 3479 5683 permanse-

1894 5700 2023 5747 runt
2078 5693 2129 5747 in
2179 5695 2407 5763 eisdem,
2463 5700 2557 5755 sed
2615 5708 2674 5755 ut
2718 5704 3070 5772 condemnet;
3135 5708 3332 5778 quibus
3392 5710 3477 5765 di—

1891 5794 2078 5841 cturus
2113 5795 2194 5842 est
2240 5807 2253 5842 :
2308 5787 2411 5857 Ite,
2441 5790 2726 5863 maledicti,
2756 5797 2814 5851 in
2857 5797 3030 5867 ignem
3073 5810 3346 5867 (sternam,
3383 5818 3480 5869 qui
