4078 6348
654 322 674 374 l
687 321 792 377 255

1471 326 1527 379 S.
1574 325 1926 382 PASCllASll
1968 322 2310 380 RADBERTI
2350 324 2639 382 ABBATIS
2674 327 3122 385 CORBEIENSIS

654 443 866 513 1525
911 451 1128 511 paratus
1167 453 1242 496 est
1284 444 1496 498 diabolo
1532 455 1580 500 et
1618 446 1817 516 angelis
1843 448 1956 516 ejus
1995 444 2224 516 (Matth.
2254 442 2305 504 Α
2333 457 2458 510 ror,
2497 443 2712 517 1526
2757 445 2902 500 nulla
2939 447 3250 518 pulchitudo
3291 450 3481 515 vultus,
3524 452 3601 506 vel
3634 464 3848 516 venustas

647 540 801 610 xxv).
832 538 982 594 Unde
1009 538 1256 609 sequitur
1282 556 1298 595 :
1330 538 1683 611 Discooperiet
1711 551 1922 610 peccata
1949 550 2059 595 tua.
2088 540 2234 607 Quo-

647 644 770 684 rum
799 629 964 698 igitur
992 638 1218 699 peccata
1250 638 1390 685 tecta
1415 646 1519 686 non
1551 630 1787 697 fuerint,
1828 641 1882 687 et
1918 631 2232 702 iniquitates

645 726 890 781 remissre
925 741 1022 796 per
1069 726 1531 791 misericordiam,
1564 727 1809 782 visitabit
1851 742 1946 783 eas
1971 726 2230 782 Dominus

646 829 775 874 tunc
795 828 854 874 ut
876 820 1064 891 puniat
1084 829 1140 875 et
1160 828 1346 890 aperta
1369 820 1528 887 ﬁant;
1553 821 1677 892 quia
1704 819 1948 892 profecto
1973 821 2234 892 patebunt

642 914 825 968 omnia
857 915 908 968 in
939 913 1123 970 futuro
1144 915 1624 986 praevaricatorum
1650 916 1899 981 crimina,
1927 924 1981 970 et
2003 915 2230 972 remissa

641 1014 803 1059 erunt
832 1020 896 1060 ac
936 1005 1109 1061 deleta
1135 1022 1345 1070 eorum.
1389 1008 1480 1078 qui
1506 1009 1742 1078 prresciti
1771 1023 1834 1063 ac
1863 1006 2229 1079 praedestinati

641 1103 768 1149 sunt
805 1098 872 1150 ad
904 1097 1069 1151 vitam
1100 1097 1361 1152 facinora.
1410 1097 1578 1154 Recte
1612 1098 1777 1169 igitur
1809 1099 2007 1154 ibidem
2039 1113 2229 1155 eorum

644 1185 1118 1256 discooperientur
1148 1187 1376 1252 scelera,
1418 1188 1508 1258 qui
1541 1187 1630 1242 hic
1656 1203 1718 1242 ea
1749 1189 2000 1260 detegere
2025 1197 2082 1244 et
2114 1203 2228 1243 ma-

639 1277 900 1334 nifestare
947 1279 1235 1334 noluerunt
1275 1280 1341 1334 ad
1378 1281 1794 1350 pmnitentiam;
1853 1281 2066 1337 illorum
2098 1294 2228 1336 vero

639 1368 732 1438 qui
761 1384 854 1423 sua
885 1371 1214 1426 confitentur
1231 1388 1329 1442 per
1359 1373 1593 1428 lamenta
1622 1384 1677 1427 et
1706 1374 1986 1444 gemitum,
2013 1374 2227 1446 penitus

644 1458 700 1514 in
765 1461 844 1514 eis
886 1478 992 1516 non
1030 1472 1191 1517 erunt
1255 1479 1373 1534 qua:
1428 1475 1727 1536 appareant
1781 1466 2035 1531 omnino,
2099 1466 2227 1536 quia

647 1553 826 1608 deleta
855 1565 909 1607 ct
939 1557 1167 1610 remissa
1199 1565 1358 1612 erunt
1384 1573 1503 1628 quae
1529 1573 1626 1629 per
1668 1557 1881 1630 culpam
1907 1559 2228 1628 delinquen-

638 1652 718 1698 tes
747 1652 1149 1700 contraxerant.
1203 1646 1328 1702 llaéc
1378 1649 1643 1718 siquidem
1687 1649 1839 1718 signa
1882 1658 2008 1704 sunt
2055 1647 2222 1703 futuri

635 1737 925 1802 examinis,
969 1739 1036 1792 ad
1065 1739 1210 1808 quod
1235 1740 1415 1794 omnia
1443 1739 1874 1796 decucurrerunt
1907 1741 2076 1797 divini
2105 1741 2221 1795 elo-

2335 536 2571 603 decoris,
2602 553 2668 593 eo
2696 539 2838 608 quod
2863 554 3116 607 egressus
3147 542 3216 595 sit
3249 557 3278 594 a
3311 541 3414 596 filia
3447 541 3569 598 Sion
3597 548 3750 602 omnis
3769 550 3846 606 de-

2332 643 2432 683 cor
2457 627 2593 698 ejus.
2622 631 2761 698 Quid
2792 632 2990 703 plura?
3014 631 3168 687 Nulla
3218 643 3302 688 est
3327 636 3536 691 vexatio
3554 677 3567 701 ,
3592 638 3747 693 nullus
3772 655 3847 697 ca-

2332 738 2427 779 sus
2467 725 2689 790 animae,
2742 726 2996 798 nullaque
3039 727 3301 784 scelerum
3341 737 3433 783 aut
3473 731 3850 792 adversariorum

2333 817 2553 874 afflictio
2579 819 2724 875 intus
2750 818 2984 885 forisve,
3028 835 3193 890 quam
3227 835 3334 875 non
3390 820 3575 877 defleat
3599 831 3649 877 et
3679 838 3849 881 connu-

2332 917 2532 975 meret;
2578 909 2722 964 nulla
2767 910 2894 965 boni
2928 911 3183 980 privatio,
3211 925 3370 982 quam
3401 927 3502 967 non
3530 920 3717 968 retexat
3746 929 3852 970 mm-

2331 1008 2468 1065 stus,
2496 1015 2601 1055 non
2628 1001 2804 1056 niinus
2832 1001 2884 1055 in
2907 1015 3106 1072 genere
3127 1017 3286 1073 quam
3309 1001 3438 1057 etin
3463 1003 3657 1074 specie;
3686 1012 3750 1068 et,
3771 1006 3852 1061 sio-

2331 1100 2392 1146 ut
2420 1091 2564 1146 nulla
2597 1100 2719 1146 sunt
2759 1101 3078 1149 ornamenta
3111 1093 3370 1148 virtutum
3417 1107 3532 1164 quae
3560 1109 3657 1150 non
3690 1097 3851 1152 amise-

2331 1185 2440 1238 rint
2479 1184 2533 1238 bi
2562 1199 2658 1255 per
2695 1195 2910 1255 partes,
2965 1186 3039 1241 ita
3087 1201 3189 1242 nec
3233 1186 3342 1241 ulla
3385 1195 3471 1242 est
3515 1188 3740 1242 maeroris
3780 1197 3853 1242 aut

2331 1275 2532 1330 doloris
2570 1276 2766 1346 quibus
2807 1293 2912 1331 non
2953 1287 3276 1333 moveantur
3306 1293 3410 1332 vox
3434 1277 3792 1334 lamentationis
3811 1287 3851 1333 et

2329 1365 2691 1440 lacrymarum
2722 1367 2922 1424 ﬂuenta
2957 1389 2968 1423 :
3003 1379 3058 1424 et
3087 1372 3211 1426 dum
3241 1370 3423 1425 varias
3461 1370 3740 1424 intromittit
3767 1380 3853 1426 tam

2325 1459 2473 1529 vulgi
2511 1475 2674 1529 quam
2739 1469 2794 1515 et
2830 1460 3091 1517 nobilium
3132 1476 3416 1532 personas,
3464 1462 3621 1516 variis
3657 1470 3854 1516 movetur

2326 1550 2544 1607 ﬂetibus
2568 1592 2582 1617 ,
2625 1560 2682 1607 et
2709 1551 3033 1608 innovantur
3071 1568 3168 1624 per
3206 1554 3447 1626 singulas
3483 1569 3715 1624 personas
3748 1553 3852 1608 aﬂi-

2327 1644 2534 1700 ctiones
2554 1653 2610 1700 et
2629 1644 2852 1700 fletuum
2877 1647 3233 1702 incrementa.
3251 1647 3320 1702 Et
3339 1647 3475 1702 sicut
3493 1645 3656 1702 nullus
3673 1655 3854 1716 eStprai-

2328 1738 2498 1792 sentis
2526 1738 2650 1793 vita:
2678 1747 2864 1794 reatus
2887 1779 2902 1806 ,
2942 1754 3051 1809 quo
3090 1739 3179 1794 illa
3208 1754 3316 1794 non
3348 1738 3648 1808 deliquerit,
3691 1737 3755 1792 ita
3778 1751 3854 1792 nec

634 1827 748 1897 quii
781 1830 1051 1898 praeconia
1084 1847 1096 1882 :
1133 1833 1274 1900 quod
1308 1846 1406 1901 per
1433 1832 1549 1887 Tau
1586 1833 1821 1889 litteram
1854 1833 1992 1889 bene
2016 1833 2224 1906 signifl-
2252 1811 2300 1896 ,Β
2329 1829 2423 1884 ulli
2460 1829 2638 1893 fletus,
2681 1831 2877 1902 quibus
2907 1831 3010 1886 iste
3039 1847 3146 1887 non
3178 1832 3536 1903 ingemuerit,
3567 1829 3629 1884 ad
3655 1828 3853 1883 ultimum

634 1925 809 1972 catur.
853 1919 966 1974 Tau
998 1935 1234 1990 namque
1275 1923 1426 1993 signa
1474 1925 1892 1995 interpretatur;
1936 1932 2224 1996 propterea

635 2018 690 2064 et
739 2011 853 2064 htec
893 2011 1127 2069 lamenta
1174 2015 1276 2069 sub
1303 2016 1490 2070 eadem
1533 2015 1712 2071 littera
1754 2017 1848 2072 tali
1874 2017 2225 2073 conclusione

635 2101 1086 2159 determinantur.
1119 2106 1200 2162 Ad
1229 2108 1331 2162 hoc
1353 2109 1552 2180 quippe
1590 2111 1960 2166 metuentibus
1986 2126 2044 2166 se
2066 2109 2224 2166 Chri-

631 2199 748 2246 stus
780 2192 925 2247 dedit
961 2194 1383 2265 significationes
1407 2207 1458 2254 et
1493 2200 1669 2270 signa,
1695 2209 1753 2254 ut
1786 2199 2037 2272 fugerent
2065 2217 2097 2255 a
2137 2199 2222 2255 fa-

632 2282 714 2337 cie
739 2298 916 2339 arcus.
936 2284 1042 2340 Sed
1077 2288 1203 2357 quia
1233 2290 1530 2360 praevidere
1561 2292 1784 2359 nolunt,
1807 2293 2021 2365 justum
2055 2301 2142 2349 est
2163 2300 2227 2349 ut

633 2388 700 2428 eo
745 2375 932 2432 durius
980 2376 1269 2446 feriantur,
1303 2397 1410 2451 quo
1441 2382 1634 2439 afacie
1668 2399 1828 2441 arcus
1881 2386 2087 2441 extenti
2134 2384 2221 2440 fu-

632 2482 760 2538 gere
783 2469 1134 2540 neglexerint.
1165 2473 1354 2528 Libeat
1389 2475 1444 2530 in
1473 2476 1624 2532 calce
1650 2478 1784 2532 tanti
1812 2477 2036 2533 [amenti
2067 2494 2224 2534 meno

629 2566 738 2613 tem
784 2559 945 2615 altius
981 2563 1228 2619 attollere
1255 2606 1269 2629 ,
1321 2575 1379 2620 ut
1407 2567 1592 2624 videre
1626 2568 1787 2623 simul
1836 2577 1999 2639 queat
2035 2584 2222 2636 meus,

631 2667 792 2720 quam
818 2656 1077 2723 przecelso
1105 2655 1367 2712 Jeremias
1391 2659 1445 2714 in
1473 2660 1708 2717 culmine
1733 2662 1854 2718 coeli
1881 2663 2222 2730 ascenderet,

631 2744 773 2797 unde
829 2746 1245 2817 contemplando
1284 2749 1508 2805 dilatato
1554 2754 1738 2819 corde,
1790 2761 1938 2809 tanta
1963 2753 2119 2825 quasi
2169 2754 2223 2809 in

631 2836 881 2906 palaestra
910 2837 1068 2905 hujus
1095 2840 1275 2894 saeculi
1295 2843 1694 2910 agonizantium
1721 2845 2034 2900 discrimina
2066 2846 2222 2912 vidit,

634 2927 710 2981 ita
740 2937 796 2983 ut
824 2947 967 2985 nunc
1006 2933 1074 2986 ad
1096 2948 1286 2988 omnes
1312 2936 1639 3006 generaliter
1661 2939 1876 2993 oculum
1908 2941 2106 2994 mentis
2131 2955 2227 2995 ex-

630 3020 847 3075 tendat:
883 3039 1025 3077 nunc
1057 3026 1122 3079 ad
1169 3026 1409 3098 singulos
1454 3028 1762 3085 Judzeorum
1819 3045 1979 3086 casus
2031 3031 2226 3086 deﬂeat

626 3120 680 3167 et
710 3115 925 3176 ruinas,
959 3132 1100 3172 nunc
1132 3118 1390 3175 Ecclesia:
1425 3119 1608 3191 lugeat
1638 3122 1986 3177 detrimenta.
2025 3121 2132 3178 Sed
2164 3132 2219 3178 et

2327 1935 2427 1990 pro
2454 1920 2656 1976 eisdem
2695 1923 2897 1977 nostris
2936 1923 3178 1978 reatibus
3204 1923 3377 1978 Deum
3413 1931 3468 1979 et
3513 1921 3855 1976 Dominumca-

2327 2020 2478 2082 ptum
2506 2021 2560 2067 et
2581 2027 2798 2082 passum
2824 2013 2878 2067 in
2911 2028 3078 2069 carne
3105 2013 3376 2080 insinuat,
3401 2028 3498 2068 nec
3526 2013 3568 2068 si
3593 2021 3748 2066 tamen
3768 2022 3856 2064 on-

2329 2120 2428 2160 nes
2453 2106 2518 2161 de
2549 2115 2723 2162 morte
2750 2107 2956 2163 redisse
2988 2108 3388 2163 immanissime
3417 2106 3613 2172 dolens,
3643 2104 3852 2174 deplorat

2329 2194 2673 2264 Quapropter
2701 2209 2889 2250 eorum
2939 2196 3007 2250 ad
3055 2204 3370 2252 extremum
3417 2196 3506 2265 qui
3551 2193 3784 2249 audierint
3815 2198 3854 2246 et

2329 2289 2577 2344 conversi
2607 2288 2830 2353 fuerint,
2863 2289 3186 2360 completam
3218 2290 3494 2346 malitiam
3526 2297 3579 2345 et
3604 2287 3855 2357 iniquitates

2327 2379 2722 2450 praenuntians,
2757 2379 2954 2451 gaudet
2983 2380 3127 2448 quod
3158 2380 3308 2435 ultra
3357 2396 3462 2435 non
3507 2378 3652 2434 addat
3672 2391 3781 2439 eos,
3809 2382 3855 2428 It

2328 2469 2822 2541 afﬂigatDominus,
2847 2485 3024 2540 neque
3054 2479 3112 2524 ut
3137 2472 3493 2544 transmigret
3517 2471 3578 2525 de
3603 2466 3856 2524 infirmitate

2331 2575 2444 2616 sua:
2469 2561 2719 2626 virtutis;
2759 2561 2853 2615 sed
2877 2568 3041 2616 erunt
3069 2561 3211 2616 sicut
3231 2562 3419 2633 angeli
3445 2561 3499 2616 in
3521 2559 3664 2625 otelo,
3683 2566 3729 2614 et
3763 2569 3854 2611 cum

2327 2652 2545 2709 Christo
2565 2654 2683 2708 sine
2707 2652 2812 2708 line
2838 2655 3156 2725 regnabant.
3184 2654 3394 2710 Eorum
3424 2668 3550 2709 vero
3572 2652 3654 2723 qui
3681 2651 3728 2706 in
3745 2648 3856 2703 vitiis

2327 2755 2382 2803 et
2408 2745 2704 2802 sceleribus
2747 2747 2915 2802 vitam
2969 2746 3231 2813 finierint,
3283 2756 3573 2817 contraque
3603 2749 3787 2799 sanctos
3813 2743 3856 2794 et

2327 2840 2530 2896 electos
2566 2840 2658 2895 Dei
2686 2855 2902 2910 semper
2921 2841 3189 2896 commodi
3218 2842 3296 2896 ad
3323 2841 3572 2896 invidiam
3591 2847 3641 2894 et
3662 2834 3854 2891 fraudem

2329 2933 2558 3002 egerint,
2620 2931 2862 2987 visitabit
2908 2932 3242 3003 iniquitates,
3302 2948 3411 2989 non
3461 2939 3516 2987 ut
3544 2930 3855 2986 relevetetne

2329 3028 2534 3092 mittat,
2567 3026 2662 3080 sed
2689 3034 2748 3080 ut
2773 3025 2963 3096 puniat
2995 3035 3051 3081 et
3079 3026 3413 3082 condemnet
3442 3067 3457 3092 ,
3487 3034 3540 3082 et
3560 3017 3855 3092 discooperill

2331 3127 2494 3188 atque
2545 3118 2759 3189 detegat
2788 3117 2968 3174 omnia
3001 3126 3223 3187 peccata
3253 3132 3473 3173 eorum.
3503 3115 3646 3173 Unde
3666 3110 3852 3184 prudens

631 3220 840 3260 morum
873 3210 1293 3281 uniuscujusque
1321 3190 1514 3268 animae
1537 3215 1784 3284 deplorat
1819 3216 2212 3286 improhitatcs,
2247 3190 2293 3255 C
2325 3211 2515 3278 lector,
2551 3211 2833 3282 diligenter
2873 3211 3167 3280 perpende,
3200 3225 3228 3264 a
3251 3210 3528 3282 principio
3565 3204 3757 3262 lamentl
3781 3202 3854 3256 bu-

633 3307 688 3353 et
725 3300 855 3354 dirae
886 3303 1232 3372 captivitatis,
1259 3303 1375 3374 ejus
1405 3322 1527 3361 cum
1553 3307 1807 3378 lacrymis
1835 3310 2075 3382 depingit
2103 3311 2214 3367 dis-

629 3395 823 3464 pendia
853 3415 865 3450 :
901 3413 1040 3451 nunc
1072 3398 1296 3469 gloriam
1342 3409 1396 3456 et
1440 3401 1631 3456 solium
1657 3414 1950 3459 contuetur
1993 3403 2218 3462 Jerusa-

632 3482 760 3550 lem,
793 3494 956 3557 atque
983 3487 1145 3542 simul
1188 3490 1426 3544 omnium
1458 3490 1752 3547 electorum
1781 3494 1910 3562 Dei;
1945 3512 2089 3550 llllllC
2121 3496 2220 3550 mi-

630 3591 766 3632 serae
800 3580 1080 3636 servitutis
1119 3579 1585 3653 eorum,qnijugo
1614 3585 2000 3640 excruciantur
2027 3587 2220 3642 adven-

627 3670 894 3726 sariorum
913 3688 925 3736 ;
946 3689 1087 3727 nunc
1101 3689 1222 3727 cum
1239 3675 1384 3728 omni
1407 3675 1589 3730 dolore
1610 3677 1791 3732 cordis
1804 3686 2214 3734 commemorat.

628 3763 827 3818 Verum
856 3775 911 3818 et
952 3766 1122 3834 ipsam
1156 3765 1450 3822 Ecclesiam
1483 3768 1751 3840 lugentem
1781 3786 1924 3826 nunc
1952 3786 2039 3835 se,
2075 3785 2219 3826 nunc

623 3874 750 3914 suos
780 3861 1092 3915 introducit.
1119 3859 1359 3916 Vertitur
1377 3878 1507 3935 ergo
1527 3863 1775 3936 planctus
1797 3864 1915 3936 ejus
1945 3864 2216 3922 interdum

625 3955 693 4009 ad
732 3957 930 4010 lliCBllla
959 3956 1218 4023 civitatis,
1251 3968 1305 4013 et
1345 3969 1664 4015 ornamenta
1712 3963 1972 4016 virtutum
1997 4003 2010 4027 ,
2046 3962 2218 4016 inter-

623 4046 750 4099 dum
781 4063 912 4103 vero
940 4046 1007 4101 ad
1054 4052 1366 4104 sacerdotes
1402 4060 1459 4104 et
1499 4050 1788 4120 optimates
1833 4049 2026 4121 plebis,
2072 4049 2216 4120 quod

623 4153 811 4191 eorum
841 4154 906 4192 ex
938 4139 1110 4208 culpis
1141 4156 1246 4194 non
1272 4141 1450 4194 minus
1491 4142 1589 4210 ipsi
1635 4157 1794 4210 quam
1833 4151 2041 4213 etgrex
2072 4143 2213 4214 capti

622 4236 750 4282 sunt
789 4237 951 4298 atque
980 4229 1178 4294 vincti,
1231 4244 1353 4284 cum
1380 4231 1526 4284 omni
1564 4230 1809 4286 faaditate
1861 4233 2068 4302 peccati
2100 4232 2215 4288 loro

623 4321 949 4391 iniquitatis,
977 4338 1078 4377 nec
1102 4339 1206 4378 non
1230 4331 1284 4378 et
1313 4325 1378 4378 ad
1400 4323 1652 4394 parvulos
1675 4333 1729 4379 et
1750 4324 2012 4379 lactentes
2037 4339 2216 4380 sermo

624 4411 875 4482 dirigitur
919 4414 1180 4483 gementis
1203 4455 1217 4480 ,
1247 4429 1312 4469 eo
1347 4415 1490 4486 quod
1535 4414 1679 4468 fame
1729 4415 1927 4484 sitique
1958 4414 2253 4486 extabne-.

625 4501 760 4569 rint,
793 4502 916 4557 dum
946 4503 1123 4560 nullus
1154 4504 1208 4559 in
1237 4505 1394 4575 plebe
1423 4505 1612 4560 doctor
1637 4505 1886 4576 egregius
1917 4503 2210 4569 invenitur,

2321 3307 2410 3378 jus
2437 3307 2581 3376 quod
2603 3305 2860 3376 praemisi,
2885 3305 3010 3375 quia
3039 3305 3093 3359 in
3117 3303 3430 3376 Scripturis
3458 3301 3638 3367 sacris,
3665 3313 3752 3354 non
3773 3289 3852 3350 nisi

2324 3396 2740 3452 lamentationes
2807 3404 2863 3451 et
2919 3411 3140 3451 carmen
3201 3404 3379 3468 atque
3423 3411 3500 3451 va:
3549 3391 3851 3450 inveniuntur.

2323 3489 2564 3556 Quorum
2598 3490 2761 3543 trium
2807 3489 3308 3560 impraesentiarum
3361 3485 3742 3544 lamentationes
3784 3489 3848 3530 rei

2324 3581 2466 3646 lent;
2516 3582 2568 3635 in
2614 3580 2702 3634 illa
2732 3596 2862 3636 vero
2895 3589 3110 3636 :eternae
3149 3581 3283 3636 vitae
3325 3580 3518 3654 patria,
3547 3575 3754 3634 carmina
3776 3569 3853 3640 hy-

2322 3674 2574 3728 muidicis
2616 3671 2931 3743 angelorum
2967 3673 3212 3740 vocibus,
3256 3685 3325 3731 et
3349 3682 3639 3731 sanctorum
3664 3664 3854 3723 omnium

2323 3779 2445 3818 cum
2469 3762 2642 3833 jubilo
2664 3763 3042 3820 exsultationis
3070 3772 3250 3819 erunt.
3295 3764 3434 3821 Hinc
3467 3778 3589 3835 rogo
3617 3755 3856 3815 adhibean-

2325 3863 2415 3910 tur
2454 3855 2508 3910 in
2553 3856 2653 3912 hac
2697 3865 2882 3912 nostra
2920 3857 3368 3929 peregrinatione
3415 3851 3785 3911 lamentationes
3814 3848 3856 3898 et

2322 3953 2598 4026 lacrymae,
2625 3961 2890 4023 quatenus
2920 3951 3026 4007 illic
3057 3951 3108 4007 in
3132 3952 3476 4010 carminibus
3502 3949 3655 4006 Deum
3680 3941 3857 3998 laudare

2322 4045 2592 4116 possimus
2635 4060 2758 4100 cum
2804 4045 3026 4100 sanctis.
3056 4044 3127 4099 At
3152 4059 3290 4099 vero
3326 4061 3464 4116 quos
3508 4043 3592 4099 hic
3625 4030 3854 4112 pmsenlis

2322 4138 2446 4192 vita:
2467 4137 2722 4209 gaudium
2749 4145 2806 4192 et
2830 4136 3018 4192 laetitia
3043 4136 3346 4192 extulerint
3371 4136 3439 4193 ad
3464 4133 3650 4192 inania,
3681 4127 3774 4183 illic
3794 4129 3854 4175 vat

2320 4239 2638 4300 perpetuum
2666 4229 2772 4283 erit
2798 4247 2810 4282 :
2841 4244 3073 4299 quorum
3114 4227 3439 4298 iniquitates
3473 4211 3855 4281 visitabunturin

2322 4322 2402 4375 ira
2431 4320 2631 4375 furoris
2658 4319 2776 4387 Dei,
2804 4336 2911 4376 non
2950 4328 3011 4375 ut
3047 4319 3314 4376 finiantur
3355 4329 3410 4376 et
3444 4320 3611 4375 luctus
3634 4316 3783 4370 cesset
3810 4307 3857 4358 Ill

2321 4414 2686 4484 requiescant,
2741 4413 2838 4469 sed
2887 4413 3067 4468 acrius
3113 4411 3248 4468 ultio
3280 4420 3344 4468 ut
3382 4413 3676 4472 innovetur,
3710 4409 3854 4469 ειριι·

2323 4506 2543 4560 niantur
2570 4521 2760 4562 eorum
2800 4505 2917 4562 sine
2966 4505 3072 4560 fine
3116 4505 3351 4573 delicta,
3397 4505 3488 4576 qui
3516 4502 3602 4560 hic
3640 4497 3742 4555 sine
3775 4490 3860 4547 ﬁne

624 4596 864 4665 virgines
885 4613 1103 4668 quoque
1128 4599 1244 4669 ejus
1273 4611 1326 4655 et
1359 4601 1702 4656 continentes
1730 4599 1986 4669 squalidae
2023 4600 2210 4670 deplo-
2243 4581 2296 4642 Ῐ)
2326 4615 2554 4672 peccare
2583 4601 2964 4666 decreverunt,
2994 4598 3041 4654 si
3070 4596 3338 4655 licuisset.

581 4748 584 4750 γ
621 4698 850 4762 rantur,
887 4692 1016 4762 quia
1045 4692 1100 4748 id
1131 4692 1210 4748 eis
1248 4693 1319 4748 ob
1348 4693 1584 4748 inediam
1615 4694 1766 4749 verbi
1798 4693 1892 4748 Dei
1931 4691 2109 4747 nullus
2138 4691 2219 4746 vi-

632 4796 3858 4842 __.__________________________.

1766 4936 2184 4998 PROLOGUS
2225 4935 2440 4998 LIBRI
2487 4933 2785 5007 QUINTI.

703 5151 914 5223 1527
938 5147 1170 5217 Quintus
1201 5149 1364 5222 igitur
1389 5148 1526 5205 liber
1572 5164 1678 5206 non
1725 5149 1914 5207 eadem
1965 5151 2082 5222 lege
2130 5153 2216 5206 est

625 5244 834 5306 editus,
871 5257 976 5310 qua
1024 5241 1287 5312 praemissi
1326 5250 1557 5311 quatuor
1590 5260 1602 5296 :
1639 5242 1734 5297 sed
1772 5257 1961 5297 eorum
1995 5239 2215 5296 conclu-

626 5336 706 5388 sio
733 5333 784 5386 in
814 5333 916 5386 hoc
948 5347 1054 5386 uno
1079 5332 1488 5404 recapitulatur,
1515 5333 1631 5404 lege
1655 5333 1960 5399 rhetorum,
1987 5333 2078 5403 qui
2113 5332 2214 5388 sub

629 5424 842 5495 epilogo
867 5425 918 5478 in
950 5424 1052 5479 fine
1076 5425 1404 5480 concludunt
1423 5433 1477 5480 et
1505 5425 1870 5480 determinant
1891 5439 1954 5480 ac
1975 5425 2217 5480 ditiume-

587 5571 598 5580 ,
632 5527 754 5573 rant
793 5518 1030 5589 singulas
1082 5533 1170 5571 res
1221 5518 1476 5580 breviter,
1515 5532 1648 5586 quas
1687 5517 1998 5588 attigerant.
2039 5517 2220 5589 Agunt

630 5613 774 5667 enim
799 5612 901 5666 hoc
929 5609 1308 5665 reminiscendi
1353 5625 1516 5665 causa
1536 5651 1550 5675 ,
1580 5610 1706 5663 dum
1743 5625 1830 5664 res
1859 5610 2135 5680 dispersas
2163 5617 2220 5665 et

631 5701 855 5757 diffusas
880 5717 987 5756 uno
1015 5701 1134 5757 loco
1177 5702 1328 5771 quasi
1375 5702 1475 5756 sub
1510 5713 1728 5772 aspectu
1771 5700 2061 5772 subjiciunt
2088 5718 2208 5758 cono

629 5795 924 5870 querendo,
955 5802 1013 5848 ut
1033 5793 1452 5868 indignationem
1482 5794 1565 5850 vel
1593 5795 1934 5852 clementiam
1967 5803 2218 5854 moveant

2322 5147 2395 5218 pii
2420 5144 2640 5217 judicis.
2658 5143 3016 5201 Clementiam
3040 5141 3247 5200 scilicet
3274 5141 3329 5198 in
3360 5155 3420 5198 se
3442 5137 3603 5196 autin
3633 5143 3742 5190 suos
3765 5119 3858 5218 :itr

2325 5215 2690 5314 dignationem
2757 5252 2888 5294 vero
2933 5244 3120 5294 contra
3171 5235 3400 5301 hostes;
3443 5239 3694 5304 quatenus
3728 5215 3859 5290 illd“

2325 5336 2544 5406 gravius
2589 5333 2714 5389 odio
2760 5331 3084 5395 concitetur,
3128 5336 3182 5386 et
3211 5328 3474 5385 offensam
3513 5317 3771 5406 contrahat
3807 5317 3858 5361 εἰ

2325 5403 2412 5481 his
2442 5427 2602 5481 rebus
2647 5439 2766 5494 quae
2794 5424 3044 5494 personis
3076 5431 3171 5476 aut
3201 5419 3432 5492 negotiis
3453 5423 3577 5472 sunt
3611 5403 3855 5505 attributi.

2322 5516 2402 5570 Ad
2419 5518 2519 5571 hoc
2544 5517 2740 5586 quippe
2757 5515 2988 5569 maxime
3010 5512 3324 5583 conquestio
3350 5510 3514 5573 valet,
3531 5499 3877 5586 utmiseriCOTf-

2323 5607 2466 5661 diam
2493 5585 2692 5676 judicia
2713 5607 2984 5676 imploret,
3001 5613 3054 5660 et
3082 5603 3342 5659 auditoris
3366 5601 3599 5655 animum
3627 5590 3787 5647 mitem
3809 5585 3858 5676 ες

2323 5675 2730 5755 misericordem
2747 5675 2927 5753 faciat.
2942 5697 3105 5768 Cujus
3128 5697 3306 5767 itaque
3328 5693 3533 5763 primus
3552 5675 3859 5776 locusest.pr

2323 5805 2487 5866 quem
2510 5793 2706 5874 quibus
2729 5791 2784 5850 in
2799 5790 2955 5850 bonis
2971 5790 3192 5865 fuerint,
3209 5798 3262 5848 et
3276 5801 3418 5845 nunc
3430 5797 3526 5864 per
3539 5789 3686 5861 quem
3701 5761 3862 5850 quam
