4078 6348
289 351 427 409 1%?

284 461 345 517 in
386 462 547 515 malis
597 467 746 523 smt,
796 476 917 514 cunt
976 462 1175 518 dicitur
1223 482 1237 518 :

282 536 453 608 ctum.
487 552 559 606 sit
594 551 753 606 nobis
806 550 891 606 vel
931 552 1061 620 quid
1092 554 1360 608 accident.
1416 555 1760 622 Hereditas,
1809 558 1888 611 in—

280 647 427 718 quit,
445 657 623 699 nostra
644 660 791 698 versa
812 655 884 698 est
908 644 978 699 ad
1005 645 1221 700 alienos.
1247 648 1500 718 Deplorat
1520 649 1683 720 igitur
1703 654 1887 706 coram

285 734 711 792 clementissimo
732 734 919 805 judice
941 736 1122 790 omnia
1147 748 1332 791 eorum
1360 730 1699 796 incommoda
1722 781 1737 806 ,
1768 748 1886 796 rest-

283 843 394 898 que
425 835 609 896 turpes
635 834 693 880 et
719 824 952 880 humiles
983 825 1087 881 sibi
1119 827 1411 895 accidisse,
1439 838 1495 884 et
1522 831 1700 885 omnia
1731 830 1887 901 quasi

284 928 416 972 a:.te
453 915 641 972 oculos
680 914 957 987 sigillatim
1006 917 1273 986 apponit;
1327 926 1386 971 ut
1426 919 1714 975 videantur
1767 934 1888 990 qua:

283 1017 487 1064 oratter
516 1022 669 1079 spem
688 1008 770 1064 eis
799 1010 1094 1080 contigisse
1132 1009 1297 1076 dolet,
1328 1019 1385 1065 et
1411 1012 1480 1066 ad
1500 1022 1755 1078 summas
1787 1014 1883 1069 mi-

285 1104 462 1160 serias
484 1103 765 1159 devolutos
792 1116 853 1159 se
899 1118 1136 1174 suosque
1157 1113 1586 1171 commemorat,
1618 1121 1789 1173 more,
1823 1110 1884 1164 tit

284 1198 420 1264 dixi,
443 1207 746 1253 oratorum.
789 1194 943 1253 Unde
963 1198 1009 1253 si
1041 1198 1113 1253 ibi
1136 1197 1274 1254 bene
1300 1199 1672 1270 perpenditur,
1717 1201 1887 1273 magis

284 1289 533 1345 invenies
561 1304 627 1344 ex
661 1288 865 1347 nostris
919 1291 1135 1346 easdem
1180 1290 1431 1361 loquendi
1458 1302 1604 1347 artes
1629 1305 1885 1364 progres-

285 1396 411 1448 sas,
452 1396 617 1452 quam
654 1397 719 1439 ex
762 1397 952 1438 eorum
999 1383 1301 1453 disciplinis
1348 1392 1563 1439 nostros
1606 1385 1735 1438 talia
1768 1398 1886 1437 mu-

284 1480 489 1529 tuasse.
532 1474 666 1542 Qua:
703 1472 898 1530 melius
938 1487 1035 1544 per
1074 1474 1283 1545 singula
1328 1466 1583 1545 inspicies
1611 1475 1807 1539 verba,
1836 1474 1885 1530 si

284 1569 645 1625 intentionem
687 1576 745 1624 et
766 1562 1023 1624 allectum
1068 1568 1348 1639 prophetae
1392 1568 1705 1623 consideres
1731 1608 1746 1633 ,
1791 1566 1884 1638 qui

284 1659 429 1715 celsa
470 1659 526 1714 in
553 1659 747 1730 spiritu
788 1658 999 1715 levatus
1029 1673 1194 1725 arce,
1238 1673 1345 1714 non
1373 1673 1502 1714 suas
1549 1671 1885 1727 suorumque

285 1752 666 1807 tantummodo
707 1749 900 1818 deflet,
946 1765 1107 1822 quam
1145 1750 1311 1806 etiam
1352 1747 1655 1821 prophetali
1706 1747 1884 1820 gratia

1014 352 1378 411 EXPOSITIO
1416 354 1483 408 IN
1523 355 2101 412 LAMENTATIONES
2140 348 2479 413 JEREMME.
2506 387 2573 396 -——
2598 350 2722 409 Lill.
2771 356 2829 411 Υ.

3433 361 3576 419 ηδε

1296 464 1565 520 Memento
1622 466 1751 536 quid
1806 466 1882 520 fa-
1912 473 1961 529 Α
1990 469 2133 522 niam
2149 469 2739 537 suntutristluetristrs
2768 470 3019 539 itit'i'ytti.t:
3049 484 3378 527 t‘t‘ltttilllli‘t'S.
3398 473 3581 531 Poeni-

1988 572 2164 617 tcntes
2185 578 2313 616 veto
2331 568 2430 629 pro
2443 563 2556 617 suis
2578 570 2769 631 rogant
2788 565 3024 632 peccatis
3047 570 3134 617 aut
3153 580 3250 634 pro
3265 567 3582 625 excessibus

1989 655 2238 720 aliorum,
2270 662 2330 708 ut
2356 653 2621 709 Dominus
2647 654 2838 710 delicta
2860 656 3103 727 ignoscat
3128 656 3576 728 delinquentium,

1990 764 2059 805 ne
2081 751 2268 821 puniat
2290 757 2469 806 errata
2496 750 2762 805 malorum
2786 767 2909 805 cunt
2933 751 3161 822 jndicat.
3191 751 3582 811 Lautentantes

1987 860 2118 916 ergo
2149 853 2293 911 sunt,
2328 844 2419 915 qui
2452 844 2677 915 pietatis
2724 843 2921 900 intuitu
2955 844 3097 900 celsa
3158 856 3339 902 mente
3384 842 3581 902 dcilcrit

1990 934 2209 1008 1528
2219 936 2501 993 civitatum
2516 937 2723 1003 ruinas,
2748 936 2959 993 excidia
2975 938 3184 1007 patriaa,
3210 937 3582 1009 depopulatio-

1987 1044 2085 1086 nes
2105 1042 2157 1085 ct
2173 1031 2472 1094 vastitates,
2493 1038 2592 1087 nec
2615 1044 2719 1087 non
2741 1041 2796 1087 et
2818 1032 3093 1087 interitum
3108 1047 3328 1087 suorum
3353 1028 3572 1098 civium,

1988 1123 2130 1177 inter
2161 1136 2280 1191 qum
2310 1130 2706 1178 comtumerant
2734 1138 2855 1193 qua:
2871 1120 2983 1191 jam
3011 1123 3157 1194 passi
3188 1131 3279 1178 aut
3300 1128 3581 1195 certepas-

1986 1217 2099 1269 suri
2133 1223 2258 1270 sunt
2281 1215 2817 1281 variis'm'nciatibus,
2841 1223 2898 1270 et
2925 1214 3580 1274 contumeliisinnumeris

1988 1303 2164 1374 (Rom.
2203 1305 2322 1378 xu).
2355 1304 2509 1361 Unde
2536 1312 2717 1361 monet
2746 1306 3056 1377 Apostolus,
3086 1304 3408 1362 charitatem
3455 1318 3580 1378 pro-

1986 1395 2119 1451 ximi
2176 1398 2530 1468 perSuadens,
2563 1397 2800 1469 gaudere
2848 1413 2971 1453 cum
3019 1398 3396 1469 gaudentibus,
3449 1397 3580 1455 ﬂere

1987 1504 2111 1544 cum
2138 1488 2409 1544 ﬂentibus.
2436 1488 2507 1543 Et
2527 1491 2653 1559 quia
2681 1488 2771 1543 hic
2795 1494 2879 1544 est
2907 1480 3138 1543 fratrum
3174 1496 3406 1553 amator,
3442 1480 3580 1546 teste

1986 1580 2200 1652 angelo,
2228 1579 2320 1648 qui
2350 1566 2577 1635 multum
2625 1586 2748 1635 orat
2772 1592 2872 1649 pro
2902 1577 3102 1649 populo
3146 1585 3202 1633 et
3228 1592 3329 1648 pro
3356 1577 3580 1634 civitate

1986 1679 2176 1725 sancta
2224 1670 2319 1726 Del
2351 1668 2674 1737 Jerusalem,
2708 1669 2905 1726 merito
2938 1668 3418 1728 lamentationibus
3467 1664 3581 1726 suib

1986 1760 2156 1815 vincit
2181 1760 2423 1815 omnium
2456 1746 2903 1815 lamentationum
2934 1760 3171 1816 lamenta
3201 1778 3214 1815 :
3248 1768 3302 1816 et
3346 1759 3459 1817 suis
3488 1758 3580 1837 tle5

284 1824 1876 1919 singulorumsingulasaetqumomniumsummoﬁaliuut;
1906 1832 1955 1896 B
1986 1851 2129 1905 tutus
2157 1856 2421 1921 provocat
2464 1865 2678 1917 omnes,
2717 1858 2777 1907 ut
2807 1851 2971 1908 simul
3002 1850 3235 1909 deﬂeant
3265 1852 3433 1911 totius
3476 1832 3578 1909 sas-

282 1935 438 2004 quasi
466 1934 569 1990 sub
589 1949 812 1991 suorum
829 1936 1013 2006 specie
1036 1935 1282 2007 deplorat
1306 1936 1513 1991 ruinas.
1538 1930 1658 1990 Hoc
1678 1933 1878 2005 quippe

283 2025 493 2084 distare
514 2028 731 2085 videtur
752 2028 896 2086 inter
915 2029 1246 2102 ptenitentes
1264 2036 1317 2085 et
1335 2024 1717 2096 lamentantes,
1743 2039 1879 2097 quoi

1986 1943 2098 2000 culi
2138 1942 2329 2000 ruinas
2351 1953 2407 1999 et
2440 1950 2688 2015 peccata.
3560 1958 3561 1963 π

1769 2196 3563 2231 m

1517 2337 1821 2421 LIBER
1895 2320 2398 2431 QUINTUS.

1820 2492 2035 2509 -φ

359 2578 657 2635 Recordare
680 2578 808 2651 quid
837 2577 1089 2634 acciderit
1109 2578 1279 2645 nobis,
1304 2576 1413 2644 vel,
1440 2577 1584 2634 sicut
1604 2575 1693 2632 alii
1716 2575 1873 2633 codi-

283 2682 381 2730 ces
404 2672 608 2729 habent
633 2686 648 2727 :
684 2670 976 2736 Memento,
1018 2670 1273 2738 Domine,
1301 2668 1427 2743 quid
1452 2669 1651 2741 factum
1684 2668 1752 2723 sit
1776 2684 1877 2723 no.

286 2754 387 2820 bis.
420 2762 574 2832 Quod
604 2776 735 2819 sane
756 2762 1053 2820 lamentum
1082 2762 1223 2820 miro
1244 2763 1404 2820 modo
1430 2761 1700 2818 canticum
1724 2759 1877 2816 lere-

286 2857 415 2915 mia:
447 2856 750 2930 appellatur
777 2857 895 2928 ejus
920 2858 1180 2913 vaticinio
1220 2857 1568 2913 decantatum
1598 2870 1614 2922 δ
1651 2866 1880 2926 praeser-

290 2947 390 3002 tim
421 2962 546 3021 eum
575 2948 951 3020 captivitatem
982 2947 1161 3019 gentis
1197 2962 1309 3004 sua:
1337 2955 1394 3002 et
1420 2944 1685 3018 plurimas
1708 2940 1875 2998 mise-

285 3035 402 3092 rias
428 3037 673 3108 deplorct
718 3052 855 3109 quas
881 3037 960 3094 eis
983 3036 1311 3111 Babylonius
1336 3044 1602 3109 tyrannus
1626 3031 1874 3105 ingessit.-

1985 2572 2303 2630 delictoruni
2334 2586 2401 2626 ex
2429 2570 2630 2627 causis.
2667 2569 2784 2628 Hoc
2811 2570 3012 2644 quippe
3036 2579 3122 2629 est
3145 2573 3344 2631 intueri
3377 2573 3461 2632 vel
3487 2588 3577 2634 re.

1986 2666 2214 2735 spicere,
2260 2663 2406 2735 quod
2448 2663 2614 2720 etiam
2661 2664 2867 2721 videre.
2922 2662 3031 2721 Sed
3076 2666 3294 2723 iteratio
3344 2669 3577 2738 orantis,

1986 2753 2331 2814 amictionem
2369 2756 2455 2813 vel
2501 2756 2857 2814 intentionem
2897 2757 3136 2814 ostendit
3173 2760 3373 2825 cordis.
3423 2759 3580 2817 Unde

1988 2850 2079 2906 isti
2119 2850 2375 2907 versiculi
2423 2860 2549 2907 cum
2592 2849 2789 2907 allecto
2836 2860 2964 2907 sunt
3003 2851 3239 2909 dolentis
3280 2854 3576 2927 reiegendi.

1987 2941 2159 2998 Porro
2205 2943 2557 3015 opprobrium
2601 2948 2789 2999 eorum
2842 2950 2963 2999 erat
3011 2959 3143 3015 gens
3192 2952 3304 3000 tam
3355 2953 3577 3013 sancta,

1983 3043 2204 3113 tamque
2227 3034 2450 3108 inclyta,
2479 3034 2609 3090 olim
2638 3035 2916 3092 miraculis
2941 3036 3261 3108 prmdicata,
3285 3046 3341 3094 et
3378 3037 3475 3094 Dei
3513 3037 3581 3093 il-'

287 3125 447 3184 Unde
472 3107 687 3185 constat
730 3107 873 3200 quod
916 3136 973 3187 et
1018 3107 1255 3185 lamenta
1306 3107 1549 3184 carmina
1595 3132 1747 3182 recte
1775 3121 1883 3180 dici
1908 3107 1955 3173 Ο
1986 3107 2215 3184 lustrata
2249 3107 2561 3200 praesentia,
2598 3129 2667 3182 ad
2696 3133 2909 3184 tantum
2936 3107 3222 3186 devenisse
3246 3129 3582 3186 discriminis

286 3229 519 3292 possunt
551 3237 571 3289 ;
602 3221 729 3292 quia
766 3220 1255 3299 lmprresentiarum
1288 3220 1430 3277 sicut
1456 3219 1603 3275 nulla
1634 3218 1743 3275 line
1776 3216 1883 3273 ml-

286 3312 451 3369 seriis
478 3311 640 3384 plena
668 3308 796 3370 sunt
821 3310 1049 3387 gaudia,
1082 3313 1157 3368 ita
1204 3312 1323 3368 sine
1365 3311 1619 3367 lamentis
1647 3309 1738 3365 vix
1788 3314 1885 3364 aut

286 3401 437 3459 nulla
482 3403 837 3461 inveniuntur
861 3403 1099 3461 cantica.
1150 3403 1363 3461 idcirco
1408 3412 1559 3459 recte
1606 3401 1885 3457 canticum

288 3493 394 3551 hoc
420 3493 904 3554 lamentationibus
931 3494 1139 3553 ultimis
1159 3495 1340 3567 iunxit
1360 3536 1376 3562 ,
1401 3493 1616 3551 Demini
1650 3500 1885 3564 poscens

286 3588 653 3656 clementiam,
681 3595 743 3646 ut
780 3587 945 3648 ﬁnem
974 3591 1134 3648 malis
1158 3590 1479 3663 imponeret.
1513 3588 1667 3658 Quod
1697 3592 1883 3643 tamen

285 3681 627 3738 monasticus
646 3696 782 3740 usus
813 3676 955 3740 bene
992 3682 1201 3740 invenit
1243 3680 1575 3756 psalmorum
1602 3692 1756 3737 more
1782 3681 1883 3735 (te-'-

286 3773 504 3854 cantari
532 3772 757 3841 debere,
808 3768 1060 3846 quamvis
1088 3775 1287 3832 cantici
1311 3772 1636 3832 vocabulum
1677 3773 1746 3829 ab
1787 3774 1883 3830 e64

286 3858 410 3920 dem
443 3862 713 3936 accipere,
742 3858 908 3923 nullis
935 3862 1269 3937 przehotetur
1296 3856 1470 3922 titulis
1498 3863 1719 3931 debere,
1744 3872 1885 3935 quo;

286 3952 434 4007 niam
465 3952 807 4012 solummodo
832 3956 1044 4013 cantica
1062 3958 1115 4012 in
1141 3954 1228 4012 illa
1267 3956 1473 4013 cmiesti
1489 3953 1620 4012 Sion
1644 3955 1836 4011 decent
1860 3970 1877 4022 ;

286 4042 709 4103 lamentationes
748 4058 904 4116 vero,
930 4047 985 4105 in
1030 4050 1132 4105 hac
1163 4060 1350 4105 nostra
1390 4048 1879 4122 peregrinatione:

286 4135 506 4193 mixtim
524 4142 664 4217 vero
691 4139 847 4213 quasi
876 4141 931 4196 in
961 4140 1259 4199 meditullio
1280 4185 1294 4210 ,
1325 4152 1615 4215 antequam
1644 4143 1774 4201 illud
1800 4150 1886 4200 va:
1915 4150 1919 4154 '

286 4226 540 4285 ultimum
570 4233 945 4305 perveniatur,
967 4228 1092 4305 jure
1131 4231 1371 4289 lamenta
1422 4232 1757 4291 carminibus
1799 4238 1883 4290 at-

286 4334 396 4392 que
418 4322 665 4379 carmina
685 4322 902 4382 ﬂetibus
923 4325 1346 4398 permiscentur,
1376 4324 1467 4383 ubi
1488 4334 1544 4384 et
1563 4326 1705 4382 mala
1727 4326 1883 4400 plan—

289 4414 518 4483 guntur,
563 4416 620 4473 et
646 4416 701 4473 in
726 4420 821 4489 spe
848 4416 1044 4488 gaudia
1076 4432 1200 4473 cum
1224 4418 1329 4475 title
1355 4419 1719 4475 celebrantur.
1745 4413 1885 4474 Nam

1982 3222 2211 3278 exitium
2266 3218 2364 3278 Del
2406 3221 2555 3294 justo
2587 3217 2812 3290 judicio,
2852 3221 2921 3278 ob
2967 3220 3365 3278 immanitatem
3406 3222 3579 3279 scele-

1984 3328 2129 3370 rum.
2174 3314 2349 3370 Aliter
2390 3328 2524 3371 vero
2570 3322 2875 3386 martyrum
2917 3326 3022 3371 vox
3053 3327 3174 3371 esse
3215 3321 3577 3385 monstratur,

1982 3406 2073 3477 qui
2099 3406 2276 3478 poenis
2300 3404 2482 3460 aﬂicti
2507 3414 2563 3461 et
2583 3405 2914 3462 cruciatibus
2936 3404 3188 3476 subjecti,
3216 3405 3328 3463 Deo
3349 3406 3579 3464 dicunt:

1984 3496 2269 3563 Memento,
2304 3496 2546 3564 Domine,
2573 3498 2701 3565 quid
2729 3499 2930 3569 factum
2966 3500 3033 3555 sit
3059 3500 3227 3557 nobis.
3265 3498 3403 3557 Dum
3430 3502 3578 3559 enim

1981 3588 2474 3658 itepraesentiarum
2506 3602 2616 3643 non
2652 3587 2938 3645 ulciscitur
2976 3598 3033 3646 et
3057 3591 3332 3662 patienter
3372 3593 3581 3665 patitur

1981 3689 2362 3755 persecutores
2401 3686 2716 3739 sanctorum
2755 3684 3020 3756 grassari,
3049 3684 3450 3755 quodammodo
3480 3682 3580 3744 ob-

1980 3775 2248 3832 liviscitnr
2277 3790 2293 3831 :
2325 3773 2535 3831 idcirco
2565 3774 2843 3832 recordari
2868 3786 3149 3844 exoratur,
3176 3777 3336 3835 sicuti
3362 3778 3455 3836 ille
3476 3778 3574 3851 qui

1981 3867 2406 3941 lacrymabiliter
2432 3867 2806 3950 proclamabat
2839 3887 2852 3924 :
2886 3866 3187 3943 Usquequo,
3214 3868 3461 3936 Domine,
3485 3869 3578 3925 οι-

1960 3944 2232 4016 Ἰίυἰεεεήτ
2254 3976 2338 4016 me
2355 3960 2411 4015 in
2433 3944 2590 4031 ﬁnem
2616 3944 2790 4034 (Paul.
2822 3960 3137 4036 xu);atque
3158 3962 3354 4017 iterum
3381 3979 3395 4016 :
3430 3958 3581 4017 Obli-

1982 4050 2195 4107 tiisccris
2222 4051 2413 4123 inopia:
2435 4059 2652 4119 nostris,
2678 4060 2730 4107 et
2752 4052 3108 4108 tribulationis
3139 4052 3375 4109 nostris!
3399 4050 3576 4126 (Psal;

1981 4143 2162 4215 ιιιιι).
2201 4141 2337 4200 Cum
2376 4151 2558 4200 autem
2596 4141 2915 4200 recordatus
2952 4142 3139 4211 fuerit,
3169 4158 3271 4199 nos
3300 4159 3517 4216 quoque
3546 4159 3578 4201 a

1983 4233 2254 4308 pressuris
2283 4234 2723 4309 persequentium
2748 4233 3041 4301 liberabit,
3079 4235 3207 4307 quia
3239 4233 3580 4291 solummodo

1985 4322 2321 4398 indulgentia
2367 4324 2507 4401 eius,
2533 4324 2787 4382 liberatio
2815 4326 2940 4380 erit.
2994 4323 3272 4382 Liberatio
3307 4340 3439 4382 vero
3474 4316 3585 4383 no-'

1986 4425 2119 4483 stra,
2152 4417 2340 4488 utique
2365 4415 2499 4471 uitio
2526 4417 2970 4491 persequentium
2996 4425 3275 4489 sequetur.
3330 4416 3578 4474 eredi—

288 4518 417 4561 cum
452 4507 625 4563 dicit:
658 4506 979 4577 Recordare,
1009 4507 1258 4578 Domine,
1280 4521 1329 4567 ει
1352 4512 1467 4567 vide
1481 4513 1607 4584 quid
1629 4513 1883 4568 acciderit
1908 4499 1961 4560 D
1987 4516 2073 4563 ηε
2096 4517 2279 4562 nostra
2304 4520 2453 4562 versa
2483 4514 2559 4561 est
2585 4504 2656 4559 ad
2680 4505 2880 4562 alienos
2909 4521 2929 4561 :
2958 4506 3147 4562 domus
3176 4516 3369 4563 nostra:
3389 4508 3458 4563 ad
3480 4525 3575 4564 ea:-

290 4597 465 4664 riobis,
479 4608 526 4654 et
542 4601 766 4669 intuere,
779 4611 828 4656 et
839 4602 1034 4674 respice
1049 4604 1382 4675 opprobrium
1397 4616 1658 4672 nostrum,
1685 4604 1883 4662 barba-

288 4702 409 4743 ram
423 4688 666 4746 historite
676 4691 1044 4764 captivitatem
1059 4692 1597 4767 deﬂet,miseriasque
1612 4708 1747 4768 quas
1760 4712 1885 4768 per;

290 4779 563 4863 tulltgens
576 4781 667 4863 illa
680 4784 878 4856 ingerit
897 4787 1204 4858 aspectibus
1228 4786 1502 4844 Creatoris
1521 4805 1534 4857 ;
1560 4789 1682 4860 plus
1702 4794 1883 4845 tamen

296 4860 517 4944 1529
549 4862 710 4946 quain
760 4872 1035 4935 rhetorica
1077 4878 1362 4951 disciplina
1416 4881 1565 4937 omni
1613 4896 1681 4937 ex
1722 4889 1885 4952 parte

289 4965 558 5035 propheta
598 4968 923 5024 sententiam
960 4982 1112 5026 suam
1148 4979 1457 5042 temperat,
1489 4988 1598 5029 non
1638 4981 1697 5029 ut
1721 4982 1885 5045 exag-

291 5062 515 5126 geretur
535 5055 720 5113 odium
744 5057 947 5129 judicis
972 5069 1162 5117 contra
1191 5062 1550 5131 adversarios,
1574 5060 1669 5120 sed
1699 5074 1760 5120 ut
1777 5062 1884 5120 cie-

290 5146 553 5201 mentiam
580 5146 828 5219 imploret
851 5166 951 5222 pro
976 5151 1091 5207 suis
1115 5150 1270 5209 factis
1294 5164 1348 5209 et
1367 5152 1703 5210 criminibus.
1730 5152 1887 5214 Unde
1908 5194 1913 5201 -

292 5242 402 5293 non
423 5238 590 5296 dixit:
610 5238 900 5308 Memento,
920 5242 1167 5310 Domine,
1184 5242 1527 5300 inimicorum
1546 5252 1880 5315 nostrorum,

291 5335 349 5383 nt
369 5330 487 5386 suis
508 5329 670 5404 digna
690 5329 848 5389 factis
871 5332 1170 5400 exsolvant,
1187 5333 1278 5388 sed
1300 5335 1575 5392 recordare
1594 5336 1723 5408 quid
1744 5336 1885 5392 acci-

292 5419 428 5477 derit
461 5424 628 5479 nobis.
649 5422 727 5480 Ac
754 5424 799 5480 si
824 5433 1074 5495 patenter
1102 5422 1304 5481 diceret
1341 5442 1352 5479 :
1384 5423 1765 5483 Reminiscens
1788 5442 1884 5483 au-

293 5510 443 5571 feras
464 5512 605 5570 maia
633 5531 753 5587 quae
780 5517 1050 5589 patimur,
1073 5516 1369 5573 factoribus
1397 5526 1577 5575 autem
1607 5518 1881 5591 ignoscas.

293 5598 402 5661 Ubi
433 5620 569 5663 cum
612 5607 744 5666 dicit
779 5609 911 5681 quid
947 5609 1198 5664 acciderit
1248 5609 1330 5666 vel
1384 5611 1510 5682 quid
1555 5610 1759 5668 factum
1812 5613 1885 5669 sit

294 5688 807 5773 nobis,'disthigui't
849 5699 992 5756 mala
1040 5715 1160 5771 quae
1200 5701 1524 5773 perferimus
1562 5720 1592 5759 a
1632 5712 1869 5775 natura;

297 5788 559 5870 quoniam
602 5802 713 5849 non
756 5790 1024 5851 naturalia
1066 5799 1212 5866 sunt,
1242 5793 1338 5852 sed
1366 5795 1669 5855 accidentia
1698 5795 1883 5855 multis

1931 5878 1985 5885 -.._

1986 4604 2215 4650 truncos.
2272 4593 2818 4652 Connumerat-mala
2863 4608 2963 4667 per
3002 4604 3187 4667 partes
3219 4612 3341 4669 quae
3368 4598 3580 4655 acCide-

1985 4694 2131 4753 rant,
2160 4680 2378 4758 quando
2404 4687 2635 4758 populus
2662 4693 3069 4758 transportatus
3096 4688 3155 4744 in
3181 4688 3574 4759 captivitatem,

1986 4777 2145 4834 alieni
2174 4776 2535 4848 possederant
2565 4786 2766 4833 terram
2793 4794 2808 4847 ;
2842 4787 2899 4834 et
2924 4793 3048 4851 qua:
3070 4773 3249 4838 meret
3287 4780 3580 4837 haereditas

1984 4867 2190 4941 populi,
2222 4867 2368 4923 facta
2390 4876 2476 4924 est
2512 4869 2787 4939 possessio
2823 4860 3146 4942 pradatoris
3169 4878 3235 4927 ac
3258 4870 3575 4928 vastatoris.

1985 4961 2184 5033 Tangit
2205 4961 2371 5017 etiam
2401 4962 2814 5035 praerogativam
2842 4963 3086 5030 Patrum,
3114 4968 3172 5020 et
3195 4964 3576 5020 auctoritatem

1986 5052 2182 5110 divina:
2218 5052 2535 5128 largitatis:
2566 5054 2720 5127 cuius
2738 5056 2966 5114 obtenta
3010 5056 3239 5113 deiectis
3299 5056 3585 5137 gentibus,

1985 5146 2128 5203 facta
2155 5154 2242 5202 est
2267 5144 2557 5206 increditas
2581 5160 2796 5215 eorum,
2825 5148 3082 5221 idemque
3107 5147 3342 5222 pupulus
3371 5164 3498 5220 pars
3520 5155 3578 5204 et

1984 5240 2257 5313 possessio
2279 5239 2373 5297 Dei
2388 5258 2404 5309 ;
2444 5255 2678 5313 quorum
2702 5242 3003 5299 auctoritas
3033 5242 3379 5316 gravissima,
3406 5249 3463 5298 et
3485 5240 3578 5298 de-

1985 5331 2163 5389 fensio
2191 5333 2523 5390 haereditatis
2572 5348 2786 5405 semper
2827 5333 2927 5389 sub
2974 5349 3105 5390 cura
3149 5344 3204 5391 et
3241 5335 3579 5407 protectione

1985 5423 2084 5482 Dei
2104 5423 2245 5492 fuit;
2277 5423 2489 5491 deinde,
2514 5423 2657 5494 quod
2679 5424 3081 5493 atrocissimum
3107 5435 3194 5484 est
3220 5425 3441 5493 doloris,
3467 5424 3580 5484 hae—

1986 5518 2191 5576 reditas
2219 5526 2380 5574 tantae
2405 5517 2807 5590 praerogativae,
2846 5534 2963 5574 non.
2990 5519 3058 5575 ad
3102 5521 3435 5593 superiores,
3465 5534 3576 5576 non

1988 5612 2056 5669 ad
2091 5610 2349 5683 aequales,
2376 5624 2549 5680 neque
2588 5610 2654 5665 ad
2680 5608 3109 5688 qualescunque,
3140 5616 3236 5671 sed
3277 5615 3344 5671 ad
3367 5600 3586 5672 alienos'

1987 5719 2021 5761 a
2046 5705 2157 5762 Deo
2180 5715 2341 5774 atque
2368 5692 2679 5771 extraneos,
2702 5702 2876 5776 culpis
2910 5695 3271 5780 exigentibus,
3302 5707 3447 5780 quod
3492 5705 3576 5763 in-

1987 5797 2367 5872 dignissimum
2406 5805 2462 5858 et
2497 5795 2904 5871 iniquissimum
2950 5810 3056 5877 est,
3091 5802 3359 5877 pervenit,
3392 5796 3464 5862 ad
3484 5801 3577 5861 itte
