4078 6348
652 291 792 346 H39

1441 292 1500 350 S.
1541 293 1902 351 PASCllASll
1941 293 2290 351 BADBERTI
2327 293 2619 350 ABBATIS
2663 293 3108 351 CORBEIENSIS

3730 313 3840 367 12ιο

647 403 790 459 feros
823 402 1072 459 videlicet
1094 413 1255 474 atque
1288 407 1722 476 superbissimos.
1767 408 1980 480 1530
2015 409 2224 464 lnterea
2252 409 2303 470 Α
2331 416 2536 463 matres
2584 408 2763 474 deﬁet,
2792 420 2850 463 et
2895 411 3086 465 viduas
3123 410 3378 481 deplorat,
3427 430 3538 484 qua
3563 420 3769 477 solebam
3797 428 3840 481 in

645 498 907 552 adversus
954 498 1237 554 bareticos
1279 500 1394 554 hac
1421 501 1694 556 conclusio
1742 503 1930 565 currit,
1981 503 2074 573 qui
2118 504 2227 559 ha-

645 589 927 644 reditatem
982 589 1238 646 Ecclesia
1287 591 1521 656 Christi,
1575 603 1669 648 aut
1713 595 2080 661 damonibus,
2131 604 2227 651 aut

641 683 824 752 pravis
857 683 1119 738 dederunt
1166 685 1446 740 institutis.
1481 686 1634 742 Unde
1688 687 1794 742 alia
1848 689 2224 758 interpretatio

640 772 921 842 signanter
941 775 1017 828 ait
1046 793 1058 828 :
1087 774 1386 830 Hareditas
1407 787 1587 830 nostra
1614 793 1860 831 conversa
1889 787 1962 832 est
1999 777 2185 833 alienis
2202 792 2223 832 :

639 873 686 916 et
723 865 910 920 domus
941 877 1133 921 nostra:
1163 870 1445 922 extraneis.
1507 869 1642 936 Quia
1688 869 1948 940 quidquid
1998 886 2224 926 conver-

639 953 791 1035 titur,
841 967 957 1011 erat
1008 959 1223 1028 quidem
1269 959 1405 1014 :sed
1451 970 1634 1030 postea
1667 961 1721 1015 in
1761 960 1935 1016 aliena
1980 977 2224 1018 commu-

636 1053 801 1101 tatur.
846 1047 923 1103 lta
961 1058 1018 1104 et
1042 1049 1110 1104 de
1151 1048 1448 1120 Scripluris
1473 1053 1642 1106 sacris
1673 1062 1819 1108 recte
1866 1053 2088 1126 intelligi
2125 1071 2221 1125 po-

635 1147 782 1204 test,
836 1156 956 1210 qua
1001 1150 1125 1194 sunt
1182 1141 1468 1196 hareditas
1538 1143 1775 1198 ﬁdelium
1822 1144 1888 1198 de
1928 1159 2033 1214 qua
2081 1145 2214 1199 dixi.

632 1227 760 1284 Hac
791 1230 1078 1285 translatio
1108 1247 1212 1285 non
1240 1233 1336 1298 ait,
1365 1248 1626 1289 conversa
1649 1244 1733 1290 est
1767 1237 1834 1291 ad
1865 1237 2090 1303 alienos,
2125 1239 2221 1294 sed

631 1334 892 1376 conversa
933 1332 1015 1378 est
1055 1324 1276 1390 alienis,
1332 1326 1436 1382 illis
1477 1327 1729 1383 videlicet
1755 1329 1847 1398 qui
1883 1345 1913 1382 a
1947 1330 2056 1383 Deo
2089 1329 2219 1385 facti

629 1427 759 1473 sunt
797 1419 979 1486 alieni,
1005 1437 1072 1477 eo
1100 1423 1243 1491 quod
1277 1422 1558 1493 Scriptura
1612 1440 1764 1479 sacra
1807 1425 1928 1479 aliis
1972 1435 2055 1480 est
2090 1428 2220 1481 odor

627 1508 824 1562 vitain
868 1511 1048 1576 vitam,
1097 1510 1218 1566 aliis
1247 1513 1378 1567 odor
1409 1516 1590 1568 mortis
1617 1516 1672 1568 in
1718 1527 1934 1569 mortem
1963 1516 2048 1583 (11
2089 1517 2214 1573 Cor.

625 1597 710 1665 tt).
751 1597 956 1654 Idcirco
984 1599 1172 1655 alienis
1207 1604 1546 1657 convertitur
1568 1604 1634 1657 ad
1665 1604 1968 1673 perﬁdiam,
1997 1622 2122 1659 cum
2152 1606 2216 1660 ﬁ-

625 1688 836 1744 delibus
868 1692 1133 1747 catholiee
1163 1693 1585 1764 intelligentibus
1619 1706 1837 1750 maneat
1869 1697 1934 1750 ad
1959 1697 2210 1751 salutem.

2335 499 2453 571 lege
2481 499 2621 556 ﬁlios
2655 501 2907 566 educare,
2943 509 2996 556 et
3022 502 3230 558 nutrire
3259 505 3489 574 pepulos.
3517 507 3668 565 Porro
3687 529 3841 572 secun-

2283 599 2292 608 '
2329 592 2458 648 dum
2479 608 2775 664 anagogen,
2813 608 2976 663 quam
3002 609 3143 664 sape
3168 610 3271 651 vox
3297 597 3394 652 ista
3423 597 3607 656 Christi
3633 603 3842 664 Ecclesia

2326 686 2580 756 congruit
2603 701 2708 756 qua
2736 687 2937 742 dicitur
2962 703 2976 741 :
3006 685 3161 742 Facti
3191 705 3367 745 sumus
3396 691 3520 745 sicut
3564 711 3657 749 non
3680 697 3840 755 haben-

2328 785 2404 830 tes
2432 785 2656 844 patrem.
2691 775 2916 844 Quoties
2951 778 3005 831 in
3047 779 3309 849 angustiis
3361 791 3415 836 et
3445 783 3839 857 tribulationibus,

2331 868 2513 923 minus
2530 865 2647 936 ejus
2671 877 2894 938 paterna
2923 869 3141 938 pietatis
3170 870 3370 926 viscera
3393 887 3486 942 per
3509 873 3726 930 aﬁ‘ectum
3746 894 3840 934 sen-

2330 958 2497 1013 timus
2523 959 2697 1030 digna
2743 959 3146 1014 consolationis.
3180 960 3330 1028 Quod
3360 961 3431 1016 illi
3458 972 3684 1032 patenter
3700 967 3842 1024 dicere

2322 1059 2551 1119 queunt,
2591 1050 2683 1120 qui
2739 1052 2821 1105 sui
2878 1067 3041 1107 causa
3092 1055 3299 1122 peccati
3347 1064 3548 1124 patrem
3595 1062 3842 1116 amiserunt

2325 1138 2515 1194 Deum.
2548 1139 2703 1195 Unde
2731 1142 2962 1221 orphani
2997 1143 3181 1213 procul
3210 1143 3372 1198 dubio
3392 1143 3514 1200 facti
3541 1147 3699 1202 debite
3718 1149 3838 1220 plano

2321 1241 2478 1303 gunt,
2501 1233 2644 1300 quod
2672 1233 2951 1303 proprium
2994 1233 3323 1304 perdiderint
3352 1237 3650 1307 genitorem.
3674 1240 3739 1294 Ex
3757 1258 3838 1310 quo

2321 1340 2462 1380 unus
2492 1325 2872 1394 interpretum,
2899 1341 3005 1380 non
3033 1326 3296 1382 habentes
3321 1337 3525 1396 patrem
3550 1329 3706 1396 dixit;
3733 1332 3839 1387 alter

2319 1436 2471 1487 vero,
2523 1421 2666 1477 velut
2696 1425 2803 1476 non
2833 1422 3114 1484 habentes,
3159 1422 3286 1492 quia
3320 1423 3580 1478 interdum
3619 1440 3739 1496 sape
3762 1440 3839 1496 pro

2317 1512 2493 1582 culpis
2521 1520 2664 1566 totus
2688 1511 2972 1565 amittitur.
3007 1510 3162 1580 Sape
3187 1526 3318 1567 vero
3346 1521 3401 1566 et
3423 1512 3467 1568 si
3494 1530 3586 1569 nos
3609 1515 3667 1568 ad
3705 1517 3838 1571 modi-

2319 1617 2441 1657 cum
2481 1602 2684 1658 deserit
2713 1604 2768 1657 in
2802 1603 2983 1668 terris,
3021 1612 3080 1656 ut
3111 1612 3321 1672 patrem
3355 1618 3460 1658 non
3488 1604 3671 1660 habere
3700 1606 3840 1661 videa-

2323 1710 2442 1747 mur
2502 1695 2644 1749 inter
2691 1709 2976 1763 pressuras
3029 1694 3486 1762 persequentium,
3547 1702 3705 1749 tamen
3742 1711 3838 1750 eum

624 1776 693 1831 Et
741 1780 926 1835 domus
969 1792 1162 1836 nostra
1212 1786 1474 1838 extraneis
1511 1784 1591 1838 vel
1640 1787 1947 1855 peregrinis.
1994 1787 2072 1841 Ex
2101 1803 2210 1858 quo
2238 1785 2286 1845 B
2314 1785 2516 1840 habere
2544 1785 2596 1840 in
2624 1785 2762 1838 calo
2792 1785 3012 1839 minime
3041 1785 3372 1839 dubitamus.
3425 1784 3691 1854 Propterea
3725 1785 3838 1840 velut

621 1879 775 1941 patet
827 1888 1020 1927 sensus
1065 1875 1378 1942 :quidquid
1425 1876 1666 1930 exterius
1718 1877 2011 1932 interiusve
2065 1879 2207 1932 idem

621 1960 811 2014 habuit
837 1962 1084 2032 p0pulus,
1113 1965 1180 2017 ad
1225 1964 1487 2034 liquidum
1516 1966 1658 2034 quod
1690 1965 1758 2020 ab
1803 1968 2081 2022 extraneis
2123 1977 2207 2024 to-

621 2060 733 2105 tum
773 2052 842 2106 sit
870 2068 1180 2122 possessum
1205 2055 1289 2109 vel
1318 2064 1758 2110 transmutatum.
1802 2055 1908 2112 Sed
1939 2067 1993 2112 et
2025 2067 2208 2129 tropo-

617 2139 791 2211 logice
811 2143 1002 2198 domus
1031 2143 1244 2214 Scriptu
1255 2163 1458 2213 rarum,
1485 2148 1850 2218 intelligentia
1871 2165 2206 2222 cognoscun-

618 2240 706 2285 tur
736 2234 956 2300 divina,
997 2237 1049 2289 in
1098 2239 1296 2306 quibus
1349 2239 1717 2294 habitaculum
1766 2251 1964 2297 nostra
2009 2246 2205 2300 mentis

615 2337 756 2391 sape
790 2323 1092 2381 ﬁrmamus.
1124 2328 1298 2382 Aliter
1326 2330 1468 2384 enim
1501 2331 1554 2385 in
1587 2331 1792 2386 eisdem
1825 2332 2072 2388 habitare
2095 2353 2202 2391 non

614 2429 924 2483 possumus,
967 2420 1070 2473 nisi
1103 2422 1352 2475 sensibus
1389 2431 1646 2493 tanquam
1679 2423 1863 2494 januis
1894 2425 2198 2495 patefactis,

615 2506 1094 2579 intelligentiarum
1139 2511 1481 2568 latitudinem
1533 2523 1830 2570 teneamus.
1883 2516 2030 2584 Quas
2071 2519 2199 2572 dum

614 2599 855 2678 haretici
887 2603 1028 2658 male
1056 2607 1351 2659 secundum
1384 2620 1495 2661 sua
1521 2609 1807 2676 pravitatis
1832 2609 2198 2664 inventionem

612 2706 962 2763 convertunt,
980 2700 1170 2753 domus
1194 2710 1390 2755 nostra
1407 2701 1599 2756 alienis
1628 2704 1819 2759 incolis
1849 2705 2195 2763 transferun-

612 2797 719 2842 tur.
753 2789 857 2844 Sed
881 2799 936 2845 et
963 2791 1230 2860 spiritales
1266 2792 1518 2861 nequitia
1551 2796 1794 2849 extranei
1823 2807 2047 2866 possunt
2071 2812 2197 2851 con-

608 2889 866 2949 gruenter
896 2881 1120 2952 intelligi
1161 2900 1172 2934 :
1205 2883 1297 2952 qui
1332 2885 1602 2952 perversis
1639 2887 2076 2956 cogitationibus,
2107 2890 2193 2943 di-

605 2971 858 3025 vinarum
897 2971 1301 3041 Scripturarum
1350 2975 1688 3030 sermonibus
1736 2976 1902 3032 falsas
1947 2978 2192 3032 inserunt

603 3063 922 3132 pravitates.
951 3062 1062 3117 Nec
1090 3080 1196 3120 non
1226 3063 1418 3119 domus
1460 3075 1659 3121 nostra
1703 3075 1909 3122 mentes
1940 3068 2188 3124 videlicet

2317 1893 2426 1932 non
2457 1877 2738 1939 habentes,
2783 1877 3052 1931 interdum
3084 1891 3297 1931 sumus.
3355 1877 3502 1932 Unde
3525 1893 3620 1931 non
3645 1874 3837 1932 absolute

2315 1970 2473 2035 dixit,
2506 1978 2563 2024 et
2592 1985 2697 2024 non
2725 1970 2986 2024 habentes
3013 1978 3243 2039 patrem,
3273 1970 3368 2024 sed
3389 1969 3532 2024 velut
3557 1985 3654 2023 non
3680 1970 3837 2023 haben-

2314 2071 2418 2127 tes,
2455 2062 2668 2131 quoties
2720 2062 2888 2115 variis
2929 2075 3192 2115 vexamur
3239 2060 3679 2123 tribulationibus,
3726 2068 3834 2113 utet

2312 2153 2606 2207 habeamus
2642 2167 2740 2222 per
2779 2151 3027 2206 aﬁ'ectum
3072 2152 3175 2222 pia
3203 2152 3607 2216 recordationis,
3639 2151 3835 2220 quamvis

2309 2250 2365 2296 et
2390 2243 2592 2296 habere
2621 2258 2723 2295 non
2749 2241 3032 2296 videamur
3058 2256 3154 2310 per
3187 2241 3456 2295 "auxilium
3487 2255 3591 2296 sua
3618 2239 3832 2297 defensio-

2310 2335 2413 2388 nis.
2447 2333 2552 2387 Sed
2574 2342 2630 2388 et
2653 2333 2909 2388 Ecclesia
2935 2333 3134 2387 Christi
3167 2348 3291 2403 qua
3327 2332 3449 2401 jure
3483 2341 3666 2387 matres
3689 2331 3828 2386 nomi.

2309 2435 2538 2490 nantur,
2598 2441 2738 2494 sape
2799 2425 3190 2496 persecutionis
3249 2433 3491 2495 tempore
3528 2425 3652 2479 sicut
3694 2423 3829 2478 vidua

2307 2514 2466 2579 ﬁunt,
2495 2516 2713 2584 quando
2739 2530 2769 2569 a
2800 2518 2910 2570 suis
2953 2515 3103 2578 viris,
3133 2515 3504 2570 sacerdotibus
3536 2514 3826 2586 fugientibus,

2307 2606 2684 2676 relinquuntur
2713 2625 2726 2660 ε
2757 2605 2903 2660 velut
2926 2606 3110 2670 etiam,
3132 2603 3354 2675 quando
3383 2605 3434 2659 in
3456 2615 3672 2674 tempore
3693 2603 3827 2674 pacis,

2304 2698 2374 2753 ob
2403 2699 2664 2753 desidiam
2696 2707 2750 2754 et
2800 2699 3130 2762 vecordiam,
3167 2697 3373 2752 nullam
3412 2699 3519 2754 Deo
3542 2697 3719 2769 prolem
3755 2709 3829 2764 per

2303 2788 2536 2845 ofﬁcium
2563 2806 2674 2846 sua
2705 2791 3102 2862 pradicationis
3127 2792 3381 2862 gignunt.
3430 2790 3558 2844 Dum
3601 2789 3724 2842 enim
3755 2793 3828 2841 aut

2303 2882 2453 2937 lucra
2483 2891 2761 2937 sectantur
2786 2882 2988 2947 saculi,
3021 2890 3113 2936 aut
3131 2884 3244 2937 suis
3270 2882 3610 2952 implicantur
3629 2877 3822 2948 ﬂagitiis,

2301 2975 2386 3030 vel
2420 2975 2632 3043 ignavia
2665 2990 2776 3030 sua
2805 2982 3098 3044 pascuntur
3129 2975 3440 3044 imperitia,
3471 2971 3652 3027 Christi
3684 2967 3826 3024 Eccle—

2301 3069 2395 3122 sia
2426 3083 2546 3138 qua
2569 3083 2698 3123 vere
2738 3075 2941 3122 matres
2983 3076 3107 3123 sunt
3147 3068 3595 3131 Christianorum,
3619 3065 3738 3118 sicut
3762 3060 3824 3114 vi-

604 3154 858 3210 humana
905 3165 1298 3212 convertuntur
1347 3161 1413 3214 ad
1461 3168 1748 3215 extraneos
1793 3169 1848 3216 et
1881 3162 2189 3220 immundos
2216 3153 2265 3219 C
2296 3162 2416 3218 dua
2443 3163 2600 3218 ﬁunt.
2650 3161 2943 3232 Propterea
2986 3161 3201 3230 quidem
3240 3176 3355 3216 non
3398 3161 3584 3223 vidua,
3619 3159 3725 3228 quia
3746 3150 3827 3206 viri

604 3249 852 3318 spiritus,
879 3264 1000 3304 cum
1029 3251 1477 3320 pravaricatioue
1502 3254 1706 3321 peccati
1737 3254 1804 3306 ad
1829 3255 1957 3308 vitia
1981 3256 2190 3312 animas

601 3339 887 3396 inclinant.
919 3342 1160 3410 Quarum
1207 3345 1417 3398 scilicet
1467 3345 1756 3399 hareditas
1794 3346 1862 3400 ad
1898 3356 2190 3406 extraneos

604 3432 970 3499 convertitur,
1025 3435 1150 3488 dum
1203 3435 1387 3504 pervia
1439 3436 1701 3490 immundi
1755 3437 1976 3506 spiritus
2024 3441 2190 3496 corda

604 3534 794 3580 nostra
845 3528 1143 3596 possident.
1201 3527 1376 3582 Aliter
1401 3529 1546 3582 enim
1598 3529 1664 3582 ad
1699 3545 1797 3585 nos
1838 3530 2048 3602 ingredi
2079 3549 2188 3589 non

599 3626 861 3687 possent,
891 3619 1018 3688 quia
1058 3634 1162 3673 non
1191 3634 1256 3673 ex
1303 3629 1497 3673 natura
1543 3620 1804 3690 originem
1852 3623 2184 3691 possidendi,

599 3715 694 3766 sed
721 3728 787 3767 ex
817 3711 973 3782 culpa
1014 3720 1252 3766 sumunt.
1293 3711 1464 3779 Quam
1503 3713 1765 3784 propheta
1807 3723 2058 3772 retexens
2096 3733 2188 3773 co-

599 3820 714 3859 ram
747 3820 960 3859 summo
980 3803 1165 3872 judice
1187 3805 1483 3870 miseriam,
1509 3821 1613 3860 non
1645 3807 1824 3861 minus
1849 3822 1974 3863 eum
1995 3818 2186 3866 contra

601 3894 800 3957 hostes,
851 3911 1012 3965 quam
1043 3895 1205 3950 etiam
1255 3896 1322 3950 ad
1359 3879 1530 3951 nostri
1575 3896 1924 3954 clementiam
1967 3900 2180 3958 invitat.

602 3983 754 4038 Unde
813 3986 1058 4054 sequitur
1089 4004 1101 4039 :
1130 3983 1332 4055 Pupilli
1365 3986 1492 4054 facti
1541 4004 1722 4040 smnus
1772 3988 1964 4059 absque
1991 4001 2140 4061 patre
2162 4006 2184 4044 :

598 4087 791 4129 matres
841 4089 1034 4130 nostra
1076 4078 1228 4147 quasi
1282 4077 1472 4131 vidua.
1534 4077 1635 4133 Ubi
1687 4079 1825 4134 alius
1874 4081 2181 4152 interpres:

598 4168 836 4237 Orphani
888 4168 1016 4223 facti
1063 4185 1272 4235 sumus,
1333 4169 1529 4239 inquit,
1575 4170 1724 4225 velut
1771 4187 1875 4226 non
1923 4172 2184 4232 habentes

596 4269 826 4329 patrem.
856 4260 936 4314 Ex
960 4276 1068 4330 quo
1093 4259 1265 4328 liquet
1298 4261 1440 4330 quod
1465 4262 1728 4332 propheta
1758 4263 1824 4316 ad
1865 4263 2032 4320 Deum
2075 4267 2180 4322 Pa-

600 4362 735 4406 trem
784 4352 1000 4405 oculum
1051 4351 1300 4414 intendit,
1348 4351 1440 4422 qui
1487 4352 1696 4422 plebem
1747 4353 2028 4410 Iudaicam
2077 4358 2181 4413 sibi

597 4443 948 4511 adoptaverat
979 4443 1030 4496 in
1063 4442 1220 4499 ﬁlios.
1239 4443 1317 4497 Ex
1345 4459 1452 4513 quo
1469 4445 1572 4498 ait:
1605 4442 1653 4496 F
1658 4445 1782 4500 ilius
1813 4464 1954 4500 meus
1985 4449 2182 4516 primo-

2291 3271 2479 3313 earum
2517 3255 2701 3310 vivere
2745 3255 3012 3319 videntur,
3062 3255 3153 3308 sed
3193 3254 3356 3322 quasi
3405 3253 3593 3311 vidua.
3631 3248 3736 3317 quia
3769 3258 3823 3298 ex

2292 3350 2424 3421 ipsis
2457 3348 2661 3403 nullum
2691 3346 2926 3431 fructum
2963 3345 3073 3399 Deo
3103 3344 3305 3400 ferunt.
3351 3345 3494 3413 Quas
3517 3343 3640 3397 bene
3673 3348 3822 3393 eorum

2291 3457 2396 3497 vox
2418 3441 2471 3496 in
2498 3441 2738 3496 Ecclesia
2758 3439 3024 3510 deplorat,
3044 3438 3169 3508 quia
3195 3437 3382 3493 adhuc
3403 3452 3500 3507 per
3525 3432 3822 3489 intentionem

2293 3535 2474 3590 cordis
2502 3542 2557 3589 et
2596 3533 2902 3588 dilectionis
2944 3544 3205 3594 amorem,
3250 3531 3325 3584 ad
3380 3531 3542 3584 Deum
3579 3523 3820 3594 suspirant.

2294 3625 2400 3681 Sed
2453 3633 2509 3680 et
2557 3624 2935 3680 hareticorum
2987 3621 3194 3692 plangit
3238 3620 3599 3681 sterilitatem,
3647 3608 3818 3708 1532

2291 3731 2522 3787 quorum
2549 3714 2670 3784 jure
2702 3713 2956 3770 Ecclesia
3004 3711 3160 3784 quasi
3189 3710 3373 3767 vidua
3399 3711 3636 3766 dicuntur
3661 3721 3674 3770 ;
3701 3713 3819 3772 qum.

2291 3806 2395 3863 etsi
2447 3805 2673 3861 Domino
2711 3803 2840 3860 Jesu
2871 3803 3090 3860 Christo
3115 3801 3233 3857 viro
3278 3801 3573 3857 fortissimo
3605 3811 3662 3851 ex
3695 3797 3820 3862 parte

2213 3901 2226 3920 '
2282 3897 2610 3969 junguntur,
2643 3898 2697 3952 in
2723 3911 2788 3952 eo
2823 3895 2966 3966 quod
2989 3909 3114 3950 eum
3158 3893 3558 3964 quodammodo
3598 3885 3820 3945 conﬁten-

2291 3998 2399 4053 tur,
2449 3989 2776 4057 baptismum
2829 3994 3146 4056 sequuntur,
3193 3999 3388 4042 sacras
3417 3984 3614 4038 litteras
3655 3977 3822 4072 legi-ml.

2290 4079 2658 4136 ecclesiastica
2700 4087 2978 4134 sectantur
3005 4076 3200 4142 oﬁicia,
3232 4086 3418 4133 tamen
3443 4075 3594 4145 digne
3613 4065 3744 4139 quasi
3761 4065 3824 4115 vi-

2288 4170 2410 4226 dua
2453 4169 2824 4238 deplorantur,
2873 4168 2999 4239 quia
3039 4167 3244 4222 nullum
3293 4182 3367 4222 ex
3409 4166 3521 4221 suis
3564 4154 3825 4217 doctoribus

2289 4262 2401 4316 Deo
2449 4260 2685 4316 fructum
2731 4261 2968 4332 pariunt.
3026 4259 3179 4327 Quod
3223 4259 3366 4314 bene
3421 4253 3709 4314 concubina
3744 4243 3826 4300 illa

2287 4352 2458 4406 David
2502 4351 2809 4423 designant,
2861 4353 2930 4407 ad
2978 4365 3114 4422 quas
3158 4364 3324 4405 verus
3372 4348 3538 4404 David
3585 4351 3748 4434 nosm:
3782 4336 3826 4434 if

2287 4442 2442 4497 initio
2474 4422 2770 4513 ingressus,
2819 4441 2911 4496 sed
2945 4458 3048 4497 non
3078 4455 3172 4495 eas
3217 4440 3321 4496 sibi
3359 4440 3516 4510 pleno
3538 4445 3590 4492 et
3628 4422 3822 4487 maritali

596 4534 796 4603 genitus
827 4533 998 4589 Israel
1029 4534 1228 4606 (Exod.
1260 4534 1356 4605 iv).
1394 4537 1465 4590 At
1489 4551 1618 4592 vero
1647 4538 1702 4592 hi
1727 4537 1854 4593 facti
1883 4548 2012 4593 sunt
2033 4538 2181 4594 velut
2207 4527 2260 4588 D
2286 4537 2558 4607 copulavit
2593 4535 2842 4607 conjugio
2869 4554 2882 4590 :
2912 4538 2979 4591 ad
3006 4551 3144 4606 quas
3177 4535 3439 4591 Absalom
3483 4529 3730 4590 crudelior
3747 4537 3824 4576 na-

595 4643 700 4682 non
733 4628 995 4683 habentes
1046 4637 1278 4699 patrem,
1327 4631 1420 4700 qui
1461 4631 1573 4686 suis
1610 4645 1677 4686 ex
1715 4632 1886 4702 culpis
1929 4634 2178 4702 quamvis

594 4734 717 4773 eum
751 4719 1018 4774 haberent
1053 4735 1150 4790 per
1193 4719 1590 4775 invocationem
1638 4721 1962 4791 adoptionis,
1994 4733 2180 4781 tamen

595 4811 718 4878 quia
753 4810 1102 4867 irritaverant
1136 4811 1344 4882 1531
1376 4828 1498 4867 eum
1539 4811 1695 4866 malis
1730 4813 1866 4877 suis,
1902 4812 2020 4883 jam
2067 4831 2181 4874 non

593 4899 866 4955 habebant
910 4903 1201 4973 pr0pitium
1250 4918 1346 4972 per
1379 4901 1628 4956 affectum
1674 4903 1933 4974 pietatis;
1961 4913 2016 4961 et
2055 4908 2177 4962 ideo

593 4991 870 5060 signanter
896 4995 1008 5047 ait:
1045 4993 1196 5048 Sicut
1224 5009 1326 5045 non
1361 4992 1604 5046 habentes
1627 5003 1859 5062 patrem,
1894 5005 1955 5051 ut
1991 4995 2175 5054 ﬂectat

595 5095 690 5150 per
726 5082 956 5138 lamenta
986 5084 1376 5139 obsecrationis
1419 5097 1646 5154 paterna
1674 5089 1884 5144 viscera
1915 5091 1982 5145 ad
2010 5093 2175 5148 mise—

593 5170 884 5225 ricordiam
921 5173 1022 5242 pia
1052 5174 1464 5230 recordationis.
1498 5173 1569 5228 Et
1614 5187 1806 5232 matres
1835 5190 2046 5245 nostra,
2093 5182 2172 5236 in-

591 5263 732 5332 quit,
761 5264 892 5318 sicut
916 5266 1104 5319 vidum.
1138 5265 1336 5322 Matres
1365 5283 1523 5333 vero,
1562 5284 1846 5340 synagoga
1867 5271 2173 5340 intelligun-

591 5364 682 5409 tur
701 5365 930 5424 septem,
961 5372 1079 5424 qua
1105 5359 1475 5428 principaliter
1502 5360 1552 5411 iu
1580 5370 1760 5412 monte
1786 5359 1979 5415 Oliveti
2004 5360 2172 5417 fuisse

592 5447 900 5501 constituta
947 5460 1278 5504 noscuntur:
1312 5452 1378 5504 de
1423 5451 1620 5518 quibus
1665 5450 1747 5505 lac
1797 5451 2173 5510 doctrinarum

589 5540 802 5608 ﬂueret,
832 5543 917 5598 vel
951 5560 980 5598 a
1007 5546 1200 5616 quibus
1227 5545 1311 5599 lex
1331 5545 1702 5609 nuntiaretur;
1737 5546 1830 5600 sed
1876 5547 2203 5634 obsidionis{'

527 5681 531 5686 .
594 5649 836 5706 tempore
854 5637 939 5693 vel
959 5637 1256 5693 Chaldaica
1277 5638 1565 5701 vastitatis,
1593 5637 1818 5692 sublatis
1845 5639 1986 5704 ﬁliis,
2007 5641 2176 5696 desti-

593 5734 724 5781 tuta
748 5737 876 5787 Sunt
910 5739 966 5785 et
1003 5730 1214 5798 ignibus
1242 5736 1618 5785 concremata.
1666 5728 1814 5795 Quas
1853 5731 1988 5785 bene
2016 5731 2172 5800 quasi

2285 4636 2392 4691 tus,
2429 4627 2530 4682 sub
2566 4628 2746 4698 specie
2775 4625 2989 4681 Satana
3019 4627 3317 4697 ingressus,
3357 4621 3614 4680 adulterio
3639 4611 3824 4671 foedavit

2283 4733 2394 4774 sua
2423 4718 2722 4788 pravitatis.
2757 4716 2912 4772 Unde
2939 4718 3106 4772 David
3129 4728 3336 4772 aterna
3363 4713 3692 4772 damnatione
3727 4703 3824 4760 illas

2283 4810 2424 4867 infra
2455 4827 2580 4867 suas
2603 4811 2854 4866 tenebras
2882 4810 3122 4866 reclusit.
3167 4810 3300 4878 Qua
3333 4811 3474 4866 bene
3508 4804 3654 4877 quasi
3682 4797 3824 4854 vidua“!

2282 4903 2630 4975 planguntur,
2661 4919 2782 4972 qua
2830 4912 3033 4958 matres
3075 4919 3195 4965 esse
3233 4903 3535 4958 debuerant
3568 4900 3819 4954 electorum

2284 4997 2400 5064 Dei,
2429 4997 2476 5052 si
2499 5005 2644 5052 recta
2667 5011 2790 5050 cum
2817 4995 3036 5051 Christo
3057 4995 3178 5050 ﬁdei
3205 4998 3614 5050 conservassent
3631 4983 3820 5041 [aderat

2281 5099 2337 5146 et
2365 5099 2517 5146 casta
2570 5088 2807 5159 conjugii
2847 5096 3206 5142 sacramenta.
3252 5086 3518 5141 (laterum
3564 5073 3819 5134 moraliter.

2279 5191 2485 5238 matres
2506 5190 2744 5247 nostras,
2771 5182 2824 5236 id
2850 5190 2934 5236 est
2963 5189 3165 5236 matres
3191 5180 3432 5234 omnium
3456 5177 3718 5231 virtutum.
3748 5176 3815 5216 τε·

2278 5282 2363 5328 cte
2392 5272 2574 5336 ﬁdem,
2599 5287 2769 5340 spem,
2793 5278 2846 5324 et
2868 5270 3186 5324 charitatem
3215 5269 3509 5338 accipimus
3535 5284 3546 5318 :
3573 5278 3635 5318 ex
3658 5255 3820 5327 quib“s

2281 5377 2388 5416 non
2414 5362 2586 5417 solum
2607 5377 2704 5416 nos
2735 5363 3075 5416 renascimur
3107 5361 3236 5424 Deo,
3268 5373 3456 5414 verum
3485 5355 3640 5410 etiam
3664 5353 3821 5402 omnes

2281 5456 2503 5526 reliqua
2533 5455 2761 5508 virtutes
2786 5454 2952 5508 animi
2993 5461 3339 5524 generantur.
3384 5449 3490 5504 Sed
3522 5459 3636 5501 cum
3671 5448 3821 5504 cape-

2265 5550 2391 5604 crint
2440 5549 2493 5602 in
2541 5548 2697 5602 nobis
2733 5547 3062 5600 vanitatibus
3107 5545 3271 5599 seculi
3321 5541 3519 5603 vitiari,
3549 5530 3820 5596 Christique

2279 5641 2518 5696 rbaritas
2531 5657 2625 5711 per
2640 5656 2800 5710 quam
2825 5653 3008 5692 verum
3027 5646 3276 5692 servatur
3297 5631 3631 5690 connubium,
3655 5631 3703 5678 et
3713 5615 3818 5675 sub-

2279 5731 2478 5785 stantia
2519 5747 2635 5799 qua!
2667 5732 2804 5784 Deus
2827 5738 2928 5796 est,
2960 5729 3012 5781 in
3053 5726 3198 5782 aliud
3238 5723 3390 5780 nobis
3419 5715 3689 5779 demutari,
3724 5716 3818 5761 "es
