4078 6348
219 313 358 368 1241

901 307 1262 366 EXPOSITIO
1297 308 1364 364 IN
1404 307 1986 367 LAMENTATIONES
2023 309 2363 367 IEREMLE.
2413 340 2475 352 —
2513 311 2642 366 LIB.
2686 311 2749 367 γ.

3365 305 3506 367 ιω

221 435 341 488 istae
371 431 603 485 virtutes
639 430 780 485 sicut
807 429 999 495 viduae,
1039 430 1231 500 'poti'us
1275 444 1436 499 quam
1463 444 1605 483 verte
1636 428 1809 482 viduze
1835 429 1889 490 Α
1912 429 1984 481 sis
2023 443 2127 480 non
2165 428 2395 482 dabatur
2435 427 2655 499 requies.
2687 425 3068 496 Contemptum
3114 425 3300 496 itaque
3323 424 3501 494 capti-

219 524 513 596 plorantur
539 541 552 576 :
579 522 708 591 quia
749 531 804 576 et
839 522 884 577 si
937 522 1220 576 videantur
1258 521 1561 576 forinsecus
1612 521 1811 574 verbo-

222 623 387 669 tenus
427 614 602 668 virum
625 613 907 683 complecti
932 611 1206 668 Christum
1238 629 1335 684 per
1368 613 1812 668 consuetudinem

221 708 554 765 Christiana:
622 706 922 778 religionis,
977 705 1089 774 jam
1143 707 1470 761 intrinsecus
1517 706 1813 760 amiserunt

220 802 478 856 virtutem
505 800 631 855 boni
659 799 840 870 operis
865 799 1178 870 generandi,
1213 809 1262 854 et
1289 798 1672 855 fectmditatem
1713 813 1808 853 ea-

216 902 318 949 stze
338 891 745 962 procreationis
775 892 830 947 in
867 890 1084 947 Christo
1110 908 1124 946 :
1151 892 1273 960 quia
1298 891 1560 962 quidquid
1586 905 1693 944 non
1726 897 1812 943 est

217 985 273 1040 in
307 983 432 1048 ﬁde,
457 992 739 1054 peccatum
754 993 869 1048 est;
894 991 948 1038 et
968 999 1088 1054 quae
1115 984 1232 1039 sine
1254 984 1522 1039 charitate
1547 991 1804 1051 aguntur,

215 1076 478 1146 prodesse
511 1089 618 1130 non
642 1083 885 1144 possunt.
914 1073 1206 1144 Sequitur:
1239 1075 1444 1146 Aquam
1471 1082 1702 1128 nostram
1725 1089 1812 1143 pe-

217 1166 402 1218 cunia‘
429 1165 652 1219 bibimus
681 1182 701 1219 :
742 1164 886 1235 ligna
937 1177 1116 1220 nostra
1159 1169 1327 1237 pretio
1369 1167 1805 1236 comparavimus.

219 1258 520 1314 lmmanem
570 1259 834 1329 propheta
885 1258 1147 1314 describit
1191 1259 1564 1314 crudelitatem
1593 1265 1647 1313 et
1677 1255 1810 1311 allii-

215 1350 458 1404 ctionem
502 1349 682 1420 gentis
712 1363 841 1404 sum.
880 1347 1120 1419 Inopiam
1147 1350 1410 1420 siquidem
1439 1364 1626 1404 eorum
1648 1355 1809 1418 atque

217 1438 583 1509 privationem
629 1438 774 1501 boni,
827 1437 1097 1492 intantum
1146 1446 1206 1492 ut
1249 1453 1445 1508 aquam
1476 1455 1596 1508 quae
1640 1439 1808 1509 gratis

212 1530 472 1588 omnibus
499 1541 804 1602 praestatur,
836 1531 998 1586 etiam
1023 1546 1122 1585 suo
1147 1531 1323 1601 pretio
1353 1532 1802 1601 comparaverint.

216 1623 375 1680 Unde
408 1636 624 1677 movere
659 1637 782 1676 eum
813 1621 1067 1692 lacrymis
1090 1621 1477 1691 indulgentiam
1509 1621 1582 1690 pii
1607 1619 1806 1690 judicis

213 1731 314 1788 per
330 1715 541 1786 singula
564 1714 800 1780 festinat,
826 1715 952 1770 dum
973 1730 1035 1768 ea
1063 1729 1249 1769 coram
1268 1713 1692 1768 clementissimo
1714 1714 1806 1767 de-

1917 534 2106 592 vorum
2151 529 2207 575 et
2253 521 2594 576 vexationem
2653 520 2914 585 insinuat,
2963 535 3146 574 coram
3194 518 3505 589 aequissimo

1908 610 2124 680 judice,
2162 613 2253 682 qui
2295 614 2558 683 superbos
2586 613 2869 682 dispertiit,
2908 621 2963 668 et
3003 613 3204 668 exaltat
3247 612 3500 668 humiles.

1913 703 2211 759 Enumerat
2237 715 2416 760 autem
2443 705 2714 777 quomodo
2747 723 2940 763 manus
2967 707 3320 778 superborum
3349 705 3498 777 adje-

1913 797 2151 854 ctionem
2202 799 2256 853 in
2295 801 2600 856 cervicibus
2645 801 2891 870 percussi
2935 801 3502 872 propellabanturzut

1911 887 2076 942 etiam
2110 887 2238 945 lassi
2263 904 2326 945 ac
2355 889 2482 946 fessi
2513 891 2830 946 crudelitate
2867 891 3048 946 hostili
3090 891 3333 946 nolentes
3374 906 3498 945 enr-

1915 986 2114 1042 rerent,
2151 988 2208 1033 et
2249 979 2368 1035 sine
2409 980 2597 1050 requie
2644 981 2884 1037 laborem
2933 982 3116 1053 operis
3157 981 3498 1052 praeferrent.

1912 1066 2017 1122 Sed
2047 1079 2100 1123 et
2125 1071 2442 1140 spiritaliter
2463 1071 2701 1128 Ecclesia
2727 1071 2929 1128 Christi
2961 1073 3125 1145 gemit
3154 1074 3207 1127 in
3238 1073 3500 1143 martyri--

1912 1159 2012 1213 bus
2046 1160 2179 1224 suis,
2207 1163 2424 1232 quando
2453 1162 2701 1232 colaphis
2732 1158 2976 1233 percu'ssi
3023 1172 3076 1218 et
3108 1162 3356 1218 manibus
3382 1177 3501 1231 per-

1911 1260 2222 1306 secutornm
2278 1253 2330 1308 in
2381 1243 2685 1309 cervicibus
2714 1255 2916 1320 vexati,
2969 1254 3262 1324 multisque
3300 1268 3497 1323 oppro-

1910 1343 2042 1399 briis
2071 1353 2124 1398 et
2153 1347 2481 1403 cruciatibus
2509 1345 2715 1412 alllicti,
2764 1347 2829 1402 de
2860 1347 2966 1402 alia
3016 1347 3070 1401 in
3097 1347 3258 1401 aliam
3304 1345 3494 1400 civita-

1911 1443 2016 1490 tem
2046 1436 2258 1510 1534.
2281 1439 2482 1506 passim
2509 1437 2695 1510 fugere
2721 1439 2839 1495 sine
2865 1439 3050 1510 requie
3090 1436 3492 1509 compelleban-

1911 1539 2017 1584 tur.
2059 1531 2214 1586 Unde
2249 1532 2449 1588 dicitur
2475 1533 2617 1604 quod
2665 1533 2881 1602 requies
2917 1547 3021 1588 non
3053 1533 3285 1588 dabatur
3315 1530 3492 1586 nobis.

1909 1619 2080 1676 Porro
2112 1637 2208 1691 per
2237 1623 2409 1677 minas
2452 1624 2507 1678 in
2548 1625 2874 1690 cervicibus,
2916 1625 3092 1680 omnis
3119 1624 3334 1679 aﬂlictio
3365 1623 3496 1678 insi-

1909 1720 2126 1775 nuatur,
2186 1723 2241 1766 et
2289 1714 2563 1784 despectio
2631 1714 2989 1781 humilitatis,
3051 1715 3298 1784 quamvis
3339 1712 3493 1782 juxta

213 1806 394 1877 plorat
428 1815 604 1876 patre,
637 1819 758 1875 qua:
802 1802 890 1857 vix
923 1802 1046 1858 ullis
1094 1803 1358 1858 accidisse
1407 1802 1657 1873 gentibus
1696 1819 1799 1856 un-
1829 1791 1880 1852 B
1911 1799 2257 1872 Evangelium
2284 1803 2499 1875 (Matth.
2543 1804 2624 1874 v),
2650 1805 2892 1874 percussi
2928 1805 2980 1860 in
3007 1821 3169 1860 unam
3198 1803 3490 1869 maxillam,

213 1915 381 1970 quam
428 1899 701 1970 leguntur.
733 1896 996 1967 Congruit
1021 1903 1200 1950 autem
1248 1895 1354 1951 iste
1381 1910 1573 1950 sensus
1611 1895 1802 1950 adver-

211 2006 307 2046 sus
367 1989 593 2060 cupidos
635 1986 947 2043 sacerdotes
999 1985 1322 2054 templorum
1385 1985 1504 2049 Dei,
1565 1985 1658 2055 qui
1710 1986 1803 2040 do-

212 2097 364 2137 mum
387 2081 484 2134 Dei
507 2080 725 2134 domum
750 2077 953 2133 faciunt
976 2077 1383 2147 negotiationis;
1411 2078 1556 2145 quia,
1586 2085 1804 2146 propter

210 2171 482 2242 baptisma
506 2180 562 2224 et
590 2169 894 2225 doctrinam
928 2167 1326 2238 praedicationis
1371 2175 1497 2232 tuae,
1543 2182 1639 2222 seu
1677 2182 1803 2236 pro-

163 2262 170 2267 ”
210 2271 335 2334 pter
367 2261 693 2316 charismata
737 2260 1004 2316 donorum
1050 2259 1178 2324 Dei,
1220 2260 1373 2314 lucra
1421 2267 1700 2314 sectantur
1748 2266 1805 2314 et

211 2355 585 2424 impensiones
629 2361 881 2422 quaerunt
937 2353 1019 2407 sui
1076 2361 1318 2422 quaestus
1367 2370 1380 2406 :
1431 2361 1622 2408 contra
1667 2366 1804 2421 quos

211 2445 367 2516 plebs
393 2444 593 2500 Christi
619 2443 742 2513 jure
767 2444 1010 2514 deplorat
1037 2452 1092 2498 et
1116 2443 1338 2514 plangit.
1356 2443 1541 2514 Aquas
1566 2452 1800 2509 nostras,

216 2535 433 2607 1533
483 2535 788 2591 doctrinam
843 2534 1050 2590 scilicet
1098 2533 1505 2604 Scripturarum
1557 2543 1612 2588 et
1661 2534 1800 2588 dona

210 2628 386 2683 sancti
420 2627 654 2698 Spiritus
705 2627 758 2681 in
794 2627 1052 2698 pecunias
1099 2625 1394 2695 accipimus
1423 2626 1797 2696 prtemiorum:

212 2719 279 2774 de
303 2719 501 2788 quibus
530 2719 686 2774 nobis
714 2719 843 2773 olim
869 2717 1040 2772 Isaias
1068 2718 1334 2787 prapheta
1367 2717 1711 2786 promiserat,
1747 2723 1804 2772 et

212 2813 277 2868 ad
309 2829 483 2884 aquas
511 2828 611 2869 nos
634 2813 802 2882 gratis
831 2813 1183 2867 invitaverat:
1211 2811 1405 2866 Omnes
1431 2813 1682 2876 sitientes,
1716 2811 1802 2867 in-

211 2905 351 2976 quit,
391 2906 556 2959 uenite
594 2905 663 2957 ad
704 2921 901 2975 aquas;
934 2913 982 2958 et
1011 2903 1100 2975 qui
1131 2919 1234 2958 non
1260 2903 1461 2958 habetis
1504 2915 1799 2975 argentum,

209 3007 508 3069 properate,
555 2999 732 3062 emite,
778 3008 826 3051 et
854 2997 1012 3051 bibite
1055 2998 1232 3052 vinum
1257 3009 1306 3051 et
1339 2997 1446 3061 lac,
1470 2997 1664 3068 absque
1693 2997 1804 3052 ulla

208 3089 621 3142 commutatione
649 3086 784 3158 (Isa.
812 3089 924 3157 ιν).
972 3087 1120 3154 Quas
1172 3103 1296 3142 cum
1333 3087 1575 3158 profecto
1621 3089 1800 3158 cupidi

209 3181 526 3237 sacerdotes
569 3179 746 3250 pretio
777 3181 1110 3246 distrahunt,
1147 3191 1295 3236 recte
1324 3180 1477 3250 plebs
1525 3181 1690 3252 luget,
1734 3195 1802 3237 eo

208 3274 360 3344 quod
393 3273 563 3342 ligna,
591 3272 999 3343 Scripturarum
1033 3271 1238 3327 scilicet
1272 3281 1326 3328 et
1355 3274 1616 3327 donorum
1645 3274 1802 3329 Chri-

209 3369 279 3426 sti
311 3367 603 3431 elementa,
635 3367 834 3438 quibus
871 3366 1026 3438 ignis
1073 3365 1314 3435 quotidie
1364 3366 1536 3420 sancti
1568 3365 1802 3436 Spiritus

209 3463 490 3519 enutritur
538 3462 592 3517 in
633 3461 793 3516 altari
824 3460 1060 3533 Domini,
1091 3461 1269 3530 pretio
1297 3470 1682 3531 comparantur
1705 3475 1802 3530 pe-

208 3552 532 3618 cuniarum;
569 3560 623 3608 et
660 3552 845 3607 omnia
885 3567 1006 3621 quae
1036 3552 1192 3607 nobis
1228 3552 1282 3606 in
1320 3567 1607 3607 commune
1635 3553 1803 3623 gratis

209 3645 338 3701 data
367 3653 515 3710 sunt,
547 3645 600 3700 in
629 3645 1012 3716 proprietatem
1044 3652 1245 3700 nostra:
1284 3644 1479 3700 salutis
1507 3645 1804 3700 crudeliter

207 3735 425 3792 venalia
469 3744 614 3790 sunt.
668 3734 935 3790 (laterum
987 3734 1288 3802 moraliter,
1337 3750 1507 3805 aquas
1557 3736 1804 3806 proprias

208 3828 442 3902 pecunia
469 3827 680 3893 bibunt,
709 3828 836 3898 quia
866 3827 1228 3898 lacrymarum
1255 3841 1476 3880 suarum
1504 3825 1804 3896 liquoribus

208 3920 477 3993 gemendo
499 3926 853 3974 saturantur:
879 3916 1106 3988 pecunia
1137 3915 1344 3972 scilicet
1373 3914 1800 3986 Scripturarum,

209 4013 340 4069 dum
366 4013 589 4083 praemia
625 4021 842 4068 aeterna:
867 4011 992 4065 vitae
1032 4011 1086 4066 in
1123 4009 1328 4066 eisdem
1367 4011 1709 4081 perpenduut
1739 4026 1804 4066 ac

210 4105 499 4176 supplicia.
530 4104 770 4173 Quarum
814 4101 1062 4175 profecto
1088 4101 1442 4156 meditatione
1479 4101 1805 4156 charitatem

209 4195 360 4250 intus
388 4195 637 4250 nutriunt
661 4210 726 4250 ac
751 4195 1002 4250 timorem
1029 4211 1042 4248 :
1067 4193 1235 4263 ﬁtque
1262 4200 1414 4248 tanto
1438 4192 1662 4262 pronior
1688 4193 1806 4247 ani-

209 4304 334 4344 mus
360 4288 430 4343 ad
456 4287 771 4353 dolendum,
800 4295 1006 4358 quanto
1035 4285 1284 4356 ampliori
1313 4283 1476 4340 fuerit
1504 4285 1807 4339 inﬂamma-

211 4390 300 4437 tus
344 4380 658 4438 dilectionis
707 4395 914 4444 amore,
951 4387 1045 4434 aut
1088 4377 1276 4434 aculeo
1305 4379 1375 4435 ob
1412 4377 1804 4434 immanitatem

209 4473 481 4529 scelerum
533 4470 780 4528 conﬁxus
832 4471 1064 4526 timoris.
1113 4469 1314 4541 Sicque
1362 4470 1422 4526 ﬁt
1468 4479 1530 4525 ut
1575 4469 1804 4541 pecunia

211 4563 646 4635 Scripturarum,
687 4577 857 4632 aquas
893 4561 1142 4616 bibamus
1183 4561 1547 4633 lacrymarum
1587 4569 1803 4616 nostra-

209 4672 354 4712 rum.
376 4655 515 4711 Hinc
540 4669 755 4726 quoque
769 4653 935 4710 David
953 4671 966 4706 :
987 4653 1196 4708 Cibabis
1225 4669 1340 4718 nos,
1365 4653 1562 4722 inquit,
1577 4669 1712 4722 pane
1727 4651 1802 4705 la-

159 4741 168 4766 ’
207 4764 514 4820 crymarum
537 4763 558 4802 :
578 4757 627 4802 et
652 4757 833 4818 potum
865 4746 1017 4799 dabis
1039 4745 1185 4798 nobis
1217 4745 1273 4798 in
1294 4743 1542 4813 lacrymis
1577 4745 1634 4797 in
1655 4759 1801 4797 men-

205 4857 267 4894 su
276 4856 336 4894 ra
351 4837 527 4910 (Psal.
545 4840 755 4909 Lxxtx).
772 4821 944 4908 Ligna
958 4852 1173 4906 quoque
1196 4836 1248 4890 in
1263 4835 1518 4906 pabulum
1535 4833 1801 4890 Dominici

207 4932 353 5001 ignis
383 4931 560 5000 pretio
586 4931 840 4995 emimus,
871 4929 1083 5000 quoties
1124 4938 1337 4984 terrena
1383 4938 1437 4984 et
1467 4929 1670 4984 caduca
1701 4942 1801 4998 pro

205 5021 584 5094 spiritualibus
615 5030 1033 5077 commutamus.
1065 5021 1133 5076 Et
1155 5021 1257 5078 hoc
1283 5030 1366 5078 est
1393 5036 1563 5091 aquas
1587 5028 1806 5076 nostras

206 5115 440 5188 pecunia
481 5114 690 5181 bibere,
723 5115 1044 5185 sapientiam
1091 5124 1256 5185 atque
1288 5114 1573 5170 scientiam
1618 5128 1802 5168 rerum

207 5207 552 5264 szecularium
591 5221 692 5278 pro
725 5205 1059 5276 spiritalibus
1101 5205 1252 5262 dare.
1295 5205 1456 5262 Certe
1484 5213 1579 5260 aut
1611 5199 1643 5258 ε
1673 5219 1804 5260 con-

207 5299 386 5354 trario
432 5298 662 5352 virtutes
705 5287 882 5351 animi
953 5296 1099 5351 intus
1162 5297 1308 5352 vitiis
1357 5295 1803 5352 excrescentibus

206 5392 368 5464 quasi
396 5406 496 5462 pro
524 5389 950 5445 commutatione
975 5388 1246 5443 amittere.
1279 5387 1389 5444 Sed
1413 5396 1665 5442 neutrum
1708 5400 1801 5442 eo-

204 5502 330 5542 rum
379 5486 496 5540 sine
541 5485 718 5555 pretio
765 5483 967 5539 laboris
1010 5492 1378 5539 commutatur
1423 5492 1520 5538 aut
1560 5483 1798 5539 doloris:

205 5583 337 5652 quia
387 5579 590 5636 nullum
640 5577 898 5646 injustum
950 5577 1158 5632 lucrum
1214 5579 1330 5634 sine
1374 5577 1523 5648 justo
1568 5577 1800 5642 damno,

205 5685 387 5741 neque
407 5669 617 5726 lucrum
643 5679 892 5726 sanctum
921 5669 1038 5724 sine
1063 5669 1356 5723 labentium
1385 5684 1565 5723 rerum
1588 5669 1805 5738 dispen-

207 5763 296 5819 dio
323 5773 695 5834 comparatur.
740 5759 1039 5817 Cervicibus
1061 5758 1280 5832 (inquit)
1301 5759 1634 5815 minabamur
1653 5777 1672 5816 :
1691 5756 1803 5812 las-

1827 4517 1883 4579 D

1905 1901 1959 1946 et
1991 1891 2089 1963 ipsi
2115 1894 2348 1949 ultronei
2399 1895 2624 1951 alteram
2673 1897 2998 1966 prmberent.
3050 1897 3188 1968 Ergo
3216 1896 3495 1950 moraliter

1905 1997 2001 2051 per
2049 1985 2292 2040 cervices
2333 1987 2584 2055 superbia
2632 1995 2814 2041 nostra
2865 1986 3198 2056 designatur,
3235 1984 3494 2042 sicutJob

1907 2073 1980 2126 ait
2009 2091 2021 2126 :
2048 2073 2346 2131 Posuerunt
2385 2079 2631 2132 cervicem
2659 2096 2812 2132 suam
2855 2080 2987 2133 sicut
3026 2089 3272 2133 scutum:
3309 2094 3496 2148 super-

1906 2166 2044 2220 biam
2091 2169 2287 2232 scilicet
2334 2186 2486 2224 suam
2527 2173 2864 2240 protectionis
2903 2171 3185 2226 auxilium.
3224 2171 3328 2226 Per
3357 2172 3498 2227 hanc

1904 2257 2101 2327 quippe
2131 2259 2439 2326 superbiam
2469 2268 2722 2330 tanquam
2763 2263 2815 2315 in
2842 2261 3150 2318 cervicibus
3179 2261 3380 2316 nostris
3410 2259 3493 2317 fe-

1906 2349 2080 2420 rimur
2107 2351 2174 2403 ad
2208 2350 2448 2406 laborem
2487 2359 2540 2407 et
2578 2351 2830 2423 fugamur
2866 2367 2896 2408 a
2934 2354 3140 2424 requie,
3179 2354 3396 2424 quando
3428 2368 3496 2408 ex

1906 2441 2239 2495 conscientia
2291 2452 2476 2497 reatus
2528 2445 2697 2498 nostri
2747 2445 2892 2499 intus
2940 2444 3276 2514 percutimur
3305 2461 3318 2497 :
3348 2443 3493 2513 quod

1906 2535 2046 2590 Deus
2079 2537 2311 2592 excelsus
2333 2537 2555 2591 humilia
2578 2524 2880 2607 respicit,“
2911 2538 3021 2592 alta
3057 2537 3261 2608 alonge
3294 2553 3490 2607 cogno-

1905 2629 2021 2682 scit.
2062 2627 2353 2700 Cognoscit
2400 2631 2639 2700 quidem,
2673 2628 2842 2694 novit,
2874 2631 3158 2699 approbat,
3188 2629 3283 2684 sed
3316 2636 3375 2682 ut
3418 2625 3496 2682 fe-

1907 2720 2010 2773 riat
2040 2729 2096 2774 et
2121 2722 2464 2777 condemnet.
2495 2722 2561 2776 Et
2586 2723 2687 2776 hoc
2719 2731 2802 2776 est
2823 2722 3004 2777 dicere
3035 2739 3048 2774 :
3080 2721 3379 2777 Cervicibus
3395 2719 3496 2773 mi-

1906 2813 2182 2875 nabamur,
2207 2823 2253 2866 et
2277 2813 2430 2882 lassis
2452 2813 2556 2868 non
2577 2813 2807 2866 dabatur
2843 2814 3076 2883 requies;
3106 2812 3230 2881 quia
3257 2809 3495 2881 peccatis

1907 2915 1961 2960 et
2007 2907 2150 2962 vitiis
2196 2918 2316 2976 post
2370 2908 2529 2962 ﬁnem
2581 2906 2780 2962 laboris
2836 2905 2980 2960 nulla
3027 2913 3211 2960 manet
3254 2903 3492 2974 requies.

1907 2999 2095 3054 Omnis
2133 3001 2277 3054 enim
2311 3000 2452 3054 sicut
2485 2999 2668 3069 quieta
2698 2997 2960 3068 spiritalis
2987 3004 3070 3052 est
3108 2995 3219 3050 vita
3247 3013 3260 3047 :
3295 2994 3370 3048 ita
3418 2994 3496 3048 in-

1909 3091 2088 3160 quieta
2125 3100 2179 3145 ct
2205 3090 2444 3145 carnalis
2478 3099 2532 3144 et
2560 3089 2852 3144 laboriosa.
2887 3088 2954 3141 Et
2978 3087 3106 3142 hinc
3134 3093 3218 3141 est
3243 3084 3388 3154 quod
3413 3084 3496 3139 di-

1907 3181 2068 3244 citur,
2094 3182 2220 3250 quia
2268 3181 2422 3234 lassis
2467 3197 2570 3234 non
2613 3179 2841 3234 dabatur
2878 3179 3098 3249 requies.
3130 3176 3382 3246 zEgypto,
3409 3173 3495 3228 in-

1906 3272 2052 3340 quit,
2105 3271 2345 3326 dedimus
2409 3287 2623 3324 manum
2676 3280 2724 3323 et
2760 3268 2987 3339 Assyriis
3037 3276 3092 3320 ut
3133 3277 3499 3320 saturaremur

1903 3377 2055 3432 pane.
2095 3362 2194 3416 Ubi
2235 3363 2339 3416 alia
2383 3361 2762 3431 interpretatio
2800 3359 2958 3429 longe
2984 3357 3144 3413 aliter
3177 3357 3291 3410 ait:
3319 3353 3495 3423 Egy-

1904 3463 2043 3522 ptus,
2074 3455 2268 3524 inquit,
2304 3454 2444 3507 dedit
2485 3469 2672 3506 manus
2698 3451 2949 3520 Assyriis,
2978 3451 3032 3504 in
3065 3449 3305 3503 satietate
3344 3445 3492 3515 ipsis.

1903 3544 2172 3600 llistorice
2198 3554 2377 3599 autem
2410 3543 2637 3614 plangit,
2679 3542 2823 3612 quod
2865 3549 3014 3594 tanta
3051 3537 3302 3592 nobilitas
3329 3549 3494 3606 gene-

1905 3636 1980 3690 ris
2009 3637 2421 3707 prterogativam
2455 3643 2674 3705 patrum
2706 3633 2868 3686 habet
2893 3645 2959 3684 ex
2983 3643 3182 3699 genere
3211 3627 3496 3696 propheta-

1907 3745 2025 3783 rum
2066 3744 2129 3784 ac
2160 3728 2622 3798 patriarcharum,
2655 3724 2796 3794 quod
2825 3721 3060 3793 Egypto
3093 3720 3180 3774 cui
3216 3726 3340 3773 ante
3379 3731 3496 3770 ser-

1905 3821 2157 3886 vitutem,
2196 3829 2257 3874 ut
2286 3825 2665 3874 saturarentur
2710 3813 2960 3886 panibus,
3010 3811 3152 3866 sicut
3193 3805 3318 3862 alibi
3359 3805 3498 3861 scri-

1903 3922 2054 3983 pturn
2095 3921 2178 3967 est
2207 3910 2257 3982 (l
2282 3909 2408 3979 Reg.
2443 3916 2544 3978 u):
2582 3905 2783 3976 Repleti
2822 3905 2990 3974 prius,
3031 3917 3126 3973 pro
3151 3896 3394 3970 -panibus
3439 3909 3495 3949 se

1904 4001 2247 4065 locaverunt,
2291 4012 2346 4054 et
2390 4013 2500 4053 non
2546 3995 2719 4052 solum
2743 3993 2980 4065 IEgypto
3024 4006 3082 4048 se
3134 3988 3493 4052 tradiderunt,

1903 4110 2095 4149 verum
2129 4093 2294 4148 etiam
2334 4099 2389 4147 et
2416 4089 2658 4162 Assyriis
2703 4087 2775 4144 ob
2797 4085 3032 4142 inediam
3083 4083 3276 4155 panis:
3302 4079 3498 4151 quibus

1905 4187 2034 4243 olim
2063 4187 2206 4242 Deus
2235 4199 2434 4240 manna
2463 4183 2532 4238 de
2558 4181 2698 4236 caelo
2725 4179 2960 4252 pluerat,
2992 4185 3048 4232 et
3085 4173 3360 4231 miraculis
3404 4186 3498 4226 co-

1907 4279 2276 4343 ruscantibus,
2309 4277 2365 4333 in
2395 4290 2624 4348 regnum
2654 4287 2841 4329 coram
2871 4269 3084 4326 cunctis
3113 4266 3365 4340 gentibus
3404 4279 3496 4318 su-

1904 4377 2160 4432 blimarat
2184 4393 2196 4428 :
2221 4382 2480 4430 czeterum
2517 4369 2659 4441 quod
2685 4368 2814 4423 dicit
2831 4363 3118 4437 :ngyptus
3140 4361 3282 4416 dedit
3307 4373 3497 4412 manus

1907 4467 2138 4538 Assyriis
2163 4466 2219 4520 in
2241 4465 2534 4519 satietatem
2555 4460 2703 4531 ipsis,
2735 4458 3004 4529 signiﬁcat
3024 4452 3311 4526 .Egyptios
3332 4449 3497 4521 Assy-

1908 4560 2126 4630 riosque
2168 4557 2370 4612 milites
2416 4551 2746 4608 unanimiter
2773 4548 2840 4604 ad
2870 4547 3244 4618 captivitatem
3284 4539 3498 4596 Israeli-

1907 4652 2028 4706 ticae
2053 4649 2227 4721 plebis
2251 4647 2585 4707 convenisse,
2610 4652 2669 4697 ut
2693 4641 2863 4712 spolia
2890 4641 3256 4696 distraherent
3283 4649 3495 4701 eorum,

1909 4757 2143 4813 suasque
2174 4740 2503 4812 cupiditates
2532 4736 2736 4792 divitiis
2781 4734 3063 4790 satiarent.
3100 4729 3259 4786 Juxta
3298 4727 3498 4796 allego-

1908 4833 2046 4888 riam
2070 4845 2221 4895 vero,
2253 4837 2442 4885 contra
2475 4825 2770 4882 Ecclesiam
2804 4824 3002 4880 Christi
3038 4821 3304 4892 Egyptus
3332 4815 3496 4872 simul

1907 4940 2031 4980 cum
2054 4922 2294 4994 Assyriis
2327 4919 2625 4990 conspirat,
2677 4933 2784 4974 non
2834 4914 3119 4971 charitatis
3154 4911 3352 4983 gratia,
3399 4906 3498 4963 sed

1907 5025 1968 5072 ut
2001 5014 2260 5070 Ecclesiae
2283 5011 2605 5068 ﬁrmitatem
2650 5015 2981 5081 Oppugnent.
3017 5005 3095 5059 De
3134 5003 3330 5074 quibus
3360 5009 3500 5055 tinus

1904 5114 2252 5165 sanctorum:
2279 5101 2402 5158 Non
2423 5104 2632 5165 timebo,
2658 5102 2853 5172 inquit,
2878 5098 3046 5154 millia
3072 5096 3251 5168 populi
3273 5097 3499 5150 circum-

1905 5201 2081 5256 dantis
2121 5216 2203 5254 me
2227 5196 2401 5271 (Psal,
2430 5196 2514 5268 It).
2561 5194 2839 5264 Siquidem
2862 5191 3130 5263 Egyptus
3157 5189 3379 5244 tenebrae
3411 5188 3496 5242 in-

1905 5299 2236 5364 terpretatur
2259 5305 2272 5344 :
2296 5289 2505 5360 Assyrii
2552 5287 2837 5363 dirigentes
2863 5299 2880 5335 :
2905 5283 2959 5338 in
2984 5283 3181 5353 quibus
3209 5295 3382 5335 aereae
3404 5293 3499 5349 μοι

1902 5394 2129 5444 testates
2145 5383 2536 5454 intelliguntur,
2551 5379 2643 5450 qui
2662 5393 2720 5433 se
2741 5376 2977 5449 Assyriis
2999 5372 3327 5436 hominibus,
3345 5370 3497 5425 vide-

1903 5481 2030 5538 licet
2061 5476 2456 5550 potentioribus
2485 5473 2802 5543 adjungunt,
2836 5480 2893 5524 ut
2918 5483 3017 5539 per
3043 5482 3136 5524 eos
3167 5463 3498 5536 persecutio-

1905 5587 2004 5628 nes
2051 5571 2302 5639 ingerant
2347 5565 2440 5620 Dei
2495 5561 2708 5618 electis:
2763 5561 2830 5614 de
2883 5559 3080 5628 quibus
3126 5556 3388 5610 Dominus
3440 5554 3496 5609 in

1905 5660 2238 5732 Evangelio:
2271 5657 2449 5711 Veniet
2482 5655 2610 5708 liora
2649 5651 2858 5722 1535
2889 5650 3109 5723 (inquit)
3134 5658 3188 5702 ut
3211 5646 3378 5700 omnis
3403 5643 3500 5715 qui

1907 5771 1996 5810 uos
2028 5750 2304 5815 occiderit,
2329 5747 2614 5802 arbitretur
2655 5743 2959 5816 obsequium
2998 5759 3053 5798 se
3088 5747 3342 5812 prwstare
3385 5735 3502 5800 Deo
