4078 6348
653 243 797 302 im
1437 236 1497 295 8.
1537 236 1896 296 PASCHASII
1938 235 2289 293 RADBEKTI
2322 234 2617 291 ABBATIS
2656 228 3115 292 CORBEIENSIS
3736 249 3847 305 ιω

657 361 841 434 (toan.
871 358 986 430 ενι)
1014 375 1026 411 :
1055 363 1111 411 et
1138 356 1246 411 hoc
1269 354 1488 425 quidem
1543 354 1773 419 iaciunt,
1820 363 2091 424 quatenus
2139 366 2247 407 sua:
2274 350 2325 414 Α
2351 350 2496 404 diam
2526 351 2580 405 in
2623 350 2792 405 millia
2820 352 2924 416 his,
2974 353 3062 421 qui
3117 350 3334 424 diligunt
3383 372 3481 421 me,
3519 369 3563 412 et
3606 364 3849 422 custodiunt

654 452 878 512 scvltia:
900 450 1177 507 l‘eritatem
1204 449 1427 513 satient,
1460 447 1741 517 impietate
1767 461 2071 517 prunarum.
2109 445 2249 515 Ergo
2349 455 2606 516 pra'cepm
2636 463 2752 500 mea
2798 446 3001 518 (Exod.
3027 447 3232 518 xxxiv).
3282 448 3407 516 Quae
3454 467 3551 508 non
3598 454 3748 512 minus
3781 458 3851 517 hic

654 545 988 619 tropologice
1012 541 1285 613 Algyptus
1310 540 1403 596 dat
1451 555 1645 595 manus
1674 539 1911 611 Assyriis
1940 540 1991 594 in
2024 540 2248 594 satieta-
2349 552 2513 606 quam
2543 546 2599 591 et
2628 537 2757 593 alibi
2791 538 2845 592 in
2870 538 3147 608 parabolis
3189 553 3305 595 esse
3333 541 3571 598 dicuntur
3594 555 3644 600 et
3671 562 3851 617 prover-

654 649 765 698 ιεπι
811 639 976 711 ipsis,
1031 636 1251 707 quan‘do
1293 634 1533 689 haeretici
1580 631 1885 703 junguntur
1945 632 2246 697 haereticis,
2347 626 2440 682 hic
2467 645 2479 680 :
2510 627 2584 681 ita
2614 636 2673 682 ut
2693 627 2836 683 aliud
2867 629 3171 699 praetendat
3197 631 3391 695 verbis,
3423 632 3556 688 aliud
3581 635 3631 689 in
3653 638 3851 696 sensibus

654 726 954 790 Donatistis
1019 728 1230 787 scilicet
1289 726 1723 791 Maximianistae,
1758 734 1812 781 et
1856 723 2249 780 Valentinianis
2347 734 2544 775 sonare
2569 719 2838 786 videatur,
2882 736 2987 775 non
3016 721 3159 791 quod
3187 720 3279 776 Dei
3306 722 3556 793 iniustitia
3580 724 3725 781 alium
3753 743 3852 796 pec-

654 822 1021 880 Marcionistte
1043 818 1133 875 vel
1168 816 1474 880 Manichaei,
1505 815 1560 870 in
1583 814 1891 871 satietatem
1928 815 2247 885 acquisitio-
2346 825 2476 866 care
2525 810 2744 881 impune
2778 812 3082 881 Ρθτωίιιῧῑν
3121 819 3177 867 ει
3211 812 3371 869 alium
3410 828 3588 884 1³0911³8
3628 815 3757 872 luere
3778 833 3852 888 lim

651 916 739 970 nis
773 910 957 985 populi
984 909 1102 979 jam
1131 908 1360 965 seducti.
1387 906 1497 962 Sed
1516 906 1674 976 juxta
1700 906 2022 962 Hebraicam
2045 906 2245 960 verita-
2347 901 2560 959 delictis
2587 902 2817 960 aliorum
2842 919 2860 959 :
2883 905 2979 961 sed
3014 919 3083 960 ex
3110 904 3214 961 hoc
3235 904 3379 976 quod
3410 907 3661 977 sequitur:
3686 907 3765 964 llis
3787 909 3853 979 qui

653 1015 762 1062 tem
808 1004 990 1076 plorat
1015 999 1261 1058 Ecclesia
1307 1013 1457 1064 suos,
1488 996 1705 1069 quando
1754 997 1997 1051 membra
2042 994 2246 1051 Christi
2344 993 2579 1051 oderunt
2605 1010 2721 1061 me,
2750 997 3193 1053 eomminatiouis
3230 998 3493 1054 sententia
3518 1000 3620 1055 sive
3650 999 3851 1070 praecepti

651 1103 708 1150 et
750 1093 988 1167 ministqi
1032 1093 1243 1157 altaris,
1293 1106 1396 1162 pro
1435 1090 1668 1145 terrenis
1708 1088 1873 1143 etiam
1922 1089 2087 1141 rebus
2116 1088 2244 1142 dant
2344 1085 2659 1141 scandalum
2698 1086 2943 1143 solvitur.
2984 1087 3171 1144 Potius
3203 1088 3348 1167 enim
3382 1097 3553 1157 patres
3577 1090 3658 1159 qui
3681 1088 3854 1145 fuerunt

651 1202 847 1244 manus
890 1166 1291 1259 potentioribus
1331 1193 1387 1239 et
1437 1183 1788 1240 saecularibus
1826 1181 1979 1247 viris,
2008 1180 2101 1250 qui
2130 1179 2245 1234 suis
2343 1187 2399 1235 et
2431 1193 2537 1233 non
2583 1188 2741 1245 sunt,
2798 1180 2955 1250 quasi
3001 1166 3321 1251 peccatores
3367 1182 3553 1251 punire
3595 1183 3851 1238 debuerant.

652 1277 1016 1336 obfuscantur
1063 1276 1379 1334 divitiarum
1450 1274 1534 1329 vel
1595 1272 1919 1328 delictorum
1974 1270 2240 1325 tenebris:
2344 1268 2600 1339 Sed'quia
2624 1280 2837 1342 patrum
2878 1272 3205 1329 exstiterunt
3239 1273 3652 1340 aemulatores,et
3675 1275 3856 1333 oderunt

651 1387 867 1429 necnon
916 1380 971 1428 et
1014 1370 1273 1443 Assyriis,
1324 1368 1417 1439 qui
1454 1367 1733 1437 dirigentes
1790 1367 2240 1434 interpretantur,
2344 1362 2688 1418 haereditario
2716 1363 2860 1419 uisio
2886 1362 3083 1433 etjure
3110 1365 3423 1436 impietatis,
3452 1366 3506 1421 in
3530 1381 3691 1422 ramos
3714 1366 3855 1423 dera-

650 1473 713 1520 ut
738 1472 1051 1521 saturentur
1097 1475 1278 1534 pane:
1321 1460 1416 1531 qui
1471 1475 1532 1515 se
1567 1460 1635 1513 ad
1674 1458 1857 1513 omnia
1887 1473 2007 1528 qua:
2055 1456 2241 1510 mundi
2343 1455 2465 1511 dice
2506 1457 2880 1512 crescentibus
2928 1458 3122 1528 culpis,
3172 1458 3323 1528 juste
3370 1459 3596 1514 vindicta
3638 1460 3852 1529 pervenit

651 1566 778 1614 sunt
812 1556 1071 1628 dirigunt,
1103 1563 1163 1609 ut
1199 1552 1404 1609 divitiis
1429 1550 1670 1616 sinuant,
1703 1559 1758 1604 et
1781 1548 2042 1605 extollant
2074 1549 2242 1603 hono-
2340 1544 2411 1600 Et
2447 1546 2550 1602 hoc
2590 1548 2790 1618 quippe
2836 1555 2922 1604 est
2966 1549 3150 1605 dicere
3191 1567 3207 1603 :
3256 1548 3371 1604 Nos
3409 1550 3687 1621 iniquitates
3718 1564 3856 1605 eam

648 1646 821 1703 ribus.
867 1645 1075 1714 Quibus
1102 1660 1227 1702 cum
1266 1642 1501 1698 ministri
1540 1641 1745 1698 Christi
1793 1657 1891 1712 pro
1930 1640 2151 1695 caducis
2185 1646 2241 1694 et
2340 1640 2680 1708 portavimus,
2721 1654 2908 1695 coram
2953 1641 3269 1711 aequissimo
3302 1641 3518 1710 judice,
3565 1644 3710 1698 etiam
3752 1643 3858 1698 sicut

596 1804 615 1812 ἱ
647 1737 804 1794 vanis
831 1738 997 1793 rebus
1023 1750 1219 1791 manus
1253 1735 1505 1790 dederint
1532 1741 1591 1789 ut
1630 1734 1870 1789 serviant
1905 1746 2094 1787 eorum
2140 1732 2240 1786 im-
2268 1716 2316 1776 3
2344 1729 2505 1786 linem
2535 1732 2777 1802 imponat
2817 1732 2996 1800 malis,
3030 1734 3329 1806 implorare
3355 1735 3661 1791 sententiam
3690 1733 3856 1790 absoluo

647 1829 836 1901 periis,
867 1827 1000 1898 quid
1050 1826 1197 1883 aliud
1242 1842 1406 1897 quam
1458 1824 1645 1880 mundi
1695 1824 1920 1890 lumina,
1970 1823 2135 1878 etiam
2185 1831 2241 1878 et
2347 1822 2531 1878 tionis.
2563 1822 2719 1891 Quod
2758 1824 2905 1880 nullo
2951 1826 3113 1882 modo
3143 1826 3239 1882 lilii
3293 1827 3414 1883 ideo
3446 1826 3736 1898 puniuntur,
3763 1824 3858 1895 quis

649 1920 754 1991 ipsi
801 1920 1040 1975 tenebrat
1068 1917 1206 1972 (lunt
1230 1920 1255 1972 Υ
1281 1917 1488 1985 Quibus
1539 1915 1782 1987 profecto
1828 1916 2011 1972 verbis
2053 1930 2240 1973 mone-
2344 1921 2531 1984 patres
2567 1924 2952 1984 peccaverunt,
2981 1916 3079 1972 sed
3126 1916 3258 1986 quia
3283 1917 3470 1987 jugum
3498 1923 3746 1972 traxerunt
3782 1912 3859 1971 ini-

648 2025 797 2076 mur,
835 2011 1018 2081 potius
1062 2009 1246 2065 levare
1271 2023 1465 2064 nianus
1491 2009 1559 2064 ad
1581 2016 1792 2075 sancta,
1822 2016 2028 2064 etcum
2058 2006 2240 2079 Moyse
2344 2006 2589 2076 quitatis,
2620 2022 2809 2063 eorum
2832 2007 3006 2078 magis
3029 2018 3349 2080 coaugesctt
3372 2017 3429 2063 et
3457 2014 3858 2065 coacervaturcsv

648 2100 717 2155 ad
746 2099 943 2155 coelum
968 2112 1066 2156 eas
1110 2113 1328 2171 semper
1374 2099 1697 2165 extendere,
1734 2114 1804 2155 ne
1845 2114 2038 2171 graves
2073 2099 2236 2154 ﬂant:
2343 2097 2524 2154 mulus
2550 2108 2607 2154 et
2630 2112 2891 2155 mensura
2913 2099 3235 2169 iniquitatis.
3278 2099 3409 2168 Qua
3434 2100 3671 2156 nimirum
3700 2096 3859 2155 stabili

652 2194 722 2251 de
752 2195 953 2266 quibus
998 2193 1170 2251 David
1213 2196 1476 2266 propheta
1526 2213 1541 2249 :
1585 2194 1690 2262 Qui
1729 2198 1905 2262 statis,
1942 2196 2139 2267 inquit,
2182 2196 2239 2250 in
2343 2202 2489 2259 saepe
2537 2190 2775 2262 viguisse
2821 2190 2878 2246 in
2918 2191 3160 2248 Ecclesia
3206 2191 3420 2249 Christi
3463 2191 3580 2262 jure
3622 2188 3857 2262 plangitur.

646 2283 803 2339 donec
830 2283 1069 2352 Domini,
1099 2286 1155 2340 in
1177 2287 1330 2340 atriis
1359 2285 1549 2341 domus
1569 2285 1667 2340 Dei
1696 2287 1883 2341 nostri.
1914 2285 1983 2342 In
2003 2288 2239 2343 noctibus
2340 2281 2488 2351 quod
2514 2282 2908 2349 sacerdotibus,
2934 2282 3279 2354 principibus
3300 2292 3460 2340 term
3478 2280 3856 2353 delinquentibus

645 2375 883 2431 extollite
912 2392 1099 2432 manus
1136 2387 1333 2433 uestras
1360 2378 1416 2433 in
1436 2386 1642 2444 sancta,
1668 2387 1719 2433 et
1748 2377 2031 2433 benedicite
2053 2378 2236 2434 Domi-
2342 2374 2470 2444 quia
2498 2390 2643 2446 saepe
2667 2374 2897 2446 populus
2919 2376 3075 2445 quasi
3104 2390 3205 2447 pro
3228 2392 3428 2433 eorum
3454 2376 3649 2433 delictis
3672 2371 3857 2446 ﬂexili!

648 2482 778 2523 num
827 2465 1003 2539 (Psat.
1034 2472 1281 2541 cxxxtv).
1326 2469 1395 2525 In
1445 2470 1703 2535 noctibus,
1746 2470 1940 2541 inquit,
1972 2485 2042 2527 ne
2080 2472 2125 2527 si
2162 2487 2243 2529 re-
2344 2474 2452 2534 tur,
2499 2482 2730 2537 quorum
2759 2481 2865 2523 vox
2911 2467 3253 2525 est:Patres
3300 2470 3465 2526 nostri
3503 2471 3795 2540 peram
3822 2469 3860 2533 ἓ

660 2561 843 2617 missa:
887 2560 1091 2618 iuerint
1121 2563 1178 2618 in
1216 2562 1455 2619 tenebris
1501 2563 1661 2633 hujus
1703 2562 1885 2619 saeculi
1929 2570 1984 2618 et
2002 2560 2240 2635 Egypto
2343 2572 2450 2615 non
2480 2569 2625 2627 sunt,
2660 2569 2710 2615 et
2738 2576 2832 2616 nos
2864 2559 3163 2633 iniquitates
3202 2577 3395 2619 eorum
3412 2561 3720 2634 portavimus.
3744 2552 3860 2612 Aci

645 2651 862 2720 deditae,
905 2654 1254 2727 obligatiores
1284 2654 1436 2722 liant,
1471 2663 1529 2711 et
1568 2655 1811 2711 servituti
1856 2656 2123 2713 obnoxiae.
2157 2657 2241 2714 ld-
2341 2661 2594 2726 patenter
2616 2653 2838 2711 dicatur
2862 2671 2877 2707 :
2901 2653 3018 2711 Non
3045 2662 3174 2713 sunt
3214 2656 3371 2726 quod
3410 2656 3859 2718 debuerant,etnss

645 2743 796 2799 circo
822 2742 900 2799 ait
920 2761 936 2800 :
954 2744 1023 2799 In
1046 2744 1285 2800 noctibus
1309 2743 1540 2800 extollite
1557 2760 1747 2800 manus
1770 2756 1987 2812 uestras,
2010 2754 2072 2802 ut
2097 2762 2240 2803 sem-
2340 2745 2518 2817 culpis
2542 2745 2905 2819 exigentibus,
2933 2760 3043 2803 una
3075 2761 3200 2803 cum
3239 2748 3383 2819 ipsis
3408 2747 3680 2804 vindictam

643 2849 744 2906 per
771 2848 893 2906 quae
922 2843 1112 2891 sancta
1151 2843 1296 2901 sunt,
1325 2835 1482 2907 juxta
1509 2836 1826 2906 Apostolum
1846 2876 1861 2902 ,
1891 2836 2238 2905 meditantes,
2342 2846 2516 2895 tatum
2568 2852 2755 2895 eorum
2800 2846 3104 2909 portamus.
3130 2836 3320 2907 Unde,
3364 2852 3671 2910 quaesumus,
3695 2832 3861 2900 utrium

641 2929 847 3002 Jttgiter
894 2930 950 2987 in
991 2928 1207 2987 laudem
1255 2929 1352 2986 Dei
1393 2931 1660 2988 vivamus.
1703 2930 2014 3003 Sequitur:
2047 2932 2238 2989 Patres
2340 2942 2509 3002 quam
2564 2929 2881 2987 terribiliter
2910 2931 3179 3002 propheta
3225 2930 3417 3004 lugeat
3458 2928 3680 2993 audiant,
3701 2926 3861 2983 cumet

648 3024 818 3079 nostri
835 3033 1175 3094 peccaverunt
1197 3032 1246 3079 et
1268 3039 1371 3079 non
1394 3032 1536 3091 sunt,
1554 3033 1601 3079 et
1621 3040 1714 3079 nos
1738 3024 2038 3096 iniquitates
2057 3041 2238 3081 eorum
2271 3084 2310 3096 _
2341 3032 2529 3095 patres
2571 3038 2673 3095 pro
2707 3024 2821 3081 suis
2847 3024 3110 3096 percellat
3143 3023 3350 3095 culpis,
3381 3033 3436 3079 et
3463 3022 3713 3079 auditores
3743 3023 3862 3070 nell

648 3084 992 3188 portavimus.
1024 3116 1127 3175 Ubi
1157 3116 1295 3173 alius
1324 3084 1595 3188 interpres
1618 3116 1730 3170 ait:
1758 3084 1837 3171 Et,
1850 3131 1949 3171 nos
1979 3117 2237 3187 iuiquita-
2263 3084 2311 3149 Ο
2340 3084 2497 3175 vanis
2542 3084 2801 3175 deludam
2832 3084 3259 3184 blandimentis:
3288 3084 3545 3191 quoniam
3584 3124 3636 3171 et
3667 3112 3861 3168 doctori

649 3213 733 3262 tes
768 3221 958 3263 eorum
997 3208 1349 3265 exsolvimus.
1388 3207 1521 3275 Quae
1549 3207 1807 3262 nimirum
1854 3207 2120 3263 sententia
2149 3221 2236 3263 ve-
2336 3224 2438 3282 pro
2467 3210 2663 3267 merito
2699 3209 2975 3281 eliguntur
2999 3209 3195 3280 plebis,
3222 3218 3290 3265 et
3311 3210 3465 3281 plebs
3492 3206 3771 3264 deuictum
3790 3212 3861 3267 μ’

644 3297 875 3355 hemens
927 3302 1115 3357 est'et
1171 3300 1447 3366 abstrusa,
1493 3297 1680 3354 multis
1719 3298 1958 3354 involuta
1997 3299 2236 3371 caligini-
2338 3306 2473 3361 titur
2512 3319 2583 3360 ex
2622 3305 2952 3377 negligentia
3005 3305 3276 3362 doctoris.
3326 3306 3509 3377 Neque
3550 3301 3680 3359 enim
3718 3305 3863 3354 succa-

644 3390 766 3456 bus,
793 3390 925 3447 licet
947 3406 1112 3463 super
1132 3389 1349 3447 Judteos
1376 3391 1511 3447 satis
1539 3390 1716 3446 soluta
1753 3401 1809 3446 et
1835 3398 2023 3461 aperta
2051 3390 2234 3448 videa-
2338 3395 2591 3452 dentibus
2622 3395 2796 3467 culpis
2823 3396 3086 3453 minuitur
3116 3409 3314 3467 pinna,
3344 3396 3436 3453 sed
3465 3402 3711 3466 augetur:
3734 3386 3797 3442 uti
3814 3383 3863 3439 de

648 3481 893 3553 tur:qui
919 3489 1241 3538 vetustatem
1278 3482 1474 3537 litterae
1501 3488 1813 3552 sequentes,
1840 3483 2023 3539 omnia
2065 3482 2235 3539 male-
2335 3485 2471 3543 Cain
2523 3487 2725 3556 septies
2774 3499 2937 3557 pana
2983 3486 3189 3554 datur;
3260 3488 3334 3544 de
3380 3486 3606 3542 Lantech
3646 3493 3758 3537 vero
3799 3488 3863 3531 εον

645 3572 789 3630 dicta
814 3573 950 3647 legis
977 3586 1141 3644 super
1173 3588 1233 3630 se
1260 3582 1560 3639 traxerunt,
1588 3575 1969 3646 gravissimum
1995 3575 2127 3648 legis
2146 3576 2235 3647 ju-
2332 3579 2583 3653 ptuagies
2629 3580 2853 3652 septies.
2905 3579 3043 3648 Quia
3094 3580 3199 3635 etsi
3266 3579 3650 3637 homicidarum
3700 3563 3862 3643 ιω

644 3682 770 3739 gum
807 3675 1135 3739 portantes:
1171 3666 1313 3738 quod
1369 3681 1470 3722 nec
1513 3667 1615 3739 ipsi
1664 3682 1764 3724 nec
1809 3675 1994 3739 patres
2043 3682 2232 3723 eorum
2334 3670 2445 3727 ulla
2492 3678 2578 3727 est
2621 3672 2899 3738 distantia,
2941 3685 3047 3727 nec
3088 3680 3403 3728 assectator
3441 3677 3561 3741 post
3595 3669 3862 3739 ιπαθιιω

641 3756 785 3816 ferre
813 3768 1120 3833 potuerunt,
1150 3760 1395 3815 nolentes
1416 3758 1690 3816 Christum
1721 3761 1988 3831 recipere,
2012 3761 2105 3831 qui
2135 3775 2231 3818 eos
2334 3770 2394 3818 et
2436 3761 2778 3834 exemplum,
2842 3760 3110 3817 minorem
3166 3759 3302 3831 iure
3357 3757 3620 3818 contrahit
3664 3762 3863 3824 pinnatis

641 3865 673 3905 a
720 3850 1009 3908 maledicto
1065 3850 1203 3925 legis
1260 3850 1585 3908 exsolveret.
1653 3850 1808 3907 Unde
1862 3852 2123 3909 Dominus
2176 3853 2232 3908 lu
2332 3867 2501 3925 quam
2548 3854 2801 3909 inventor
2834 3859 2893 3907 et
2932 3859 3123 3907 auctor
3171 3852 3329 3907 mali.
3385 3851 3567 3907 Potest
3608 3854 3659 3901 et
3693 3840 3750 3899 ad
3785 3835 3868 3913 oli-

638 3940 961 4015 Evangelio:
986 3940 1057 3997 Ut
1083 3944 1274 4011 veniat,
1303 3944 1498 4015 inquit,
1529 3958 1687 4014 super
1716 3961 1804 3999 eos
1826 3946 1995 4000 omnis
2017 3945 2231 4017 sanguis
2337 3945 2536 4018 giualia
2583 3952 2809 4016 peccata
2870 3944 2991 3999 haec
3042 3944 3322 3999 nutantia
3364 3941 3590 4007 deferri,
3635 3950 3739 4007 euut
3786 3941 3868 3985 ιιιο

629 4030 811 4102 justus
840 4033 931 4104 qui
963 4033 1163 4103 effusus
1198 4044 1273 4090 est
1314 4051 1471 4106 super
1505 4044 1721 4101 terram,
1765 4052 1797 4089 a
1827 4038 2083 4108 sanguine
2103 4037 2232 4092 Abel
2332 4046 2619 4110 peccante,
2676 4038 2840 4094 etiam
2883 4035 2966 4091 ira
3010 4035 3065 4090 in
3105 4048 3309 4091 omnes
3366 4032 3601 4097 deurit,
3647 4025 3740 4085 ιίσί
3773 4018 3864 4076 κδ’

629 4120 789 4193 justi,
818 4138 985 4199 usque
1018 4125 1089 4179 ad
1124 4126 1441 4198 sanguinem
1461 4123 1738 4183 Zachariae
1760 4144 1779 4182 :
1802 4135 1852 4182 et
1893 4127 2069 4182 omnia
2096 4129 2227 4194 Itwc,
2336 4132 2448 4187 rint
2489 4130 2667 4203 gratia
2699 4130 2938 4186 liberati.
2972 4128 3033 4183 ln
3088 4141 3205 4197 quo
3252 4142 3395 4184 sane
3452 4122 3689 4185 emilio.
3728 4120 3868 4183 ηαιιι

636 4208 836 4283 inquit,
874 4228 907 4268 a
937 4215 1268 4285 generatione
1294 4216 1398 4271 ista
1433 4217 1766 4290 requirentur
1793 4215 2008 4290 (Matth.
2043 4218 2227 4290 χχιιι).
2328 4231 2492 4294 pater
2518 4222 2863 4292 iniquitatem
2888 4219 3007 4286 alii,
3036 4234 3215 4291 neque
3266 4219 3417 4276 ﬁlius
3459 4216 3770 4289 iniquitalan
3788 4216 3865 4276 1³⁸⁸

636 4306 815 4378 Atque
854 4306 1024 4364 alibi:
1064 4306 1329 4381 Complete
1358 4326 1659 4367 mensuram
1696 4319 1907 4383 patrum
1940 4319 2230 4367 uestrorum
2337 4316 2439 4371 tris
2467 4316 2638 4369 trahit
2668 4331 2683 4368 :
2726 4314 2822 4370 sed
2851 4312 3227 4383 unusquisque
3266 4327 3489 4378 eorum,
3513 4317 3605 4367 aut
3628 4307 3677 4364 in
3699 4295 3868 4383 illi“?

636 4394 855 4475 (lbid.).
875 4400 1083 4475 Quibus
1107 4400 1349 4474 profecto
1370 4400 1551 4459 verbis
1576 4382 1899 4469 ostenditur,
1926 4404 2073 4474 quod
2100 4400 2226 4459 imi-
2254 4457 2304 4475 _
2334 4416 2434 4460 sua
2458 4404 2742 4469 liberatur,
2770 4410 2863 4457 aut
2888 4403 2943 4458 in
2969 4382 3194 4472 poccato
3217 4402 3450 4472 proprio
3475 4397 3729 4457 morietur.
3748 4382 3867 4457 θυοδ

635 4457 841 4552 latores
882 4457 1126 4551 i’atrum.
1150 4497 1313 4552 etiam
1356 4492 1718 4568 praecedentia
1762 4457 1979 4566 patrum
2029 4497 2225 4554 delicta
2254 4457 2307 4519 Β
2333 4506 2514 4555 autem
2557 4497 2673 4552 ait:
2709 4495 2896 4551 Patres
2945 4457 3108 4550 nostri
3155 4457 3511 4565 peccauerunt
3554 4501 3603 4548 et
3644 4504 3736 4545 nos
3772 4484 3868 4537 Μ

634 4588 886 4656 trahant,
932 4588 979 4644 si
1022 4600 1209 4644 eorum
1266 4589 1335 4644 ad
1387 4587 1592 4643 malum
1644 4586 1847 4644 fuerint
1902 4596 2219 4646 sectatores.
2326 4604 2442 4646 non
2481 4575 2739 4645 vacat'ab
2767 4586 3043 4643 intellectu
3073 4588 3356 4656 quomodo
3385 4602 3495 4642 non
3527 4575 3758 4670 sint,un

635 4677 790 4746 Quod
838 4677 973 4736 satis
998 4679 1378 4750 gravissimum
1409 4678 1626 4751 1536
1652 4687 1735 4734 est
1771 4679 1951 4747 nobis,
1987 4682 2080 4750 qui
2126 4695 2224 4738 no-
2326 4681 2465 4736 nino
2504 4680 2670 4735 etiam
2704 4686 2762 4732 et
2785 4685 2909 4748 post
2939 4686 3174 4732 mortem
3204 4691 3332 4732 esse
3373 4675 3679 4732 creduntur.

633 4776 750 4825 stra
780 4784 887 4826 non
909 4747 1207 4827 suiilcimus
1236 4747 1698 4841 delicta—portare,
1726 4770 1771 4825 si
1799 4747 2222 4841 praecedentium
2328 4774 2528 4845 quippe
2553 4780 2812 4845 peccator
2852 4786 2921 4828 ex
2945 4784 3011 4826 eo
3038 4769 3183 4839 quod
3212 4768 3491 4839 delinquit
3516 4774 3572 4822 et
3612 4765 3793 4834 pecul.
3813 4747 3866 4854 ξδ

632 4868 850 4933 patrum
904 4866 1211 4918 nostrorum
1271 4859 1529 4917 oneribus
1578 4858 2004 4933 ‘przegravemur.
2049 4863 2222 4932 Quam
2326 4866 2555 4922 nihilum
2583 4864 2850 4935 redigitur
2869 4873 2924 4919 et
2953 4877 3061 4918 non
3085 4868 3170 4917 est
3201 4874 3216 4915 :
3241 4869 3297 4916 et
3330 4861 3460 4916 ideo
3488 4872 3596 4915 non
3624 4860 3727 4918 est.
3766 4854 3866 4916 41³³³

635 4968 768 5010 sane
798 4955 1123 5011 sententiam
1153 4952 1405 5010 Ezechiel
1427 4953 1708 5012 absolvere
1732 4956 1967 5025 videtur,
1999 4958 2090 5028 qui
2115 4958 2223 5012 ait:
2324 4959 2399 5013 ab
2436 4971 2505 5014 eo
2542 4958 2637 5029 qui
2677 4970 2893 5028 semper
2937 4955 3080 5011 idem
3100 4963 3208 5020 est,
3240 4953 3460 5009 corruit
3504 4959 3564 5007 ut
3606 4961 3705 5003 non
3726 4941 3866 5007 sibi"

636 5034 811 5103 Filius
852 5056 957 5101 non
997 5046 1226 5131 portabit
1268 5046 1599 5119 iniquitatem
1640 5049 1832 5119 patris,
1869 5058 1919 5104 et
1946 5058 2096 5121 pater
2118 5062 2225 5105 non
2322 5049 2608 5105 dilabitur.
2640 5045 2829 5120 Neque
2867 5048 3007 5105 dixit
3051 5046 3177 5117 quia
3223 5053 3416 5117 patres
3467 5033 3870 5131 ροοωνρηωιρι

632 5133 863 5211 portabit
905 5130 1232 5212 iniquitatem
1263 5141 1363 5211 ﬁlii
1388 5162 1406 5201 :
1428 5142 1518 5198 sed
1541 5142 1898 5215 unusquisque
1926 5143 1982 5198 in
2012 5148 2222 5213 peccato
2326 5156 2436 5199 non
2470 5150 2554 5199 est
2586 5149 2867 5211 peccatum
2894 5153 3117 5205 eorum,
3144 5137 3243 5194 sed
3292 5151 3407 5192 non
3428 5142 3557 5192 sunt
3580 5129 3679 5202 ipsi
3709 5144 3722 5180 ε
3748 5129 3867 5192 (μηδ’

632 5249 730 5289 suo
771 5250 874 5306 quo
914 5235 1220 5305 peccaverit,
1260 5236 1317 5290 in
1356 5235 1469 5308 ipso
1510 5234 1764 5290 morietur
1794 5232 2011 5305 (Επειδὴ.
2039 5234 2218 5306 svnt).
2323 5241 2617 5306 peccatore
2644 5231 2918 5297 defuncto,
2948 5229 3159 5302 peccati
3208 5228 3438 5284 omnino
3482 5237 3645 5281 causa
3685 5218 3867 5308 mimi

634 5318 765 5394 Quae
805 5323 1051 5396 profecto
1095 5306 1384 5384 sententia
1412 5325 1585 5385 soluta
1623 5332 1746 5383 esse
1786 5325 2084 5394 videretur,
2118 5326 2222 5384 nisi
2327 5338 2490 5398 quam
2518 5324 2614 5380 ﬁlii
2638 5324 2963 5380 sententiam
2988 5320 3187 5392 duplici
3212 5319 3378 5397 modo
3411 5330 3558 5386 saepe
3580 5306 3865 5403 persolvunt

632 5435 730 5492 per
753 5417 971 5493 Moysen
1006 5414 1067 5475 in'
1092 5410 1279 5477 Exodo
1312 5419 1573 5476 Dominus
1593 5418 1909 5490 loqueretur
1934 5430 1946 5471 :
1975 5417 2222 5490 Egosuvn
2326 5419 2465 5475 Dum
2493 5427 2589 5474 aut
2626 5418 2870 5490 paternis
2898 5414 3292 5487 iniquitatibus,
3324 5407 3705 5469 aﬂlictionibus
3726 5400 3871 5467 Mf?

635 5511 894 5586 Dominus
933 5511 1088 5586 Deus
1115 5522 1260 5579 tuus,
1309 5510 1451 5569 Deus
1499 5512 1800 5577 wmulator,
1841 5519 1890 5567 et
1930 5511 2020 5582 qui
2060 5510 2224 5567 reddo
2328 5521 2551 5569 muntur
2573 5509 2769 5577 variis,
2809 5518 2869 5565 ut
2894 5508 3178 5565 exsolvant
3203 5513 3431 5578 peccata
3455 5510 3667 5576 patrum
3694 5496 3872 5586 ίιηιιτεε·

622 5582 1102 5695 (ρεσεαιάραιινιιηι
1129 5607 1185 5661 in
1205 5575 1364 5676 ﬁlios,
1386 5622 1549 5678 usque
1587 5606 1643 5660 in
1669 5575 1877 5660 tertiam
1910 5575 1958 5660 et
1978 5612 2223 5677 quartam
2329 5603 2627 5662 sentiarum
2653 5617 2668 5659 :
2694 5575 2791 5656 aut
2817 5599 2979 5656 linem
3025 5612 3132 5695 aqu

621 5668 1029 5784 Ξἀιτιοι-ςιιὶὸηειιι
1060 5697 1141 5756 Itis
1171 5668 1263 5776 qui
1291 5668 1515 5757 oderunt
1536 5711 1618 5755 me
1647 5712 1665 5755 :
1690 5707 1739 5755 et
1755 5697 1896 5774 [acia
1934 5668 2226 5754 misericor-
2328 5696 2429 5755 ciis
2450 5695 2778 5768 deputantur
2795 5690 3038 5748 aeternis.
3067 5688 3222 5761 Quod
3245 5686 3290 5745 si
3318 5684 3424 5742 ﬁlii
3463 5678 3764 5741 melioribus
3781 5668 3876 5726 Μ·
