4078 6348
210 236 406 365 ’ωε

1005 296 1374 360 ‘sxrosmo
1412 300 1478 356 IN
1513 297 2093 359 LAMENTATJONES
2129 280 2469 355 JEREMIAE.
2506 327 2573 336 —
2612 294 2739 350 LIB.
2783 290 2844 346 v.

3360 340 3369 347 .
3414 289 3551 353 ωδ

254 418 374 477 rint
418 422 686 477 insumus
731 422 816 478 vel
862 419 1037 492 gratia
1082 419 1327 486 liberati,
1356 417 1504 473 nullo
1534 424 1859 489 premuntur
1885 420 1933 477 Α
1966 427 2052 472 tur
2080 435 2091 471 :
2128 418 2374 473 invasam
2402 432 2531 471 vero
2580 416 2632 468 in
2664 412 3006 469 solitudinem
3039 409 3235 466 reddit.
3266 408 3554 466 Desolatur

248 509 387 583 jugo
417 510 747 582 iniquitatis,
772 509 867 565 sed
888 524 986 582 per
1012 510 1339 580 baptismum
1380 508 1640 579 disruptis
1666 508 1857 563 vincu-

256 601 330 658 lis
356 599 679 658 delictorum
707 600 1082 672 unusquisque
1108 616 1318 668 eorum,
1358 609 1452 655 aut
1490 601 1604 656 suis
1631 599 1854 669 punitur

256 693 450 760 malis,
498 702 594 749 aut
623 692 944 750 absolvitur.
998 692 1170 760 Servi,
1199 693 1399 765 inquit,
1429 692 1688 747 dominati
1730 699 1855 746 sunt

256 786 430 843 nostri
458 801 479 841 :
502 786 730 856 nonfuit
760 786 852 857 qui
876 785 1157 841 redimeret
1180 785 1245 842 de
1288 802 1453 841 manu
1487 801 1690 841 eorum.
1722 784 1852 856 Epi-

254 877 444 952 logum
468 878 669 934 retexit
694 876 1063 946 miseriarum,
1085 886 1142 935 et
1166 893 1266 950 per
1307 876 1518 950 singula
1546 892 1715 932 novos
1764 876 1851 931 in-

254 970 369 1028 fert
420 957 696 1028 crudatus
740 970 826 1028 sui
871 970 1075 1028 doloris
1108 986 1123 1027 :
1154 981 1425 1044 quatenus
1465 970 1651 1027 multis
1680 970 1854 1027 modis

250 1060 697 1119 benevolentiam
748 1061 826 1135 pii
872 1062 1074 1135 iudicis
1123 1062 1363 1119 inflectat
1414 1064 1483 1119 ad
1544 1064 1854 1120 misericor-

255 1153 429 1209 diam.
463 1151 635 1221 Servi,
660 1152 858 1223 inquit,
888 1154 1146 1210 dominati
1174 1165 1297 1210 sunt
1344 1155 1531 1210 nostri.
1556 1154 1635 1210 Ac
1664 1155 1711 1210 si
1759 1169 1851 1225 pa-

252 1253 440 1301 tenter
461 1244 703 1301 insinuet
721 1244 1014 1315 gloriosam
1042 1245 1353 1303 libertatem
1375 1262 1563 1303 eorum
1592 1254 1647 1302 et
1670 1246 1847 1302 dicat:

252 1333 340 1391 'l‘u
385 1334 662 1392 redemisti
697 1344 754 1392 et
806 1335 1048 1392 liberasti
1105 1353 1204 1393 nos
1254 1337 1308 1392 in
1357 1338 1583 1394 brachio
1626 1336 1850 1392 virtutis

250 1432 398 1494 tum;
423 1435 482 1483 tu
503 1427 755 1484 exaltasti
786 1436 841 1485 et
879 1427 1181 1485 sublimasti
1211 1430 1266 1485 in
1311 1446 1558 1503 regnum,
1593 1439 1649 1486 tu
1677 1431 1850 1486 virtu-

248 1517 405 1575 tibus
430 1526 486 1577 et
507 1518 679 1592 signis
716 1519 1033 1592 glorificasti
1063 1537 1078 1576 :
1110 1530 1167 1579 et
1208 1539 1354 1579 nunc
1381 1540 1490 1579 non
1526 1516 1851 1596 qualescun-

247 1626 381 1684 que,
410 1611 506 1669 sed
546 1614 689 1669 servi
725 1614 988 1670 dominati
1035 1625 1161 1671 sunt
1208 1617 1383 1673 nostri
1427 1635 1440 1672 :
1479 1632 1581 1673 nec
1620 1617 1722 1673 fuit
1752 1616 1846 1689 qui

245 1701 548 1758 redimeret
576 1718 679 1759 nos
713 1704 780 1759 de
824 1720 987 1761 manu
1023 1719 1234 1760 eorum.
1267 1706 1393 1763 Haec
1434 1707 1639 1764 idcirco
1682 1708 1847 1779 repli-

1958 525 2089 565 vero
2117 517 2171 564 et
2194 508 2516 579 relinquitur
2542 522 2572 561 a
2598 506 2729 571 Deo,
2770 503 2861 574 qui
2886 498 3264 574 supplantatur
3297 502 3365 556 ab
3393 501 3552 558 hoste

1958 612 2013 658 et
2038 603 2182 658 vitiis
2220 601 2572 658 subvertitur.
2600 596 2880 653 Moraliter
2915 603 3095 651 autem
3122 593 3301 649 anima
3332 594 3444 650 suis
3471 593 3554 650 la-

1956 696 2180 752 boribus
2199 709 2393 767 panem
2437 690 2671 765 acquirit
2700 689 2986 750 virtutum,
3017 689 3145 747 dum
3186 684 3345 744 bonis
3372 687 3551 761 operi-

1955 784 2056 843 bus
2097 786 2243 842 intus
2292 784 2494 841 forisve
2537 790 2821 839 exercetur
2862 796 3080 852 corpus,
3138 780 3288 837 verbi
3340 780 3546 852 gratia,

1955 879 2081 933 dum
2114 878 2182 933 ad
2221 876 2654 933 benevolentiam
2708 890 2803 930 seu
2856 873 3177 929 cbaritatem
3217 874 3271 928 et
3314 887 3501 945 pacem
3528 912 3546 943 ,

1953 971 2320 1042 pietatemque
2347 967 2667 1024 intenditur.
2711 964 2918 1034 Quibus
2960 981 3084 1021 cum
3110 963 3424 1021 vivificatur
3444 964 3549 1024 vir-

1952 1064 2180 1128 tutibus,
2229 1060 2506 1117 caelestem
2560 1066 2933 1129 aeternumque
2981 1056 3213 1128 acquirit
3259 1072 3543 1129 panem,a

1953 1153 2092 1210 facie
2112 1152 2277 1227 gladii
2304 1152 2360 1208 in
2384 1151 2638 1207 deserto:
2672 1150 2798 1222 quia
2823 1148 3048 1205 devictis
3070 1148 3310 1205 hostium
3335 1146 3549 1204 insidiis

1951 1255 2009 1302 et
2054 1246 2444 1302 tentationibus
2474 1244 2661 1309 variis,
2716 1258 2933 1314 semper
2976 1243 3031 1298 in
3063 1242 3235 1299 Deum
3281 1240 3436 1314 quasi
3493 1240 3547 1297 in

1951 1338 2168 1393 deserto
2217 1336 2524 1393 solitudinis
2550 1335 2861 1391 laborantes
2891 1351 3196 1392 versamur.
3246 1331 3412 1390 Pellis
3447 1351 3548 1389 no-

1948 1439 2057 1484 stra
2081 1430 2234 1497 quasi
2260 1428 2495 1483 clibanus
2535 1438 2721 1484 exusta
2765 1437 2867 1493 est,
2917 1446 2949 1483 a
2999 1428 3138 1499 facie
3181 1436 3546 1498 tempestatum

1948 1519 2126 1590 famis.
2155 1520 2263 1575 Aut
2298 1519 2454 1575 aliter
2480 1536 2494 1574 :
2525 1518 2569 1574 A
2608 1519 2743 1575 facie
2768 1520 3051 1593 plagarum
3093 1518 3274 1575 famis.
3310 1517 3413 1575 Ubi
3444 1532 3547 1591 per

1948 1614 2285 1667 exustionem
2300 1613 2480 1684 pellis,
2495 1613 2807 1684 magnitudo
2821 1621 2876 1669 et
2890 1613 3227 1669 immensitas
3241 1612 3398 1670 famis
3417 1631 3428 1667 :
3446 1627 3544 1669 seu

1949 1720 2046 1775 per
2085 1703 2300 1776 1539
2325 1705 2544 1759 lividam
2582 1720 2836 1771 carnem,
2871 1714 2929 1760 ut
2956 1705 3095 1762 alius
3129 1704 3542 1776 interpretatur,

246 1798 372 1856 cat,
421 1798 482 1846 ut
513 1792 580 1848 ad
620 1792 883 1849 beneﬁcia
926 1794 1335 1852 clementissimi
1385 1795 1480 1852 Dei
1525 1808 1844 1854 consuetam
1872 1779 1920 1840 Β
1948 1793 2287 1863 exprimitur.
2317 1792 2489 1861 Quam
2519 1808 2648 1849 sane
2681 1792 2880 1849 famem
2913 1793 2958 1848 si
2987 1793 3110 1865 quis
3148 1793 3281 1849 velit
3307 1792 3536 1858 rescire,

243 1879 506 1954 lacrymis
542 1884 890 1954 provocando
936 1886 1289 1959 clementiam
1335 1888 1569 1955 invitet,
1622 1890 1678 1945 in
1733 1899 1847 1947 toto

242 1973 451 2030 mentis
508 1973 744 2044 affectu,
792 1992 890 2032 sua
941 1977 997 2033 in
1054 1979 1134 2033 eis
1182 1979 1361 2050 potius
1413 1979 1698 2048 beneficia,
1752 1981 1845 2052 qui

244 2078 443 2121 eorum
471 2074 652 2121 errata
687 2068 1017 2124 considerat.
1054 2068 1322 2126 Caeterum
1357 2071 1534 2144 typice
1556 2072 1702 2141 luget
1721 2074 1845 2130 οιιοο

248 2170 349 2213 rus
411 2166 758 2226 sanctorum,
809 2174 943 2231 gens
981 2170 1208 2228 sancta,
1253 2160 1480 2234 populus
1530 2164 1842 2234 acquisitio-

241 2248 354 2312 nis,
401 2249 582 2321 regale
626 2250 1012 2316 sacerdotium,
1046 2253 1257 2322 quoties
1291 2252 1603 2323 spirituales
1657 2254 1843 2325 nequi-

245 2337 342 2392 tia:
408 2338 501 2410 qui
552 2336 827 2395 caelestem
890 2340 1243 2410 perdiderunt
1301 2340 1626 2405 libertatem,
1674 2341 1841 2398 domi-

243 2437 450 2485 nantur
476 2430 649 2487 nostri
678 2438 732 2487 et
754 2428 995 2504 affligunt
1022 2447 1120 2488 nos
1163 2432 1423 2488 servitute
1450 2433 1658 2504 peccati
1697 2448 1712 2487 :
1754 2432 1840 2490 vel

243 2524 468 2594 quando
506 2525 751 2582 carnales
797 2526 998 2597 quique
1024 2534 1117 2581 aut
1146 2525 1427 2582 criminosi
1468 2526 1841 2598 principantur

243 2616 306 2671 in
354 2614 617 2685 Ecclesia,
643 2626 699 2674 et
739 2618 796 2674 in
835 2620 918 2674 eis
947 2635 1084 2690 quos
1112 2618 1443 2692 Redemptor
1485 2619 1704 2693 1538
1734 2622 1840 2678 Do-

243 2707 430 2765 minus
452 2710 519 2766 ad
540 2710 811 2765 modicum
842 2711 895 2766 in
927 2727 1091 2767 manu
1112 2726 1299 2767 eorum
1326 2712 1575 2768 deserere
1603 2714 1837 2771 videtur.

243 2796 453 2855 Luctus
478 2814 607 2872 ergo
637 2800 742 2856 iste
771 2809 919 2857 recte
947 2803 1325 2872 paenitentiam
1354 2812 1459 2868 est,
1488 2804 1577 2874 qui
1628 2803 1843 2861 Satanae

244 2887 471 2959 laqueos
513 2891 742 2948 evadere
794 2893 1115 2965 cupientes,
1168 2894 1321 2965 cujus
1362 2896 1579 2951 domino
1630 2896 1844 2953 fuerant

241 2980 519 3053 subjugati
541 2990 596 3038 et
623 2983 847 3050 addicti,
876 2986 944 3040 ad
990 2985 1158 3042 Deum
1197 2986 1472 3057 respirare
1519 3002 1615 3042 seu
1647 3002 1842 3058 preces

241 3071 528 3128 intendere
552 3062 909 3143 praesumunt.
938 3074 1046 3131 Sed
1093 3084 1149 3132 et
1177 3077 1462 3133 ltmreticos
1489 3092 1678 3134 servos
1722 3093 1842 3135 esse

1949 1882 2242 1954 Joseplmm
2286 1884 2432 1957 legat
2463 1904 2474 1939 :
2510 1886 2601 1956 qui
2633 1885 2775 1941 ﬁlios
2808 1886 3099 1943 devorasse
3131 1894 3387 1956 parentes
3438 1883 3539 1953 ait,

1948 1984 2003 2032 et
2039 1975 2414 2031 devorantium
2462 1974 2646 2032 fauces
2690 1974 3025 2032 latrunculos
3068 1966 3397 2049 praefocasse
3433 1994 3447 2032 :
3480 1982 3542 2032 ut

1939 2067 2052 2139 jam
2082 2069 2377 2139 deglutitos
2406 2068 2557 2125 cibos
2586 2084 2721 2141 pene
2764 2066 2831 2125 de
2878 2068 3010 2142 ipsis
3056 2067 3355 2126 visceribus
3385 2060 3539 2147 evel-

1947 2159 2138 2224 lercnt,
2159 2162 2345 2232 sicque
2362 2170 2606 2234 raptores
2622 2164 2827 2234 absque
2850 2163 3077 2219 horrore
3093 2161 3316 2219 easdem
3339 2176 3538 2221 carnes

1944 2260 2242 2307 sumerent.
2271 2252 2576 2322 Allegorice
2603 2263 2783 2309 autem
2825 2269 2932 2310 vox
2960 2263 3275 2311 sanctorum
3301 2262 3387 2311 est
3412 2244 3535 2326 qua:

1942 2340 2260 2412 plangitur:
2298 2339 2463 2396 Pellis
2490 2353 2670 2397 nostra
2714 2344 2867 2414 quasi
2912 2340 3151 2400 clibanus
3197 2342 3363 2399 livida
3392 2344 3539 2416 facta

1941 2442 2044 2500 est,
2076 2440 2169 2487 aut
2205 2442 2391 2488 exusta
2442 2443 2534 2488 est.
2587 2432 2751 2491 Pellis
2780 2435 3003 2505 utique,
3041 2435 3169 2509 quia
3200 2435 3361 2506 primi
3409 2443 3540 2493 sunt

1941 2533 2197 2595 parentes
2236 2525 2408 2580 nostri
2439 2524 2633 2592 induti,
2664 2524 3156 2598 miserabiliterque
3202 2526 3403 2584 finibus
3431 2541 3535 2599 pa-

1943 2616 2109 2672 radisi
2136 2615 2394 2687 propulsi.
2436 2615 2592 2673 Unde
2636 2618 2913 2687 signanter
2943 2634 3051 2674 non
3085 2617 3193 2686 ait,
3240 2616 3410 2690 pelles
3435 2633 3532 2675 no-

1945 2716 2090 2773 strte,
2123 2707 2217 2763 sed
2256 2707 2412 2779 pellis
2458 2718 2677 2774 nostra,
2725 2709 2849 2780 quia
2884 2724 2950 2764 ex
2987 2708 3120 2781 ipsis
3150 2724 3315 2766 unam
3344 2723 3536 2767 omnes

1946 2800 2319 2855 contraximus
2347 2799 2698 2855 mortalitatis
2741 2800 2959 2871 pellem.
2992 2800 3292 2857 Mortalitas
3333 2800 3534 2873 quippe

1947 2901 2133 2948 nostra
2159 2891 2327 2948 livore
2352 2892 2559 2964 peccati
2586 2892 2809 2959 foedata,
2849 2895 3002 2965 quasi
3051 2893 3317 2962 clibanus,
3366 2894 3420 2951 id
3447 2902 3535 2957 est

1948 2983 2101 3055 quasi
2155 2982 2400 3039 diabolus
2424 3024 2439 3051 ,
2486 2984 2577 3054 qui
2613 2993 2700 3040 est
2728 2984 2919 3040 fornax
2960 2985 3247 3054 vitiorum,
3290 2985 3534 3058 quotidie

1948 3079 2104 3135 novis
2149 3078 2713 3150 concupiscentiarum
2747 3082 3123 3138 exustiouibus
3151 3082 3297 3153 ipsos
3322 3080 3534 3151 inflam-

240 3176 512 3234 cognosce
537 3164 768 3233 peccati,
800 3165 892 3236 qui
931 3165 1279 3221 dominantur
1308 3183 1520 3234 eorum,
1558 3183 1695 3238 quos
1725 3168 1839 3225 suis
1868 3146 1913 3209 (ἶ
1944 3179 2128 3225 mante
2170 3146 2377 3240 peccati
2421 3177 2663 3237 auctore,
2721 3170 2990 3227 aduritur.
3035 3146 3191 3229 Unde
3240 3146 3533 3242 sequentes

238 3252 498 3322 pessimis
529 3254 905 3311 instruxerunt
931 3257 1203 3324 moribus,
1230 3258 1321 3327 qui
1362 3257 1504 3314 servi
1551 3256 1678 3315 facti
1712 3270 1839 3316 sunt

238 3345 502 3401 vitiorum
529 3364 544 3400 :
568 3355 625 3402 et
650 3346 778 3402 dum
823 3348 1075 3405 nesciunt
1110 3349 1382 3405 moderari
1402 3348 1595 3424 jugum
1635 3351 1838 3408 doctri-

236 3451 359 3504 nre,
391 3451 554 3493 nemo
577 3447 663 3494 est
704 3439 798 3510 qui
825 3439 1069 3495 absolvat
1107 3440 1376 3495 interdum
1404 3456 1518 3507 eos,
1548 3456 1686 3512 quos
1731 3441 1836 3512 ipsi

241 3529 365 3586 suis
391 3529 648 3585 irretiunt
688 3529 1007 3602 disciplinis.
1035 3530 1104 3586 In
1142 3530 1384 3587 manibus
1426 3533 1617 3586 nostris
1650 3532 1848 3613 a/ferei

239 3620 432 3675 bamus
469 3635 657 3691 panem
704 3620 887 3687 nobis,
935 3639 966 3676 a
991 3620 1126 3690 [acie
1154 3620 1321 3692 gladii
1351 3621 1406 3675 in
1450 3620 1671 3677 deserto.
1729 3622 1833 3679 Ubi

237 3710 380 3767 alius
409 3712 677 3783 interpres
719 3712 834 3769 ait:
868 3711 926 3768 ln
954 3713 1238 3770 animabus
1282 3713 1486 3771 nostris
1537 3715 1834 3787 acquisivi-

236 3819 362 3861 mus
384 3821 580 3876 panem
606 3813 873 3862 nostrum.
906 3806 985 3864 Ex
1012 3823 1119 3879 quo
1157 3807 1412 3865 immensi
1434 3807 1635 3867 laboris
1665 3825 1831 3866 vexa-

236 3897 316 3953 tio
353 3896 702 3965 describitur,
747 3900 963 3970 quando
1003 3915 1110 3956 non
1148 3900 1330 3957 minus
1357 3916 1510 3957 mens
1534 3943 1549 3969 ,
1581 3917 1745 3975 quam
1774 3911 1833 3960 et

236 4002 439 4059 corpus
486 3986 767 4059 fatigatur.
805 3989 937 4046 Erat
990 3990 1259 4063 siquidem
1302 3991 1545 4048 exterius
1589 3991 1744 4050 labor
1773 3993 1829 4052 in

234 4082 572 4152 acquirendo
613 4082 816 4137 victum
860 4083 1238 4153 quotidianum
1273 4102 1287 4138 :
1330 4084 1563 4142 interius
1587 4101 1718 4144 vero
1772 4087 1834 4144 ti-

233 4187 359 4229 mor
412 4172 711 4230 immensus
756 4189 790 4229 a
825 4174 963 4231 facie
991 4175 1177 4248 gladii,
1226 4184 1282 4234 et
1324 4177 1430 4235 hoc
1466 4186 1553 4235 est
1596 4178 1826 4238 dicere:

234 4264 293 4320 In
328 4264 615 4322 animabus
648 4267 883 4335 nostris,
914 4268 1043 4339 quia
1082 4269 1241 4339 panis
1283 4285 1406 4327 cum
1434 4270 1681 4342 periculo
1705 4270 1831 4329 vitae

234 4361 604 4429 quaerebatur.
637 4356 743 4415 Sed
775 4361 988 4433 typicus
1015 4360 1271 4432 optabilis
1296 4370 1381 4419 est
1420 4379 1614 4420 sensus
1644 4382 1657 4419 :
1700 4364 1827 4435 quia

231 4446 387 4508 ﬂexit
414 4452 747 4508 conscientia
773 4460 829 4509 et
854 4468 1006 4509 mens
1027 4454 1207 4520 beata,
1240 4470 1361 4526 quae
1399 4456 1454 4510 in
1480 4456 1662 4512 animo
1686 4472 1828 4513 sem-

232 4558 333 4616 per
380 4546 485 4601 sibi
521 4547 773 4604 manibus
816 4560 1012 4620 panem
1040 4548 1167 4604 vitat
1202 4548 1474 4620 acquirit,
1520 4549 1607 4606 vel
1642 4549 1824 4607 cibum

232 4635 646 4708 Scripturarum
705 4646 1056 4706 sanctarum,
1129 4639 1515 4711 variarumque
1560 4641 1823 4697 virtutum

229 4726 409 4785 affert.
427 4728 533 4785 sibi
572 4730 690 4786 sine
730 4730 908 4787 taedio.
934 4730 1080 4800 Quos
1103 4729 1349 4803 profecto
1372 4746 1543 4802 panes
1565 4730 1620 4787 in
1647 4732 1825 4788 Evan-

230 4821 375 4892 gelio
393 4819 621 4894 fregisse
666 4821 915 4894 legimus,
946 4832 1057 4878 tam
1097 4822 1364 4891 triticeos,
1396 4836 1560 4895 quam
1608 4832 1665 4880 et
1694 4823 1826 4880 hor-

228 4912 486 4982 deaceos,
520 4922 581 4970 ut
623 4914 838 4971 animus
866 4914 1300 4987 copiosissimam
1335 4914 1442 4971 sibi
1470 4911 1607 4971 Novi
1631 4929 1697 4971 ac
1717 4914 1824 4972 Ve-

230 5004 367 5061 teris
395 5004 730 5063 Testamenti
762 5006 976 5081 frugem
999 5016 1258 5082 aggreget
1281 5027 1295 5063 :
1319 5009 1464 5066 unde
1484 5022 1682 5080 panem
1709 5007 1824 5066 suis

227 5096 482 5152 sensibus
519 5104 576 5154 et
612 5097 800 5153 labore
847 5100 1110 5170 acquirat,
1133 5115 1167 5155 a
1204 5098 1346 5156 facie
1378 5099 1544 5173 gladii
1572 5098 1823 5157 solitudi-

228 5187 337 5243 nis.
363 5185 589 5244 Gladius
609 5188 810 5260 quippe
836 5187 1143 5245 solitudinis
1160 5230 1176 5258 ,
1210 5188 1421 5247 insidiae
1450 5189 1649 5247 diaboli
1673 5197 1823 5247 recte

228 5282 608 5353 accipiuntur:
642 5291 834 5340 contra
879 5283 1035 5355 cujus
1082 5282 1299 5353 faciem,
1331 5298 1547 5356 semper
1598 5283 1821 5358 clypeus

226 5376 452 5444 provide
505 5376 795 5448 opponitur
832 5374 958 5432 fidei
1008 5392 1024 5431 :
1078 5386 1347 5448 quatenus
1407 5386 1523 5434 tuta
1578 5377 1819 5436 salvetur

228 5482 386 5524 mens
406 5470 475 5525 ab
500 5469 905 5542 impugnatione
948 5479 1005 5527 et
1032 5470 1174 5530 facie
1197 5474 1553 5544 percussoris.
1594 5475 1672 5531 De
1709 5490 1820 5547 quo

226 5560 435 5618 dictum
465 5572 550 5620 est
571 5581 588 5621 :
608 5564 751 5621 Ante
769 5564 966 5622 faciem
1003 5565 1121 5636 ejus
1141 5567 1444 5639 paradisus,
1469 5577 1525 5626 et
1547 5577 1673 5641 post
1693 5585 1818 5627 eum

226 5653 464 5711 solitudo
504 5656 727 5724 deserti,
766 5658 892 5729 quia
932 5659 1248 5730 priusquam
1300 5660 1556 5717 invaserit
1604 5661 1818 5720 fidelem

228 5749 470 5807 animam
501 5750 797 5810 virtutibus
818 5752 1091 5823 ﬂoridam,
1116 5755 1242 5830 jure
1287 5756 1574 5829 paradisus
1612 5757 1816 5833 accipi-

1941 3269 2242 3326 auctorem,
2269 3261 2571 3332 gehennam
2611 3262 2977 3319 damnationis
3025 3263 3359 3320 incurrimus
3391 3282 3405 3318 :
3434 3276 3534 3334 per

1940 3368 2100 3423 quem
2131 3353 2469 3424 tempestatis
2504 3352 2647 3409 fame
2682 3352 2993 3425 affligimur,
3042 3369 3110 3413 ne
3157 3354 3282 3410 ullis
3309 3362 3531 3415 aeterna

1939 3444 2063 3499 vitae
2092 3444 2265 3514 epulis
2303 3460 2334 3498 a
2387 3443 2526 3500 facie
2570 3430 2852 3515 plagarum
2904 3445 3065 3505 famis
3093 3444 3374 3502 satiemur.
3406 3432 3528 3515 Non

1937 3536 2081 3590 enim
2113 3535 2231 3590 sine
2273 3550 2437 3591 causa
2466 3536 2569 3590 alia
2598 3536 2971 3607 inerpretatio,
3002 3553 3035 3591 a
3064 3536 3200 3606 [acie
3221 3536 3525 3610 plagarum,

1937 3635 2029 3682 aut
2058 3636 2271 3692 nostra,
2302 3637 2662 3699 tempestatum
2692 3628 2974 3700 pluraliter
3018 3629 3184 3696 dixit,
3231 3644 3358 3689 cum
3405 3616 3531 3697 cor-

1935 3716 2194 3790 poraliter
2222 3734 2329 3773 una
2370 3719 2441 3774 sit
2469 3717 2623 3790 plaga
2660 3718 2760 3787 ,vel
2804 3727 3100 3790 tempestas
3140 3717 3324 3785 famis.
3361 3720 3522 3799 Unde

1935 3808 2109 3879 magis
2148 3817 2369 3880 propter
2408 3808 2680 3864 internam
2716 3807 2887 3866 doluit
2917 3809 3137 3874 famem.
3165 3826 3288 3883 qua:
3336 3810 3524 3883 multis

1933 3909 2158 3972 coauget
2211 3900 2622 3970 tempestatibus
2665 3907 2721 3956 et
2771 3900 2999 3958 diversis
3033 3896 3274 3959 afﬁcitur
3323 3890 3517 3976 plagis.

1933 3986 2070 4047 Cum
2094 3990 2239 4048 enim
2267 3991 2446 4047 cibum
2493 3993 2618 4048 vitae
2658 3993 2840 4050 anima
2885 3994 3152 4064 amiserit,
3184 4010 3285 4066 per
3328 3986 3520 4059 omnes

1932 4096 2125 4140 sensus
2152 4085 2420 4157 corporis,
2450 4092 2506 4140 et
2548 4100 2645 4157 per
2671 4100 2860 4142 omnes
2885 4085 3111 4144 affectus
3137 4087 3304 4143 animi
3330 4078 3514 4144 diver-

1932 4174 2008 4234 Sis
2032 4176 2310 4249 plagarum
2339 4178 2541 4248 patitur
2578 4177 2914 4247 vulneribus,
2957 4179 3084 4235 dum
3110 4179 3326 4236 interno
3351 4168 3521 4243 cacat

1932 4264 2174 4326 lumine:
2208 4285 2385 4342 neque
2428 4270 2651 4327 auribus
2680 4269 2827 4326 intus
2851 4270 3078 4327 verbum
3106 4278 3288 4343 potest
3331 4270 3522 4343 audire

1931 4361 2140 4419 salutis.
2181 4360 2334 4418 Unde
2381 4360 2683 4417 Dominus:
2712 4360 2923 4416 Mittam
2970 4361 3026 4415 in
3069 4361 3162 4425 eis,
3198 4377 3301 4417 non
3326 4360 3522 4433 {ornent

1927 4454 2081 4526 panis
2123 4469 2286 4524 neque
2329 4452 2471 4507 sitim
2515 4468 2699 4523 aqum,
2751 4452 2842 4507 sed
2876 4450 3127 4506 audiendi
3160 4449 3371 4507 verbum

1852 4515 1905 4577 D
1927 4515 2113 4618 '(Amos
2157 4515 2300 4618 vin).
2345 4543 2461 4612 Qua
2493 4515 2749 4598 nimirum
2779 4541 2920 4597 fame
2960 4543 3087 4598 dum
3118 4558 3274 4602 mens
3314 4515 3513 4616 afﬂigi;

1929 4646 2052 4705 tur,
2113 4637 2342 4693 diversis
2389 4634 2705 4692 verberibus
2753 4633 3034 4706 plagarum
3097 4635 3410 4707 cruciatur,
3461 4642 3519 4693 et

1932 4734 2312 4798 tempestatum
2362 4724 2600 4794 jactatur
2658 4723 2928 4797 procellis.
2997 4722 3151 4806 Unde
3209 4726 3516 4799 sequitur:

1931 4817 2181 4873 Mulieres
2222 4819 2279 4871 in
2306 4814 2435 4872 Sion
2462 4814 2887 4887 humiliaverunt,
2924 4828 2972 4875 et
3002 4818 3225 4891 virgines
3254 4819 3311 4875 in
3335 4819 3519 4886 civita-

1929 4913 2067 4968 tibus
2095 4908 2274 4968 Judaz.
2298 4910 2452 4979 Quod
2482 4910 2549 4968 ad
2577 4911 2816 4969 litteram
2842 4910 3042 4971 Iudaeis
3060 4914 3346 4982 accidiSse,
3379 4908 3517 4979 nulli

1930 5004 2151 5061 dubium
2205 5013 2307 5060 est.
2364 5002 2560 5060 Multas
2633 5015 2817 5077 autem
2874 5006 3076 5063 Christi
3134 5007 3395 5065 ecclesias
3444 4992 3516 5065 ob

1929 5094 2165 5158 inediam
2201 5099 2380 5168 famis,
2411 5110 2467 5158 et
2506 5103 2652 5159 sitim
2689 5101 2941 5160 audiendi
2966 5101 3193 5160 verbum
3227 5103 3344 5169 Dei,
3371 5116 3515 5173 saepe

1927 5194 2306 5250 haereticorum
2333 5193 2604 5271 pravitate
2649 5202 2938 5266 corruptus
2962 5235 2978 5261 ,
3027 5203 3082 5250 et
3113 5194 3428 5275 humiliatas
3458 5193 3513 5251 in

1925 5285 2033 5342 fide
2059 5284 2255 5353 fuisse,
2282 5302 2444 5344 nemo
2473 5286 2567 5361 qui
2590 5286 2837 5344 dubitat:
2864 5284 3065 5357 quibus
3092 5286 3271 5343 aiebat
3294 5295 3513 5357 apost0+

1922 5377 2009 5434 lus
2031 5377 2233 5435 Paulus
2258 5395 2273 5435 :
2300 5377 2476 5436 Timeo
2505 5379 2663 5448 enim,
2686 5395 2749 5433 ne
2768 5377 2903 5434 sicut
2922 5393 3132 5450 serpens
3158 5376 3326 5435 Evam
3358 5389 3505 5436 astu-

1922 5472 2000 5529 tia
2048 5488 2149 5528 sua
2193 5473 2414 5546 decepit,
2464 5475 2539 5528 ita
2583 5481 2988 5542 corrumpantur
3040 5487 3225 5527 sensus
3278 5472 3433 5527 vestri
3477 5456 3513 5553 εἰ

1923 5569 2199 5637 charitate,
2214 5587 2333 5643 qua:
2355 5580 2430 5625 est
2455 5571 2511 5624 in
2530 5566 2735 5625 Christo
2755 5567 2916 5636 Iesu;
2947 5576 3003 5624 et
3030 5566 3202 5624 infra:
3219 5565 3507 5638 Despondi,

1924 5664 2119 5737 inquit,
2148 5682 2237 5720 vos
2274 5666 2369 5719 uni
2398 5666 2507 5719 viro
2536 5664 2787 5734 virginem
2835 5673 3034 5718 castam
3074 5664 3316 5719 exhibere
3354 5660 3512 5718 0Ιηὶ-Δ

1923 5771 2023 5819 sto.
2066 5758 2213 5829 Quas
2256 5757 2499 5835 profecto
2548 5760 2784 5834 virgines
2831 5774 2974 5836 saepe
3021 5757 3332 5827 humilitas,
3384 5767 3505 5835 qua
