4078 6348
681 316 817 375 ιω

1490 322 1550 381 S.
1590 315 1947 379 PASCHASII
1986 308 2334 375 RADBERTI
2372 316 2663 372 ABBATIS
2701 314 3149 375 CORBEIENSIS

3766 326 3875 386 im

663 450 880 505 Christo
915 449 1131 505 fuerant
1160 451 1214 504 in
1259 447 1363 503 fide
1401 446 1768 518 desponsatas,
1822 443 2017 498 merito
2061 452 2242 495 sermo
2267 438 2321 496 Α
2346 447 2585 492 rectores
2619 436 2857 508 plebium
2886 446 3013 494 tunc
3047 438 3288 494 hostium
3319 440 3567 498 manibus
3590 448 3876 515 suspendun-

662 543 1011 615 propheticus
1058 542 1205 614 luget
1255 559 1268 596 :
1323 555 1444 612 qua:
1491 540 1595 595 nisi
1652 526 1908 593 mulieres
1959 543 2141 592 essent
2190 542 2247 589 et

661 644 1007 694 sectarentur
1048 634 1270 688 vulnera
1307 632 1607 694 muliebria,
1652 629 1865 703 15w
1908 645 2015 684 non
2066 635 2248 685 essent

618 708 627 711 ’
667 725 1045 780 haereticorum
1082 722 1363 779 fraudibus
1401 722 1676 791 deceptae,
1720 735 1895 789 neque
1940 717 2246 773 adulterino

665 814 962 870 humiliatus
1009 813 1301 870 connubio.
1358 813 1714 884 Tropologice
1772 819 1976 877 autem,
2032 810 2246 881 quoties

664 914 1009 977 peccatorum
1040 904 1281 960 fmditate
1310 919 1620 975 gravamur,
1650 910 1705 956 et
1726 902 1793 957 de
1817 901 1957 967 alto,
1990 902 2042 956 id
2071 910 2152 955 cst
2179 901 2245 956 de

666 994 798 1051 Sion
818 996 886 1050 ad
908 994 1132 1049 humilia
1167 993 1547 1049 miserabiliter
1568 1001 1888 1064 proruentes
1935 991 2242 1047 consterni-

666 1104 811 1152 mur,
843 1086 1119 1151 mulieres,
1148 1086 1341 1141 animae
1368 1086 1616 1141 videlicet
1643 1093 1872 1150 nostra),
1900 1086 1954 1140 in
1999 1084 2152 1151 Sion,
2190 1084 2243 1140 id

664 1187 748 1234 est
780 1179 834 1233 in
863 1178 1096 1233 culmine
1127 1178 1498 1235 ecclesiastico
1540 1178 1833 1243 collocatae,
1866 1179 2239 1233 humiliantur.

663 1271 822 1326 Aliud
846 1272 1042 1344 quippe
1071 1281 1155 1327 est
1180 1272 1233 1326 iu
1263 1272 1415 1336 Sion,
1432 1271 1576 1326 aliud
1601 1286 1729 1326 vero
1753 1281 1906 1326 extra
1935 1271 2238 1326 humiliari:

663 1363 789 1434 quia
812 1371 867 1418 et
894 1364 939 1417 si
965 1373 1277 1435 peccatores
1299 1363 1516 1433 quidem
1544 1379 1751 1427 sumus,
1770 1364 1909 1417 infra
1944 1363 2243 1418 Ecclesium

664 1454 865 1511 Christi
900 1457 1175 1526 angustias
1199 1455 1464 1511 scelerum
1512 1463 1820 1511 nostrorum
1858 1454 1910 1509 in
1945 1455 2104 1510 domo
2134 1455 2241 1509 Do-

662 1547 794 1601 mini
819 1548 1139 1603 conlitentes
1170 1557 1224 1601 et
1268 1556 1545 1619 gementes
1571 1547 1872 1618 pandimus,
1908 1562 2013 1601 non
2056 1546 2245 1617 despe-

660 1644 844 1691 rantes
871 1636 996 1693 boni
1041 1638 1276 1706 pastoris
1335 1638 1545 1692 veniam
1601 1639 1882 1710 subrogari
1933 1648 2035 1693 :et
2082 1638 2129 1692 si
2187 1637 2242 1693 in

665 1724 793 1781 Sion
830 1726 1077 1798 lugentes
1108 1728 1474 1784 humiliamur.
1513 1729 1892 1799 ilujuscemodi
1924 1730 2242 1785 mulieribus

2350 537 2438 582 tur
2484 534 2549 583 ad
2600 528 2737 593 alia,
2767 529 2983 599 quando
3035 530 3392 587 intentionem
3430 533 3555 590 boni
3597 540 3774 607 operis,
3799 556 3876 598 seu

2349 630 2539 677 nutum
2571 632 2777 679 rectum
2808 626 3141 691 deserentes,
3168 627 3236 682 ad
3265 626 3595 685 voluntatem
3619 632 3771 687 hostis
3788 632 3877 703 jam

2348 724 2569 784 propter
2613 731 2828 787 poenam
2878 717 3112 787 peccati,
3142 718 3301 788 quasi
3350 727 3464 776 tota
3507 724 3753 795 suspensi,
3782 743 3875 797 qua

2348 806 2694 876 conceperint
2733 807 3199 877 adimplentzimo
3249 808 3367 864 suis
3413 810 3630 866 devictis
3666 829 3875 874 manuum

2346 897 2620 965 operibus,
2652 898 2808 968 quasi
2836 899 2889 953 in
2905 899 3137 969 equuleo
3162 916 3287 970 quas
3310 900 3617 972 patiuntur.
3638 905 3872 963 miserabi-

2346 986 2473 1041 liter
2515 989 2765 1043 tolerant.
2818 988 3064 1061 Hincque
3111 991 3364 1062 sequitur
3394 1008 3407 1044 :
3434 989 3617 1047 Facies
3659 997 3874 1053 seniorum

2346 1094 2448 1133 non
2469 1079 2914 1150 glorificaverunt.
2932 1083 2990 1138 In
3009 1086 3206 1154 quibus
3224 1084 3471 1155 profecto
3491 1085 3723 1144 lamentis
3737 1098 3876 1147 osten-

2346 1168 2424 1222 dit
2454 1172 2809 1227 tentationum
2853 1174 3147 1245 procellam
3192 1176 3249 1230 in
3295 1176 3871 1248 omnibuspertransire.

2345 1258 2454 1315 Nec
2482 1262 2625 1316 enim
2657 1265 2808 1319 novit
2856 1266 3241 1323 callidissimus
3271 1268 3366 1324 ille
3396 1270 3559 1325 draco
3598 1273 3759 1342 pueris
3780 1290 3875 1344 par-

2345 1367 2472 1407 cere
2498 1368 2591 1408 seu
2625 1352 2915 1424 juvenibus
2946 1359 3012 1414 ad
3039 1362 3377 1429 peccandum
3406 1377 3612 1431 :neque
3650 1379 3755 1419 cum
3776 1365 3876 1421 ado-

2345 1445 2675 1504 lescentulos
2716 1449 2987 1507 illecebris
3018 1453 3302 1520 irretierit,
3337 1454 3560 1511 senibus
3598 1465 3789 1526 praestat
3811 1474 3875 1515 re-

2344 1540 2552 1608 quiem,
2582 1541 2691 1595 imo
2715 1557 2931 1598 omnem
2962 1552 3202 1612 (etatem,
3228 1562 3554 1618 omnemque
3578 1547 3874 1606 ecclesiastici

2343 1630 2553 1687 ordinis
2597 1632 2913 1703 dignitatem
2939 1674 2955 1700 ,
2993 1652 3102 1691 una
3151 1636 3429 1692 convolvit
3473 1645 3795 1707 tempestate,
3832 1649 3872 1695 et

2343 1725 2641 1794 prosternit
2678 1724 2868 1780 fraude
2914 1744 3132 1794 sexum,
3161 1730 3552 1794 conditionem,
3583 1730 3871 1801 professionis

661 1819 788 1876 alibi
821 1821 961 1875 idem
985 1822 1246 1891 propheta
1270 1821 1512 1877 clamans
1535 1822 1665 1877 dicit
1698 1839 1711 1875 :
1742 1821 1955 1888 Audite,
1975 1823 2241 1889 mulieres,
2270 1806 2320 1869 Β
2347 1814 2577 1885 graliam
2609 1829 2624 1869 ξ
2649 1817 2906 1886 quoniam
2930 1818 3181 1875 voluntas
3213 1821 3383 1891 impia
3413 1822 3583 1876 nescit
3609 1822 3870 1877 miserorum

656 1913 867 1968 verbum
909 1913 1148 1979 Domini,
1191 1923 1238 1970 et
1265 1925 1499 1969 assumat
1547 1915 1694 1969 auris
1739 1926 1906 1969 vestra
1952 1932 2245 1971 sermonem

657 2007 765 2061 oris
794 2006 935 2076 ejus.
963 2005 1176 2074 Docere,
1219 2007 1413 2077 inquit,
1442 2007 1583 2075 ﬁlias
1622 2016 1818 2061 vestras
1860 2007 2167 2072 lamentum,
2197 2019 2244 2062 et

655 2114 982 2169 unaquaeque
1022 2100 1301 2169 proximan
1342 2116 1493 2153 suam
1542 2098 1830 2167 planctum.
1879 2098 2096 2170 (Jerem.
2138 2100 2240 2169 ιχ).

655 2184 796 2243 Hinc
822 2203 1036 2259 quoque
1064 2188 1252 2258 liquet,
1282 2188 1424 2260 quod
1452 2205 1770 2244 moneamur
1790 2206 1978 2245 omnes
2000 2188 2244 2245 aﬂ'ectio-

658 2291 759 2331 nes
785 2277 1089 2333 animarum
1114 2270 1423 2334 nostrarum
1455 2278 1710 2350 lacrymis
1736 2278 1979 2344 abluere,
1998 2288 2052 2334 et
2082 2280 2239 2349 quasi

656 2367 795 2425 filias
830 2379 890 2425 ut
945 2370 1166 2426 doleant
1193 2378 1250 2425 et
1302 2371 1641 2442 poeniteaut,
1696 2370 1762 2423 ad
1794 2369 2069 2439 planctum
2109 2386 2242 2427 con-

656 2472 933 2527 suescere,
960 2460 1313 2531 pmpriasque
1368 2461 1613 2530 corporis
1660 2460 1832 2515 nostri
1874 2460 2241 2529 operationes,

655 2551 1151 2619 lamentationibus,
1187 2553 1341 2623 quasi
1372 2554 1652 2623 proximas
1689 2553 1988 2607 emundare
2022 2571 2033 2607 :
2068 2563 2127 2607 ut
2152 2554 2244 2623 qui

657 2659 846 2700 sumus
870 2643 1139 2698 humiliati
1169 2643 1371 2700 nostris
1402 2660 1467 2699 ex
1505 2643 1697 2713 culpis,
1739 2641 2106 2697 castificemur
2148 2657 2246 2712 per

653 2747 801 2798 eum,
830 2733 922 2803 qui
954 2741 1169 2788 amator
1194 2742 1277 2788 est
1310 2733 1687 2803 pcenitentium
1717 2741 1771 2787 et
1788 2733 2076 2788 castitatis.
2106 2732 2241 2787 Nam

656 2825 896 2881 fidelium
936 2833 1146 2883 mentes
1186 2827 1339 2897 quasi
1386 2827 1627 2898 virgines
1663 2835 1789 2882 sunt
1820 2826 2046 2881 Domino
2089 2825 2240 2881 dedi-

656 2922 949 2984 cataa,qua:
975 2916 1337 2985 corruptelam
1369 2914 1491 2969 fidei
1510 2929 1608 2985 per
1646 2916 1741 2971 Dei
1763 2916 1992 2987 gratiam
2022 2915 2243 2969 induen-

657 3014 758 3070 tes,
778 3005 1143 3076 integritatem
1160 3007 1544 3077 deposuerunt.
1558 3006 1818 3063 Civitates
1840 3023 1969 3063 vero
1984 3005 2133 3062 Judze
2147 3049 2161 3071 ,
2186 3008 2238 3062 in

660 3097 861 3167 quibus
883 3104 1010 3152 sunt
1033 3098 1346 3161 humiliatus,
1368 3100 1591 3155 diversa:
1611 3107 1738 3155 sunt
1769 3099 2130 3168 professiones
2151 3099 2236 3153 in-

2347 1904 2587 1976 lapsibus
2628 1908 2817 1963 satiari
2871 1928 2883 1964 :
2926 1911 3021 1966 sed
3070 1920 3221 1968 tanto
3277 1914 3452 1986 magis
3503 1929 3871 1985 unumquemque

2348 1997 2567 2054 festinat
2611 2000 2883 2071 decipere,
2915 2012 3120 2073 quanto
3162 2006 3467 2075 proetivius
3509 2022 3599 2062 eos
3640 2006 3800 2061 viderit
3830 2013 3871 2061 et

2347 2089 2616 2146 infelicius
2643 2092 2755 2147 suis
2790 2095 3231 2166 suggestionibus
3275 2098 3515 2154 obedire.
3546 2095 3643 2153 Sed
3665 2106 3712 2152 et
3732 2113 3757 2151 a
3777 2110 3868 2166 per-

2347 2182 2685 2239 secutoribus
2738 2184 2865 2239 talia
2916 2202 3058 2256 saepe
3106 2188 3374 2244 sustinuit
3421 2189 3649 2245 Ecclesia
3692 2188 3865 2255 Christi,

2346 2275 2563 2343 quando
2593 2274 2867 2346 principes
2908 2279 3269 2349 senioresque
3298 2281 3478 2352 populi
3520 2288 3699 2346 morte,
3723 2288 3868 2335 contu-

2347 2364 2525 2420 meliis
2551 2374 2606 2420 et
2631 2368 2914 2423 tormentis
2955 2380 3181 2426 vexatos
3221 2373 3632 2441 suspenderunt,
3662 2380 3708 2427 et
3732 2368 3867 2442 proje-

2346 2464 2541 2510 cerunt
2588 2457 2655 2511 ad
2704 2457 3056 2528 ignominiam
3100 2479 3113 2514 :
3158 2464 3310 2532 quod
3363 2464 3561 2518 utinam
3599 2475 3868 2519 moraremur

2348 2547 2592 2616 assequi,
2635 2557 2694 2602 ut
2722 2564 2823 2619 pro
2855 2550 3082 2607 Domino
3134 2552 3265 2607 talia
3317 2554 3429 2625 pati
3475 2555 3614 2625 digni
3655 2568 3864 2619 essemus,

2346 2646 2613 2708 quatenus
2668 2640 2753 2695 vel
2816 2642 2895 2698 sic
2949 2643 3067 2714 ejus
3124 2647 3413 2715 sanguinis
3469 2647 3630 2718 pretio
3675 2654 3866 2702 nostrum

2346 2730 2729 2786 emundaretur
2755 2747 2980 2804 corpus,
3020 2745 3077 2789 et
3116 2737 3554 2793 sanctiﬁcaretur
3585 2738 3738 2791 anima
3768 2749 3865 2805 pro-

2344 2824 2445 2894 prii
2490 2825 2700 2879 cruoris
2746 2827 2889 2881 unda
2945 2842 3230 2897 respersa,
3299 2846 3420 2900 qua:
3468 2829 3620 2884 tantis
3667 2830 3758 2883 suis
3791 2825 3865 2880 fm-

2345 2914 2508 2991 datur
2544 2915 2865 2971 criminibus
2913 2917 3143 2973 irretita.
3172 2918 3440 2991 Sequitur
3470 2938 3484 2978 :
3510 2918 3864 2975 Adulescentibus

2342 2988 2603 3074 impudice
2627 3006 2800 3071 abusi,
2817 3016 2864 3060 et
2883 3009 3031 3077 pueri
3052 3009 3107 3062 in
3131 2988 3290 3080 ligni;
3311 3019 3627 3066 corrucrunt.
3647 3008 3745 3063 Alia
3768 3020 3863 3062 vero

2348 3095 2723 3166 interpretatio
2772 3097 2929 3169 longe
2980 3099 3141 3154 aliter
3187 3098 3862 3169 habet:Potentes,iuquih

654 3185 741 3243 fra
773 3187 1074 3243 Ecclesium
1105 3189 1220 3243 Dei.
1255 3188 1531 3260 Siquidem
1556 3190 1684 3260 quia
1721 3167 1824 3243 alia
1862 3197 1946 3244 est
1979 3187 2243 3258 professio
2270 3167 2316 3233 (ἶ
2351 3186 2509 3241 molis
2553 3188 2845 3253 molebant,
2871 3167 2925 3244 et
2957 3187 3187 3257 juvenes
3230 3191 3386 3264 ligno
3427 3192 3612 3248 confixi
3639 3167 3861 3247 suntani

655 3279 1026 3346 sacerdotum,
1057 3280 1161 3335 alia
1187 3280 1490 3347 levitarum,
1522 3281 1627 3337 alia
1658 3297 1788 3337 vero
1829 3283 2239 3349 monachorum,

656 3371 763 3427 alia
812 3373 1149 3431 diversorum
1205 3376 1490 3446 graduum,
1539 3375 1643 3430 alia
1692 3374 1981 3443 virginum,
2032 3375 2135 3431 alia
2166 3376 2245 3430 vi-

656 3464 886 3520 duarum
934 3475 990 3521 et
1047 3466 1457 3532 cmlibatorum,
1518 3466 1621 3521 alia
1690 3465 2129 3537 coniugatorum,
2190 3476 2245 3522 et

654 3558 711 3615 in
768 3558 852 3614 his
900 3560 1124 3632 singulis
1182 3561 1438 3631 gradibus
1511 3559 1705 3629 aliquae
1752 3560 2027 3630 virgines,
2094 3560 2243 3616 scili-

656 3662 744 3709 cet
806 3652 1174 3723 intelligihiles
1230 3653 1422 3706 anima:
1484 3650 1855 3707 clariﬁcaulur
1909 3653 2240 3720 virtutibus,

653 3743 781 3800 dum
807 3743 1116 3815 proficiunt,
1155 3744 1223 3799 ad
1249 3744 1506 3799 interiora
1548 3744 1827 3799 tendentes
1854 3759 1951 3814 per
1994 3746 2244 3800 intentio-

652 3850 780 3894 nem
814 3837 970 3915 bonte
1009 3836 1318 3892 voluntatis.
1370 3836 1650 3893 Nonnullae
1694 3852 1823 3892 vero
1866 3837 2014 3893 vitiis
2056 3838 2239 3892 humi-

653 3928 876 3997 liantur,
910 3931 1037 3986 dum
1067 3946 1171 3985 non
1196 3930 1490 3986 secundum
1525 3931 1857 4001 propositum
1883 3947 2038 3986 suum
2078 3932 2239 3987 Chri-

652 4031 799 4077 stum
842 4032 1165 4093 sequuntur,
1196 4022 1281 4077 vel
1322 4022 1466 4093 quod
1519 4032 1602 4077 est
1647 4022 1865 4092 gravius
1913 4021 2238 4089 (lellendum,

656 4110 852 4185 aliquae
918 4115 1148 4169 interius
1207 4123 1573 4184 constupraue
1625 4125 2069 4171 consternuntur.
2130 4115 2241 4170 Has

652 4213 920 4276 praeterea
947 4205 1183 4276 virgines
1209 4205 1351 4261 idem
1379 4203 1640 4262 Jeremias
1669 4206 1722 4259 in
1772 4206 1974 4261 eisdem
2008 4205 2240 4262 Threnis

652 4294 812 4367 longe
834 4310 1000 4367 supra
1022 4294 1201 4362 deﬂet,
1230 4296 1414 4352 dicens
1452 4315 1465 4350 :
1498 4296 1711 4362 Audite,
1753 4297 1982 4361 obsecro,
2010 4297 2239 4352 universi

651 4383 863 4455 populi,
907 4393 955 4438 et
1004 4384 1191 4450 videte,
1246 4385 1443 4456 inquit,
1487 4385 1718 4441 dolorem
1764 4402 1957 4440 nteum.
2004 4384 2239 4456 Virgines

651 4490 799 4540 mete,
824 4484 872 4530 et
887 4475 1106 4547 juvenes
1140 4478 1261 4544 mei,
1293 4478 1533 4533 abierunt
1553 4480 1609 4533 in
1637 4478 1987 4548 captivitatem
2014 4477 2230 4549 (T-hren.

652 4568 763 4641 tt).
808 4567 1063 4640 Virgines
1118 4570 1368 4637 scilicet,
1429 4587 1549 4641 quae
1602 4570 1805 4625 mentis
1867 4570 2231 4640 incorruptio-

654 4676 778 4718 nem
822 4674 1213 4736 susceperunt:
1255 4673 1309 4722 et
1331 4665 1594 4738 juvenes,
1641 4664 1733 4734 qui
1772 4664 2064 4720 novitatem
2109 4666 2235 4721 vitae

650 4754 973 4825 induentes,
1032 4757 1292 4831 deinceps
1353 4758 1594 4814 hostium
1656 4758 1908 4824 insidiis,
1961 4768 2015 4813 et
2066 4759 2235 4815 scele-

649 4864 771 4904 rum
836 4848 1056 4923 ﬂagitiis
1113 4859 1557 4922 corrumpuntur.
1618 4849 1765 4918 Quas
1814 4851 1952 4907 bene
2025 4852 2234 4922 plangit

647 4942 999 5014 propheticus
1065 4943 1288 5000 allectus
1316 4983 1332 5008 ,
1397 4944 1489 5015 qui
1557 4944 1625 4999 ad
1688 4942 1832 5001 fmda
1891 4953 1948 5001 et
2006 4945 2230 5001 humilia

652 5031 1063 5102 inquinamenta
1112 5035 1420 5104 rapiuntur.
1471 5030 1744 5107 Principes
1793 5052 1953 5089 manu
1989 5036 2229 5107 suspensi

656 5122 866 5197 1541
912 5133 1032 5180 sunt
1067 5141 1086 5180 :
1108 5125 1272 5195 facies
1319 5141 1502 5180 senum
1544 5142 1651 5181 non
1692 5127 2036 5182 erubuerunt.
2074 5127 2227 5195 Quod

651 5215 751 5285 ipsi
794 5214 965 5272 Judaei
1022 5218 1341 5274 crudelitate
1392 5219 1632 5275 hostium
1670 5220 1920 5276 manibus
1980 5222 2226 5291 suspensi

651 5306 761 5361 sint
808 5308 1076 5379 equuleo,
1120 5318 1214 5366 aut
1261 5312 1475 5368 caeteris
1497 5320 1889 5367 tormentorum
1929 5312 2227 5383 suppliciis,

652 5399 1000 5458 manifestum
1024 5411 1110 5459 est
1135 5418 1206 5460 ex
1229 5404 1351 5460 aliis
1377 5404 1737 5459 atrocioribus
1756 5418 2039 5473 poenarum
2064 5418 2230 5475 gene-

651 5492 822 5548 ribus.
856 5492 1016 5550 Certe
1045 5502 1138 5551 aut
1184 5496 1285 5567 ipsi
1331 5495 1570 5551 hostium
1620 5502 1748 5549 sunt
1789 5495 2053 5565 suspensi,
2085 5505 2234 5551 certe

652 5594 748 5640 aut
773 5587 1008 5658 propriis
1035 5588 1285 5642 manibus
1306 5586 1535 5657 equuleo
1557 5593 1683 5641 sunt
1708 5586 2013 5642 constricti.
2036 5586 2092 5641 ln
2113 5588 2232 5658 qui—

653 5678 756 5734 bus
796 5681 1040 5751 profecto
1069 5682 1378 5751 suppliciis,
1413 5689 1470 5735 ut
1498 5682 1579 5735 eis
1605 5689 1917 5750 parcerent,
1946 5679 2109 5750 facies
2150 5698 2230 5735 se.

653 5787 780 5829 num
823 5790 926 5828 non
974 5775 1310 5829 erubuerunt.
1351 5772 1575 5839 Mystice
1604 5781 1807 5836 autem.
1840 5773 2111 5842 principes
2144 5774 2230 5829 vel

2348 3277 2670 3335 Sedechiam
2727 3282 3026 3336 secundum
3087 3282 3379 3339 historiam
3430 3300 3599 3356 regem
3649 3290 3862 3352 potentem

2343 3374 2582 3447 plangit,
2612 3376 2769 3447 cujus
2826 3377 3013 3433 oculos
3068 3395 3167 3434 rex
3223 3380 3515 3452 Babylonis
3561 3381 3611 3436 in
3655 3374 3859 3433 Reblatha

2346 3465 2559 3527 evulsit,
2595 3482 2829 3537 eumque
2858 3469 2923 3523 ad
2950 3469 3150 3524 molam
3175 3472 3388 3528 molere
3412 3471 3535 3528 fecit
3556 3486 3570 3524 :
3591 3470 3672 3525 sed
3695 3477 3739 3522 et
3762 3465 3861 3519 alios

2344 3557 2619 3627 principes
2668 3559 2748 3613 vel
2788 3558 3038 3627 juvenes,
3062 3577 3199 3631 quos
3251 3561 3407 3634 ligno
3434 3561 3695 3619 crucifixit.
3728 3558 3859 3613 Carte-

2344 3663 2465 3703 rum
2515 3650 2659 3719 quod
2689 3660 2875 3705 nostra
2913 3651 3079 3706 editio
3109 3653 3185 3707 ait
3212 3672 3223 3707 :
3250 3652 3664 3709 Adolescentibus
3700 3650 3859 3718 impune

2344 3738 2497 3791 abusi
2518 3749 2657 3793 sunt.
2692 3739 3062 3795 Romanorum
3096 3744 3267 3814 tangit
3300 3744 3573 3816 flagitium,
3599 3741 3679 3811 qui
3704 3749 3860 3792 mascu-

2344 3828 2411 3884 lis
2438 3832 2584 3885 coitu
2624 3830 2857 3887 femineo
2888 3834 3100 3908 1542
3125 3840 3493 3895 contebantur
3515 3838 3577 3892 ad
3601 3832 3856 3890 lasciviam:

2343 3929 2399 3977 et
2443 3923 2509 3977 de
2540 3924 2738 3994 quibus
2767 3924 2970 3981 Paulus
3000 3930 3278 3997 apostolus
3324 3931 3398 3985 ait
3425 3948 3438 3984 :
3465 3929 3562 3997 Qui
3584 3943 3687 3983 cum
3714 3934 3859 3993 cogno-

2343 4014 2535 4068 vissent
2583 4014 2774 4081 Dcum,
2821 4034 2925 4072 non
2970 4019 3105 4073 sicut
3161 4019 3337 4076 Deum
3375 4022 3753 4094 gloriﬁcaverunt
3789 4020 3857 4066 aut

2340 4106 2540 4177 gratias
2560 4118 2794 4177 egerunt,
2820 4109 2912 4163 sed
2932 4122 3255 4167 evanuerunt
3279 4114 3339 4168 in
3364 4106 3727 4184 cogitationibus
3747 4105 3856 4165 suis;

2339 4210 2581 4270 putantes
2601 4217 2654 4254 se
2671 4217 2782 4255 esse
2805 4203 3086 4272 sapientes,
3109 4205 3256 4259 stulti
3276 4205 3410 4275 facti
3427 4214 3571 4269 sunt;
3593 4199 3727 4272 paulo
3740 4203 3854 4267 post:

2342 4289 2568 4362 Propter
2590 4294 2752 4361 quod,
2784 4293 2982 4365 inquit,
3010 4298 3232 4351 tradidit
3259 4315 3350 4353 eos
3383 4298 3620 4353 Dominus
3646 4296 3691 4347 in
3718 4303 3855 4361 repro-

2341 4383 2461 4437 bum
2488 4400 2722 4451 sensum,
2744 4395 2802 4439 ut
2837 4386 3039 4454 faciant
3066 4405 3127 4442 ea
3154 4406 3272 4460 qua:
3297 4407 3403 4445 non
3435 4387 3725 4444 conveniunt.
3747 4378 3855 4435 Nam

2340 4476 2548 4548 femina:
2588 4494 2767 4532 eorum
2808 4488 3141 4535 mutaverunt
3182 4482 3479 4537 naturalem
3513 4495 3667 4542 usum,
3699 4476 3744 4527 in
3765 4484 3853 4525 eum

2341 4587 2493 4626 usum
2525 4573 2613 4643 qui
2644 4583 2719 4627 est
2750 4582 2933 4627 contra
2972 4584 3218 4628 naturam
3240 4589 3259 4627 :
3284 4575 3523 4630 similiter
3547 4583 3588 4627 et
3616 4562 3795 4625 masculi
3812 4560 3854 4614 in

2342 4660 2604 4717 masculos
2650 4663 3001 4734 turpitudines
3051 4676 3325 4734 operantes
3373 4665 3538 4737 (Rom.
3577 4662 3632 4733 ι).
3668 4655 3792 4727 Quod
3812 4658 3851 4705 et

2341 4752 2559 4808 eosdem
2589 4753 2641 4807 in
2680 4753 2887 4808 eisdem
2916 4769 3054 4824 quos
3082 4767 3343 4826 ceperant
3381 4772 3447 4813 ex
3485 4753 3665 4810 ludatis
3687 4742 3852 4818 juveni-

2340 4848 2462 4914 bus,
2479 4847 2607 4902 talia
2630 4856 2977 4919 perpetrasse
3002 4847 3286 4920 plangunt,
3308 4850 3485 4921 prodit
3507 4846 3734 4917 propheta
3757 4847 3848 4892 cum

2339 4939 2471 4994 dicit
2496 4952 2512 4992 :
2537 4936 2963 4992 Adolescentibus
3001 4939 3259 5009 impttdice
3291 4939 3442 4993 abusi
3461 4945 3591 4992 sunt.
3629 4926 3756 4998 Quod
3777 4937 3848 4977 allo

2340 5039 2448 5086 tem
2490 5031 2879 5086 crucifixerunt
2931 5045 3025 5085 eos
3065 5031 3118 5085 in
3163 5030 3331 5102 ligno,
3360 5031 3517 5085 etiam
3562 5019 3845 5079 manifestum

2336 5130 2438 5190 est,
2482 5124 2552 5178 σι)
2579 5122 2973 5177 immanitatem
2994 5121 3330 5178 crudelitatis
3352 5138 3478 5177 suae.
3506 5118 3604 5174 Sed
3627 5104 3843 5185 quomodo

2329 5214 2484 5285 juxta
2534 5222 2776 5268 nostram
2826 5212 3352 5281 interpretationem,
3379 5210 3525 5283 pueri
3554 5210 3601 5263 in
3636 5206 3841 5296 ligno-ce-

2338 5308 2605 5373 ciderunt,
2636 5322 2745 5362 non
2771 5305 2909 5361 alius
2951 5314 3097 5376 patet
3126 5322 3337 5373 sensus,
3375 5306 3474 5361 nisi
3516 5301 3630 5373 quia
3656 5298 3700 5351 in
3722 5290 3843 5346 Chri-

2337 5411 2479 5459 stum
2510 5403 2829 5473 pendentem
2863 5402 2915 5454 in
2949 5402 3111 5472 ligno.
3142 5401 3366 5457 credere
3408 5398 3686 5453 noluerunt.
3724 5378 3842 5479 [little

2335 5472 2555 5565 quidam
2605 5492 2929 5561 Apostolus:
2958 5489 3132 5553 Crux.
3165 5493 3366 5562 inquit,
3404 5486 3623 5561 gentibus
3663 5472 3840 5566 stultitia

2332 5564 2431 5652 est,
2464 5593 2513 5638 et
2555 5583 2761 5639 Judtris
2801 5582 3107 5636 scandalum
3151 5581 3238 5653 (II
3266 5581 3385 5637 Cor.
3415 5581 3473 5650 ι).
3522 5576 3648 5643 Ergo
3674 5564 3769 5621 idco
3797 5564 3837 5608 in

2333 5677 2478 5748 ligno
2525 5685 2880 5733 corruerunt,
2913 5674 3037 5743 quia
3094 5674 3409 5745 p»ndentem
3455 5669 3606 5723 vitam
3649 5653 3838 5748 ίιιθο-ιιι

2333 5736 2567 5828 ωυοτῑθπι
2595 5769 2919 5833 destrueret,
2951 5736 3225 5835 suscipere
3251 5766 3541 5820 noluerunt.
3580 5749 3666 5820 Qui
3692 5736 3834 5813 prole-
