4078 6348
134 5476 161 5625 l

217 322 365 380 1241)

901 324 1263 384 ΕΧΡΟΞΙΤΙΟ
1299 325 1368 382 IN
1403 321 1795 382 LAMENTATI

1896 320 1998 373 llsb
2033 320 2375 375 JLRLMIA‘»
2409 344 2485 359 —
2520 320 2650 373 LIB.
2692 320 2757 373 ν.

3366 322 3503 380 12M

213 445 310 493 cto
336 446 608 505 potentes,
658 435 782 505 quia
823 435 1172 491 scandalizati
1200 445 1327 492 sunt
1369 437 1424 492 in
1454 437 1621 508 ligno,
1652 435 1804 507 quasi
1836 441 1883 497 Α
1912 448 2121 513 necnon
2146 442 2203 489 et
2230 434 2382 490 chori
2410 449 2549 506 quos
2572 433 2627 489 in
2652 432 2883 490 diversis
2912 432 3161 491 solebant
3189 433 3507 493 solemnita-

208 543 418 601 pneros
460 528 665 582 dimisit
708 543 803 582 eos
845 528 1053 583 inanes.
1103 527 1257 585 Unde
1304 530 1461 585 molis
1501 531 1798 595 malebant,

209 621 343 678 dum
374 620 547 691 legem
572 621 638 674 ad
660 620 895 676 litteram
917 621 1120 678 eisdem
1143 623 1257 680 suis
1287 623 1534 693 vestigiis
1568 633 1801 685 utentes,

210 709 520 764 caecitatem
566 719 886 781 perpetuam
933 711 1310 782 impegerunt.
1343 713 1426 769 Ad
1471 729 1633 784 quam
1686 727 1810 767 cum

211 798 452 854 Samson
497 799 587 855 ille
636 799 969 857 fortissimus
1015 803 1344 869 advenisset,
1376 819 1501 859 eum
1535 804 1809 877 Allophyli

208 892 425 947 molere
456 890 732 959 fecerunt,
764 901 1034 965 quatenus
1068 911 1167 966 per
1195 897 1299 951 hoc
1339 896 1502 952 nullis
1539 912 1598 954 se
1637 897 1810 968 espli-

207 997 368 1044 caret
412 991 848 1059 gressihus:sed
896 994 1143 1048 eamdem
1187 995 1452 1050 vertendo
1494 995 1547 1049 in
1591 995 1705 1050 suis
1748 1009 1809 1049 se

204 1095 313 1151 per
355 1082 583 1153 vestigia
611 1091 670 1138 ut
699 1084 871 1140 Judzei
903 1085 1261 1142 recollocaret
1299 1087 1600 1142 erroribus.
1637 1086 1809 1143 Porro

205 1175 447 1245 mystice
475 1175 617 1230 infra
636 1177 936 1232 Ecclesiam
961 1168 1264 1248 potentium
1284 1194 1481 1249 genera
1514 1179 1619 1233 duo
1645 1186 1803 1234 sunt:

204 1279 381 1324 anum
428 1282 641 1333 eorum,
673 1270 766 1340 qui
809 1271 1186 1341 corporalibus
1221 1281 1349 1328 sunt
1395 1281 1642 1341 potentes
1672 1272 1808 1326 divi-

206 1360 416 1414 tiarum
443 1358 815 1428 facultatibus,
852 1372 905 1417 et
930 1366 1231 1433 potentiam
1257 1366 1506 1419 obtinent
1538 1376 1806 1435 tempora-

204 1450 343 1504 lium
372 1451 671 1506 vanitatum
698 1471 711 1507 :
738 1453 879 1508 aliud
914 1470 1041 1510 vero
1069 1471 1280 1522 eorum,
1315 1458 1406 1527 qui
1432 1456 1806 1528 spiritualibus

202 1542 416 1614 pollent
440 1544 759 1600 honoribus.
781 1546 838 1600 In
869 1547 952 1601 his
982 1549 1182 1618 quippe
1210 1550 1567 1619 cupiditatum
1595 1566 1801 1605 concu-

199 1633 707 1707 piscentiarumque
749 1639 974 1705 malitia,
1014 1642 1423 1712 pertinaciaque
1472 1644 1762 1697 volvuntur
1787 1661 1829 1697 ει

200 1726 303 1797 qui
349 1736 530 1782 autem
571 1730 883 1800 spirituales
931 1731 1068 1786 ﬁunt
1112 1742 1397 1803 potentes,
1428 1735 1561 1804 legis
1603 1735 1808 1790 molam

1915 527 2058 583 tibus
2103 529 2322 594 ducere,
2354 540 2501 586 recte
2548 531 2601 584 in
2649 529 2852 584 luctum
2896 529 3035 586 versi
3084 537 3259 608 erant,
3285 532 3503 600 quando

1911 622 2056 678 inter
2089 623 2273 679 hostes
2312 625 2808 679 cruciamentorum
2852 621 3139 693 generibus
3169 623 3501 692 torquebanv

1911 722 2019 769 tur.
2066 714 2237 770 Aliter
2264 725 2447 770 autem
2490 717 2542 770 in
2585 714 2823 770 Ecclesia
2870 714 3249 785 paenitentiam
3281 723 3366 771 est
3401 715 3501 770 ista

1888 791 2038 873 ἠοῖ,
2069 808 2162 878 qui
2187 808 2573 863 contritionem
2605 808 2787 861 cordis
2816 807 2898 861 sui
2929 807 3039 863 Deo
3074 805 3310 862 oﬂ‘erunt
3335 807 3388 862 in
3423 822 3503 862 sa-

1911 886 2136 964 crilicio,
2166 901 2242 955 uti
2273 900 2441 955 David
2468 900 2656 955 dicens
2681 916 2694 953 :
2723 895 2829 953 Cor
2854 899 3139 952 contritum
3170 906 3218 953 et
3252 896 3504 952 humilia-

1910 998 2020 1044 tum
2068 990 2210 1045 Deus
2256 1007 2360 1044 non
2401 990 2618 1059 spernit.
2654 988 2893 1056 Quorum
2935 989 3100 1059 igitur
3142 988 3496 1052 conscientia,

1910 1082 2174 1140 scelerum
2216 1091 2272 1136 et
2317 1083 2638 1138 delictorum
2682 1083 2959 1137 sauciatur
3005 1080 3342 1147 vulneribus,
3376 1083 3500 1153 jure

1909 1176 2135 1232 dicunt:
2168 1172 2495 1233 Dissolutum
2525 1187 2598 1231 est
2636 1177 2889 1247 gaudium
2918 1175 3092 1230 cordis
3123 1175 3310 1231 nostri.
3343 1175 3499 1243 Quod

1911 1285 2040 1325 sane
2066 1271 2319 1341 gaudium
2359 1284 2549 1324 rursus
2576 1260 2754 1342 David
2788 1269 2889 1325 sibi
2923 1268 3041 1324 dari
3074 1268 3318 1339 deposcit
3343 1287 3357 1324 :
3382 1268 3497 1324 Au-

1910 1359 2044 1413 ditui
2070 1378 2204 1426 meo,
2233 1362 2435 1431 inquit,
2456 1360 2607 1415 dabis
2630 1359 2884 1431 gaudium
2907 1370 2952 1413 et
2978 1358 3217 1414 ltetitiam
3242 1373 3261 1411 :
3289 1360 3501 1416 reddes-

1908 1469 2007 1523 que
2027 1452 2266 1506 lwtitiam
2296 1451 2548 1506 salutaris
2585 1452 2682 1506 tui.
2711 1450 2811 1519 Qui
2836 1450 3066 1522 spiritali
3092 1450 3420 1507 contritione
3445 1461 3501 1508 et

1905 1544 2069 1600 corde
2092 1554 2445 1617 coangustato
2471 1544 2692 1615 spiritus
2721 1543 2972 1614 quiescit,
3015 1544 3229 1614 quoties
3277 1542 3496 1617 15M

1910 1637 2091 1691 anima
2144 1637 2485 1691 nuseriarum
2535 1651 2756 1691 suarum
2813 1644 3135 1705 compuncta
3182 1634 3500 1692 vulneratur

1908 1718 2257 1785 cruciatibus.
2284 1726 2449 1796 Cujus
2472 1728 2655 1796 utique
2677 1725 2941 1782 medelam
2962 1726 3305 1783 contritionis
3328 1725 3499 1783 Isaias

197 1828 451 1887 vertunt,
481 1823 605 1876 dum
637 1824 885 1880 eamdem
920 1826 1189 1897 relegunt,
1236 1835 1434 1893 terunt,
1469 1803 1721 1897 repetunt
1744 1836 1800 1884 et
1830 1803 1881 1865 Β
1910 1836 2009 1877 suo
2032 1821 2287 1875 vaticinio
2316 1820 2644 1891 repromittit
2673 1820 2860 1876 dicens
2885 1836 2897 1873 :
2924 1818 2993 1874 In
3034 1820 3117 1874 die
3156 1837 3262 1891 qua
3302 1818 3497 1891 alliga-

195 1910 585 1983 frequentant:
606 1915 794 1985 sicque
824 1916 884 1972 lit
907 1927 967 1971 ut
990 1918 1237 1988 quaedam
1259 1919 1331 1974 sit
1350 1920 1611 1991 spiritalis
1633 1921 1795 1989 mola,

195 2018 311 2075 qua
339 2004 546 2060 moleut
584 2006 946 2078 similaginem
978 2010 1181 2065 triticei
1208 2012 1385 2082 grani,
1414 2011 1800 2082 polentamque

197 2093 605 2163 intellectuum,
631 2099 772 2155 unde
788 2099 898 2155 Deo
910 2101 1083 2170 possit
1105 2102 1429 2160 sacrilieium
1451 2103 1653 2171 oll‘erri,
1671 2121 1800 2161 con-

191 2187 409 2244 ﬁciant.
461 2188 563 2257 Qui
610 2190 853 2263 profecto
893 2193 1123 2263 juvenes
1172 2197 1319 2268 ligno
1365 2198 1603 2265 conﬁxi,
1631 2200 1797 2256 etiam

191 2290 470 2354 martyres
503 2282 829 2340 efﬁciuntur.
882 2286 960 2343 De
994 2303 1103 2359 quo
1131 2289 1390 2346 nimirum
1427 2292 1571 2364 ligno
1601 2292 1799 2351 Paulus

192 2376 479 2445 apostolus
502 2394 514 2430 :
536 2376 682 2432 Absit
732 2378 864 2433 mihi
905 2381 1162 2451 gloriari,
1189 2382 1384 2453 inquit,
1420 2385 1521 2438 nisi
1554 2385 1611 2439 in
1643 2402 1797 2440 cruce

190 2468 416 2523 Domini
463 2471 630 2524 nostri
675 2468 807 2525 Iesu
855 2470 1086 2539 Christi,
1113 2490 1206 2542 per
1234 2491 1385 2546 quem
1411 2477 1540 2530 mihi
1568 2472 1796 2532 inundus

190 2560 488 2631 cruciﬁxus
518 2572 626 2627 est,
654 2572 702 2617 et
731 2580 824 2635 ego
856 2566 1053 2620 mundo
1094 2564 1298 2638 (Galat.
1328 2569 1411 2638 ll).
1464 2568 1600 2637 Quia
1640 2571 1795 2639 pueri

191 2652 517 2725 transpositi
547 2653 604 2708 in
630 2653 881 2721 Domino,
909 2657 1113 2711 mundo
1158 2658 1358 2713 mortui
1392 2669 1537 2727 sunt,
1565 2668 1620 2714 et
1648 2660 1793 2715 allixi

190 2742 344 2815 ligno
393 2744 606 2818 1553
650 2745 948 2803 Dominicte
989 2749 1188 2805 crucis.
1221 2750 1517 2822 Sequitur:
1543 2753 1702 2808 Senes
1728 2753 1794 2807 de

190 2846 351 2904 portu
381 2837 718 2906 defecerunt;
735 2839 956 2910 juvenes
979 2842 1044 2896 de
1077 2843 1237 2898 choro
1264 2845 1599 2915 psallentium
1626 2863 1645 2902 :
1666 2847 1792 2918 quia

192 2927 441 2982 veterani
470 2935 526 2983 et
552 2928 710 3002 longo
740 2930 975 2987 confecti
1021 2934 1174 2990 senio
1201 2935 1275 2990 ita
1303 2936 1361 2991 in
1385 2936 1467 2991 cis
1495 2934 1638 2993 fame
1669 2954 1793 2995 con-

192 3017 399 3089 sumpti
446 3028 592 3086 sunt,
621 3030 683 3077 ut
731 3037 855 3078 cum
897 3038 996 3096 per
1036 3033 1222 3095 portas
1264 3029 1449 3099 egredi
1481 3029 1681 3087 vellent
1722 3033 1790 3088 ad

192 3107 397 3164 herbas
436 3109 524 3164 vel
564 3112 632 3166 ad
678 3112 937 3183 qumlibet
967 3113 1075 3170 alia
1103 3116 1281 3173 victus
1313 3120 1701 3189 conquirenda,
1732 3122 1787 3178 in

192 3195 325 3266 ipsis
351 3198 557 3254 eisdem
584 3202 760 3271 portis
796 3202 871 3257 ita
916 3204 1029 3259 sint
1057 3205 1359 3264 semineces
1404 3209 1607 3265 inventi
1633 3213 1789 3282 quasi

191 3295 397 3349 mortui
421 3309 437 3348 :
460 3303 514 3350 et
552 3296 656 3352 hoc
695 3298 768 3353 sit
805 3297 1012 3366 dicere,
1038 3299 1103 3355 de
1128 3304 1297 3372 portis
1336 3303 1681 3374 defecerunt:
1705 3307 1791 3363 vel

191 3391 344 3439 certe
366 3398 493 3440 cum
517 3386 586 3442 ab
616 3388 863 3444 hostibus
887 3390 996 3445 huc
1019 3390 1252 3463 illucque
1276 3395 1494 3451 distenti
1514 3397 1792 3466 perimun-

191 3483 303 3541 tur,
329 3476 530 3531 merito
567 3478 724 3549 quasi
756 3480 1055 3537 consiliarii
1093 3484 1330 3542 civitatis
1356 3496 1413 3542 et
1440 3486 1574 3557 legis
1598 3487 1790 3544 docto-

190 3581 302 3632 res,
334 3567 403 3622 de
427 3567 603 3637 portis
635 3568 919 3639 defecisse,
953 3574 1031 3629 uti
1067 3583 1122 3629 et
1154 3575 1385 3647 juvenes
1424 3577 1493 3634 de
1537 3579 1731 3649 plateis
1758 3596 1790 3636 a

188 3661 307 3716 suis
355 3661 637 3730 perterriti
679 3661 890 3732 oliiciis,
932 3665 1303 3737 deplorentur.
1360 3670 1565 3742 Typice
1606 3681 1789 3728 autem

189 3765 353 3808 scnes
395 3762 547 3821 sunt,
570 3755 664 3825 qui
707 3757 963 3814 canitiem
1010 3775 1267 3816 sensuum
1309 3777 1409 3832 per
1452 3765 1823 3823 remissionis.

189 3843 427 3913 gratiam
458 3857 886 3916 consequuntur,
910 3865 977 3906 ac
1001 3850 1056 3905 in
1086 3854 1557 3910 mansuetudinem
1581 3856 1788 3927 quietu-

189 3934 335 3991 dinis
379 3951 518 4006 opus
560 3939 870 4008 perﬁciunt.
924 3941 1027 4010 Qui
1069 3943 1113 3999 si
1154 3944 1323 4000 Deum
1352 3944 1700 4015 oﬂ’enderiut,
1734 3949 1788 4004 in

186 4026 364 4097 portis
392 4027 673 4097 deﬁciunt,
705 4046 827 4102 quae
852 4032 1105 4089 dicuntur
1130 4050 1251 4091 esse
1284 4037 1540 4108 justitite;
1569 4041 1637 4095 de
1664 4042 1787 4110 qui-

187 4117 290 4173 bus
318 4117 493 4173 David
518 4137 533 4173 :
562 4121 772 4191 Aperite
807 4134 987 4194 portas
1001 4125 1229 4195 justitia:
1252 4142 1271 4180 .'
1291 4129 1557 4201 ingressus
1587 4132 1643 4186 in
1675 4149 1784 4197 eas,

188 4210 481 4279 conﬁtebor
509 4211 736 4269 Domino
765 4215 940 4286 (Psal.
971 4218 1161 4290 cxvn).
1187 4219 1243 4273 In
1267 4221 1352 4275 his
1374 4238 1502 4293 ergo
1526 4210 1788 4279 deliciunt

186 4314 383 4366 senes,
430 4302 561 4357 dum
613 4308 985 4379 crescentibus
1036 4311 1308 4366 scandalis
1352 4313 1784 4388 fatigantur:ita

186 4402 340 4450 recto
367 4395 582 4452 itineris
612 4413 774 4453 cursu
808 4400 1200 4469 destituuntur,
1233 4416 1292 4460 ut
1326 4407 1584 4464 interciso
1613 4411 1787 4480 paeni-

185 4486 335 4541 tendi
378 4501 446 4543 ac
492 4487 707 4559 lugendi
750 4492 983 4558 tramite,
1010 4495 1243 4563 quadam
1286 4499 1610 4569 negligentia
1651 4517 1783 4558 con-

182 4584 524 4633 sternantur.
550 4576 786 4636 Juvenes
810 4597 998 4637 eorum
1029 4584 1096 4639 de
1125 4587 1292 4641 choro
1322 4588 1664 4658 psallentium
1692 4592 1788 4647 de-

181 4669 410 4736 ﬁciunt,
446 4672 665 4740 quando
711 4672 1019 4731 decantatio
1071 4677 1387 4746 spiritaliter
1422 4682 1781 4751 conquiescit.

183 4758 297 4816 Sed
322 4761 609 4817 moraliter
644 4763 993 4823 incontinens
1040 4770 1255 4825 animus
1290 4770 1382 4825 Dei
1425 4786 1632 4828 memor
1668 4771 1782 4841 jam

183 4853 312 4907 dum
345 4868 377 4906 a
416 4864 591 4909 semet
637 4857 868 4927 repellit,
915 4860 1099 4916 dicere
1140 4877 1248 4917 non
1296 4870 1514 4932 potest:
1542 4862 1784 4920 Psallam

180 4945 396 5014 spiritu,
422 4947 648 5017 psallam
678 4957 727 5003 et
751 4960 939 5005 mente.
973 4950 1124 5008 Unde
1146 4953 1307 5009 debet
1333 4954 1451 5010 sine
1478 4957 1785 5013 cessatione

180 5034 272 5104 pia
302 5047 461 5090 mens
502 5037 554 5091 in
602 5039 934 5096 conscientia
970 5042 1329 5112 proclamare,
1353 5059 1421 5100 ne
1455 5046 1783 5118 quandoque

180 5122 296 5179 Deo
327 5133 556 5181 cantare
587 5128 853 5185 desistat:
878 5130 989 5188 imo
1031 5133 1201 5189 choro
1223 5143 1538 5191 sanctorum
1567 5151 1784 5208 semper

180 5209 416 5270 laudans
444 5217 633 5285 Deum,
659 5220 903 5276 assistat.
932 5222 1151 5293 Deiecit,
1178 5224 1640 5297 inquit,gaudium
1667 5244 1783 5282 cor-

178 5304 267 5361 dis
309 5308 519 5364 nostri:
542 5327 720 5367 versus
742 5323 819 5368 est
843 5314 900 5369 in
926 5313 1129 5370 luctum
1158 5317 1348 5372 chorus
1386 5327 1584 5374 noster.
1607 5320 1786 5388 Patet

179 5413 380 5456 sensus
402 5400 468 5457 de
489 5401 709 5470 Judmis,
732 5406 858 5480 quia
880 5408 1052 5463 Deum
1074 5409 1142 5465 ad
1168 5409 1501 5467 iracundiam
1526 5428 1785 5484 provoca-

179 5500 404 5558 verunt,
432 5495 577 5564 quod
607 5496 875 5553 deciderit
893 5514 1054 5555 omne
1078 5501 1334 5571 gaudium
1364 5504 1566 5569 cordis,
1589 5512 1646 5560 et
1677 5505 1787 5562 dis-

180 5580 364 5637 soluta
385 5584 497 5640 sint
516 5588 699 5641 omnia
728 5604 919 5645 eorum
945 5590 1145 5649 laetitiae
1170 5593 1383 5649 viscera
1411 5596 1463 5650 in
1489 5610 1783 5654 maerorem

182 5682 241 5729 et
259 5675 566 5747 tristitiam,
585 5690 749 5751 atque
772 5682 827 5736 in
848 5682 1095 5739 diversas
1120 5687 1462 5742 miseriarum
1485 5703 1781 5758 aerumnas,
1830 5730 1835 5734 ο

186 5766 334 5823 sicut
377 5784 407 5823 a
451 5772 720 5845 principio
778 5775 955 5830 luctus
1002 5778 1336 5848 prophetalis
1382 5793 1778 5839 connumerat:
1828 5792 1831 5793 '

1810 4546 1865 4608 D

1904 1914 2031 1968 verit
2055 1913 2311 1967 Dominus
2334 1913 2523 1967 vulnus
2544 1911 2723 1982 populi
2744 1912 2849 1977 sui,
2865 1921 2913 1965 et
2934 1928 3301 1981 percussuram
3324 1910 3495 1983 plaga:

1902 2008 2018 2077 ejus
2044 2007 2328 2071 sanaverit,
2360 2023 2419 2060 eo
2451 2006 2593 2076 quod
2616 2016 2692 2060 est
2714 2014 2762 2058 et
2792 2006 2846 2059 in
2871 2004 2945 2058 eis
2978 2003 3163 2059 vulnus
3186 2013 3233 2059 et
3272 2003 3404 2059 livor
3429 2020 3495 2058 ac

1901 2098 2059 2169 plaga
2086 2099 2292 2151 tumens
2323 2096 2460 2169 (Isa.
2503 2096 2655 2167 xxx).
2700 2095 2985 2151 ‘Moraliter
3024 2103 3229 2160 autem,
3282 2094 3497 2165 quoties

1902 2192 2081 2253 anima
2132 2192 2304 2246 livore
2351 2193 2562 2262 peccati
2612 2190 2966 2256 vulneratur,
3018 2200 3129 2245 tum
3175 2198 3231 2244 et
3276 2189 3493 2261 plagata

1898 2297 2124 2339 suorum
2158 2282 2424 2338 scelerum
2452 2281 2697 2353 spiculis.
2743 2280 2907 2353 Cujus
2930 2281 3187 2353 gaudium
3230 2297 3355 2336 mox
3385 2280 3497 2337 dis-

1899 2374 2156 2438 solvitur,
2197 2389 2323 2429 cum
2366 2389 2520 2430 mens
2566 2374 2634 2429 ad
2676 2371 3064 2429 conscientiam
3110 2372 3407 2435 reducitur,
3439 2378 3496 2427 et

1900 2467 2102 2522 chorus
2129 2465 2392 2520 virtutum
2421 2465 2474 2520 in
2505 2464 2713 2519 luctum
2739 2470 3126 2519 commutatur.
3163 2461 3316 2529 Quod
3353 2462 3493 2517 bene

1897 2545 2060 2612 Asa'el
2105 2556 2398 2628 contigisse
2420 2551 2662 2627 'legitur,
2687 2554 2781 2626 qui
2825 2568 3019 2609 cursor
3054 2560 3175 2609 erat
3210 2551 3493 2608 velocissi-

1898 2665 2040 2714 mus,
2084 2656 2342 2718 tanquam
2391 2663 2532 2703 unus
2575 2663 2644 2703 ex
2688 2646 2902 2718 capreis
2955 2660 3076 2715 quae
3125 2652 3406 2700 morantur
3433 2643 3489 2699 in

1898 2743 2075 2808 silvis,
2099 2743 2351 2800 nesciens
2376 2741 2593 2798 veloces
2618 2740 2785 2796 animi
2816 2748 2996 2794 motus
3013 2738 3275 2810 patientia
3296 2744 3351 2792 et
3368 2750 3492 2808 gra-

1897 2835 2067 2890 vitate
2090 2843 2418 2905 temperare.
2454 2832 2609 2889 Unde
2638 2832 2767 2888 dum
2795 2830 3037 2886 velocius
3062 2828 3368 2900 insequitur
3390 2827 3488 2883 ho-

1898 2936 2059 2995 stem,
2080 2929 2223 2984 ictus
2246 2925 2471 2984 vulnere
2492 2925 2741 2996 deperiit,
2771 2922 2863 2979 ubi
2883 2920 3260 2979 fornicationis
3280 2918 3488 2977 saevitia

1898 3021 2209 3077 dominatur
2236 3020 2292 3075 in
2321 3018 2574 3091 inguine,
2601 3026 2658 3074 et
2700 3016 2941 3073 lasciviae
2976 3014 3199 3071 morbus
3242 3012 3488 3070 desaevit.

1900 3113 2007 3171 Sed
2035 3114 2222 3171 Achab
2252 3113 2307 3169 in
2337 3112 2504 3169 corde
2528 3110 2723 3183 sagitta
2765 3123 3060 3180 percussus
3083 3106 3341 3165 occubuit
3362 3100 3487 3177 (III

1896 3207 2026 3280 Reg.
2044 3209 2204 3286 XXII),
2223 3206 2370 3262 inter
2389 3204 2674 3277 pulmones
2695 3210 2752 3258 et
2772 3200 3041 3273 scapulas,
3058 3214 3154 3255 eos
3174 3198 3496 3269 designans,

1895 3301 2095 3371 quibus
2119 3298 2399 3369 sapientiae
2422 3297 2579 3368 virgo
2606 3294 2903 3350 falsitatum
2928 3291 3247 3346 vulneratur
3265 3288 3499 3364 iaculis.

1896 3392 1965 3448 Et
1993 3392 2189 3448 merito
2230 3392 2376 3446 inter
2412 3389 2718 3460 pulmones,
2751 3385 2843 3441 ubi
2871 3384 3057 3439 vitalia
3080 3382 3268 3453 vigent
3292 3378 3486 3447 ﬂabra,

1894 3486 1988 3542 ubi
2018 3485 2165 3541 salus
2191 3485 2319 3538 vitae
2357 3488 2691 3553 temperatur
2715 3497 2729 3533 :
2752 3488 2807 3534 et
2852 3476 3122 3548 scapulas,
3152 3472 3244 3528 ubi
3284 3470 3489 3528 Christi

1895 3562 2063 3634 onera
2112 3583 2402 3648 portantur
2431 3572 2605 3628 laevia.
2654 3569 2820 3639 Cujus
2862 3566 3120 3623 nimirum
3163 3563 3484 3621 dissolutum

1893 3668 2078 3725 cordis
2107 3667 2359 3739 gaudium
2386 3669 2472 3721 est
2502 3673 2555 3720 et
2580 3659 3099 3735 peremptum:quia
3124 3655 3325 3714 defecit
3348 3656 3484 3726 ipse,

1892 3771 1951 3816 et
1983 3750 2265 3832 praesentis
2294 3758 2420 3813 vita:
2450 3756 2723 3829 gaudium.
2754 3754 2928 3823 Quod
2970 3761 3152 3808 autem
3192 3765 3488 3808 conversus

1892 3862 1978 3909 est
2025 3853 2079 3907 in
2132 3851 2335 3907 luctum
2384 3846 2822 3911 chorus'noster,
2851 3842 3486 3917 perfectaepmnitentite

1892 3934 2449 4016 luctus'designatur,
2478 3941 2693 4013 quando
2731 3941 2992 3995 virtutum
3028 3938 3228 3993 chorus
3267 3937 3486 3991 harmo-
3558 3934 3565 3941 '

1889 4039 2038 4092 niam
2087 4046 2235 4093 tenet
2281 4037 2496 4108 lugendi
2548 4034 2692 4105 quod
2733 4033 3044 4098 amisimus,
3072 4040 3130 4087 et
3160 4040 3483 4086 concentum

1892 4137 2071 4183 servat
2099 4128 2398 4199 pmnitendi
2429 4136 2735 4198 :quatenus
2763 4125 2905 4181 idem
2946 4125 3146 4180 chorus
3182 4132 3306 4194 post
3344 4137 3484 4179 mte-

1890 4236 2045 4278 rores
2073 4230 2128 4277 et
2153 4222 2425 4293 lacrymas
2452 4221 2521 4275 ad
2551 4219 2744 4291 gaudia
2786 4216 2956 4288 possit
2993 4215 3303 4286 pertingere
3330 4229 3485 4269 man-

1891 4331 2038 4371 sura.
2072 4315 2273 4370 Cecidit
2302 4331 2518 4379 corona,
2546 4313 2744 4382 inquit,
2766 4312 2952 4382 capitis
2978 4309 3165 4365 nostri.
3202 4307 3290 4362 Va:
3313 4307 3482 4373 nobis,

1888 4406 2018 4477 quia.
2044 4407 2393 4477 peccavimus.
2443 4404 2886 4460 Humiliationem
2925 4412 3089 4472 atque
3128 4399 3484 4469 dejectionem

1889 4495 2198 4551 Iudaeorum
2229 4511 2261 4550 a
2292 4510 2488 4566 regno,
2543 4493 2793 4565 designat
2819 4510 2832 4546 :
2856 4492 3076 4562 quando
3116 4491 3291 4547 honor
3342 4489 3485 4561 regis

1890 4598 1946 4643 et
1968 4588 2139 4658 gloria
2162 4588 2416 4659 deperiit.
2445 4586 2600 4643 Unde
2633 4587 2773 4642 idem
2802 4586 3070 4657 propheta
3092 4583 3253 4657 longe
3279 4595 3481 4655 supra:

1888 4680 2023 4746 Dic,
2056 4681 2264 4750 inquit,
2296 4681 2403 4752 regi
2428 4670 2841 4735 et'dominatrici
2873 4697 2893 4735 :
2923 4677 3298 4735 Humiliamini
3329 4686 3378 4734 et
3403 4693 3486 4734 se-

1888 4770 2026 4837 dete,
2048 4771 2300 4842 quoniam
2338 4769 2524 4824 cecidit
2561 4769 2627 4824 de
2658 4762 2827 4840 capite
2852 4780 3023 4825 vestro
3066 4784 3262 4825 corona
3298 4766 3483 4840 gloriae

1888 4868 2091 4915 ve‘strw.
2127 4858 2231 4916 Ubi
2260 4858 2399 4914 alius
2424 4858 2696 4929 interpres
2721 4877 2736 4913 :
2760 4858 3047 4929 Descende,
3073 4859 3171 4914 ait.
3203 4857 3311 4913 Sed
3340 4855 3483 4911 mul-

1866 4961 2003 5033 .tum
2053 4954 2323 5018 interest,
2365 4951 2585 5023 quando
2632 4952 2831 5008 cadant
2877 4967 3081 5009 corona
3126 4950 3354 5023 capitis,
3397 4948 3483 5006 vel

1887 5046 2108 5116 quando
2135 5045 2468 5101 descendat:
2496 5044 2625 5116 quia
2670 5045 2843 5101 levior
2869 5055 2956 5102 est
2997 5043 3282 5102 descensio
3317 5058 3483 5116 quam

1886 5139 2063 5194 ruina.
2117 5137 2386 5193 Paulatim
2436 5152 2568 5210 ergo
2624 5137 2755 5194 dum
2806 5136 3079 5196 desidiose
3132 5137 3354 5204 vivitur,
3386 5151 3485 5208 per

1886 5229 2188 5301 neglectum
2242 5230 2472 5302 gloriam
2521 5230 2796 5297 amittere,
2833 5229 3167 5287 descendere
3207 5237 3327 5286 est:
3352 5229 3483 5302 quia

1889 5321 2018 5378 dum
2099 5322 2327 5395 quisque
2395 5322 2463 5379 ad
2516 5322 2708 5380 altiora
2774 5336 2885 5379 non
2944 5322 3149 5391 currit,
3205 5322 3276 5380 ad
3346 5321 3485 5378 inl'e-

1888 5417 2061 5487 riora
2104 5416 2402 5474 descendit.
2460 5416 2555 5475 Sic
2603 5427 2658 5473 et
2710 5432 2937 5491 regnum
3005 5416 3315 5474 Iudaeorum
3382 5430 3483 5488 per

1888 5509 2128 5580 singulos
2186 5526 2467 5581 regressus
2512 5526 2687 5582 usque
2731 5511 2799 5566 ad
2843 5503 3122 5579 Joachim,
3153 5506 3220 5567 de
3264 5508 3481 5566 excelso

1888 5603 1954 5657 ad
2010 5603 2116 5656 ima
2162 5602 2446 5660 descendit
2485 5622 2498 5657 :
2541 5606 2797 5677 deinceps
2834 5619 2962 5661 vero
3010 5621 3108 5677 per
3159 5601 3478 5660 Sedechiam

1886 5702 1943 5748 et
1998 5709 2115 5759 eos,
2156 5694 2249 5764 qui
2290 5694 2495 5749 residui
2538 5684 2804 5763 fuerunt,
2855 5696 2925 5753 de
2992 5694 3208 5767 populo.
3267 5690 3479 5765 1545
3560 5756 3566 5761 ,

1887 5785 1956 5841 ad
2021 5784 2289 5857 integrmn
2346 5785 2563 5843 cecidit.
2605 5785 2852 5863 Hincque
2918 5787 3163 5861 sequitur
3203 5799 3307 5843 vox
3359 5797 3479 5841 om-
