4078 6348
718 295 850 358 1251

1534 297 1592 354 S.
1633 295 1991 354 PASCHASII
2018 291 2365 351 RADBERTI
2402 291 2692 350 ABBATIS
2725 294 3174 354 CORBEIENSIS

3780 307 3888 368 1252

711 415 864 470 Itium
931 413 1266 484 captivorum
1317 415 1613 487 lugentium
1653 433 1666 469 :
1706 413 1793 468 Vm
1827 415 1994 479 nobis,
2024 415 2146 484 quia
2169 429 2290 483 pec-
2319 411 2372 472 Α
2395 409 2511 462 ideo
2538 411 2889 464 contenebrati
2915 420 3036 464 sunt
3072 409 3212 464 oculi
3233 412 3409 465 nostri.
3437 411 3596 468 Porro
3623 431 3706 471 cor
3721 415 3890 477 Judm.

714 509 966 563 cavimus.
982 507 1060 562 Ex
1085 522 1192 577 quo
1214 517 1380 578 patet,
1399 509 1542 578 quod
1570 509 1850 562 ruentibus
1875 524 1953 561 va:
1978 508 2290 561 immineat:

714 599 1063 669 peccantibus
1099 614 1195 668 per
1225 600 1512 664 desidiam,
1561 600 1852 653 lamentum
1897 609 2088 654 restat.
2140 597 2292 666 Quod

713 690 851 744 bene
886 689 1140 744 Ecclesiae
1178 691 1454 760 congruit,
1485 690 1698 759 quando
1736 691 2046 745 sacerdotes
2067 691 2120 745 in
2145 705 2209 744 ea
2238 695 2294 744 et

712 781 950 852 virgines
980 790 1162 846 ruunt,
1208 782 1298 850 qui
1348 782 1602 835 videntur
1629 790 1946 836 ornamenta
1977 782 2095 852 ejus
2128 796 2246 837 esse
2273 819 2290 848 ,

710 881 765 927 et
794 871 946 942 quasi
977 888 1173 926 corona
1205 873 1438 928 decoris.
1483 872 1591 926 Sed
1623 881 1677 926 et
1714 872 1836 927 ﬁdei
1867 874 2094 944 gratiam
2124 873 2292 928 inter-

712 964 837 1018 dum
873 963 998 1017 dum
1039 965 1237 1018 amittit
1275 965 1442 1035 gloria
1495 963 1611 1032 ejus
1653 965 1720 1019 de
1759 966 1939 1034 capite
1980 967 2131 1020 ruit:
2161 967 2289 1035 quia

713 1053 998 1107 Dominum
1026 1054 1238 1107 decoris
1271 1055 1322 1107 in
1353 1054 1636 1124 perﬁdiam
1666 1063 1965 1110 commutat
2015 1057 2287 1111 falsitatis.

711 1145 862 1212 Quod
906 1155 1085 1199 autem
1119 1145 1376 1200 Dominus
1422 1160 1622 1200 corona
1682 1147 1755 1200 sit
1803 1146 2086 1212 Ecclesiae,
2123 1148 2289 1203 Isaias

713 1244 964 1299 testatur,
982 1236 1169 1290 dicens
1198 1283 1205 1290 .
1233 1235 1288 1290 ln
1315 1236 1402 1289 die
1427 1235 1515 1289 illa
1538 1236 1643 1290 erit
1664 1235 1923 1291 Dominus
1948 1239 2287 1292 exercituum

708 1343 904 1383 corona
930 1329 1131 1399 gloriae,
1163 1338 1218 1384 et
1250 1329 1494 1383 diadema
1525 1329 1904 1384 exsultationis
1946 1331 2147 1384 residui
2195 1346 2290 1400 po-

708 1419 815 1487 puli
847 1419 950 1473 sui.
985 1418 1157 1486 Quam
1195 1419 1450 1473 nimirum
1478 1434 1735 1473 coronam
1774 1419 1970 1488 capitis
2019 1431 2144 1474 tunc
2184 1420 2286 1474 Ec-

707 1510 871 1566 clesia
896 1511 1075 1580 perdit
1101 1552 1113 1575 ,
1144 1511 1364 1580 quando
1393 1511 1696 1566 sanctiores
1732 1511 1788 1565 in
1827 1526 1891 1566 ea
1924 1511 1977 1566 in
2004 1511 2287 1581 perﬁdiam

707 1611 888 1654 ruunt.
938 1601 1072 1668 Quae
1114 1602 1372 1656 nimirum
1402 1616 1601 1656 corona
1635 1601 1907 1656 interdum
1951 1602 2139 1666 cadit,
2191 1603 2289 1657 sed

705 1701 884 1762 potest
907 1693 1392 1748 lamentationibus
1439 1694 1706 1763 reparari,
1753 1705 1917 1764 atque
1971 1693 2285 1764 integritate

2395 517 2513 555 rum
2547 500 2598 554 in
2633 511 2859 570 utraque
2894 501 3208 572 captivitate
3237 541 3251 564 ,
3293 519 3412 555 cum
3443 504 3596 558 variis
3622 519 3888 566 vexarentur

2393 593 2747 659 cruciatibus,
2785 609 2947 663 quam
2979 604 3234 649 moestum
3268 593 3446 660 fuerit,
3472 595 3603 653 ferte
3625 613 3712 654 nec
3732 606 3888 673 estqui

2392 684 2631 738 sentiat:
2665 694 2723 740 et
2769 700 2934 754 quam
2967 685 3233 739 tenebrati
3273 685 3408 740 oculi
3455 703 3558 754 prae
3603 687 3816 759 lacrymis
3847 704 3888 748 et

2393 773 2686 838 doloribus,
2708 789 2866 828 nemo
2889 775 2981 843 qui
3006 775 3394 844 apprehendat,
3418 786 3497 832 est
3525 785 3687 834 tamen
3709 779 3888 848 eiulatus

2390 868 2634 922 omnium
2666 867 3094 936 delinquentium
3120 908 3135 932 ,
3167 871 3260 937 qui
3288 869 3387 924 sibi
3419 869 3665 939 imputant
3689 887 3888 941 peccasse

2391 959 2447 1014 in
2489 944 2678 1014 Deum.
2733 960 2839 1014 Sed
2885 959 3079 1030 duplex
3125 961 3390 1015 mmstitia:
3429 977 3492 1018 ac
3529 963 3710 1020 doloris
3731 969 3888 1036 species

2390 1052 2708 1106 aestimatur.
2737 1052 2812 1106 De
2835 1066 2940 1121 qua
2963 1066 3094 1106 sane
3117 1050 3379 1106 Jeremias
3404 1067 3419 1106 :
3449 1053 3604 1108 Dolor
3629 1072 3752 1110 mea:
3775 1075 3889 1126 super

2390 1140 2619 1195 dolorem
2649 1155 2668 1192 :
2696 1141 2749 1194 in
2792 1158 2872 1195 me
2902 1158 2994 1195 cor
3017 1157 3188 1196 meum
3230 1159 3444 1197 maerens
3493 1143 3619 1213 (Jer.
3663 1147 3781 1217 vui).
3808 1147 3890 1203 [loc

2391 1230 2589 1300 quippe
2631 1230 2777 1285 dicto
2824 1230 3115 1300 signiﬁcat,
3148 1231 3316 1286 dolori
3348 1243 3670 1300 peccatorum
3703 1237 3888 1292 dolorem

2391 1323 2823 1391 compunctionis
2861 1322 3171 1390 adjunctum
3200 1365 3215 1388 ,
3252 1335 3312 1378 ut
3349 1325 3418 1380 sit
3444 1326 3589 1382 dolor
3622 1342 3759 1398 super
3780 1328 3891 1385 dolo-

2392 1430 2528 1470 rem.
2568 1416 2662 1469 Est
2693 1416 2854 1486 igitur
2893 1416 3070 1471 malus
3098 1417 3282 1482 dolor,
3309 1427 3370 1472 ut
3396 1427 3478 1474 est
3509 1419 3627 1474 illud
3651 1439 3662 1472 :
3682 1421 3730 1476 ln
3750 1421 3890 1478 dolore

2389 1506 2572 1575 paries
2614 1505 2754 1562 ﬁlios
2791 1524 2803 1559 :
2837 1515 2922 1560 est
2955 1515 3012 1561 et
3052 1507 3224 1563 bonus
3268 1517 3330 1562 ut
3371 1518 3451 1564 est
3483 1528 3496 1563 :
3537 1518 3590 1565 et
3625 1511 3755 1567 dolor
3778 1528 3890 1568 meus

2375 1606 2682 1653 -renovatus
2710 1605 2813 1663 est,
2857 1598 3114 1653 nimirum
3154 1599 3484 1668 paenitendo.
3536 1600 3629 1668 Qui
3673 1617 3778 1671 ergo
3801 1612 3888 1672 post

2390 1697 2671 1756 peccatum
2712 1688 3004 1744 salubriter
3046 1689 3215 1761 luget,
3266 1691 3322 1745 in
3356 1692 3602 1748 mrestitia
3634 1707 3716 1747 cor
3759 1693 3889 1747 humi-

705 1784 827 1839 ἥδε-ί
854 1783 1081 1838 reindui.
1107 1783 1358 1853 Alioquin
1389 1782 1627 1838 Ecclesia
1659 1783 1862 1839 Christi
1886 1784 2135 1854 speciosa
2163 1799 2284 1839 esse
2312 1769 2360 1829 B
2387 1777 2482 1832 liat
2517 1796 2530 1831 :
2561 1786 2618 1832 ut
2649 1779 2957 1834 medicinali
2983 1779 3166 1835 dolore
3188 1821 3200 1843 ,
3246 1780 3404 1835 dolor
3430 1782 3731 1837 inﬁrmitatis
3751 1785 3888 1838 absce-

706 1889 811 1928 non
836 1883 1031 1944 potest,
1067 1874 1170 1928 nisi
1198 1883 1494 1929 coronetur
1513 1875 1731 1929 Christo
1757 1875 1982 1930 veniens
2002 1891 2032 1929 a
2056 1875 2286 1943 Libano,

703 1967 781 2020 uti
811 1967 863 2020 in
893 1964 1131 2020 Canticis
1155 1965 1369 2020 canitur
1393 1983 1406 2018 :
1445 1964 1572 2019 Veni
1593 1966 1658 2020 de
1681 1965 1903 2031 Libano,
1932 1983 2124 2036 sponsa
2148 1984 2287 2034 mea,

703 2059 817 2112 veni
845 2058 911 2114 de
937 2056 1158 2123 Libano,
1201 2058 1333 2122 veni,
1364 2057 1694 2112 coronaberis
1723 2075 1742 2112 :
1771 2059 1834 2112 de
1863 2060 2030 2128 capite
2059 2061 2285 2127 Amana,

703 2148 768 2202 de
791 2149 979 2202 vertice
1001 2146 1162 2203 Sanir
1183 2159 1230 2202 et
1254 2147 1487 2202 Harmon
1521 2165 1540 2204 :
1567 2150 1631 2204 de
1655 2149 1913 2204 cubilibus
1948 2149 2192 2218 leonum,
2224 2152 2289 2207 de

703 2242 964 2295 montibus
989 2243 1277 2311 pardorum
1301 2241 1476 2313 (Cant.
1514 2244 1611 2314 tv).
1667 2243 1774 2299 Sed
1828 2254 1884 2300 et
1929 2246 2042 2316 ipsa
2087 2263 2288 2302 corona

701 2334 903 2388 Christi
952 2335 1196 2390 creditur
1221 2375 1236 2400 ,
1289 2335 1357 2390 de
1392 2351 1496 2406 qua
1528 2337 1580 2390 in
1613 2336 1852 2393 Canticis
1897 2340 2121 2409 pulchre
2163 2341 2240 2394 ait
2269 2359 2282 2396 :

703 2423 1029 2496 Egredimini
1064 2434 1110 2478 et
1140 2426 1327 2492 videte,
1353 2425 1480 2495 ﬁlia:
1515 2425 1664 2492 Sion,
1700 2445 1868 2499 regem
1902 2428 2240 2485 Salomonem
2267 2472 2286 2499 ,

699 2516 755 2568 in
798 2515 1095 2570 diademate
1142 2532 1244 2586 quo
1277 2519 1545 2572 coronavit
1596 2536 1713 2573 eum
1755 2530 1922 2575 mater
1958 2537 2055 2575 sua
2102 2523 2154 2577 in
2202 2524 2286 2578 die

699 2605 1116 2673 desponsationis
1167 2605 1335 2672 illius,
1383 2610 1520 2662 etin
1569 2609 1653 2662 die
1695 2609 1894 2665 laetitia
1949 2613 2123 2666 cordis
2171 2614 2285 2682 ejus

700 2693 879 2767 (Cant.
912 2696 1018 2767 ιιι).
1046 2696 1219 2763 Quam
1246 2713 1381 2753 sane
1415 2713 1671 2755 coronam
1711 2701 1978 2768 Ecclesia,
2009 2720 2129 2773 qua:
2158 2720 2287 2760 vere

701 2801 899 2858 sponsa
925 2786 1134 2842 Christi
1188 2797 1306 2854 est,
1351 2797 1479 2844 tunc
1524 2791 1732 2860 perdit,
1785 2793 2004 2862 quando
2032 2796 2284 2851 decorem

701 2877 850 2944 ﬂdei,
879 2888 935 2933 et
964 2878 1337 2949 integritatem
1357 2894 1583 2949 operum
1616 2881 1731 2950 ejus
1762 2885 1964 2939 amittit
1997 2886 2051 2940 in
2081 2887 2167 2942 his
2191 2889 2284 2956 qui

699 2973 898 3028 summi
927 2966 1179 3028 videntur
1224 2973 1278 3027 in
1310 2975 1571 3029 membris
1597 2974 1821 3032 Christi.
1853 2977 1962 3033 Aut
1999 2989 2149 3034 certe
2193 2997 2286 3035 co-

703 3076 834 3117 rona
861 3062 1059 3131 capitis
1085 3063 1260 3118 nostri
1302 3071 1433 3118 tunc
1468 3064 1596 3129 ruit,
1639 3067 1856 3134 quando
1893 3068 1948 3122 hi
1993 3069 2085 3138 qui
2135 3070 2284 3125 vide-

700 3155 902 3210 bantur
929 3128 1007 3209 ad
1039 3155 1292 3210 decorem
1321 3164 1378 3211 et
1406 3154 1634 3224 gloriam
1657 3128 1933 3228 insigniri,
1965 3128 2064 3230 pro
2091 3162 2282 3218 diade-
2312 3128 2358 3192 δ

689 3255 848 3314 ⁴ιιιειιιε
894 3246 948 3300 in
999 3245 1239 3312 Christo,
1271 3247 1364 3317 qui
1393 3256 1557 3317 caput
1588 3256 1671 3303 est
1704 3249 1868 3305 totius
1897 3251 2154 3307 Ecclesiae
2182 3293 2197 3318 ,
2230 3254 2288 3310 in

699 3337 1010 3409 perﬁdiam,
1045 3337 1131 3392 vel
1163 3339 1215 3392 in
1245 3340 1473 3404 scelera,
1510 3339 1595 3396 vel
1629 3339 1830 3412 ﬂagitia
1862 3343 2081 3398 cadunt.
2131 3345 2289 3402 Cadit

698 3429 899 3502 quippe
943 3443 1144 3484 corona
1188 3431 1383 3500 capitis
1425 3433 1620 3498 nostri,
1660 3450 1784 3489 cum
1815 3436 1870 3491 hi
1899 3435 2159 3502 deﬂuunt,
2193 3439 2288 3509 qui

700 3517 758 3572 in
793 3517 1015 3574 Christo
1047 3530 1428 3576 ornamentum
1476 3523 1798 3580 videbantur
1844 3541 1964 3581 esse
2023 3528 2236 3585 decoris
2268 3543 2285 3584 :

700 3613 795 3668 and
826 3621 954 3670 tunc
985 3628 1065 3668 va
1095 3613 1368 3681 imminet,
1419 3631 1540 3671 cum
1583 3626 1639 3671 et
1679 3618 1735 3672 bi
1771 3634 1867 3688 per
1903 3620 2114 3674 diversa
2162 3637 2283 3676 cor-

701 3716 869 3762 ruunt
892 3746 910 3773 ,
953 3708 1047 3779 qui
1081 3708 1335 3764 videntur
1369 3710 1568 3765 summi
1611 3728 1624 3764 :
1659 3711 1854 3768 deinde
1903 3713 2094 3783 vulgus
2127 3714 2288 3770 lasci-

698 3797 856 3854 viens
883 3837 901 3864 ,
949 3799 1001 3853 in
1049 3807 1270 3870 peccata
1320 3807 1376 3854 et
1418 3798 1621 3871 ﬂagitia
1662 3801 1829 3856 venit.
1865 3801 2002 3858 Hinc
2022 3812 2110 3858 est
2141 3805 2287 3873 quod

699 3891 961 3961 propheta
999 3891 1160 3946 simul
1195 3906 1318 3947 cum
1349 3892 1544 3962 p0pulo
1570 3934 1585 3959 ,
1635 3895 1744 3950 imo
1796 3911 1895 3966 pro
1932 3911 1998 3951 eo
2040 3895 2283 3968 plangit:

710 3981 803 4036 νω
823 3981 991 4049 nobis,
1010 3982 1137 4054 quia
1156 3983 1502 4052 peccauimus.
1531 3984 1799 4057 Evigilant
1818 4001 1949 4058 ergo
1972 3997 2288 4056 peccatores

699 4079 756 4127 et
780 4087 858 4127 vae
881 4073 986 4129 sibi
1016 4073 1305 4144 imputant,
1321 4075 1578 4143 quoniam
1606 4075 1774 4132 Deum
1799 4077 2134 4135 oﬂ‘enderunt
2163 4095 2287 4150 pec-

701 4163 899 4217 cando.
932 4161 1087 4219 Unde
1115 4164 1268 4219 dolor
1296 4165 1471 4220 oritur
1501 4166 1556 4220 in
1583 4167 1768 4234 corde,
1811 4180 1904 4224 aut
1925 4169 2286 4240 delinquendo

702 4253 946 4322 suﬂixus,
977 4265 1073 4310 aut
1098 4257 1414 4326 paenitendo
1444 4270 1769 4316 commotus.
1810 4261 2075 4317 Carterum
2106 4277 2285 4316 mora-

698 4347 821 4404 liter
857 4388 874 4415 ,
921 4364 1124 4405 corona
1153 4351 1351 4421 capitis
1374 4353 1547 4409 nostri
1594 4363 1723 4410 tunc
1762 4355 1923 4426 perit,
1972 4371 2097 4411 cum
2142 4357 2283 4412 bona

699 4438 951 4495 voluntas
977 4439 1263 4496 amittitur.
1288 4439 1366 4497 De
1392 4457 1500 4511 qua
1530 4458 1660 4499 sane
1693 4452 1838 4498 recte
1859 4443 2128 4514 Propheta
2156 4461 2279 4516 gra-

2389 1868 2498 1922 dat.
2529 1866 2819 1938 Pr0pterea
2851 1869 3019 1923 David
3059 1869 3232 1940 inquit
3262 1888 3276 1923 :
3325 1870 3428 1924 Cor
3467 1873 3720 1926 contritum
3751 1882 3788 1925 et
3819 1873 3890 1925 lut-

2386 1959 2648 2013 miliatum
2687 1959 2827 2014 Deus
2870 1978 2974 2015 non
3023 1961 3228 2032 spernit
3255 1961 3432 2034 (Paul.
3461 1963 3530 2033 ι).
3567 1962 3810 2034 Propterea
3841 1964 3890 2016 sit

2388 2051 2443 2104 in
2479 2051 2658 2106 animo
2689 2052 2930 2106 omnium
2957 2051 3387 2124 delinquentium
3423 2054 3682 2110 humilitas
3700 2063 3744 2109 et
3763 2053 3888 2125 pudor

2386 2140 2452 2195 de
2480 2143 2774 2213 perpetrati
2803 2143 2981 2212 operis
3027 2143 3267 2201 facinore
3295 2165 3310 2199 :
3347 2146 3495 2202 dolor
3538 2162 3656 2201 vero
3685 2162 3737 2202 es
3761 2144 3888 2216 pomi-

2388 2233 2573 2288 tudine
2609 2233 2757 2288 inﬁxi
2783 2234 3040 2290 vulneris.
3081 2235 3232 2300 Ideo,
3262 2237 3456 2306 inquit,
3479 2237 3884 2292 contenebralisuut

2387 2328 2525 2382 oculi
2574 2329 2780 2393 nostri,
2829 2345 3040 2399 propter
3082 2340 3312 2384 montem
3358 2330 3486 2386 Sion
3523 2331 3649 2401 quod
3689 2315 3884 2399 disperii.

2386 2419 2626 2484 Quorum
2652 2434 2780 2489 ergo
2808 2418 2998 2474 oculos
3030 2419 3232 2474 malitia
3287 2420 3546 2475 infecerat
3575 2416 3885 2488 delinquendi,

2379 2510 2506 2581 jure
2548 2510 2882 2581 planguntur
2929 2511 3341 2576 contenebrari,
3386 2512 3510 2582 quia
3546 2509 3792 2566 excxcavit
3821 2522 3889 2562 eos

2387 2601 2593 2656 malitia
2625 2617 2811 2655 eorum
2845 2619 2858 2655 :
2888 2611 2944 2656 ut
2972 2600 3219 2655 Christus
3244 2602 3340 2671 qui
3370 2611 3450 2658 est
3475 2602 3604 2672 lapis
3624 2601 3821 2655 abscisus
3842 2598 3889 2653 de

2387 2705 2568 2762 monte
2595 2695 2713 2749 sine
2744 2695 3014 2759 manibus,
3045 2704 3098 2749 et
3137 2696 3314 2750 crevit
3343 2697 3396 2750 in
3426 2705 3649 2751 montem
3674 2706 3887 2764 magnum,

2385 2789 2569 2843 videre
2602 2804 2707 2843 non
2738 2797 2963 2858 possunt
2991 2789 3114 2858 quia
3145 2789 3416 2859 disperiit,
3457 2789 3506 2843 id
3544 2798 3619 2843 est
3651 2801 3754 2842 cum
3786 2789 3890 2838 esset

2386 2882 2606 2950 aequalis
2637 2881 2746 2936 Deo
2793 2880 2984 2946 Patri,
3030 2881 3391 2951 semetipsum
3437 2881 3831 2938 exinanienstut
3849 2875 3887 2929 hi

2384 2975 2476 3043 qui
2506 2973 2760 3028 videbant
2783 2973 2955 3044 prius,
2973 2971 3088 3040 jam
3116 2989 3221 3028 non
3246 2973 3515 3039 videant;'
3538 2983 3586 3027 et
3608 2973 3687 3041 qui
3705 2977 3888 3025 contem-

2387 3065 2678 3136 plabantur
2705 3065 2898 3136 legem,
2923 3065 3051 3120 (ιωοὶ
3080 3064 3211 3119 ﬁant
3241 3079 3256 3118 :
3295 3066 3371 3120 ita
3400 3074 3457 3120 ut
3479 3080 3640 3136 neque
3657 3062 3884 3120 Christum,

2389 3173 2565 3228 neque
2594 3158 2712 3228 ejus
2741 3155 3061 3223 Ecclesium,
3093 3165 3337 3212 montem
3366 3156 3604 3212 videlicet
3625 3150 3885 3226 spiritualem

2390 3261 2504 3308 toto
2527 3253 2660 3307 orbe
2688 3260 2955 3307 terrarum
2986 3262 3350 3320 crescentem,
3378 3252 3666 3324 prospicere
3703 3253 3884 3319 queant:

2388 3346 2512 3416 quia
2543 3344 2916 3402 contenebrati
2955 3352 3082 3399 sunt
3121 3343 3264 3398 oculi
3321 3346 3553 3400 omnium
3595 3340 3886 3414 perﬁdorum.

2388 3444 2609 3507 propter
2638 3450 2833 3490 nomen
2863 3433 2993 3490 Sion
3022 3434 3145 3504 quia
3188 3434 3462 3508 disperiit.
3507 3432 3675 3504 Vulpes
3695 3471 3708 3495 ,
3733 3426 3885 3497 inquit,

2389 3529 2787 3584 ambulaverunt
2814 3531 2868 3584 in
2895 3547 2974 3584 eo.
3012 3529 3409 3588 Persecutores
3449 3529 3677 3586 videlicet
3701 3525 3770 3579 vel
3806 3524 3884 3576 ha:-

2390 3624 2542 3678 retici
2577 3643 2589 3677 :
2621 3624 2748 3694 quia
2774 3624 2911 3678 male
2937 3624 3003 3680 de
3032 3625 3413 3681 incarnatione
3441 3626 3626 3682 Christi
3648 3625 3887 3678 senserunt,

2394 3699 2603 3788 1.557
2655 3715 3089 3772 dilaceraverunt
3129 3732 3353 3773 omnem
3393 3716 3667 3774 Ecclesiam
3706 3706 3886 3770 Christi,

2389 3817 2444 3863 et
2469 3825 2682 3864 omnem
2723 3809 3049 3865 catholicam
3096 3809 3512 3882 intelligentiam
3538 3851 3553 3875 ,
3593 3809 3726 3864 deea
3751 3798 3889 3857 fraude

2389 3907 2443 3954 et
2471 3898 2593 3954 dolo
2623 3910 2985 3970 corruperunt
3016 3919 3029 3954 :
3062 3900 3264 3956 idcirco
3301 3911 3358 3957 et
3388 3903 3485 3973 ipsi
3526 3908 3689 3970 partes
3709 3892 3888 3961 vulpium

2388 3998 2566 4045 erunt.
2622 3989 2744 4044 Fuit
2795 4005 3029 4060 namque
3087 3990 3333 4047 Herodes
3387 3999 3682 4062 persecutor
3722 3977 3887 4039 Clu-isti,

2389 4089 2443 4136 et
2469 4093 2778 4150 peremptor
2805 4079 3031 4135 Joannis
3059 4081 3264 4152 vulpes,
3295 4084 3364 4138 de
3404 4097 3508 4152 quo
3532 4078 3794 4136 Dominus:
3822 4067 3890 4121 Di-

2389 4174 2508 4239 cite,
2538 4175 2732 4244 inquit,
2757 4174 2894 4245 vulpi
2922 4175 3019 4228 illi.
3053 4173 3191 4230 Sunt
3217 4185 3274 4230 et
3305 4192 3495 4232 omnes
3519 4168 3732 4230 haeretici
3750 4161 3892 4230 tuli)es

2389 4265 2705 4321 insidiantes
2748 4285 2760 4320 :
2810 4268 2876 4321 de
2921 4267 3117 4337 quibus
3149 4284 3350 4338 sponsa
3387 4270 3440 4323 in
3477 4264 3728 4322 Canticis:
3755 4253 3891 4322 Catil“

2389 4359 2535 4413 nobis
2565 4358 2758 4428 vulpes,
2784 4375 2901 4430 qua!
2921 4359 3279 4413 demoliuntur
3308 4363 3482 4416 vineas
3515 4356 3677 4430 (Cant.
3717 4349 3785 4420 ιι).
3819 4344 3894 4401 υθ-

2389 4450 2685 4506 moliuntur
2727 4465 2858 4521 ergo
2897 4451 3136 4506 lueretici
3177 4451 3394 4506 vineam
3440 4447 3636 4506 Domini
3672 4435 3889 4499 Sabaoth.

701 4529 1029 4586 tulabundus
1074 4531 1225 4586 canit
1260 4548 1274 4584 :
1310 4531 1474 4588 Scuto
1500 4573 1517 4599 ,
1555 4533 1762 4604 inquit,
1801 4534 1947 4588 bona:
2004 4534 2284 4590 voluntatis
2309 4523 2362 4583 Ῑ)
2386 4561 2548 4614 quam
2578 4543 2842 4614 plantavit
2881 4544 3026 4613 ipse,
3055 4544 3270 4598 vineam
3318 4538 3757 4600 Sorech.'ldciroo
3780 4529 3890 4600 νίκη·

699 4634 806 4680 tum
831 4665 848 4692 ,
895 4627 1160 4682 coronasti
1203 4643 1298 4682 nos
1325 4669 1338 4692 ,
1389 4627 1612 4682 Domine
1642 4624 1814 4694 (Psal.
1849 4626 1926 4698 v).
1967 4628 2119 4684 Tunc
2153 4645 2283 4700 ergo

701 4731 857 4772 mens
886 4725 1072 4773 nostra
1091 4731 1294 4772 corona
1315 4718 1576 4772 virtutum
1603 4717 1913 4784 decoratur,
1929 4734 2051 4773 cum
2070 4718 2284 4793 1546

699 4818 854 4866 scuto
883 4810 1039 4865 bona:
1064 4809 1358 4874 voluntatis
1381 4811 1435 4864 in
1463 4809 1718 4866 omnibus
1742 4827 1849 4869 non
1897 4811 2070 4868 solum
2119 4829 2282 4868 orna-

699 4908 812 4968 tur,
843 4915 1029 4957 verum
1057 4902 1221 4956 etiam
1245 4902 1298 4956 in
1325 4902 1665 4971 protectione
1688 4904 1782 4960 Dei
1814 4905 2140 4962 defenditur.
2175 4907 2282 4963 Sed

699 5009 828 5050 cum
866 4995 1007 5050 bona
1051 4993 1302 5052 voluntas
1355 4995 1411 5050 in
1459 5005 1694 5053 mentem
1741 4999 1907 5063 cadit,
1966 5001 2094 5075 quid
2134 4987 2306 5056 aliud.

699 5102 864 5157 quam
887 5099 1088 5143 corona
1115 5087 1403 5154 virtutum,
1429 5097 1487 5144 et
1510 5089 1674 5146 decor
1693 5101 1893 5147 nostra:
1915 5093 2106 5148 salutis
2129 5093 2282 5147 amit—

700 5179 872 5236 titur?
909 5179 1048 5234 Hinc
1087 5192 1304 5248 quoque
1350 5189 1435 5236 est
1473 5183 1616 5252 quod
1668 5196 1816 5240 recte
1863 5185 2154 5256 plangitur.
2191 5185 2280 5242 Va:

701 5271 879 5335 nobis.
907 5271 1034 5341 quia
1064 5272 1439 5340 peccavimus,
1485 5275 1611 5344 quia
1651 5291 1812 5329 omne
1854 5277 1998 5344 quod
2027 5277 2236 5344 agimus
2263 5316 2280 5344 ,

700 5365 804 5424 nisi
841 5372 1132 5420 coronetur
1165 5374 1322 5420 scuto
1356 5367 1511 5422 bonae
1541 5366 1834 5421 voluntatis
1867 5377 2148 5436 peccatum
2171 5377 2274 5424 est.

702 5457 773 5516 Et
815 5465 944 5514 tunc
992 5458 1274 5525 imminet,
1330 5459 1454 5528 quia
1495 5459 1842 5528 peccavimus
1888 5460 2086 5515 amissa
2136 5462 2278 5518 bona

703 5547 1002 5613 voluntate,
1021 5550 1133 5621 jam
1155 5564 1262 5605 non
1287 5563 1385 5619 per
1407 5563 1713 5614 excessum,
1741 5550 1836 5604 sed
1864 5565 1962 5619 per
1989 5551 2277 5619 desideria,

590 5702 606 5719 ο
703 5653 830 5699 cum
876 5640 1172 5700 intentione
1229 5641 1479 5710 pessima:
1541 5639 1835 5696 voluntatis
1895 5641 2276 5710 delinquimus.

709 5731 1017 5802 Propterea,
1046 5731 1235 5804 inquit,
1266 5743 1503 5798 mlestum
1547 5733 1744 5803 facturr:
1779 5744 1850 5788 est
1882 5751 1971 5788 cor
1999 5744 2231 5787 nostrum
2264 5776 2278 5802 ,

2385 4635 2617 4707 gendum
2638 4643 2721 4689 est
2739 4635 2950 4689 cunctis
2971 4633 3274 4700 catholicis,
3297 4642 3518 4705 propter
3539 4629 3736 4688 insidias
3751 4630 3889 4678 eorum

2385 4736 2439 4784 et
2469 4727 2704 4791 fraudes,
2735 4727 3110 4782 contenebrati
3139 4736 3264 4781 sunt
3292 4727 3347 4782 hi
3377 4727 3557 4791 etiam,
3591 4722 3673 4792 qui
3694 4713 3890 4772 videban-

2383 4827 2471 4874 tur
2513 4819 2654 4874 oculi
2700 4819 2752 4872 in
2799 4818 3042 4874 Ecclesia
3070 4818 3222 4889 (Luc.
3249 4819 3410 4890 xui),
3441 4829 3496 4875 et
3522 4819 3686 4873 lumen
3708 4802 3889 4867 scientia:

2384 4909 2606 4978 reliquis
2621 4917 2880 4980 przestare
2905 4909 3162 4964 membris
3182 4909 3237 4963 in
3264 4925 3496 4980 corpore
3515 4890 3888 4991 dedicatisLUndf

2382 5002 2626 5055 dicamus
2654 5000 2870 5070 singuli,
2903 5001 3146 5054 dicamus
3172 5014 3362 5056 omnes
3393 5017 3406 5054 :
3440 4997 3706 5056 Illumina,
3750 4987 3887 5042 υωηί·

2384 5109 2464 5157 ne,
2507 5092 2679 5146 cordis
2713 5092 2879 5145 nostri
2913 5092 3140 5154 obtutus,
3175 5102 3221 5146 et
3249 5092 3410 5162 digna
3443 5090 3564 5161 ﬁdei
3592 5085 3795 5142 claritate
3819 5087 3886 5128 uol

2383 5183 2590 5237 illustra
2621 5182 2799 5252 (Cant.
2828 5183 2889 5252 ll)
2939 5201 2950 5236 :
2992 5191 3053 5237 ut
3106 5198 3226 5252 qum
3261 5183 3424 5252 digna
3473 5189 3613 5246 sunt,
3638 5175 3883 5230 videamus;

2383 5291 2504 5344 qua:
2533 5284 2712 5330 autem
2739 5275 2956 5344 indigna
2980 5314 2995 5341 ,
3023 5275 3278 5332 vitemus.
3320 5273 3611 5343 Sequitur:
3642 5266 3709 5323 Tu
3735 5269 3884 5356 autut,

2385 5366 2622 5432 Domine,
2657 5368 2712 5420 in
2751 5376 3003 5420 internum
3028 5367 3386 5436 permanebis,
3432 5376 3478 5420 et
3506 5363 3680 5419 solium
3702 5361 3885 5448 tinuit}u

2382 5460 2719 5528 generatione
2735 5468 2780 5512 et
2804 5459 3208 5528 generationem.
3247 5458 3347 5514 Ubi
3379 5456 3516 5512 alius
3549 5455 3782 5520 interpres
3798 5448 3881 5493 *ηε

2383 5549 2450 5603 1η
2488 5560 2735 5604 a’ternum
2761 5551 2966 5604 habitas
2989 5552 3152 5621 :quia
3179 5560 3310 5604 recte
3334 5550 3625 5603 inhabitans
3644 5583 3656 5607 ,
3686 5543 3733 5594 in
3769 5543 3886 5591 aut:

2385 5660 2505 5696 num
2535 5659 2835 5712 permanere
2861 5643 3074 5697 dicitur.
3122 5643 3344 5698 .lEterna
3381 5643 3574 5713 quippe
3619 5629 3795 5692 mansio
3829 5621 3891 5668 9“

2385 5734 2456 5785 iiii
2489 5753 2499 5785 :
2537 5736 2763 5804 itiipsulti
2798 5749 2925 5788 vero
2948 5749 3096 5800 esse,
3127 5735 3375 5805 estquod
3409 5737 3673 5804 permanet
3703 5726 3886 5778 telas“
