4078 6348
239 311 308 373 I2
317 309 393 370 53

988 305 1349 365 EXPOSITIO
1387 305 1456 362 IN
1496 301 2080 362 LAMENTATIONES
2118 304 2458 366 JEREMIE.
2494 339 2564 350 —
2600 309 2728 366 LIB.
2768 310 2836 366 ν.

3377 316 3521 380 1254

235 430 455 490 Patrem
483 428 537 484 in
561 425 719 491 Filio,
741 425 1046 503 Filiumque
1067 426 1120 480 in
1143 424 1303 479 Patre
1327 464 1340 478 .
1363 429 1424 477 ut
1445 422 1518 477 sit
1539 421 1590 476 in
1615 420 1695 476 eis
1716 433 1824 474 una
1851 420 1904 482 A
1929 420 2108 478 minus
2142 441 2156 478 :
2185 421 2421 494 Populus
2444 465 2458 489 ,
2491 425 2694 495 inquit,
2729 442 2874 482 meus
2893 427 3085 484 oblitus
3106 438 3181 484 est
3210 430 3314 486 mei
3334 431 3518 490 diebus

237 525 535 587 aeternitas,
578 533 792 590 unaque
818 517 1191 574 substantialis
1245 516 1671 586 sempiternitas,
1716 529 1824 570 non

235 615 502 672 habitatio
534 613 740 679 localis,
773 625 947 681 neque
980 610 1190 664 mansio
1223 607 1534 679 temporalis
1574 626 1588 662 :
1629 608 1724 663 sed
1771 607 1826 663 in

233 709 472 778 seipsum
526 721 631 760 una
694 713 750 758 et
819 703 1093 758 individua
1153 700 1504 771 permanendi
1564 699 1822 755 essentia.

232 798 494 868 Quamvis
515 796 660 851 enim
689 794 831 849 filius
858 793 1208 862 semetipsum
1242 791 1568 846 exinanierit
1595 791 1826 846 formam

230 890 375 949 servi
404 889 695 959 accipiens,
750 895 928 941 tamen
987 886 1040 939 in
1078 894 1340 939 aeternum
1378 899 1518 937 unus
1574 884 1826 953 idemque

229 993 380 1042 recte
395 979 913 1039 incommutabiliter
940 992 1258 1048 permanere
1277 977 1535 1038 creditur,
1565 977 1690 1032 licet
1716 993 1823 1034 non

229 1076 678 1135 inconvenienter
712 1073 868 1128 sedes
915 1073 963 1127 ei
1022 1073 1317 1127 secundum
1356 1071 1738 1136 humilitatem,
1766 1071 1821 1125 in

228 1169 489 1226 saeculum
512 1167 692 1223 saeculi
723 1173 1023 1237 prteparata
1051 1165 1376 1236 praedicatur
1406 1183 1418 1218 :
1453 1181 1572 1234 quze
1601 1173 1822 1236 propter

226 1261 618 1319 mortalitatem
640 1265 994 1328 assumptam,
1028 1265 1278 1326 suscepta
1325 1257 1690 1328 cognoscitur.
1737 1255 1820 1311 ld-

226 1354 376 1410 circo
411 1353 464 1408 in
494 1362 757 1407 aeternum
807 1361 1038 1419 utraque
1091 1359 1285 1403 natura
1324 1363 1642 1420 permanere
1693 1349 1822 1404 dici-

225 1455 336 1502 tur.
371 1443 442 1498 Et
479 1443 669 1498 solium
702 1453 874 1506 tuum,
917 1441 1113 1511 inquit,
1139 1441 1194 1494 in
1221 1441 1552 1512 generatione
1598 1451 1646 1493 et
1672 1456 1840 1510 gener

225 1538 509 1602 rationem,
539 1543 596 1590 ut
618 1537 744 1590 dum
776 1533 969 1590 solium
1000 1534 1277 1601 regnantis
1301 1532 1558 1597 intendis,
1580 1531 1817 1600 iudicem

223 1644 454 1688 summae
479 1628 764 1700 potestatis
795 1639 1127 1698 expavescas
1164 1644 1176 1679 :
1229 1635 1285 1680 et
1319 1626 1363 1680 si
1411 1627 1644 1679 humana
1676 1639 1818 1678 mor-

1925 513 2234 569 innumeris.
2266 515 2345 570 Ac
2368 525 2652 587 propterea
2708 527 2877 574 totum
2910 531 3066 591 rogat
3108 521 3400 593 Propheta,
3448 541 3518 582 ne

1925 609 2099 665 nostri
2142 609 2493 666 obliviscatur
2523 612 2807 680 Dominus,
2841 631 2949 670 non
2995 616 3115 672 dico
3145 619 3212 672 ad
3241 620 3511 677 modicum

1925 715 1994 756 ne
2016 710 2307 770 tentemur,
2331 706 2426 760 sed
2461 707 2515 760 in
2556 717 2870 778 perpetuum
2899 724 2966 764 ne
2997 711 3415 779 absorbeamur;
3448 730 3514 770 ac

1925 793 2119 850 deinde
2146 796 2556 854 reminiscentes
2585 809 2758 870 regat,
2782 815 2850 854 ne
2887 800 3230 872 derelinquat
3266 820 3366 860 nos
3390 822 3514 875 pas-

1924 886 2165 942 sionibus
2207 888 2520 958 subiacere,
2559 892 2653 946 sed
2703 893 2988 948 conﬁrmet
3037 903 3095 949 ut
3133 908 3514 954 convertamur

1923 976 1991 1029 ad
2017 992 2164 1043 eum,
2189 994 2349 1048 quem
2376 989 2487 1036 toto
2509 983 2674 1038 corde
2717 983 3234 1055 diligerejubemur.
3263 986 3398 1044 Hinc
3430 997 3516 1044 est

1923 1068 2066 1138 quod
2092 1071 2338 1139 sequitur
2362 1090 2374 1125 :
2401 1071 2652 1128 Converte
2700 1091 2818 1141 nos,
2837 1075 3080 1141 Domine,
3107 1079 3178 1132 ad
3216 1090 3286 1144 te,
3308 1090 3354 1133 et
3382 1097 3510 1134 can-

1922 1170 2200 1228 vertemur,
2231 1165 2419 1220 innoua
2441 1166 2552 1220 dies
2591 1177 2796 1222 nostros
2820 1170 2955 1224 sicut
2985 1189 3018 1224 a
3039 1172 3316 1242 principio.
3351 1173 3514 1229 Novit

1923 1251 2087 1324 igitur
2129 1254 2398 1324 Propheta
2443 1259 2755 1316 aversiones
2802 1271 3053 1327 nostras,
3109 1264 3307 1319 multas
3350 1280 3506 1331 esse;

1922 1345 2125 1402 idcirco
2164 1361 2315 1420 rogat
2344 1362 2464 1420 post
2511 1352 2678 1408 multa
2721 1355 3006 1426 naufragia
3053 1368 3110 1412 et
3157 1367 3511 1430 tempestates

1921 1437 2217 1494 contractis
2261 1441 2488 1497 viribus.
2543 1441 2814 1500 Converte
2864 1461 2982 1511 nos,
3019 1447 3261 1512 Domine,
3293 1461 3348 1504 et
3375 1465 3506 1504 con-

1919 1539 2215 1586 vertemur.
2263 1532 2469 1599 Quibus
2509 1536 2749 1604 perfecto
2779 1539 2962 1594 verbis
3007 1540 3242 1610 pietatis,
3272 1542 3507 1611 primum

1920 1619 2174 1691 implorat
2203 1625 2432 1694 gratiam
2478 1643 2490 1679 :
2536 1627 2732 1682 deinde
2760 1646 2860 1698 per
2889 1630 3107 1704 1549
3142 1633 3371 1703 gratiam
3421 1647 3509 1689 re.

223 1723 409 1780 talitas
430 1721 615 1778 multis
641 1721 824 1775 attrita
845 1719 1304 1791 corruptionibus,
1333 1726 1392 1772 ut
1428 1717 1814 1772 vestimentum
1846 1793 1861 1794 ί
1917 1714 2187 1781 promittit
2212 1717 2518 1784 arbitrium,
2552 1732 2611 1774 ut
2644 1719 2866 1778 effectus
2898 1713 3075 1794 capiat
3119 1726 3329 1781 salutis.
3349 1726 3506 1784 'Alie—

221 1815 539 1881 veterascit,
580 1815 699 1885 ejus
733 1814 971 1869 essentia
1001 1821 1055 1867 et
1097 1812 1374 1882 maiestas,
1418 1811 1734 1866 indeﬁciens
1761 1819 1816 1866 et
1844 1793 1891 1852 Β
1919 1807 2046 1876 quin
2085 1809 2188 1864 nisi
2239 1825 2336 1880 per
2386 1813 2639 1881 gratiam,
2678 1814 2856 1870 nullus
2906 1793 2988 1871 est
3037 1818 3127 1885 qni
3159 1829 3510 1876 convenam;-

220 1909 682 1969 incommutabilis
711 1908 980 1963 credatur.
1018 1905 1313 1961 Convertat
1364 1913 1543 1960 autem
1598 1920 1657 1960 se
1685 1905 1814 1959 Pro-

219 2002 387 2075 pheta
439 2008 609 2055 totum
641 1999 707 2054 ad
737 1999 929 2062 Deum,
981 2005 1175 2051 cuneta
1209 1995 1513 2066 despiciens
1555 1995 1811 2058 labentia,

219 2093 314 2166 qui
340 2105 558 2163 semper
581 2089 725 2146 idem
755 2097 880 2145 est:
927 2095 986 2142 ut
1025 2103 1093 2144 ex
1123 2089 1227 2143 hoc
1256 2087 1401 2143 inter
1444 2087 1592 2141 varia
1623 2086 1814 2142 discri-

217 2185 371 2241 mina
397 2185 524 2242 vitae
552 2181 980 2241 consolationem
1024 2181 1276 2250 accipiat.
1330 2178 1484 2236 Unde
1513 2179 1813 2250 querelosis

217 2275 474 2376 precibus
501 2273 761 2328 auxilium
793 2271 1044 2342 implorat
1073 2291 1085 2326 :
1129 2270 1325 2336 Quare,
1357 2271 1550 2340 inquit,
1595 2271 1649 2324 in
1696 2288 1812 2341 per-

216 2362 434 2440 ﬁetuum
463 2365 784 2421 Oblivisceris
841 2365 1029 2429 nostri,
1059 2363 1377 2433 derelinquis
1410 2379 1500 2417 nos
1543 2364 1598 2417 in
1645 2362 1810 2432 longi-

217 2459 402 2516 tudine
428 2460 675 2513 dierum?
712 2457 828 2512 Non
859 2457 1002 2527 quod
1034 2457 1177 2512 Deus
1208 2458 1492 2511 thesauros
1538 2457 1812 2511 memoria:

217 2552 574 2608 amiseritaut
600 2551 860 2616 scientiae,
895 2550 987 2605 sed
1020 2552 1146 2619 quia
1193 2547 1373 2604 diil‘ert
1413 2548 1630 2604 occulto
1677 2563 1812 2618 quo-

218 2645 343 2701 dam
389 2645 595 2716 judicio
622 2643 882 2698 auxilium
914 2652 1176 2712 praestare
1228 2643 1434 2716 statim,
1487 2643 1614 2696 dum
1655 2641 1835 2712 quasi.

220 2734 440 2808 1548
469 2735 695 2806 despicit
723 2735 1098 2798 obsecrantes,
1135 2741 1191 2787 et
1215 2731 1380 2786 corda
1420 2745 1527 2786 non
1555 2730 1806 2785 consola-

217 2831 308 2880 tur
337 2824 393 2878 in
421 2824 665 2896 angustia
694 2822 1074 2894 depressorum
1105 2839 1117 2876 :
1149 2821 1256 2876 imo
1286 2821 1354 2876 ad
1386 2821 1655 2876 modicum
1687 2837 1808 2876 cum

216 2914 443 2982 deserit,
474 2924 536 2970 ut
565 2931 660 2986 per
686 2915 1002 2985 patientiam
1034 2914 1244 2984 probet,
1279 2922 1333 2968 et
1373 2927 1472 2982 per
1525 2913 1808 2968 victoriam

214 3017 531 3066 remuneret
579 3022 715 3078 quos
765 3007 1092 3076 probaverit,
1147 3022 1213 3060 ex
1246 3007 1480 3060 humana
1520 3003 1810 3076 fragilitate

220 3114 378 3156 mens
424 3097 729 3169 quibusque
772 3111 961 3168 pressa
1005 3095 1268 3150 molestiis
1318 3095 1487 3149 Deum
1533 3093 1810 3148 existimat

215 3167 487 3248 oblivisci.
526 3167 662 3244 Nam
704 3188 906 3244 oblivio
952 3187 1157 3243 fontem
1206 3189 1450 3258 cooperit
1494 3187 1803 3251 eharitatis,
1836 3167 1886 3230 Ο

215 3282 511 3340 miserendi
540 3283 648 3337 cito
676 3280 948 3337 subtrahit
971 3280 1284 3335 facultatem
1315 3297 1327 3333 :
1359 3279 1609 3335 obtundit
1634 3281 1807 3335 aciem

213 3376 538 3449 praestanda:
572 3375 780 3448 gratiae,
810 3388 914 3429 nec
942 3374 1074 3430 sinit
1105 3373 1366 3428 auxilium
1396 3381 1658 3443 praestare
1682 3388 1806 3427 mox

214 3468 273 3525 in
304 3469 527 3525 miseria
563 3451 899 3524 constitutis.
934 3465 1087 3534 Quod
1131 3467 1270 3522 bene
1311 3465 1581 3536 Propheta
1612 3480 1812 3536 cogno-

213 3575 378 3616 scens
398 3557 557 3615 deﬂet
575 3577 588 3612 :
607 3558 808 3626 Quare,
833 3558 1030 3628 inquit,
1054 3558 1108 3612 in
1132 3566 1451 3627 perpetuum
1473 3555 1810 3612 Oblivisceris

213 3650 428 3709 nostri?
472 3649 564 3722 qui
616 3650 664 3704 si
709 3650 776 3704 ad
804 3649 1076 3706 modicum
1125 3649 1279 3718 quasi
1309 3647 1542 3715 oblitus,
1574 3648 1805 3719 gratiam

213 3750 478 3816 praestare
502 3741 812 3806 distuleris,
838 3740 1024 3796 multis
1044 3781 1058 3805 ,
1093 3740 1333 3809 depressi
1361 3740 1536 3794 ruinae
1567 3740 1805 3808 casibus,

212 3836 368 3892 vitiis
399 3831 821 3902 subjacebimus.
850 3832 1056 3889 Idcirco
1085 3848 1299 3903 semper
1322 3832 1662 3887 exorandum
1690 3843 1803 3900 est,

213 3943 286 3987 ne
318 3925 663 3996 derelinquas
691 3939 790 3980 nos
837 3924 892 3978 in
931 3923 1325 3995 longitudinem
1369 3924 1601 3978 dierum.
1655 3923 1808 3979 Unde

213 4036 442 4081 necesse
467 4029 551 4076 est
577 4033 792 4090 semper
821 4016 937 4090 ejus
969 4031 1238 4072 memores
1268 4017 1437 4072 simus
1471 4033 1485 4070 :
1519 4026 1578 4071 ut
1606 4027 1661 4072 et
1694 4018 1806 4088 ipse

214 4111 392 4170 nostri
441 4125 650 4167 memor
696 4109 1041 4165 misereatur.
1085 4106 1196 4163 Nec
1237 4107 1383 4162 enim
1425 4107 1808 4164 obliviscentes

215 4219 277 4260 se
316 4203 716 4268 recordabitur,
764 4201 868 4256 nisi
914 4202 981 4256 ad
1015 4201 1117 4256 hoc
1165 4208 1374 4256 tantum
1402 4241 1417 4266 ,
1452 4208 1511 4255 ut
1554 4198 1670 4269 ejus
1710 4215 1808 4270 per

214 4297 450 4368 gratiam
494 4297 734 4352 insinuet
781 4294 1204 4365 requirendum,
1263 4293 1406 4363 quod
1449 4293 1602 4364 prius
1653 4307 1806 4348 mens

215 4388 361 4446 male
387 4389 574 4446 nescia
612 4387 893 4459 inquirere
922 4385 1217 4442 nesciebat.
1253 4384 1393 4458 Ergo
1420 4387 1545 4441 dum
1577 4401 1640 4442 ea
1687 4401 1807 4455 quae

215 4483 497 4541 memoriae
536 4481 828 4538 inseruerit
855 4479 1187 4544 dilabuntur,
1217 4479 1321 4534 nisi
1359 4494 1549 4534 rursus
1584 4494 1681 4549 per
1709 4495 1803 4534 oc-

213 4576 424 4633 cultam
454 4575 688 4646 gratiam
719 4573 906 4628 itidem
957 4571 1304 4641 inspiraverit
1327 4612 1341 4637 ,
1390 4572 1642 4642 passione
1671 4571 1809 4626 οι)ιί-

213 4666 394 4723 vionis
438 4666 494 4722 in
541 4666 722 4721 animo
767 4663 1146 4720 obliterantur.
1194 4661 1455 4717 Praesidet
1489 4663 1632 4717 enim
1665 4661 1808 4718 Deus

214 4759 493 4817 thesauris
516 4759 794 4815 memoriae
820 4767 1040 4822 nostra,
1071 4757 1164 4826 qui
1187 4764 1315 4812 sunt
1340 4755 1567 4828 abyssus
1597 4756 1764 4830 multa
1789 4771 1804 4810 :

213 4865 272 4912 et
299 4855 514 4912 occulta
550 4855 783 4927 quadam
830 4853 1236 4924 dispensatione
1265 4866 1362 4906 sua
1386 4891 1402 4917 ,
1431 4866 1551 4920 quae
1579 4850 1688 4906 illic
1715 4865 1806 4905 re-

213 4948 460 5013 condita,
498 4945 898 5019 quodammodo
931 4953 1222 5017 temperat,
1257 4945 1506 5000 medetur
1533 4951 1588 4999 et
1616 4944 1840 5016 dispo--

213 5042 318 5098 nit.
350 5039 506 5096 Unde
532 5039 738 5095 dictum
765 5046 850 5094 est
885 5056 899 5092 :
928 5035 1347 5092 Reminiscentur
1373 5046 1422 5091 et
1443 5044 1806 5092 convertentur

213 5137 288 5192 ad
323 5135 607 5190 Dominum
632 5174 647 5201 ,
689 5133 917 5189 universi
946 5132 1076 5203 ﬁnes
1122 5142 1276 5186 terra:
1304 5130 1478 5203 (Psal.
1511 5131 1648 5201 ut).
1699 5129 1807 5186 Re-

214 5227 580 5283 miniscentur
620 5226 838 5298 quidem
869 5226 1019 5297 prius
1045 5267 1060 5292 ,
1088 5240 1156 5280 ne
1198 5231 1250 5281 et
1294 5224 1394 5295 ipsi
1426 5224 1805 5279 mandatorum

213 5319 315 5377 Dei
355 5319 747 5378 oblivnscantur
779 5339 794 5374 :
826 5320 1022 5376 deinde
1071 5335 1262 5375 rursus
1309 5325 1694 5374 convertentur
1735 5316 1804 5372 ad

213 5413 511 5471 Dominum
551 5423 659 5471 :ut
702 5429 825 5484 quae
871 5413 1147 5468 memoriae
1192 5412 1456 5482 inspirata
1507 5418 1672 5476 sunt,
1706 5424 1805 5480 per

216 5507 449 5564 occultat
497 5506 870 5578 inspirationis
911 5505 1141 5578 gratiam
1190 5504 1342 5560 vobis
1382 5503 1633 5559 omnibus
1662 5518 1808 5558 com-

213 5586 489 5669 plcantur.
521 5597 677 5671 Quid.
705 5598 849 5653 enim
880 5596 1246 5652 reminiscitur
1270 5637 1284 5660 ,
1325 5595 1428 5650 nisi
1474 5593 1591 5662 ejus
1617 5637 1630 5659 ,
1664 5593 1809 5664 quod

218 5692 500 5747 memoriae
544 5692 890 5748 commissura
937 5689 1075 5744 fuit?
1119 5688 1225 5742 Aut
1272 5689 1400 5758 quid
1446 5687 1806 5750 obliviscitur,

221 5773 328 5840 nisi
374 5786 518 5855 quod
560 5786 676 5839 sine
711 5783 875 5839 dubio
901 5782 1120 5837 insitum
1152 5780 1250 5834 fuit
1277 5781 1493 5835 animo?
1525 5778 1677 5834 Unde
1704 5780 1806 5833 Do—

1917 1912 2162 1964 aversus,
2196 1900 2322 1968 quia
2348 1912 2591 1958 nostrum
2625 1913 2706 1959 est
2733 1906 2876 1973 quod
2916 1907 3208 1963 cecidimus
3243 1927 3256 1964 :
3288 1909 3383 1965 Dei
3411 1927 3508 1966 au-

1915 1999 2025 2046 tem
2054 1992 2196 2061 quod
2227 1993 2561 2062 resurgimus
2585 2008 2600 2059 ;
2628 1995 2810 2050 autsit
2834 1998 3128 2052 secundum
3152 1999 3502 2069 Apostolum:

1918 2083 2102 2154 Neque
2131 2084 2345 2140 volentis
2397 2103 2559 2157 neque
2596 2090 2848 2144 currentis
2877 2106 2896 2146 :
2925 2091 3015 2144 sed
3061 2093 3352 2148 miserentis
3411 2094 3511 2150 Dei

1916 2174 2093 2246 (Rom.
2129 2177 2226 2247 Ix).
2262 2177 2326 2230 Et
2351 2178 2648 2232 notandum
2695 2181 2837 2250 quod
2867 2182 2933 2236 ad
2961 2191 3030 2247 te,
3067 2183 3260 2254 inquit,
3311 2184 3508 2240 intelli.

1915 2283 2030 2338 gas,
2059 2269 2319 2338 quidquid
2347 2279 2434 2324 est
2469 2271 2612 2340 quod
2663 2272 2792 2327 alibi
2822 2273 3172 2340 intendimus,
3201 2277 3326 2345 quia
3353 2291 3509 2332 averv

1914 2359 1997 2412 sio
2030 2369 2132 2414 est.
2157 2358 2343 2430 Neque
2369 2361 2514 2415 enim
2559 2359 2753 2418 sufﬁcit
2777 2371 2836 2417 ut
2864 2374 3145 2420 convertat
3183 2382 3283 2420 nos
3337 2366 3504 2433 Deus,

1911 2451 2018 2506 nisi
2047 2458 2108 2506 et.
2127 2466 2228 2507 nos
2252 2453 2317 2506 ad
2344 2467 2466 2507 eum
2505 2468 2604 2523 per
2635 2454 2865 2524 gratiam
2897 2464 3083 2510 nostra
3121 2466 3505 2514 convertamur

1915 2545 2210 2600 voluntate.
2269 2545 2365 2600 Est
2405 2554 2584 2600 autem
2634 2547 3032 2617 quodammodo
3068 2548 3311 2604 velamen
3350 2550 3505 2606 inﬁr-

1915 2634 2119 2690 mitatis
2146 2644 2366 2701 nostra},
2393 2637 2640 2692 sensibus
2662 2639 2866 2693 nostris
2886 2639 3156 2709 objectum
3189 2659 3201 2693 :
3224 2642 3366 2712 quod
3397 2643 3503 2698 nisi

1913 2725 2076 2782 fuerit
2115 2727 2506 2783 illuminatione
2532 2727 2732 2784 Christi
2768 2731 3097 2796 submotum,
3144 2733 3388 2788 converti
3433 2733 3501 2789 ad

1913 2818 2082 2873 Deum
2121 2819 2266 2873 nulla
2290 2820 2498 2876 ratione
2521 2820 2782 2876 valemus.
2813 2819 2966 2878 Unde
2996 2821 3056 2876 fit
3092 2830 3151 2876 ut
3185 2831 3240 2878 et
3278 2822 3502 2880 libertas

1914 2911 2176 2964 reddatur
2200 2925 2297 2980 per
2323 2912 2576 2982 gratiam,
2608 2921 2663 2967 et
2703 2913 2876 2983 gratia
2912 2914 3176 2970 libertatis
3203 2932 3502 2988 coopercu-

1913 3011 2004 3056 tur
2025 3003 2254 3057 arbitrio
2282 3003 2436 3058 bonae
2469 3004 2780 3060 voluntatis.
2823 3006 2889 3060 Et
2944 3007 3065 3063 ideo
3088 3011 3395 3066 exorandus
3419 3017 3505 3065 est

1915 3094 2077 3161 Deus,
2108 3104 2167 3149 ut
2197 3111 2296 3151 nos
2350 3097 2418 3151 ad
2454 3113 2512 3152 se
2557 3107 2677 3168 post
2719 3099 3048 3170 apostasiam
3095 3108 3292 3157 nostra:
3340 3117 3499 3158 aver-

1913 3190 2082 3246 sionis
2109 3200 2429 3248 convertere
2456 3192 2728 3262 dignetur.
2773 3193 2907 3260 Quis
2942 3194 3086 3250 enim
3118 3204 3306 3265 septus
3349 3203 3501 3251 tene-

1911 3283 2045 3349 bris,
2100 3292 2276 3353 potest
2328 3283 2457 3339 solis
2500 3284 2743 3340 contueri
2790 3285 3141 3339 claritatem?
3169 3285 3274 3339 Aut
3305 3301 3413 3354 quo
3443 3286 3500 3341 in

1911 3371 2032 3427 loco
2060 3373 2375 3442 requiritur,
2402 3388 2562 3444 quem
2593 3375 2812 3438 scimus,
2843 3375 2896 3429 in
2927 3375 3085 3430 terris
3123 3375 3364 3430 invenire
3388 3392 3498 3432 non

1910 3463 2236 3532 possumus?
2281 3462 2474 3518 Restat
2519 3465 2681 3535 igitur
2723 3467 2971 3535 quamvis
3012 3468 3249 3522 tenebris
3291 3469 3498 3525 obsessi

1911 3554 2101 3620 simus,
2132 3555 2460 3625 fulgentibus
2491 3557 2656 3611 radiis
2682 3572 2778 3627 per
2805 3559 3059 3627 gratiam,
3087 3569 3145 3612 ut
3172 3559 3251 3614 sol
3271 3557 3502 3627 justitite

1909 3647 2118 3702 oriatur
2146 3647 2198 3700 in
2238 3647 2416 3710 nobis,
2448 3649 2539 3717 qui
2585 3647 2748 3702 nullis
2790 3649 3064 3704 obtinetur
3091 3649 3453 3718 voluptatibus
3480 3691 3496 3716 ,

1908 3753 2006 3809 per
2061 3739 2327 3794 libertatis
2375 3741 2704 3805 arbitrium,
2761 3741 2854 3794 sed
2903 3758 2966 3795 ex
3016 3740 3283 3797 infusione
3323 3743 3498 3798 sancti

1911 3830 2146 3901 Spiritus
2173 3832 2408 3887 charitas
2435 3833 2695 3886 radiatur.
2734 3831 2885 3887 Unde
2912 3832 3178 3904 Propheta
3203 3849 3234 3887 a
3272 3849 3498 3889 conver-

1909 3925 1984 3979 sis
2015 3939 2028 3977 :
2061 3924 2129 3977 Et
2165 3940 2322 3990 nunc,
2375 3924 2582 3992 inquit,
2611 3925 2877 3996 sequimur
2916 3924 2970 3978 in
2999 3934 3104 3978 toto
3135 3925 3308 3989 corde,
3341 3927 3496 3979 time-

1907 4033 2024 4070 mus
2053 4027 2101 4071 te
2127 4057 2142 4084 ,
2167 4026 2214 4071 et
2240 4018 2524 4084 qurerimus
2555 4017 2743 4086 faciem
2771 4029 2916 4071 tuam
2940 4059 2954 4084 ,
2982 4018 3202 4073 Domine
3223 4059 3237 4085 ,
3272 4031 3340 4074 ne
3365 4023 3494 4074 cono

1909 4109 2102 4180 {undas
2133 4126 2246 4164 nos.
2288 4110 2389 4176 Qui
2423 4124 2553 4181 ergo
2579 4123 2646 4165 ex
2687 4117 2800 4166 toto
2841 4109 3003 4168 corde
3048 4111 3320 4186 sequitur,
3363 4127 3496 4167 con-

1908 4217 2130 4268 versus,
2161 4211 2284 4271 post
2315 4211 2524 4273 tergum
2555 4201 2648 4257 Dei
2695 4203 2776 4257 sui
2825 4203 2904 4258 ire
2948 4219 3055 4258 non
3106 4191 3346 4264 retardat
3378 4220 3394 4258 :
3432 4218 3498 4264 ac

1909 4307 2197 4369 propterea
2256 4297 2548 4366 sequitur:
2602 4296 2803 4352 Innova
2855 4298 2967 4352 dies
3021 4307 3224 4363 nostros
3271 4299 3408 4352 sicut
3460 4317 3497 4354 ιι

1909 4390 2183 4461 principio.
2215 4387 2286 4444 Ut
2331 4388 2400 4440 ad
2440 4388 2672 4442 brevium
2722 4389 3045 4460 quandoque
3091 4403 3366 4462 conversus
3401 4405 3495 4444 su-

1909 4499 2086 4553 pernae
2121 4475 2401 4536 vocationis
2444 4481 2713 4550 pertingat
2752 4499 2765 4536 :
2801 4481 2928 4552 quia
2964 4484 3246 4539 conversio
3280 4481 3496 4538 initium

1910 4581 1996 4627 est
2024 4571 2385 4642 reparationis
2411 4573 2646 4642 antiquae
2672 4574 2814 4628 vitae.
2854 4573 3022 4628 Porro
3065 4576 3340 4632 iunovatio
3381 4575 3501 4631 die-

1914 4680 2066 4729 rum,
2093 4664 2368 4734 perceptio
2396 4671 2479 4718 est
2503 4664 2842 4721 :rternitatis.
2876 4665 2950 4722 De
2975 4683 3080 4739 qua
3122 4683 3250 4722 sane
3286 4669 3496 4724 dierum

1911 4757 2234 4813 aeternitatis
2259 4799 2275 4824 ,
2322 4759 2374 4813 in
2420 4773 2650 4827 persona
2688 4759 2890 4817 Christi
2920 4759 3185 4832 Propheta
3211 4761 3358 4816 canit
3384 4781 3398 4817 :
3424 4757 3496 4817 Et

1910 4865 2148 4918 egressus
2175 4849 2311 4918 ejus,
2346 4849 2540 4919 inquit,
2582 4852 2716 4905 sicut
2744 4869 2777 4906 α
2813 4852 3067 4922 principio
3108 4854 3312 4908 dierum
3337 4863 3492 4910 teter-

1912 4939 2113 4994 nitatis.
2146 4941 2226 4994 Ad
2256 4941 2396 5011 quod
2429 4957 2560 4996 sane
2589 4943 2911 5014 principium
2940 4943 3300 4999 innovationis
3347 4961 3496 5002 revo-

1907 5046 2116 5095 camur,
2150 5045 2272 5085 cum
2321 5032 2729 5088 convertimur:
2761 5050 2881 5090 cum
2931 5042 3111 5089 autem
3153 5044 3492 5107 perventum,

1907 5121 2073 5179 fuerit
2117 5123 2184 5178 ad
2233 5123 2286 5179 id
2331 5123 2726 5180 innovabimur.
2781 5125 3090 5182 Renovatur
3137 5135 3316 5182 autem
3351 5128 3496 5197 quod

1907 5216 2267 5270 inveteratum
2316 5225 2402 5270 est
2455 5223 2512 5270 et
2552 5216 2940 5286 corrumpitur,
2985 5217 3112 5286 quia
3155 5217 3270 5272 dies
3323 5219 3496 5275 nostri

1908 5309 1964 5364 in
1985 5308 2238 5380 paradiso
2263 5349 2278 5374 ,
2306 5322 2442 5378 quos
2473 5307 2659 5362 habuit
2688 5308 2894 5378 primus
2935 5308 3126 5375 homo,
3158 5308 3496 5367 immortales

1910 5414 2088 5470 erant,
2131 5405 2187 5459 in
2214 5403 2484 5460 mandatis
2514 5403 2610 5459 Dei
2637 5403 2682 5458 si
2711 5403 3131 5473 permansisset,
3180 5403 3496 5476 priusquam

1913 5507 2284 5552 averteremur
2309 5496 2375 5550 ab
2402 5511 2486 5550 eo.
2534 5493 2686 5550 Unde
2725 5493 2852 5564 quia
2889 5494 3103 5566 1550
3130 5511 3228 5567 per
3252 5496 3496 5552 aversio-

1912 5606 2035 5646 ncm
2083 5588 2377 5645 cecidimus
2417 5587 2468 5642 in
2502 5595 2846 5652 vetustatem,
2897 5596 2950 5642 et
3002 5589 3336 5658 perdidimus
3382 5587 3503 5644 dies

1913 5672 2268 5748 mlernitatis,
2301 5684 2448 5738 novit
2494 5681 2760 5753 Propheta
2808 5697 2905 5753 per
2950 5684 3358 5740 conversionem
3402 5697 3500 5764 eos

1915 5793 2072 5849 posse
2107 5776 2437 5843 uastant-ari,
2464 5776 2667 5833 idcirco
2694 5777 2862 5832 etiam
2895 5775 3022 5832 alibi
3054 5785 3204 5832 orat:
3229 5776 3500 5833 Converet
