4078 6348
624 299 764 356 1255

1381 267 1390 274 ⁴
1427 289 1496 353 8(
1528 293 1885 354 PASCHASII
1921 294 2271 353 RADBERTI
2307 294 2601 352 ABBATIS
2639 294 3098 354 CORBEIENSIS

3724 308 3838 364 {256

623 429 741 477 me,
775 411 1020 475 Domine,
1055 417 1113 466 et
1151 418 1441 466 convertar
1485 409 1553 464 ad
1595 418 1684 476 te;
1718 424 1812 465 seu
1847 417 2046 465 caetera
2092 423 2212 479 quae
2241 414 2292 473 Α
2317 407 2611 478 aliquando
2651 417 2711 464 ut
2747 409 3042 476 Dominus,
3080 409 3376 481 aliquando
3417 427 3539 470 vero
3584 414 3841 490 indignatur

622 511 944 575 sequuntur.
971 501 1078 557 Sed
1101 501 1406 572 projiciem,
1439 500 1634 570 inquit,
1670 500 1905 570 repuliui
1936 517 2029 554 nos
2057 516 2075 554 :
2106 500 2214 553 ira-

623 607 708 652 tus
733 607 810 652 est
840 605 1023 650 contra
1062 611 1156 648 nos
1186 595 1525 648 vehementer.
1552 592 1633 648 0b
1665 593 2056 647 immanitatem
2093 608 2212 648 sce-

623 689 797 746 lerum
850 688 985 742 iram
1035 686 1282 758 deplorat
1324 686 1398 756 pii
1440 685 1663 754 judicis,
1710 687 1927 757 quando
1974 696 2214 758 tempore

622 783 828 838 furoris
861 780 1086 834 desaevit
1111 779 1245 833 ultio
1272 787 1638 849 peccatorum.
1669 778 1817 845 Quos
1850 779 2020 832 iratus
2049 781 2211 834 etiam

619 874 899 945 expulisse
924 873 1201 944 plangitur
1237 888 1266 926 a
1303 887 1383 936 se,
1415 872 1506 940 qui
1546 871 1746 942 ubique
1773 879 1917 926 totus
1943 887 2062 927 esse
2088 888 2212 928 cre-

619 966 787 1022 ditur.
819 963 1315 1038 Nam'repulsionjs
1343 962 1677 1018 dili'erentias
1717 963 1850 1017 duas
1891 978 2012 1018 esse
2052 964 2212 1018 intel-

619 1055 859 1126 ligimus.
890 1054 1071 1108 Prima
1099 1068 1204 1123 qua
1237 1053 1502 1107 tradimur
1547 1053 1801 1106 teutatori
1853 1063 2208 1123 peccatores:

619 1149 857 1205 secunda
893 1147 1019 1216 quia
1063 1144 1466 1200 succumbimus
1497 1145 1862 1198 tentamentis.
1897 1145 2050 1200 Unde
2088 1163 2209 1201 cum

622 1243 690 1298 ad
723 1243 1040 1297 tentandum
1084 1242 1436 1311 exponimur,
1470 1241 1660 1309 utique
1694 1241 1812 1294 sine
1847 1241 1942 1295 Dei
1990 1241 2068 1294 ira
2121 1257 2208 1295 re-

618 1336 892 1408 pellimur.
935 1335 1069 1390 Cum
1101 1351 1232 1390 vero
1257 1335 1544 1392 vincimur.
1579 1349 1754 1404 neque
1783 1335 2006 1404 poenitet
2033 1335 2212 1404 repul-

619 1427 811 1490 sionis,
835 1425 1164 1495 repellimur.
1187 1426 1359 1492 Quam
1380 1440 1511 1480 sane
1538 1425 1843 1494 rcpulsione
1873 1425 2012 1478 sicut
2045 1425 2211 1479 David

621 1518 697 1573 ait
730 1536 742 1571 :
773 1517 944 1586 Quam
981 1518 1254 1589 praescivit
1275 1527 1331 1572 et
1355 1517 1793 1587 prmdestinavit,
1825 1533 2099 1587 nunquam
2125 1532 2208 1570 re.

617 1609 771 1680 pellit
818 1610 960 1666 Deus
1011 1610 1222 1681 plebem
1272 1625 1423 1664 suam
1473 1627 1484 1662 :
1528 1609 1798 1662 interdum
1828 1617 2007 1662 autem
2037 1607 2211 1661 donec

616 1704 899 1776 paeniteat.
930 1704 1160 1772 Quando
1189 1704 1268 1759 sic
1298 1702 1612 1772 repellimur
1633 1711 1692 1755 ut
1719 1702 2018 1765 vincamur,
2049 1701 2212 1755 vehe-

2318 508 2377 552 ut
2407 499 2596 570 judex.
2633 499 2704 555 Ut
2733 509 2887 570 pater
2925 501 3142 570 quidem
3175 503 3448 570 irascitur,
3476 508 3668 576 quando
3692 511 3840 569 verbis

2319 602 2413 646 aut
2441 593 2873 647 correctiouibus
2906 594 3152 664 increpat
3175 595 3592 666 delinquentem,
3628 609 3677 654 et
3695 609 3838 660 tamen

2318 683 2599 755 paenitenti
2628 698 2732 736 non
2763 684 3039 739 subtrahit
3060 685 3383 740 medicinam
3417 705 3428 740 :
3459 688 3529 742 uti
3554 688 3693 760 longe
3711 706 3842 762 supra

2317 775 2460 830 idem
2491 772 2759 844 Propheta
2797 789 2811 828 :
2845 774 3051 829 Saltem
3094 775 3312 841 amodo,
3362 776 3549 847 inquit,
3591 794 3706 834 voca
3737 797 3805 834 me
3827 823 3839 847 ,

2316 876 2474 938 pater
2503 882 2692 930 meus,
2722 865 2830 920 dux
2871 866 3205 938 virginitatis
3255 883 3386 922 mea:
3433 882 3492 922 es
3528 877 3597 922 tu.
3637 868 3845 940 Nunquid

2318 958 2577 1014 irasceris
2610 959 2664 1013 in
2697 967 3016 1028 perpetuum
3039 999 3054 1024 ,
3083 967 3177 1012 aut
3203 959 3566 1030 perseverabis
3592 962 3640 1016 in
3678 962 3843 1018 linem?

2316 1052 2397 1106 Ex
2423 1067 2530 1120 quo
2575 1052 2745 1121 liquet
2777 1061 2989 1122 patrem
3037 1053 3200 1108 irasci
3250 1054 3443 1108 merito
3480 1070 3578 1109 non
3610 1056 3658 1109 in
3684 1058 3841 1124 linem.

2317 1145 2412 1198 sed
2442 1159 2612 1212 usque
2638 1145 2705 1198 ad
2725 1153 2936 1214 tempus
2951 1145 3340 1200 conversionis.
3357 1146 3495 1216 Ergo
3510 1147 3701 1216 quando
3720 1149 3844 1217 paulo

2318 1235 2503 1291 durius
2529 1236 2894 1306 percutimur,
2922 1236 3184 1292 Dominus
3218 1237 3470 1292 irascitur
3496 1256 3508 1291 :
3541 1248 3591 1291 et
3615 1240 3770 1292 statim
3795 1241 3846 1293 de

2316 1338 2540 1398 peccato
2567 1329 2734 1382 sumit
2764 1328 3080 1383 vindictam.
3133 1327 3289 1396 Quod
3337 1328 3472 1384 bene
3523 1327 3714 1399 Moyses
3748 1344 3844 1382 cum

2316 1422 2576 1476 sensissvt
2606 1439 2618 1474 :
2647 1421 2891 1486 Domine,
2924 1422 3132 1492 inquit,
3168 1438 3233 1476 ne
3275 1423 3534 1476 irascatur
3584 1422 3716 1490 [uror
3752 1432 3844 1474 tuus

2316 1525 2499 1568 contra
2549 1514 2799 1584 pupulum
2835 1525 3005 1568 tuum.
3053 1513 3225 1569 Porro
3266 1522 3328 1568 ut
3369 1513 3529 1584 judex
3566 1523 3682 1568 tunc
3713 1513 3848 1568 iratus

2315 1609 2641 1672 ostenditur,
2659 1609 2876 1678 quando
2898 1608 3142 1664 dicturus
3165 1615 3251 1663 est
3274 1607 3474 1678 impiis,
3495 1605 3843 1676 peccatoribus;

2317 1699 2422 1763 Ite,
2447 1700 2734 1764 maledicti,
2762 1701 2818 1754 in
2841 1701 3012 1771 ignem
3036 1708 3292 1754 wtemum
3323 1697 3537 1767 (Matth.
3562 1698 3696 1766 xxv).
3719 1693 3846 1763 Cujus

618 1805 833 1850 menter
857 1805 1046 1850 contra
1075 1811 1173 1850 nos
1210 1796 1381 1849 iratus
1421 1810 1542 1848 esse
1576 1795 1716 1848 Deus
1751 1793 2080 1847 ostenditur.
2134 1793 2208 1846 Ex
2245 1793 2288 1852 Β
2315 1804 2438 1864 post
2476 1794 2843 1863 praesentiam,
2889 1791 3004 1862 jam
3047 1792 3222 1846 veniae
3271 1791 3424 1846 locus
3451 1804 3554 1844 non
3580 1788 3735 1842 datur.
3765 1786 3846 1841 Sed

615 1902 726 1957 quo
754 1887 922 1942 David
951 1907 962 1941 :
996 1887 1127 1954 Qui:
1153 1888 1293 1941 novit
1311 1927 1326 1952 ,
1370 1887 1546 1956 inquit
1571 1926 1585 1949 ,
1611 1894 1916 1956 potestatem
1943 1885 2037 1937 ira!
2059 1895 2163 1938 tua:
2187 1886 2211 1938 ?

617 1977 792 2047 (l’sal.
819 1982 1042 2047 Lxxxtx)
1072 1980 1272 2049 etquis
1312 1978 1512 2049 poterit
1553 1994 1666 2049 pm
1711 1977 1906 2032 timore
1941 1985 2030 2030 tuo
2071 1977 2207 2031 iram

617 2074 767 2122 tuam
808 2069 1200 2124 dinumerare?
1249 2067 1514 2136 Quoniam
1561 2067 1850 2137 aliquando
1905 2075 1964 2121 ut
2017 2076 2206 2138 pater,

2320 1885 2407 1940 hic
2462 1885 2734 1939 interdum
2795 1891 2987 1939 contra
3040 1897 3141 1937 nos
3185 1883 3365 1936 iratus
3417 1895 3535 1935 esse
3578 1877 3845 1940 ostenditur,

2320 1975 2538 2045 quando
2578 1990 2678 2030 nec
2714 1974 2839 2029 linis
2863 1973 3023 2029 malis
3054 1973 3377 2044 imponitur,
3409 1986 3575 2040 neque
3605 1985 3690 2040 per
3713 1967 3846 2038 poeni-

2319 2069 2543 2123 tentiam
2571 2068 3017 2124 excrescentibus
3038 2066 3230 2137 culpis,
3269 2063 3476 2135 ﬂagella
3505 2069 3719 2119 cessant.

621 2203 3841 2247 mm

1121 2357 1269 2469 s.
1351 2352 2340 2516 rascnnsn
2417 2355 3403 2468 annm-mu

1827 2549 2162 2624 'ABBATIS
2198 2566 2647 2625 CORBEIENSIS

825 2754 1019 2878 DE
1117 2750 1840 2880 CORPORE
1943 2751 2143 2875 ET
2245 2746 3035 2879 SANGUINE
3137 2750 3686 2880 DOMINI

2119 2999 2420 3076 LIBER
2445 3057 2464 3086 θ

653 3171 955 3237 Secundis
994 3171 1126 3256 ejus
1161 3173 1336 3236 curis
1367 3172 1694 3254 expolitus
1725 3181 1780 3235 et
1811 3182 2059 3313 αυσξιᾳῗτ
2108 3191 2276 3236 nunc
2319 3174 2556 3266 demum
2599 3174 2682 3236 ad
2715 3175 3182 3256 manuscriptos
3215 3175 3467 3240 codices
3495 3181 3546 3238 et
3574 3173 3815 3254 antiqua:

1901 3273 1928 3313 ε
1977 3271 1994 3313 t
2035 3271 2204 3313 tones
2233 3263 2618 3313 recoanttus.

1901 3263 2204 3315 editiones
2233 3263 2618 3334 recognitus.

1738 3416 1992 3480 (blattam,
2020 3416 2236 3480 ampliss.
2259 3416 2482 3479 OollecL,
2508 3424 2624 3469 tom.
2651 3417 2762 3478 ιχ.)

1686 3697 2332 3776 OBSERVATIO
2409 3697 2836 3778 PBIEVIA.

689 3988 823 4059 Qum
854 3992 1156 4059 sequuntur
1201 3981 1482 4059 Paschasii
1513 3982 1768 4059 Radberti
1790 3984 2210 4059 Aabbatis__Corg
2237 3990 2283 4053 C
2314 3987 2523 4041 diarum
2553 3985 2880 4059 anfractibus
2913 4000 3042 4054 pene
3069 3983 3338 4059 laberetur
3373 3985 3531 4059 orbis,
3559 3983 3848 4059 επαειίξιέρεζ

615 4053 857 4120 Μὶἒηεὶε
893 4053 1149 4126 opuscula
1186 4055 1312 4118 duo,
1346 4053 1506 4108 ambo
1545 4054 1609 4126 ad
1649 4055 1964 4126 petitionem
1997 4057 2209 4112 Warini

617 4129 864 4190 Corbeia
908 4125 1070 4182 Novae
1102 4126 1351 4198 abbatis,
1400 4125 1483 4198 sui
1522 4125 1649 4179 olim
1695 4126 1963 4196 discipuli,
2009 4129 2211 4198 scripta

617 4203 794 4265 fuere,
824 4199 984 4254 ambo
1004 4198 1071 4252 ad
1092 4197 1366 4267 iuniorum
1393 4195 1644 4258 fratrum,
1665 4213 1795 4266 quos
1824 4195 2041 4251 necdum
2069 4195 2209 4252 unda

616 4270 922 4328 liberalium
949 4265 1192 4339 attigerat
1219 4265 1513 4339 litterarum
1539 4265 1778 4339 condita,
1811 4269 1970 4322 ambo
1989 4269 2102 4336 jam
2135 4269 2212 4322 lu-

619 4360 740 4401 cem
763 4341 1035 4403 viderunt,
1051 4337 1115 4394 et
1139 4346 1317 4408 tamen
1343 4338 1500 4392 ambo
1524 4337 1877 4393 nihilominus
1901 4356 2037 4392 nova
2059 4340 2214 4408 prod-

620 4423 754 4471 eunt
795 4420 851 4468 et
887 4417 1166 4482 apparent.
1229 4407 1407 4482 Liber_
1436 4409 1502 4482 de
1544 4408 1784 4482 Corpore
1837 4418 1890 4462 et
1937 4407 2212 4482 Sanguine

619 4482 855 4546 Domini,
899 4479 1105 4552 primus
1133 4479 1411 4552 Paschasii
1445 4479 1603 4545 l‘etus,
1638 4480 1794 4550 longe
1823 4490 2112 4548 antequam
2142 4481 2210 4552 ad

619 4551 946 4612 abbatialein
991 4560 1139 4607 esset
1175 4551 1492 4620 dignitatem
1519 4560 1765 4616 evectus,
1803 4566 1867 4603 eo
1907 4551 2210 4618 praesertim

624 4636 868 4696 tempore
900 4622 998 4678 fuit
1027 4621 1378 4696 compositus,
1409 4636 1517 4696 quo
1543 4622 1710 4696 abbas
1750 4622 2032 4696 Arsenius,
2061 4638 2211 4696 quem

621 4715 720 4753 sua
739 4690 970 4766 tempora
991 4690 1520 4766 alterumoleremiam
1543 4691 1797 4766 ferebant,
1819 4690 2209 4766 exsulagebat.

621 4766 762 4824 Hinc
796 4761 885 4834 qui
937 4763 1153 4818 nomine
1199 4761 1409 4834 A_I‘_Sellll
1440 4769 1704 4834 sanctum
1758 4761 2084 4834 Adalarduiu
2143 4763 2212 4818 ab

621 4851 768 4894 anno
799 4830 904 4892 8M
935 4836 1002 4890 ad
1027 4834 1128 4890 821
1164 4835 1216 4887 in
1246 4831 1408 4885 llerio
1437 4830 1610 4885 insula
1643 4832 1884 4888 exsulem
1928 4833 2210 4889 intellexe-

622 4918 772 4972 runt,
805 4907 859 4962 hi
897 4921 1042 4961 anno
1068 4905 1287 4959 circiter
1316 4902 1419 4956 8l8
1445 4903 1706 4971 scriptum
1741 4903 1909 4959 fuisse
1938 4904 2212 4958 communi

619 4993 887 5036 consensu
916 4977 1253 5032 tradiderunt
1282 4989 1294 5026 :
1321 4973 1681 5045 quaequidem
1710 4975 1894 5045 opinio
1921 4975 2062 5045 apud
2089 4991 2214 5028 eru-

627 5051 770 5104 ditos
795 5064 986 5104 omnes
1016 5046 1130 5102 fere
1155 5046 1420 5098 hactenus
1443 5043 1684 5098 invaluit.
1712 5043 1910 5100 Verum
1939 5043 2059 5099 cum
2083 5045 2214 5100 Wa-

627 5122 804 5184 rinus,
834 5120 919 5174 cui
965 5133 1122 5174 suum
1150 5114 1474 5186 Paschasius
1506 5129 1642 5186 opus
1673 5115 1966 5186 inscripsit,
1999 5115 2213 5186 nonnisi

622 5191 880 5246 defuncto
907 5186 1175 5246 Adalardo
1205 5183 1484 5250 sullectus,
1511 5183 1753 5241 Corbeiaa
1783 5183 1944 5242 Nova:
1979 5185 2213 5240 admini-

623 5263 944 5318 strationem
971 5273 1113 5313 anno
1138 5255 1243 5312 826
1265 5257 1576 5326 assumpsit,
1612 5267 1755 5311 stare
1788 5273 1890 5311 non
1921 5265 2096 5326 potest
2123 5271 2215 5310 eo-

625 5349 757 5417 rum
805 5327 1215 5417 argumentandi
1270 5327 1756 5417 ratio..Pra.eterea
1817 5344 1938 5417 com
1995 5336 2294 5417 sanctus!)

622 5397 944 5466 Adalardus,
959 5399 1246 5471 aliquando
1264 5400 1552 5463 Antonius,
1557 5398 1836 5471 interdum
1853 5397 2209 5471 Augustinus,

625 5475 824 5539 dictus,
859 5467 1120 5542 nusquam
1145 5471 1406 5542 Arsenius
1435 5479 1528 5524 aut
1549 5467 1911 5542 Jcremias‘sit
1928 5467 2208 5542 cognomi-

626 5538 816 5609 natus,
841 5538 1076 5599 concidit
1104 5557 1327 5613 prorsus
1357 5539 1566 5613 illorum
1600 5538 1887 5593 sententia.
1921 5539 2104 5613 S_atius
2127 5548 2210 5613 est

624 5631 776 5688 ergo,
812 5631 934 5670 eum
959 5610 1284 5688 .Mabillonio
1300 5622 1366 5688 _et
1391 5611 1630 5688 Coinlio,
1653 5625 1900 5688 asserere
1935 5610 2208 5688 Paschasii

625 5681 822 5742 libvrum
853 5687 919 5740 de
947 5684 1184 5754 Corpore
1212 5691 1267 5737 et
1287 5681 1569 5754 iSianguine
1599 5681 1807 5754 Domini
1842 5683 2207 5754 conscriptum

628 5757 796 5814 fuisse
827 5752 1070 5827 tempore
1088 5754 1263 5809 exsilii
1285 5752 1454 5807 Walae
1481 5753 1692 5807 abbatis
1717 5752 1823 5816 sui,
1850 5769 1972 5809 cum
1993 5753 2203 5820 discor-

2313 4067 2582 4128 magnetes
2620 4044 2947 4128 contentione
2983 4056 3207 4128 imperii,
3245 4056 3408 4128 quod,
3435 4055 3502 4128 ab
3518 4044 3675 4128 anno
3687 4044 3848 4128 βᾷοεά

2313 4120 2425 4182 8ὄὶ
2462 4128 2752 4198 contigisse
2785 4127 2942 4181 docet
2981 4120 3412 4198 nos_Pascliasii
3456 4120 3850 4198 ipsius‘Dialogus

2314 4200 2380 4252 de
2409 4200 2576 4267 gestis
2606 4189 2798 4262 Walae,
2833 4198 2966 4259 sive,
2998 4205 3055 4250 ut
3088 4195 3360 4268 fertﬂliliri
3402 4189 3682 4268 inscriptio,
3706 4189 3851 4268 Epita-

2311 4264 2492 4339 phium
2524 4270 2750 4323 Ars-cuii.
2783 4269 2836 4322 In
2863 4283 2929 4321 eo
2951 4269 3150 4338 quippe
3174 4267 3336 4322 Wala
3360 4277 3614 4338 perpetuo
3636 4264 3851 4317 Arsenius

2313 4338 2370 4394 et
2390 4338 2653 4393 Jeremias
2682 4339 3002 4409 appellatur.

2387 4407 2898 4479 l’ostcaquam’vero
2920 4423 3060 4462 anno
3081 4407 3185 4462 844
3199 4407 3416 4480 Veteris
3434 4407 3661 4465 Corbeia:
3677 4407 3851 4480 creatus

2313 4490 2398 4536 cst
2447 4481 2616 4534 abbas
2668 4481 3015 4541 Paschasius,
3073 4494 3196 4532 cum
3254 4479 3578 4550 intelligeret
3630 4489 3722 4530 non
3759 4479 3852 4524 sine

2315 4553 2494 4606 fructu
2543 4551 2612 4606 ab
2657 4551 2924 4606 universis
2968 4564 3104 4620 pene
3150 4549 3253 4619 legi
3301 4549 3501 4605 librum
3549 4563 3710 4609 suum,
3755 4552 3851 4595 eum

2316 4624 2494 4695 denuo
2547 4623 2882 4695 recognitum
2913 4629 2981 4695 _et
3013 4621 3190 4695 _vari_i_s_
3233 4621 3633 4695 accessionibus
3676 4621 3849 4695 auctum

2316 4693 2510 4748 Carolo
2540 4691 2704 4746 Calvo
2735 4692 2847 4762 regi
2877 4691 3091 4746 obtulit.
3124 4691 3259 4745 Hinc
3286 4691 3544 4762 conjicies
3563 4691 3732 4762 quanti
3753 4691 3852 4734 tunc

2315 4766 2615 4818 aestimatus
2640 4760 3095 4830 aestimandusque
3129 4763 3201 4834 sit
3222 4760 3424 4818 aureus
3446 4763 3533 4817 ille
3560 4760 3699 4834 liber.
3723 4763 3850 4834 (ille!!!

2315 4836 2399 4888 vir
2436 4842 2616 4889 tantus
2654 4850 2841 4904 regum
2879 4818 3117 4887 maximo
3153 4832 3377 4903 dignum
3410 4833 3585 4904 duxit_
3600 4818 3775 4904 offerri.

2316 4914 2465 4960 certe
2512 4891 2763 4960 traditam
2813 4905 2881 4959 ab
2921 4903 3178 4972 apostolis
3213 4891 3532 4973 sanctisque
3558 4898 3778 4973 Patribus
3802 4891 3852 4973 d9

2317 4984 2659 5030 sacramento
2685 4975 2873 5028 altaris
2896 4966 3217 5036 doctrinam,
3248 4966 3550 5044 praesertim
3573 4972 3639 5044 de
3665 4966 3788 5044 reali.
3809 4966 3853 5044 lt}

2317 5048 2486 5108 aiunt,
2515 5044 2715 5100 Christi
2747 5045 3031 5115 przesentia
3062 5045 3114 5098 in
3149 5035 3512 5108 Eucharistia,
3553 5043 3615 5096 de
3646 5036 3776 5109 panis
3812 5035 3854 5115 ei

2315 5117 2427 5170 vini
2460 5117 2512 5170 in
2544 5117 2661 5186 ejus
2685 5114 2880 5184 corpus
2908 5123 2962 5170 et
2990 5115 3307 5183 sanguinem
3336 5115 3698 5173 conversione,
3722 5114 3854 5186 quati}

2317 5186 2474 5256 vulgo
2499 5183 3152 5242 transsnbstantiationcm
3179 5194 3390 5251 vocant,
3415 5186 3620 5253 aliaque
3640 5183 3850 5257 mvsteria:

2318 5257 2392 5311 ita
2414 5253 2570 5311 'elare
2599 5267 2653 5312 et
2685 5257 2967 5328 perspicue
2989 5257 3265 5327 explicuit,
3299 5257 3519 5328 utviam
3554 5253 3760 5308 caneris.
3779 5253 3850 5328 ili“

2318 5343 2384 5382 eo
2412 5327 2478 5382 de
2509 5325 2826 5400 argumento
2848 5327 3016 5400 imulti
3047 5325 3251 5400 postea
3276 5327 3620 5396 scripserunt,
3664 5325 3851 5400 amitti}?

2320 5400 2421 5463 rit;
2458 5391 2608 5466 quia',
2641 5407 2700 5452 ut
2732 5399 2823 5468 ait
2844 5391 3188 5459 Possevinus,
3225 5417 3243 5448 ε
3275 5391 3528 5468 tanquam
3556 5391 3852 5468 βτορδέείίὲξδ

2319 5453 2552 5542 scriptor
2580 5453 2664 5542 est
2707 5453 2945 5542 habitus,
2983 5469 3125 5538 quod
3157 5453 3402 5523 ducentis
3429 5453 3594 5520 l‘erufe
3617 5453 3850 5542 illiilli-Bc:

2318 5534 2550 5608 rengarii
2584 5541 2830 5595 hzeresim
2863 5534 3152 5608 antequam
3184 5548 3521 5608 nasceretur,
3555 5534 3845 5608 exstinxiligt

2318 5558 2411 5594 ren
2453 5558 2550 5594 arn
2584 5558 2830 5595 nzeresrm
2863 5558 3152 5608 antequam
3184 5558 3514 5599 nasceretur,
3555 5558 3844 5600 essum"...

2317 5558 2471 5666 Untfe
2511 5627 2613 5666 nec
2649 5611 2920 5666 immerito
2951 5609 3287 5665 Mabillonius
3322 5607 3554 5662 asseruit
3592 5606 3638 5658 iu
3674 5602 3850 5676 negot]?

2314 5683 2702 5737 controversim
2744 5681 3129 5736 Eucharisticm
3165 5689 3363 5734 tantam
3408 5692 3524 5734 esse
3551 5661 3851 5737 necessiitldi'

2486 5734 2626 5810 inter
2662 5734 2998 5809 “adhortum
3035 5762 3092 5808 et
3128 5752 3448 5809 catholicam
3486 5748 3656 5808 ﬁdem,
3685 5750 3734 5795 ul
3757 5734 3849 5789 Ῑϐΐε
