4078 6348
219 297 364 356 1257

900 292 1026 346 LIB.
1064 291 1150 347 DE
1184 287 1508 348 CORPORE
1546 291 1635 347 ET
1674 292 2020 349 SANGUlNE
2061 293 2318 351 DOMINI.
2357 323 2429 337 —
2465 292 2806 352 MONITUM.

3246 226 3283 245 ’⁵.

3338 262 3493 356 ’ἱεδδ

217 407 449 480 perinde
472 406 549 482 sit
565 405 706 459 hanc
734 403 1310 482 an_illum_impng_nare
1333 414 1426 461 aut
1445 404 1757 482 defendere,
1786 425 1804 457 ι
1836 411 1886 470 Α
1914 409 2074 482 ιρι·ὺὲ
2127 418 2294 482 atque
2350 408 2646 482 sententias
2700 406 3011 482 subornarit
3043 407 3458 482 _intruseritqne
3477 458 3493 480 ,

221 472 349 535 cum
374 485 428 531 et
460 496 477 528 ι
514 476 757 531 Romana
782 472 1027 530 Ecclesia
1066 472 1396 531 Radbertum
1426 476 1569 529 velut
1597 485 1809 545 aposto-

219 548 345 604 liae
376 546 681 602 traditionis
727 547 828 600 hac
875 546 926 599 in
975 562 1135 601 causa
1166 548 1423 603 eximium
1460 548 1808 615 interpretem

222 635 289 675 ac
320 617 660 673 defensorem
704 626 981 685 agnoscat.
1018 637 1036 669 ι
1080 617 1219 684 Quin
1254 626 1309 673 et
1337 617 1393 671 S.
1424 616 1560 681 Odo,
1589 617 1808 672 Clunia—

222 690 409 745 censis
446 689 635 751 abbas,
663 687 717 756 in
758 686 849 740 lib.
902 703 940 740 Il
969 687 1349 749 Collationum,
1383 687 1566 741 relatis
1607 688 1810 756 aliquot

220 760 361 816 locis
385 775 455 814 ex
488 757 628 812 libro
664 755 959 817 Paschasii.
990 774 1111 827 cap.
1144 759 1213 813 50
1239 767 1294 812 et
1326 758 1418 824 3|,
1444 761 1558 814 lnec
1583 755 1764 814 subdit
1794 777 1807 813 :

228 850 251 882 ε
284 829 414 885 Haec
445 835 500 884 et
523 828 627 883 alia
656 827 829 883 multo
862 828 1015 898 plura
1044 844 1111 883 ex
1133 830 1291 884 dictis
1312 829 1531 883 Patrum
1565 830 1630 882 ad
1660 843 1812 884 reve-

224 901 461 956 rentiam
504 899 671 970 ipsius
707 899 950 970 mysterii
985 900 1466 955 commendandam
1506 908 1668 969 atque
1699 915 1813 953 ma-

217 970 478 1041 iestatem
520 969 636 1041 ejus
682 969 1161 1041 demonstrandam
1208 971 1559 1040 conscripsit,
1601 985 1721 1039 qua:
1764 970 1811 1024 si

222 1040 368 1110 quis,
398 1041 525 1096 licet
564 1040 785 1104 sciolus,
817 1041 1029 1109 legerit,
1062 1049 1206 1094 tanta
1238 1042 1401 1094 credo
1435 1041 1624 1103 discet,
1663 1049 1718 1093 ut
1744 1042 1813 1095 de

221 1112 338 1190 hoc
363 1110 622 1190 mysterio
656 1126 847 1190 parum
882 1126 940 1165 se
966 1113 1225 1190 hactenus
1249 1111 1567 1190 cognovisse
1590 1118 1758 1190 putet.
1778 1130 1806 1190 ,ι

296 1181 497 1248 Quanti
527 1195 657 1251 ergo
686 1181 756 1235 sit
785 1182 1039 1235 momenti
1066 1190 1268 1235 textum
1296 1181 1412 1248 ejus
1435 1196 1628 1249 purum
1662 1189 1718 1235 et
1742 1181 1812 1236 ab

222 1253 376 1307 omni
416 1250 613 1306 mendo
648 1260 1037 1322 expurgatnm,
1073 1252 1140 1305 ab
1178 1251 1366 1304 eodem
1410 1263 1629 1305 auctore
1677 1266 1814 1320 prie—

224 1324 416 1379 sertim
446 1321 777 1392 recognitum
814 1321 868 1376 et
900 1333 1138 1385 auctum,
1180 1322 1309 1375 viris
1342 1322 1569 1377 eruditis
1604 1337 1668 1376 ac
1709 1322 1813 1391 piis

222 1393 507 1455 exhibere,
558 1406 718 1446 nemo
768 1408 873 1445 non
920 1393 1082 1446 videt.
1130 1392 1194 1445 Et
1238 1392 1375 1445 hanc
1411 1393 1627 1462 quidem
1656 1392 1708 1445 in
1753 1407 1813 1447 se

222 1463 563 1534 provinciam
602 1462 714 1534 jam
766 1463 973 1532 pridem
1027 1469 1337 1534 susceperat
1380 1472 1572 1534 poster
1600 1462 1812 1534 Petrus

225 1531 531 1596 Sabbatier,
559 1533 650 1602 qui
680 1531 802 1587 cum
830 1542 1045 1587 sanctos
1070 1532 1256 1585 Patres
1287 1533 1353 1585 de
1378 1532 1719 1586 Eneharistia
1743 1546 1810 1586 ex

224 1602 473 1673 professo
503 1611 819 1673 tractantes,
855 1602 922 1657 ad
968 1602 1361 1671 manuscriptos
1393 1603 1608 1656 codices
1638 1616 1810 1673 Areco-
1860 1644 1861 1647 η

224 1671 409 1797 ﬁnitos
432 1672 701 1754 publicam
733 1673 786 1727 in
820 1674 989 1728 lucem
1029 1674 1188 1754 edere
1231 1673 1600 1754 meditaretur,
1635 1671 1808 1742 ipsum

277 1744 485 1797 adbertt
520 1743 713 1797 librum
753 1760 875 1797 cum
904 1754 1284 1797 manuscriptis
1308 1752 1493 1797 vmmtt
1525 1756 1638 1797 tam
1682 1757 1808 1796 con-

277 1740 485 1825 adberti
520 1743 713 1825 librum
753 1760 875 1825 cum
904 1744 1284 1825 ntapnscriptis
1308 1743 1493 1814 viginti
1524 1740 1811 1825 jaulcen-
1838 1766 1887 1825 Β

225 1814 456 1879 tulerat;
489 1814 583 1868 sed
620 1829 744 1868 cum
779 1816 845 1867 ad
885 1811 1268 1869 restituendam
1301 1811 1578 1867 sairorum
1608 1811 1811 1867 Biblio-

225 1899 349 1939 rum
379 1884 659 1953 antiquam
685 1885 985 1939 versionem
1022 1881 1260 1938 ltalicam
1292 1885 1471 1938 omnia
1501 1884 1679 1938 studia
1716 1898 1813 1937 sua

224 1955 619 2035 convertisset,
674 1954 942 2026 integrum
1000 1954 1241 2009 laborem
1296 1955 1427 2009 mihi
1490 1954 1633 2010 ultro
1687 1969 1814 2010 con-

227 2032 414 2079 εθεεὶι.

296 2093 528 2150 Codices
559 2103 740 2151 autem
766 2095 834 2149 ab
862 2108 928 2151 eo
951 2095 1131 2150 collati
1162 2094 1215 2149 hi
1247 2104 1376 2149 sunt
1414 2114 1427 2149 :

296 2165 605 2236 Aniciensis
653 2166 895 2221 ecclesia:
941 2167 1109 2222 codex
1160 2166 1602 2234 antiquissimus,
1652 2175 1814 2236 atque

226 2235 398 2306 ipsius
421 2235 680 2292 Radberti
704 2246 863 2292 aetate
888 2237 1245 2306 conscriptus.

298 2306 597 2371 Puteanus,
630 2321 891 2361 annorum
926 2308 1146 2361 circiter
1171 2307 1297 2370 900,
1328 2307 1418 2376 qui
1450 2307 1608 2361 modo
1634 2314 1813 2362 exstat

225 2377 284 2432 in
300 2376 636 2449 bibliotheca
667 2378 809 2449 regis
832 2376 1315 2449 Christianissimi,
1338 2393 1391 2429 ιι.
1416 2377 1576 2449 4556.

296 2446 649 2503 Bibliotheca:
676 2446 914 2513 ejusdem
941 2449 1030 2501 alii
1062 2458 1172 2502 tres
1204 2448 1417 2501 codices
1447 2448 1609 2509 4070,
1639 2462 1812 2501 anno-

225 2533 369 2585 rum
399 2517 617 2573 circiter
659 2517 787 2580 500,
840 2519 931 2587 qui
978 2518 1149 2572 factas
1201 2518 1457 2587 temporis
1511 2519 1741 2574 decursu
1780 2532 1813 2571 a

225 2587 523 2643 Paschasio
548 2586 886 2643 accessiones
918 2589 1180 2653 continet,
1206 2586 1347 2642 4071
1372 2597 1427 2642 et
1448 2587 1609 2655 4357,
1638 2603 1811 2642 anno-

224 2673 349 2713 rum
372 2659 594 2715 circiter
612 2659 736 2713 600.

295 2728 592 2784 Colbertini
622 2730 729 2783 duo
752 2727 855 2784 939
880 2737 935 2783 et
957 2727 1119 2793 3682,
1150 2744 1415 2784 annorum
1444 2729 1663 2784 circiter
1685 2727 1808 2783 800.

297 2798 522 2870 Regina:
543 2800 751 2870 Sueciae
774 2800 902 2862 duo,
926 2799 1064 2870 71547
1087 2808 1140 2854 et
1169 2799 1326 2865 1544,
1349 2815 1577 2869 quorum
1600 2799 1815 2854 varian-

224 2879 310 2941 tes
344 2868 605 2941 lectiones
624 2868 819 2941 Bootae
853 2869 1092 2924 existens
1120 2871 1295 2939 excipi
1323 2868 1607 2924 curaverat
1631 2879 1813 2941 noster

226 2939 588 3022 Diabillouius.
618 2940 696 2995 Ex
726 2940 811 2994 his
833 2954 970 2995 unus
994 2941 1336 3011 supradictas
1361 2942 1604 2997 continet
1624 2939 1811 2996 acces-

225 3025 429 3066 SIOIIPS.

299 3078 614 3147 Vaticanus,
660 3098 717 3137 ιι.
762 3080 923 3147 5472,
970 3082 1063 3151 qui
1104 3081 1233 3137 olim
1261 3081 1563 3138 Brixiensis
1610 3089 1809 3138 sanctae

225 3150 541 3208 Euohemiae
565 3153 874 3208 monasterii
902 3150 1020 3207 fuit.

382 3222 675 3279 udunensis
702 3223 946 3279 ecclesiae
973 3224 1032 3277 Β.
1064 3222 1245 3277 Mariae
1272 3223 1459 3281 codex.

1911 495 2019 549 quo
2042 478 2391 533 Paschasium
2413 478 2705 549 errorisuo
2728 478 3055 547 patrocinari
3077 478 3443 548 persuaderet.
3471 478 3488 537 ι

1986 551 2275 605 Duodecim
2323 554 2455 620 post
2478 548 2657 620 annis,
2691 549 2942 620 nimirum
2984 549 3145 614 1510,
3177 551 3494 609 Guillehnus

1910 620 2103 677 Batus.
2163 618 2349 675 doctor
2392 619 2695 693 theologus.
2746 618 2988 673 ecclesia:
3029 620 3496 693 _Rotbomagensis

1912 693 2205 747 canonicos
2233 702 2287 744 et
2321 690 2783 761 pmnitcntiariust
2806 704 2928 761 cum
2965 705 2995 742 a
3029 689 3492 761 Francisco'Qoa-

1913 764 2091 836 drato,
2132 758 2387 836 Beccensi
2431 760 2717 836 monacho,
2764 758 3072 836 Datift'anci,
3104 758 3493 836 archiepiscopi

1912 832 2316 907 Cagtttariensis
2337 830 2730 907 Bcccensisqne
2753 830 2880 883 olim
2913 833 3183 907 monachi,
3214 830 3491 907 Dialognin

1913 904 2381 977 inBerengarium
2414 901 2825 977 hmresiarcham
2863 903 3177 977 accepisset,
3212 901 3495 977 illiun'puv

1913 974 2104 1029 blicam
2139 971 2193 1027 in
2233 973 2425 1043 lucem
2451 973 2701 1043 emittere
2720 971 2949 1043 statuit,
2983 971 3155 1043 atque
3198 984 3253 1027 ut
3285 971 3494 1043 justum

1913 1044 2123 1099 etIicere
2145 1053 2326 1114 posset
2350 1042 2619 1114 volumen,
2646 1042 2693 1096 ei
2719 1042 2995 1114 Paschasii
3016 1042 3275 1099 Razlherti
3290 1042 3494 1103 librum

1912 1115 1979 1185 dc
2024 1112 2263 1185 Corpore
2308 1122 2363 1168 et
2399 1113 2674 1185 sanguine
2718 1112 2932 1185 Domini
2971 1114 3235 1179 adjnnxit,
3275 1121 3497 1185 practise

1912 1184 2013 1254 ipsi
2046 1183 2147 1239 hoc
2186 1184 2338 1239 titulo
2366 1201 2378 1236 :
2410 1183 2496 1254 Ea:
2524 1183 2895 1254 'retustissimis
2939 1183 3349 1240 ortliodorornm
3391 1189 3498 1243 Pa-

1913 1253 2357 1325 trumCyprinni,
2392 1253 2610 1325 Hilarii,
2641 1253 2921 1315 Ambrosii,
2958 1254 3258 1323 Augustini,
3308 1257 3499 1312 [liere-

1913 1327 2074 1395 nymi,
2108 1323 2313 1395 [SiChiL
2354 1334 2400 1378 et
2450 1323 2850 1395 Paschqsii,_de
2885 1325 3108 1395 genuino
3148 1326 3497 1384 Euclmristirv

1912 1392 2101 1466 negotii
2132 1392 2393 1467 intell'ectu
2426 1404 2472 1467 et
2510 1411 2607 1446 usu
2635 1392 2864 1467 libellus,
2895 1410 2958 1446 ea:
2986 1394 3174 1447 dirinis
3205 1395 3496 1467 Scriplnris

1912 1464 2183 1519 ab'iisdem
2226 1464 2538 1519 drxterrime
2571 1465 2849 1531 con/latus,
2882 1474 3061 1516 contra
3100 1482 3273 1521 omnes
3308 1464 3497 1523 resono

1911 1534 2535 1607 sacramenturiospiritu
2573 1534 2929 1607 vertiginosos,
2968 1536 3058 1607 qui
3101 1552 3217 1589 cum
3258 1540 3357 1607 ipsi
3395 1540 3497 1594 Ρα-

1912 1615 2061 1678 trum
2106 1605 2433 1678 opinionibus
2490 1604 2902 1673 pertinacissime
2958 1604 3283 1678 innitariznr,
3343 1610 3497 1678 plane

1909 1676 2411 1739 Achilleum.telum
2457 1690 2621 1742 nuper
2665 1690 2730 1726 ea:
2770 1683 2966 1727 vetusto
3007 1676 3315 1742 exemplari,
3343 1676 3496 1735 bonis

1915 1746 2116 1818 aribus,
2148 1748 2203 1818 in
2246 1746 2597 1818 {canticorum
2636 1744 2868 1797 omnium
2904 1749 3226 1818 mterniciem
3257 1750 3497 1818 deprom-

1915 1827 2055 1886 ptus.
2070 1816 2203 1885 Cuju
2219 1815 2534 1871 SCdiIIOIIt‘tlI
2552 1830 2673 1867 cum
2699 1816 3079 1883 manuscriptis
3104 1815 3349 1872 collatam
3372 1836 3494 1874 cum

1917 1887 2325 1949 discussissem,
2389 1888 2801 1953 eamdem‘esse
2865 1887 3040 1953 reperi
3078 1899 3211 1941 cum
3260 1890 3497 1945 editione

1915 1956 2089 2021 Gasti,
2121 1972 2282 2029 quant
2312 1956 2402 2010 ille
2426 1956 2628 2024 absque
2656 1952 2765 2008 ullo
2792 1954 2897 2008 alio
2922 1958 3194 2021 examine,
3223 1958 3361 2014 bona
3391 1962 3497 2016 [ide

1913 2029 2144 2083 retudit.

1987 2101 2131 2155 Idem
2154 2097 2493 2169 sentiendum
2521 2110 2641 2169 esse
2666 2095 2857 2169 Opinor
2885 2095 3069 2169 deilla
3094 2096 3349 2162 editione,
3377 2116 3498 2169 quae

1916 2171 2159 2233 Lovanii,
2185 2184 2329 2223 anno
2367 2167 2527 2232 1541,
2561 2164 2715 2220 facta
2743 2165 2910 2221 fuisse
2933 2167 3151 2233 dicitur,
3193 2184 3317 2223 nam
3347 2164 3493 2226 illam

1915 2259 2020 2295 non
2051 2242 2178 2294 vidi.

1986 2311 2199 2365 Primus
2239 2306 2476 2363 harretici
2525 2305 2768 2360 fraudem
2804 2313 2856 2360 et
2899 2307 3047 2361 virus
3086 2308 3289 2363 detexit
3331 2310 3492 2366 Nico-

1913 2382 2029 2437 laus
2067 2380 2405 2434 Mameranus
2438 2376 2956 2448 Luxemburgcnsis,
2984 2378 3098 2446 qui,
3127 2378 3496 2448 depravatoris

1912 2453 2109 2506 librum
2161 2466 2283 2505 cum
2331 2447 2713 2514 manuscriptis
2766 2446 3070 2511 conferens,
3120 2446 3306 2505 mirari
3362 2455 3497 2509 satis

1912 2523 2058 2600 haud
2108 2517 2731 2600 po_tuit_perversissimi
2786 2517 3018 2600 hominis
3079 2517 3490 2600 itnptnlentiain.

1918 2612 1938 2645 ‹
1972 2588 2147 2657 Scire,
2177 2590 2368 2659 inquit,
2403 2604 2509 2643 non
2537 2603 2778 2658 possmn,
2810 2588 3064 2657 quidnam
3094 2588 3165 2642 illi
3206 2589 3408 2647 homini
3439 2595 3493 2649 in

1913 2673 2149 2717 mentem
2201 2662 2431 2735 venerit,
2480 2667 2574 2735 aut
2618 2673 2776 2735 quem
2829 2669 2938 2711 tum
2989 2659 3167 2735 potius
3211 2660 3263 2715 in
3312 2673 3496 2735 tqcnte

1914 2742 2225 2788 vexatorem
2257 2732 2506 2802 spiritum
2547 2727 3079 2802 habuerit,_cumiita
3116 2731 3259 2802 hunc
3300 2727 3491 2788 aucto-

1914 2819 2027 2858 rem
2054 2798 2303 2872 neqniter
2338 2800 2701 2872 dilaniaverit,
2730 2808 2789 2853 ut
2819 2799 2872 2872 in
2903 2808 3016 2872 toto
3049 2798 3163 2854 fere
3194 2800 3333 2858 libro
3362 2804 3496 2859 nihil

1912 2874 2068 2939 salvi,
2100 2869 2234 2928 nihil
2265 2872 2457 2941 integri
2487 2879 2541 2924 et
2581 2869 2875 2940 incorrupti
2914 2869 3191 2939 reliquerit
3222 2890 3235 2925 :
3274 2874 3409 2929 adeo
3439 2884 3498 2929 ut
3556 2876 3571 2896 ‘

1911 2948 2076 2999 etiam
2101 2946 2273 3014 ipsmn
2304 2943 2591 3014 verborum
2630 2948 2936 3014 contextum
2962 2944 3162 3011 passim
3196 2942 3495 3010 inverterit,

1911 3016 2081 3072 multa
2118 3012 2281 3069 verba
2330 3012 2595 3077 omiserit,
2627 3012 2875 3084 quaedam
2918 3013 3226 3084 mutaverit,
3260 3014 3495 3084 plurima

1914 3087 2126 3143 noviter
2155 3084 2471 3146 intexuerit,
2504 3091 2646 3137 totas
2673 3081 2941 3137 clausulas
2976 3081 3275 3139 sustulerit’
3296 3101 3361 3141 ac
3406 3102 3496 3141 va-

1836 3125 1881 3187 C
1913 3125 2168 3217 :i‘averit:
2202 3164 2257 3210 et
2312 3125 2529 3227 alicubi
2554 3154 2759 3227 medias
2781 3192 2797 3217 ,
2834 3148 3031 3227 alicubi
3067 3125 3499 3227 integrasvpag‘i-

1906 3244 2023 3291 nas,
2050 3230 2255 3298 integra
2287 3225 2458 3295 capita
2479 3223 2759 3298 abjeccrit,
2785 3234 2842 3298 et
2866 3225 2941 3298 de
2959 3224 3283 3298 suo_aliquid
3316 3223 3369 3280 in
3398 3223 3495 3282 ab-

297 3291 634 3369 Tupnensis
648 3293 1505 3369 hiajeris-blotiaste_rii.armorum
1522 3295 1804 3369 minimum
1898 3291 2376 3369 jectorum'locum
2404 3293 2855 3369 suﬂ'arcinaverit.
2887 3293 2978 3348 Sic
3009 3291 3205 3369 misere
3228 3312 3282 3350 et
3311 3298 3497 3367 inique

224 3362 350 3419 700.
385 3364 716 3420 Turonensis
737 3365 872 3419 alter
898 3364 956 3419 S.
986 3364 1221 3430 Martini,
1245 3380 1507 3420 annorum
1534 3366 1659 3420 600.

296 3433 620 3491 Rhemensis
649 3436 708 3490 S.
735 3435 984 3491 Remigii.

297 3505 842 3578 Botbomagensisﬁ.
874 3503 1139 3578 Audoeni,
1169 3519 1431 3578 annorum
1458 3503 1585 3578 500.

298 3576 359 3632 S.
390 3574 646 3631 Germani
688 3592 718 3630 a
762 3575 939 3630 Pratis
974 3585 1105 3639 tres,
1146 3575 1350 3630 scilicet
1381 3592 1435 3628 ιι.
1476 3575 1601 3641 462,
1636 3591 1807 3632 anno-

228 3662 349 3702 rum
380 3647 515 3711 600;
545 3654 603 3702 et
638 3664 692 3701 n.
722 3646 847 3710 647,
877 3660 1141 3703 annorum
1163 3645 1289 3712 200,
1326 3661 1450 3701 cum
1483 3647 1659 3702 altero
1698 3663 1806 3705 non

226 3718 399 3773 multo
426 3718 753 3786 antiquiore.
944 3744 957 3753 ε

296 3787 643 3859 Corbeiensis
668 3787 980 3859 monasterii
1002 3787 1126 3849 duo,
1158 3802 1213 3842 ιι.
1240 3787 1367 3859 297,
1392 3802 1654 3844 annorum
1675 3789 1804 3859 500,

223 3858 446 3927 optimae
471 3867 629 3921 noue,
661 3866 715 3912 et
741 3873 795 3912 ιι.
824 3858 949 3923 561,
975 3864 1237 3912 annorum
1272 3858 1395 3912 600.

296 3926 397 3983 His
425 3927 593 3996 adjeci
622 3927 987 3983 Florentinnm
1011 3927 1250 3983 didicero
1277 3929 1507 3984 fratrum
1537 3929 1806 3988 Minorum

223 3999 542 4054 monasterii
582 4007 782 4055 sancta:
827 3997 1047 4063 Crucis,
1092 4014 1159 4053 ex
1204 4014 1433 4067 quorum
1482 4001 1806 4057 bibliotheca

221 4068 329 4142 pias
365 4069 644 4146 memoriae
677 4070 980 4146 cardinalis
1005 4059 1149 4124 Dona
1176 4059 1414 4146 Gezenis
1443 4071 1653 4146 abbatis
1677 4072 1809 4146 Der:

223 4140 472 4213 totiensis
504 4148 794 4197 tractatum
839 4141 905 4196 de
941 4141 1178 4210 Corpore
1205 4151 1260 4196 et
1295 4140 1568 4213 Sanguine
1595 4142 1807 4199 Domini

222 4211 460 4267 ὀθειειὶὺι
490 4212 719 4275 curavit,
742 4219 905 4280 atque
932 4213 998 4265 ad
1029 4218 1269 4265 nostrum
1299 4211 1590 4267 Acherium
1622 4222 1803 4269 trans-

220 4282 652 4353 misitaouodin
694 4296 879 4352 opere,
924 4282 1108 4353 paucis
1154 4282 1415 4353 exceptis,
1460 4282 1665 4353 integer
1704 4284 1808 4338 Pa-

221 4352 426 4408 schasii
450 4351 661 4425 libellus
700 4351 1025 4425 centinetur.
1057 4351 1324 4425 Atqueut
1358 4351 1807 4425 nihildiligentia:

220 4433 425 4478 nostra:
459 4423 885 4486 desideraretur,
914 4423 1164 4492 antiquas
1190 4423 1354 4478 etiam
1383 4423 1648 4480 editiones
1675 4441 1806 4480 con-

1906 3363 2171 3424 tractatus
2221 3368 2431 3437 nullus,
2489 3366 2673 3437 credo,
2711 3378 2943 3437 unquam
2980 3363 3127 3437 alios
3164 3383 3192 3420 a
3240 3363 3494 3437 quopiam

1906 3450 2098 3495 auctor
2123 3446 2224 3492 est.
2262 3457 2281 3488 ι
2319 3436 2380 3490 Et
2404 3434 2562 3504 paulo
2599 3442 2720 3504 post
2756 3454 2769 3486 :
2803 3432 2821 3484 ὲ
2857 3432 2946 3487 Sic
2977 3433 3062 3488 ille
3086 3435 3221 3489 ritus
3243 3432 3497 3493 Ecclesiae

1907 3508 2167 3566 Romana:
2190 3524 2385 3563 exesos
2413 3506 2622 3570 habuit,
2654 3516 2715 3558 ut
2752 3504 3057 3573 ubicunque
3095 3504 3146 3558 in
3202 3505 3494 3565 Paschasio

1905 3583 1989 3635 vel
2021 3579 2319 3635 sacerdotis
2349 3576 2431 3631 vel
2464 3576 2668 3638 altaris,
2706 3575 2789 3630 vel
2818 3575 3222 3641 immolationis,
3254 3579 3337 3633 vel
3364 3595 3495 3634 con—

1907 3650 2249 3713 secrationis,
2300 3647 2383 3701 vel
2434 3647 3000 3717 pmnitentiaﬂnomen
3041 3646 3267 3710 invenit,
3306 3649 3358 3703 id
3399 3660 3496 3706 aut

1906 3722 2173 3786 omiserit,
2205 3728 2300 3774 aut
2321 3716 2591 3787 expuncto
2614 3732 2702 3780 eo,
2730 3716 2874 3770 aliud
2905 3717 3297 3787 subrogavcrit.
3324 3719 3493 3774 Nimi-

1908 3808 2027 3849 rum
2056 3792 2172 3846 loco
2194 3788 2510 3849 sacerdotis,
2534 3787 2731 3856 ubique
2763 3787 3068 3841 ministrum
3098 3787 3370 3855 Ecclesiae,
3400 3803 3496 3845 aut

1908 3864 2219 3918 ministrum
2273 3859 2422 3914 verbi
2476 3858 2995 3929 Christitposuerit,
3048 3860 3189 3928 quod
3253 3876 3358 3915 non
3410 3872 3495 3916 est

1907 3932 2361 3993 Paschasianum;
2399 3929 2519 3984 loco
2560 3928 2766 3993 altaris,
2805 3943 3046 3983 mensam
3088 3929 3327 3997 Domini;
3375 3932 3493 3987 loco

1911 4003 2313 4065 immolationis,
2353 4000 2829 4063 intercessionem;
2878 3998 2997 4053 loco
3045 4003 3490 4068 consecrationis,

1909 4073 2372 4136 benedictionem;
2405 4069 2524 4142 loco
2551 4070 2901 4142 poenitentiae,
2930 4070 3257 4142 agnitionem
3282 4076 3492 4142 peccati

1909 4153 1965 4200 et
1994 4144 2293 4199 commissa:
2331 4141 2723 4196 inobedieutim.
2766 4140 2896 4195 Item
2942 4154 3039 4211 pro
3074 4140 3355 4207 celebrari,
3389 4144 3490 4199 ali-

1911 4216 2032 4270 cubi
2083 4212 2485 4284 posuithullo
2534 4211 2790 4284 rationis__
2809 4225 2995 4284 sensu,
3047 4212 3379 4279 manducari,
3438 4226 3495 4270 et

1910 4280 2216 4356 hujusinodi
2266 4282 2371 4337 alia
2425 4281 2676 4357 plurima.
2723 4280 2851 4357 _Ubi__
2884 4281 2930 4336 si
2966 4282 3021 4357 in
3062 4289 3183 4357 toto
3222 4299 3327 4339 non
3372 4286 3493 4357 plus

1909 4350 2212 4428 peccasset,
2236 4370 2342 4428 non
2364 4350 2498 4428 satis
2516 4352 2699 4428 alieno
2722 4351 2775 4406 in
2800 4350 2935 4428 libro
2961 4350 3492 4428 designatumauda-

1911 4419 2010 4481 cia:
2037 4437 2091 4481 et
2128 4425 2315 4496 ﬂagitii
2361 4423 2529 4496 videri
2571 4430 2773 4496 posset.
2806 4419 3006 4476 Verum
3041 4419 3155 4479 haec
3192 4424 3325 4480 nihil
3364 4437 3493 4483 sunt

220 4493 512 4559 soluimus,
543 4494 610 4548 de
653 4493 848 4564 quibus
872 4482 1091 4562 aliquid
1139 4493 1319 4549 dicere
1359 4509 1538 4564 operte
1570 4497 1804 4565 pretium
1830 4482 1885 4543 Ῑ)
1911 4498 1979 4551 ad
2010 4498 2113 4551 alia
2142 4482 2261 4565 quae
2290 4482 2800 4565 corrupitplurima
2824 4511 2870 4557 ι,
2898 4501 3002 4547 etc.

291 4633 573 4706 Paschasii
597 4634 857 4706 Radberti
883 4633 1081 4689 librum
1103 4632 1429 4706 decerpere
1452 4643 1506 4690 et
1528 4634 1804 4706 sanguine

214 4704 436 4762 Domini
480 4705 687 4775 primus
732 4703 1002 4776 Hagenoae
1048 4704 1189 4776 apud
1228 4703 1803 4776 Joanttent_SeeeiiuIn

213 4777 419 4841 edidit,
477 4774 571 4830 aut
619 4776 799 4845 potius
822 4774 1171 4845 depravavit,
1218 4789 1361 4829 anno
1392 4774 1547 4840 1528,
1602 4774 1802 4831 Hiobus

213 4844 461 4910 Gastius,
493 4844 655 4901 homo
693 4844 1057 4909 Lutheranns,
1093 4844 1246 4915 cujus
1275 4845 1564 4901 editionem
1594 4856 1805 4899 novato-

213 4933 336 4987 τινι
350 4916 751 4987 icacodoxorunt
774 4915 1092 4987 propudium
1109 4926 1155 4968 et
1174 4915 1395 4987 dedecus
1416 4924 1537 4987 post
1558 4915 1806 4987 cardina-

214 4986 326 5042 lem
348 4986 671 5042 Perronium
701 4984 895 5042 merito
921 4985 1155 5056 appellat
1176 4984 1458 5056 Philippus
1480 4984 1730 5056 Labheus
1752 4987 1808 5042 in

214 5056 312 5113 lib.
342 5058 411 5113 de
437 5054 1219 5182 Scriptorihwsecclesmsticis
1251 5054 1379 5138 tom}
1406 5055 1472 5121 ll,
1494 5072 1547 5126 p.
1577 5054 1697 5111 157.
1733 5057 1808 5111 De

214 5143 281 5182 ea
312 5143 486 5182 oauca
528 5130 644 5182 haec
740 5127 1028 5182 abillomus
1065 5143 1118 5182 ιιι
1166 5125 1485 5182 praefatione
1523 5128 1589 5181 ad
1636 5142 1808 5182 saecu-

214 5143 281 5200 ea
311 5143 486 5200 pauca
528 5125 644 5183 haec
687 5125 1028 5183 Mabillonius
1057 5128 1118 5200 _i_n
1166 5125 1808 5200 praefationejdsaecu-

213 5196 331 5254 Iuni
345 5215 398 5255 Vt
429 5199 860 5263 Benedictinum,
893 5208 1023 5253 tom.
1056 5196 1121 5260 ΙΙ,
1147 5196 1365 5253 disserit
1396 5215 1410 5251 :
1449 5215 1468 5249 ι
1489 5197 1568 5252 Ex
1600 5197 1803 5253 Lutlte-

216 5270 370 5340 ranis
400 5269 608 5326 Hiobus
644 5268 841 5340 Gastus
879 5268 1249 5340 Hagenoensis
1287 5267 1564 5325 Paschasii
1606 5268 1803 5324 librum

212 5338 461 5412 vulgavit
491 5354 637 5396 anno
668 5339 838 5412 1528,
858 5338 1091 5412 eumque
1120 5340 1338 5412 penitus
1365 5342 1803 5412 perverterede-

214 5408 368 5469 main
396 5425 561 5468 ausus
590 5420 697 5479 est,
734 5410 983 5481 pudendo
1004 5408 1181 5481 ’plane
1209 5425 1273 5464 ac
1311 5408 1627 5465 detestanda
1673 5408 1805 5465 faci-

215 5498 373 5540 nore.
388 5482 524 5540 Cum
542 5483 687 5538 enim
707 5480 1058 5537 Paschasium
1079 5496 1185 5535 non
1211 5481 1388 5535 minus
1405 5481 1803 5536 transsubstan—

215 5554 462 5611 tiationis
480 5563 536 5609 et
549 5553 822 5618 sacriﬁcii,
841 5567 1004 5623 quam
1025 5551 1183 5606 realis
1197 5552 1497 5621 'praasentiaa
1516 5560 1804 5621 patronum

215 5626 420 5697 ubique
463 5624 938 5697 animadverteret,
979 5637 1044 5677 eo
1074 5623 1599 5697 processitbominis
1630 5623 1805 5697 impu-

215 5692 521 5753 dentissimi
558 5696 855 5759 temeritas,
903 5702 964 5748 ut
1007 5708 1113 5747 non
1141 5693 1315 5748 solum
1346 5692 1553 5763 integra
1586 5692 1806 5762 hujusce

218 5767 344 5825 libri
387 5769 564 5838 capita
611 5764 956 5836 expunxerit,
996 5779 1181 5818 verum
1230 5764 1392 5819 etiam
1444 5765 1546 5819 alia
1576 5763 1805 5819 subinde

581 5861 851 5921 Ριτιιοι..
897 5854 1095 5918 CXX.

1983 4554 2307 4639 Igitur-cum
2348 4554 2576 4639 falsarii'
2600 4554 2895 4639 nequitiam
2920 4554 3377 4639 deprehendisset
3408 4569 3492 4623 vir

1914 4632 2211 4692 cathol‘cus
2232 4643 2289 4690 et
2320 4636 2583 4695 sincerus,
2612 4632 2960 4703 praetermisit
2994 4632 3215 4691 omnino
3246 4637 3400 4703 nihil,
3433 4649 3492 4695 ut

1913 4707 2238 4787 Paschasius
2260 4706 2466 4787 integer
2491 4704 2986 4787 etlineorruptusin
3003 4705 3189 4787 lucem
3227 4722 3337 4787 pro.
3365 4708 3490 4787 iret,

1913 4789 1987 4843 et,
2021 4788 2080 4833 ut
2108 4778 2221 4847 ipse
2246 4776 2344 4840 ait,
2368 4790 2465 4847 nec
2494 4774 3065 4847 laboribusmaximis,
3100 4790 3202 4830 nec
3228 4774 3490 4847 impensis

1914 4848 2039 4904 ullis
2057 4844 2284 4920 parcere
2314 4845 2499 4910 voluit,
2524 4860 2631 4914 quo
2665 4844 2936 4920 publicum
2970 4844 3488 4920 promoveretcom-

1913 4916 2154 4983 modum,
2193 4917 2323 4987 quin
2354 4926 2422 4987 et
2465 4916 2863 4985 quamprimum
2894 4916 3203 4985 postpositis
3238 4918 3493 4975 omnibus

1915 4986 2227 5060 quamlibet
2258 4986 2416 5060 seriis
2458 4986 2708 5060 negotiis.
2742 4987 3006 5060 optimum
3060 4996 3336 5060 auctorem
3376 5004 3490 5045 sua:

1914 5056 2212 5129 integritati
2244 5056 2552 5129 restitueret
2572 5065 2636 5129 et
2681 5057 2735 5111 in
2760 5056 2937 5113 lucem
2969 5056 3140 5120 daret,
3172 5072 3240 5111 ne
3288 5057 3487 5114 iterum

1911 5127 2107 5185 alicubi
2135 5128 2439 5200 Hagenoica
2464 5127 2857 5184 adulteratione
2886 5137 3221 5200 monstrosus
3246 5129 3491 5200 prodiret

1911 5208 2007 5272 p‘er
2028 5198 2241 5272 orbem,
2269 5214 2390 5254 cum
2420 5213 2615 5272 magno
2643 5214 2753 5272 suae
2779 5198 3197 5272 existimationis
3225 5208 3281 5253 et
3304 5198 3488 5258 Eccle—

1911 5268 2005 5329 size
2036 5268 2360 5327 detrimento
2388 5268 2786 5323 distrahendas.
2814 5270 3152 5338 Quapropter
3179 5284 3300 5324 cum
3334 5280 3488 5326 γειυ-

1909 5343 2178 5408 stissimos
2197 5345 2332 5397 duos
2351 5339 2629 5395 Paschasii
2654 5340 2870 5394 εουίεθε
2895 5338 3209 5395 oﬂ'endisset
3228 5338 3486 5407 Coloniae,

1912 5431 2077 5468 unmn
2109 5414 2162 5467 in
2199 5412 2551 5467 celeberrimo
2580 5410 2785 5465 ordinis
2807 5410 2865 5464 S.
2897 5409 3175 5464 Benedicti
3200 5408 3259 5465 S.
3289 5409 3488 5466 Panta-

1910 5484 2082 5540 leonis
2111 5482 2378 5543 coenobio,
2426 5480 2653 5534 alterum
2684 5482 2738 5535 in
2779 5480 3030 5535 Fratrum
3069 5480 3485 5539 Prmdicatorum

1912 5553 2153 5623 ejusdem
2188 5552 2337 5607 urbis
2378 5558 2677 5623 conventu,
2708 5552 2777 5623 ad
2824 5567 3010 5623 eorum
3055 5551 3212 5607 ﬁdem
3255 5550 3490 5610 Pascha-

1913 5621 2051 5679 siqu
2076 5625 2350 5693 sincerum
2366 5630 2427 5693 tet
2451 5621 2683 5693 abtonmi
2708 5622 2943 5677 lucretim
2972 5621 3103 5677 faece
3131 5630 3509 5693 expurgatum,

1914 5697 2041 5750 dare
2064 5709 2169 5748 non
2196 5691 2419 5754 distulit,
2452 5691 2791 5761 vulgavitque
2814 5693 3048 5747 Coloniae
3074 5691 3216 5747 anno
3247 5691 3402 5746 1550.
3508 5704 3513 5711 '

1984 5763 2278 5820 Consimile
2302 5776 2397 5831 per
2425 5761 2477 5814 id
2507 5765 2762 5830 temporis
2791 5764 3023 5819 studium
3060 5779 3343 5834 aggressus
3358 5763 3491 5819 ’ΐιιθη

2978 5856 3055 5921 1ιο
