4078 6348
587 327 730 387 1265

1387 321 1446 378 S.
1485 319 1845 379 PASCIIASII
1883 321 2235 380 RADBER’I‘I
2269 321 2565 379 ABBATIS
2598 321 3050 380 CORBEIENSIS

3727 325 3860 384 ηθι

589 439 696 497 Sed
722 447 888 511 queat
904 447 966 494 ut
1003 436 1268 510 submisit,
1302 435 1459 501 odor,
1499 435 1665 500 color,
1699 451 1763 492 ac
1787 451 1949 507 sapor
1976 434 2171 494 isdem.
2198 441 2251 502 Α
2276 435 2580 508 Participes
2607 436 2795 492 calicis
2815 436 3048 492 mundos
3074 445 3322 508 perstare
3351 451 3574 496 necesse
3601 453 3707 497 est.

586 534 678 590 Fit
703 534 827 591 ﬁdei
851 547 1084 597 merces,
1114 530 1267 601 cujus
1294 539 1377 587 est
1399 531 1633 585 maxima
1669 530 1858 584 virtus.

587 626 700 682 Lex
735 642 799 681 ea
836 635 1044 680 natura:
1069 633 1153 680 est
1180 624 1316 679 verti
1345 625 1398 678 in
1432 625 1572 692 quod
1601 622 1824 692 jusserit
1854 631 2062 678 auctor.

587 719 876 789 Imperium
901 718 1147 786 sequitur
1169 718 1234 770 de
1268 732 1346 780 se,
1380 732 1504 771 mox
1543 718 1735 771 transit
1761 718 1812 770 in
1844 715 1972 770 illud

587 807 743 875 Quod
762 809 916 878 jubet
939 809 1318 877 Omnipotens,
1350 823 1438 861 res
1464 808 1516 861 in
1543 807 1802 861 miracula
1827 815 2067 862 vertens.

586 903 848 959 Protinus
874 917 1004 972 ergo
1034 903 1203 956 vicem
1234 908 1404 954 mutat
1436 910 1624 954 natura
1658 908 1885 954 suetam.

587 994 711 1068 Mox
740 1009 868 1048 caro
901 994 961 1047 lit
988 993 1164 1062 panis,
1194 993 1378 1046 vinum
1407 1008 1531 1047 mox
1567 993 1799 1062 denique
1823 992 2066 1064 sanguis,

586 1095 801 1163 Datque
835 1093 1169 1156 sacerdotes,
1201 1091 1301 1146 sibi
1335 1107 1471 1162 quos
1501 1092 1811 1160 incorporat
1839 1104 2047 1152 omnes,

587 1185 715 1240 Haec
745 1193 802 1239 ut
833 1173 995 1255 agant
1027 1199 1124 1252 per
1154 1197 1275 1236 eum
1301 1184 1577 1253 mysteria,
1620 1191 1673 1236 et
1701 1182 1814 1250 ipse
1843 1196 1938 1250 per
1967 1180 2109 1234 illos.

585 1280 669 1333 An
696 1277 859 1332 homo
887 1286 1135 1330 naturam
1164 1292 1261 1346 per
1291 1291 1349 1329 se
1373 1276 1665 1329 mutaverit
1692 1275 1879 1339 ullam,

587 1370 668 1421 An
699 1367 862 1420 homo
893 1366 1156 1420 triticeam
1183 1365 1664 1435 pnestaveritesse
1690 1363 1946 1419 Dealem?

588 1453 705 1530 Vox
735 1455 828 1509 sed
862 1456 913 1510 id
940 1455 1118 1524 explet
1142 1469 1300 1523 Opus,
1323 1470 1442 1524 qua:
1463 1455 1701 1508 comlidit
1724 1457 1904 1507 omnia
1930 1469 2170 1523 prorsus.

588 1547 724 1604 Nam
758 1547 925 1603 semel
955 1557 1011 1601 ut
1038 1558 1237 1602 terram
1261 1546 1443 1615 jussit,
1468 1548 1610 1616 quod
1637 1548 1900 1618 germinet
1929 1546 2175 1612 herbam,

590 1639 744 1704 Quod
770 1637 900 1692 facit
926 1638 1036 1703 illa,
1069 1638 1264 1692 dehinc
1295 1654 1390 1706 per
1419 1648 1611 1691 cuncta
1639 1637 1908 1690 volumina
1930 1634 2072 1690 smcli

589 1730 760 1786 Iussit
776 1740 831 1784 et
861 1731 964 1785 hoc
995 1730 1136 1793 ﬁeri,
1164 1729 1242 1784 sic
1270 1745 1328 1783 se
1354 1729 1654 1784 substantia
1679 1729 1862 1792 vertit,

589 1822 705 1876 Hoc
731 1838 867 1890 opus
891 1829 945 1874 et
979 1835 1150 1874 coena?
1176 1835 1269 1889 per
1295 1836 1418 1874 emn
1453 1827 1696 1888 patratur
1726 1817 1941 1886 ubique.

587 1912 828 1966 Plurima
861 1911 1058 1966 visibili
1092 1926 1306 1980 semper
1335 1911 1535 1964 virtute
1562 1911 1790 1980 peregit,

590 2003 728 2058 Nam
758 2018 908 2056 mare
936 2018 1059 2056 eum
1085 2003 1306 2064 scimlit,
1337 2001 1557 2056 coluber
1587 2000 1640 2056 ﬁt
1670 2002 1818 2072 virga
1844 1999 2108 2065 vicissim,

589 2093 863 2163 Petraque
889 2093 1025 2146 fudit
1052 2109 1246 2162 aquas,
1276 2093 1491 2146 nimbus
1513 2108 1726 2163 quoque
1750 2093 1980 2162 praebuit
2001 2106 2179 2159 escas,

591 2183 832 2253 Fertque
860 2184 1111 2238 columna
1137 2183 1336 2253 ignem,
1371 2184 1587 2254 pellitve
1616 2185 1846 2239 subimle
1867 2199 2143 2254 vaporem.

591 2274 697 2328 Ista
721 2283 908 2343 patent
943 2290 1149 2339 coram,
1181 2275 1354 2330 virtus
1385 2275 1668 2329 manifesta
1698 2275 1942 2340 videtur;

591 2366 687 2422 Illa
713 2367 886 2436 palam
914 2366 1057 2430 fecit,
1088 2368 1191 2422 hoc
1218 2367 1357 2422 clam
1388 2368 1525 2437 gerit
1548 2377 1782 2424 attamen
1809 2371 1944 2438 ipse.

592 2455 707 2513 Hoc
731 2473 866 2528 opus
887 2458 1211 2514 absconsum
1235 2459 1377 2528 quod
1403 2460 1556 2530 signa
1585 2460 1822 2531 patentia
1850 2459 2108 2530 produnt,

591 2549 728 2604 Nam
759 2549 1044 2605 manifesta
1069 2550 1211 2606 Deus
1233 2550 1382 2616 fecit,
1413 2552 1670 2606 credatur
1692 2561 1752 2606 ut
1780 2552 1944 2606 istud.

591 2643 729 2699 Dum
755 2645 900 2699 videt
932 2643 1019 2698 illa
1046 2644 1258 2709 oculus,
1285 2656 1476 2700 cernat
1507 2645 1630 2701 ﬁdei
1659 2645 1711 2700 id
1736 2660 1950 2716 quoque
1971 2645 2143 2710 visus,

592 2735 723 2802 Quae
753 2750 928 2805 neque
946 2751 1192 2791 veraeem
1216 2735 1446 2801 dubitat,
1481 2751 1581 2792 nec
1598 2738 2044 2809 omnipotentem.

537 2818 553 2832 '
591 2823 948 2879 Frumentum
978 2834 1032 2878 et
1056 2825 1241 2880 vinum
1274 2828 1591 2898 generantia
1617 2829 1988 2899 virginitatem

593 2913 719 2968 Haec
742 2923 1003 2985 generant
1028 2925 1236 2970 turmas
1259 2917 1325 2970 de
1351 2917 1663 2988 virginitate
1693 2919 1936 2974 decoras.

591 3002 834 3075 Virginis
859 3005 954 3058 has
980 3007 1193 3074 species
1223 3006 1351 3076 legit
1377 3023 1539 3076 quam
1574 3011 1808 3063 maxima
1832 3009 2034 3080 proles,

593 3093 732 3149 Hinc
762 3103 822 3149 ut
843 3095 1108 3151 eastiﬁcet
1134 3113 1360 3152 numero
1387 3114 1524 3168 quos
1555 3099 1722 3170 prolis
1742 3100 1982 3171 adoptat.

594 3186 799 3242 Horrea
831 3187 1161 3245 frumentum
1198 3191 1368 3261 replet
1390 3192 1510 3256 hoc,
1544 3193 1761 3247 cellaria
1790 3194 1999 3260 vinum,

593 3276 700 3333 Cor
733 3279 970 3335 hominis
999 3283 1125 3337 facit
1150 3283 1270 3346 hoc,
1304 3283 1432 3338 illud
1455 3299 1671 3355 quoque
1696 3284 1931 3350 ﬁrmum,

592 3369 719 3426 Haec
744 3373 850 3428 duo
884 3374 1158 3446 virgineas
1185 3386 1446 3447 generant
1476 3378 1557 3434 sic
1586 3393 1716 3450 ergo
1753 3379 2002 3435 choreas.

2280 529 2466 584 Abluit
2497 529 2620 583 inde
2651 527 2834 598 pedes,
2859 543 3030 583 comae
3057 543 3181 584 cum
3215 537 3426 600 tempus
3453 531 3691 599 adesset,

2280 620 2570 692 Diseipulis
2601 620 2856 676 mundam
2885 623 3120 677 suadens
3147 621 3248 677 hos
3269 623 3467 678 ducere
3493 625 3690 693 vitam,

2278 713 2581 785 Participes
2608 713 2800 779 divihi,
2823 730 2930 784 quo
2958 714 3310 780 mandentur,
3339 717 3688 782 sacramenti,

2278 805 2358 863 Ne
2385 817 2443 862 ut
2463 807 2614 862 Juda:
2643 806 2850 862 similes
2887 808 3108 878 capiant
3133 822 3289 879 mage
3315 807 3511 862 damna
3543 809 3754 874 salutis,

2277 899 2545 956 lmmundi
2571 902 2824 955 mundam
2846 901 3103 971 quoniam
3128 901 3332 956 audent
3351 916 3572 958 sumere
3593 903 3777 958 libam.

2279 987 2414 1045 Nam
2436 991 2595 1046 docet
2619 992 2673 1046 in
2706 991 2891 1047 ealicis
2917 993 3180 1062 quosdam
3219 993 3396 1048 natale
3420 992 3650 1059 futuros,

2279 1082 2383 1150 Qui
2413 1083 2512 1137 sibi
2535 1081 2799 1150 judicium
2820 1098 2976 1138 sacra
3005 1099 3104 1154 per
3133 1085 3391 1156 mysteria
3419 1095 3658 1142 sumunt.

2279 1174 2416 1229 Ilinc
2442 1175 2571 1228 sinit
2606 1176 2750 1230 inter
2777 1189 2874 1230 eos
2900 1176 2993 1246 qui
3027 1177 3388 1232 convivantur
3415 1178 3643 1242 amicos,

2279 1268 2351 1323 Ut
2376 1267 2543 1322 Iudas
2569 1268 2786 1339 epulum
2818 1277 2998 1340 gustet
3017 1271 3169 1324 canis
3195 1269 3284 1325 ille
3305 1271 3572 1341 polosum.

2277 1358 2454 1415 OIIicit
2482 1359 2719 1424 inﬁrmo,
2744 1361 2963 1430 prodest
2984 1361 3128 1431 quod
3145 1351 3379 1432 denique
3402 1378 3552 1418 sano.

2279 1451 2382 1518 Qui
2413 1451 2551 1522 pluit
2581 1450 2817 1518 injustis,
2853 1451 3132 1522 solemque
3158 1453 3434 1508 ministrat
3462 1453 3688 1524 iniquis,

2279 1543 2520 1613 Esseque
2555 1543 2669 1596 vult
2693 1543 2896 1609 salvos,
2925 1551 2980 1598 et
3009 1558 3196 1598 verum
3224 1559 3518 1613 agnoscere
3547 1553 3792 1600 cunctos.

2279 1634 2395 1690 lloc
2414 1650 2698 1690 commune
2727 1635 2926 1689 bonum
2953 1634 3166 1689 cunctis
3200 1634 3430 1704 largitur
3465 1635 3532 1689 ad
3558 1650 3718 1690 usum
3745 1651 3760 1701 ;

2281 1728 2521 1800 Quisque
2545 1738 2725 1783 tamen
2752 1727 2954 1793 videat,
2991 1727 3186 1796 qualis,
3215 1727 3297 1782 vel
3317 1726 3495 1798 qualia
3525 1736 3728 1794 sumat,

2203 1811 2254 1872 B
2281 1821 2509 1876 Praemia
2533 1820 2618 1874 cui
2651 1819 2794 1883 vitaa,
2825 1819 2910 1873 cui
2937 1819 3046 1873 sint
3072 1827 3360 1889 augmenta
3388 1818 3669 1889 gehennae.

2284 1913 2488 1969 Caetera
2523 1911 2761 1966 sanciret
2779 1925 2909 1978 cum
2939 1909 3044 1973 lex,
3069 1923 3188 1978 qua:
3211 1909 3326 1964 haec
3353 1924 3519 1964 causa
3542 1908 3794 1980 reposcit,

2283 2004 2399 2060 Iloc
2446 2003 2626 2074 posuit
2673 2001 2933 2072 primum,
2973 2000 3246 2071 jussitque
3284 2001 3606 2056 vorantibus
3647 2013 3870 2072 agnum,

2284 2094 2355 2150 Ut
2381 2094 2688 2164 quicunque
2711 2107 2838 2147 suos
2864 2092 3079 2146 studeat
3107 2091 3439 2162 praecingere
3461 2091 3696 2156 lumbos,

2284 2183 2436 2250 Quod
2461 2183 2632 2253 magis
2662 2182 2933 2254 expediat,
2985 2181 3088 2236 hoc
3127 2182 3306 2252 primo
3328 2181 3513 2236 locans
3539 2179 3871 2238 manifestat.

2283 2275 2552 2330 Convivas
2579 2274 2721 2345 epuli
2750 2282 2927 2328 castos
2961 2273 3121 2328 docet
3152 2287 3275 2328 esse
3298 2273 3542 2344 superni,

2284 2370 2385 2438 Qui
2409 2371 2528 2426 litat
2550 2371 2603 2425 in
2637 2371 2831 2433 veteri,
2863 2370 2998 2426 libat
3030 2370 3341 2425 velitamina
3364 2370 3493 2436 ritu,

2282 2463 2452 2518 Lotus
2478 2471 2533 2517 et
2563 2479 2592 2517 a
2618 2463 2764 2518 licito
2787 2478 2845 2518 se
2866 2462 3112 2536 conjugis
3138 2463 3376 2519 abstinet
3407 2479 3529 2530 usu,

2283 2553 2422 2610 Hinc
2462 2554 2610 2609 licito
2655 2555 2723 2609 ad
2772 2562 3003 2625 tempus,
3049 2555 3174 2625 quia
3204 2554 3311 2610 fert
3363 2555 3538 2611 tribus
3564 2569 3675 2611 una
3720 2555 3874 2612 mini-

3617 2645 3806 2720 [stros.

2285 2735 2489 2792 Umbra
2521 2743 2700 2792 tamen
2729 2735 2929 2790 veteris
2963 2744 3090 2791 sunt
3115 2735 3228 2802 illa,
3256 2745 3524 2808 typusque
3549 2737 3874 2796 holocausti.

2281 2829 2454 2898 Quam
2484 2830 2653 2900 magis
2689 2844 2809 2885 esse
2834 2829 2993 2886 decet
3020 2829 3277 2896 nitidum,
3303 2831 3394 2902 qui
3427 2830 3630 2886 talibus
3662 2832 3876 2886 haeret?

2282 2920 2428 2976 Mors
2453 2930 2611 2976 necat
2633 2920 2795 2986 hunc,
2819 2920 3026 2976 umbra:
3051 2921 3252 2977 cultum
3275 2923 3367 2993 qui
3398 2924 3708 2992 spreverit;
3757 2923 3877 2978 inde

2282 3012 2486 3085 Collige
2513 3016 2644 3086 quid
2680 3025 2914 3082 maneat,
2951 3032 3064 3072 rem
3098 3019 3270 3088 ipsam
3298 3019 3390 3089 qui
3420 3017 3559 3073 forte
3587 3019 3873 3088 profanat;

2281 3103 2415 3160 Cum
2449 3118 2635 3177 gravet
2662 3123 2852 3164 omnes
2895 3109 3076 3178 scelus
3107 3111 3334 3166 multum
3365 3111 3594 3182 pollutio
3625 3110 3804 3183 pejus.

2213 3187 2256 3246 C
2292 3197 2555 3270 Virginea:
2576 3201 2710 3270 proli
2745 3201 2878 3256 nihil
2905 3212 2990 3257 est
3012 3203 3294 3260 adversius
3331 3204 3444 3269 illa,

2282 3287 2645 3360 Majestasque
2680 3293 2778 3357 rei,
2807 3293 2852 3348 si
2879 3309 2986 3348 non
3021 3293 3371 3359 discernitur,
3402 3295 3620 3363 obstat;

2278 3379 2548 3438 Iudicium
2571 3386 2758 3453 sumit,
2787 3387 2880 3458 qui
2911 3402 3020 3443 non
3049 3387 3335 3460 dijudicat,
3361 3391 3557 3462 inquit.

593 3582 660 3675 ge
677 3583 944 3675 _Corpore
982 3596 1039 3642 et
1086 3585 1360 3660 Sanguine
1391 3590 1623 3646 Domini.
1671 3590 1972 3664 Sequentes
2008 3607 2198 3652 versus
2242 3608 2310 3651 ex
2353 3595 2645 3654 Anecdotis
2685 3597 2988 3668 Muratorii,
3029 3582 3294 3670 tomflll,
3342 3604 3676 3675 excepimus.
3711 3605 3870 3666 Eon.

591 3651 834 3711 Paritan

637 3833 3848 3870 ———__.___._________________._______

2074 3995 2100 4025 ι
2142 3978 2437 4043 INCIPIT

1353 4191 1890 4273 PROLOGUS
1970 4197 2501 4278 PASCHASII
2580 4201 3088 4284 BADBERTI

1278 4389 1378 4453 Ad
1406 4392 1760 4462 Pucmittu
1798 4391 2184 4474 discipulum
2215 4415 2398 4458 suum
2432 4396 2505 4458 de
2543 4416 2724 4479 opere
2752 4399 3168 4484 subsequenti.

662 4576 990 4633 PASCIASIUS
1035 4577 1065 4618 ιι
1109 4577 1434 4634 Βλυιιειιτυε
1496 4579 1681 4635 Levita
1703 4621 1718 4646 ,
1778 4583 2168 4640 monachorum
2196 4590 2251 4652 1)
2345 4583 2480 4641 Novi
2514 4585 2696 4657 igitur,
2734 4598 2758 4627 ο
2791 4602 2894 4644 nec
2937 4590 3155 4662 ambigo
3189 4599 3280 4647 tua
3308 4596 3686 4664 experimento
3712 4602 3874 4659 disci-

590 4668 830 4723 omnium
854 4669 1182 4739 peripsema,
1203 4670 1556 4725 dilectissimo
1582 4671 1713 4736 ﬁlio,
1745 4681 1799 4726 et
1826 4673 1943 4730 vice
1967 4675 2170 4731 Christi

588 4758 921 4828 praesidenti,
956 4759 1216 4830 magistro
1251 4760 1562 4814 monastica:
1591 4761 1910 4834 disciplinae,
1947 4764 2171 4820 alternis

585 4849 932 4904 successibus
952 4850 1196 4904 veritatis
1215 4849 1602 4922 condiscipulo.

663 5012 691 5040 ι
722 4999 799 5054 lta
829 5000 1041 5079 titulum
1075 5000 1289 5079 praefert
1330 5002 1496 5079 codex
1529 5003 1870 5079 Colbertinus
1907 5009 2169 5079 antiquis-

586 5070 778 5150 simus.
835 5070 1124 5150 §ic__vero.
1152 5072 1428 5150 regii__duo
1453 5091 1604 5150 _mss.
1637 5095 1649 5128 :
1695 5077 1888 5148 Incipit
1913 5070 2168 5150 prologue

590 5140 894 5220 East-(insit;
915 5140 1124 5220 diaconi
1152 5140 1234 5220 _in'
1259 5142 1390 5196 libro
1415 5145 1491 5220 _de
1537 5144 1763 5220 Corpore
1809 5140 1854 5201 et
1901 5140 2167 5220 Sanguine

586 5211 822 5264 Domini.
853 5210 1195 5266 Corbeiensis
1216 5229 1373 5273 unus.
1405 5214 1472 5269 In
1506 5210 1709 5270 nomine
1731 5229 1926 5273 sancta:
1951 5210 2164 5274 uindi-

585 5282 764 5354 viduw_
785 5280 1076 5354 Tginitatis.
1129 5281 1323 5354 Incipit
1352 5285 1482 5339 liber
1510 5285 1740 5340 Ratberti
1781 5285 2059 5344 Pure/tacti
2085 5292 2164 5346 le-

585 5351 703 5406 vita:
730 5351 794 5405 de
807 5349 1044 5432 Corpore
1071 5349 1668 5432 et_Sqnguine_l)amini.
1697 5356 1889 5432 _Incipit
1915 5361 2162 5432 prologue

583 5422 845 5495 sequentis
884 5423 1073 5495 aperis.
1110 5424 1227 5495 Cui,
1257 5422 1469 5495 'paucis
1525 5428 1770 5491 mutatis,
1817 5422 2164 5488 consentihnt

585 5490 758 5546 sancti
790 5490 1047 5548 Germani
1094 5505 1148 5549 et
1182 5490 1512 5551 Turonensis
1561 5496 1618 5552 S.
1648 5490 1888 5554 Martini.
1933 5502 1990 5556 In
2022 5502 2166 5558 Vati-

582 5575 742 5638 cano,
782 5561 1038 5638 Prologtta
1063 5563 1182 5638 libri
1205 5565 1275 5618 ad
1305 5565 1609 5633 Placidum,
1630 5579 1793 5638 atque
1823 5571 1896 5626 ita
1944 5573 1997 5626 in
2026 5574 2162 5630 duo-

583 5630 685 5710 bus
711 5630 1187 5710 _reginaa'Sueciae
1217 5651 1347 5710 mss.
1392 5648 1448 5693 et
1500 5630 1640 5710 apud
1695 5630 2062 5697 Sirmondum.
2106 5645 2164 5700 In

581 5702 828 5831 {illm-ilius
860 5714 1038 5759 tamen
1086 5718 1190 5760 tam
1235 5708 1452 5777 scriptis
1479 5702 1642 5781 quam
1691 5713 1849 5769 editis
1885 5713 2038 5771 deest
2077 5717 2166 5773 hic

707 5788 738 5825 υ
775 5811 787 5824 .

707 5788 787 5825 IIS.

2274 4675 2544 4748 plinarum
2575 4678 2810 4743 solertia,
2837 4680 2979 4749 quod
3003 4681 3266 4739 Arsenius
3292 4684 3320 4724 ἀ
3348 4695 3551 4754 noster,
3579 4706 3747 4761 quem
3772 4711 3870 4750 no-

2275 4779 2386 4824 stra
2414 4786 2558 4826 nunc
2592 4770 2750 4826 nobis
2795 4771 2989 4828 saecula
3018 4772 3310 4830 Jeremiam
3348 4779 3579 4837 alterum
3626 4785 3872 4843 tulerunt

2275 4864 2342 4919 ab
2368 4863 2482 4928 illo,
2511 4863 2564 4917 in
2596 4863 2719 4918 ﬁdei
2759 4872 2812 4920 te
2831 4865 2964 4921 mihi
2985 4868 3323 4924 commiserit
3354 4872 3565 4930 ratione
3596 4889 3612 4928 :
3643 4888 3871 4950 propter

2346 5019 2374 5058 ιι
2419 5017 2608 5090 Plures
2643 5034 2786 5090 _mss.
2815 5021 3149 5090 praefationis
3197 5025 3609 5090 inscriptionem
3661 5031 3868 5088 habent

2273 5088 2376 5142 hoc
2402 5089 2560 5142 modo
2591 5106 2603 5142 :
2633 5087 2953 5146 Paschasius
2981 5091 3270 5148 Radbertus
3311 5087 3552 5153 Pfacidio
3594 5117 3694 5155 suo
3721 5087 3866 5157 siriu-

2273 5169 2393 5239 t‘cm,
2447 5168 2557 5239 tum
2607 5159 2940 5239 dilectissimo
2979 5163 3090 5239 ﬁlio
3136 5166 3242 5219 vice
3287 5166 3483 5239 Christi
3531 5174 3863 5239 praesidenti.

2271 5227 2343 5282 At
2387 5231 2560 5305 magis
2597 5231 2826 5305 genuina
2867 5241 2921 5286 et
2961 5227 3119 5305 genio
3168 5238 3404 5292 auctoris
3450 5227 3865 5299 accommodata

2270 5308 2455 5421 lqpstra
2488 5303 2670 5382 lectio,
2725 5317 2844 5371 quae
2876 5303 3352 5364 est'Corbeiensis
3389 5311 3592 5366 codicis
3630 5325 3691 5369 et
3729 5313 3865 5372 Ger-

2327 5385 2564 5425 anensls.

2327 5385 2564 5425 anensts.

2341 5439 2472 5517 cgita
2505 5441 2846 5517 Mameranus
2873 5459 2996 5517 cum
3017 5454 3140 5501 octo
3160 5449 3379 5517 optima:
3398 5460 3541 5506 nota:
3562 5469 3698 5510 mss.
3729 5455 3859 5512 Edi-

2267 5509 2345 5597 tio
2366 5510 2661 5597 Sirmondi,
2676 5529 2799 5568 cum
2823 5516 3148 5597 quibusdam
3169 5509 3468 5586 codicibus,
3489 5521 3539 5576 Ν
3544 5525 3646 5578 erit
3669 5509 3859 5597 igitur,

2267 5582 2448 5655 minus
2477 5582 2692 5655 quidem
2722 5582 2960 5655 proprie.

2336 5650 2610 5726 f1_Arseiiii
2643 5650 2860 5712 nomine
2886 5657 3130 5726 plerique
3171 5660 3432 5718 hactenus
3468 5663 3860 5722 intellexerunt

2265 5721 2591 5802 fidalardum
2621 5726 2869 5802 abbatem
2887 5721 3306 5802 'Corb'eiensem,
3338 5748 3500 5802 quem
3530 5735 3860 5793 Paschasius

2266 5792 2322 5845 in
2341 5791 2456 5860 ejus
2473 5795 2595 5849 Vita
2615 5795 2899 5853 Antonium
2921 5807 2977 5854 et
2990 5791 3336 5888 Augustinum
3355 5791 3650 5875 aliquando
3667 5791 3854 5892 appel;
