4078 6348
286 298 423 360 1265

943 297 1069 355 uc.
1110 297 1199 356 na
1234 292 1556 355 coaroau
1592 296 1679 353 ET
1717 293 2062 353 SANGUINE
2102 260 2354 353 bonum.
2384 327 2453 338 -
2475 295 2863 355 PROLOGUS.

3376 258 3549 359 ἠδε

282 419 426 490 quod
453 432 483 471 a
505 414 764 487 primaevo
784 411 1087 468 indefessus
1112 415 1296 468 curavi
1335 420 1386 468 te
1405 428 1596 482 rapere
1635 413 1698 468 de
1720 412 1863 468 inter
1887 415 1937 473 Α
1966 426 2149 468 amore
2179 413 2252 467 ita
2302 422 2461 469 tenus
2495 415 2884 489 perstringere,
2929 422 2987 469 ut
3013 410 3219 496 caeteri,
3245 431 3381 487 quos
3412 412 3541 476 nec-

252 500 257 505 ”
285 509 494 574 undas;
522 506 618 562 sed
666 503 839 560 fateor
884 503 981 559 tibi
1021 503 1194 574 magis
1224 503 1481 559 melotam
1508 504 1678 573 patris
1703 519 1865 575 supra

282 599 546 655 verticem
601 594 870 669 profuisse
911 611 926 649 :
975 609 1081 664 qua
1124 593 1355 664 denique
1389 595 1706 649 subvectum
1749 607 1775 636 α
1812 603 1866 651 te

282 686 630 761 congratulor
659 687 923 753 evasisse,
957 702 1045 744 me
1094 701 1309 756 quoque
1350 686 1619 757 jucundor
1657 703 1762 743 non
1807 687 1862 743 in

280 794 513 836 vacuum
568 778 896 834 cucurrisse.
942 774 1225 848 (Praefatus
1277 776 1307 816 ιι
1340 784 1520 831 autem
1570 786 1742 846 pater,
1784 777 1864 833 uti

273 865 502 937 justitia:
522 864 829 923 faventibus
850 865 1017 921 m‘oris
1037 873 1141 931 est,
1163 865 1411 920 exsilium
1436 876 1458 905 ε
1491 865 1595 922 fert
1615 882 1713 936 pro
1735 867 1861 934 fide,

281 958 375 1014 illo
398 965 456 1011 ut
481 966 605 1012 utar
627 956 853 1021 Comici,
901 956 1027 1025 quia
1059 955 1249 1027 plenus
1290 957 1548 1011 rimarum
1578 959 1863 1014 veritatem

282 1051 466 1107 sciens
514 1049 677 1105 silere
729 1048 921 1104 noluit.
976 1048 1129 1105 Unde
1181 1051 1359 1105 adhuc
1388 1051 1623 1121 suspecti
1676 1038 1863 1108 sumus

279 1141 414 1211 quid
465 1141 557 1196 Dei
583 1140 917 1210 dispensatio
945 1155 1013 1195 ex
1041 1155 1106 1194 eo
1131 1139 1361 1195 ulterius
1389 1141 1534 1206 velit,
1567 1157 1726 1212 quem
1748 1143 1862 1213 jam

280 1232 600 1303 inspicimus
662 1231 1109 1302 promissionibus
1173 1232 1491 1286 meritorum
1552 1232 1681 1287 hinc
1737 1232 1863 1288 inde

281 1325 545 1381 divinitus
568 1323 595 1364 τι
618 1324 831 1395 agitari.
870 1322 950 1377 Tu
990 1331 1167 1379 tamen
1214 1339 1320 1380 non
1349 1340 1410 1380 es
1453 1333 1673 1379 secutus
1707 1323 1863 1393 juve-

279 1418 433 1482 uilia,
460 1424 519 1471 ut
560 1414 817 1480 assolent,
851 1413 1144 1479 desideria,
1174 1415 1266 1484 qui
1296 1415 1518 1470 diutinis
1545 1424 1864 1484 premuntur

277 1508 435 1564 inviti
463 1507 867 1577 disciplinarum
897 1507 1265 1577 compedibus,
1312 1507 1406 1561 sed
1456 1507 1728 1562 radicatus
1757 1506 1862 1563 fide

276 1598 480 1656 Christi
511 1598 793 1654 ultroneus
841 1597 1083 1654 moribus
1116 1607 1171 1654 et
1215 1599 1325 1653 vita
1356 1599 1596 1669 quotidie
1634 1599 1702 1654 ad
1749 1614 1863 1654 me-

275 1690 438 1756 liora,
468 1691 695 1747 Domino
725 1689 972 1761 juvante,
1002 1690 1241 1761 proficis.
1291 1689 1497 1760 Neque,
1521 1701 1581 1747 ut
1609 1690 1860 1762 frequen-

1965 509 2092 564 dum
2118 502 2258 565 unda
2277 518 2315 541 "
2340 508 2641 585 liberalium
2662 510 2918 581 attigerat
2941 509 3269 575 litterarum,
3299 511 3424 566 vitae
3450 504 3547 584 pa-

1931 596 1937 603 ’
1963 598 2149 655 bulum
2177 608 2233 655 et
2277 599 2465 656 salutis
2491 600 2742 655 haustum
2790 598 3005 671 planius
3030 609 3059 637 ιι
3088 608 3262 655 tecum
3290 612 3551 672 caperent

1964 692 2031 747 ad
2069 692 2357 759 medelam,
2380 701 2436 749 et
2466 693 2622 749 nobis
2648 693 2830 765 operis
2855 692 3197 764 praestantior
3223 695 3550 754 exuberaret

1961 781 2174 840 fructus
2201 791 2248 847 ο,
2286 793 2448 855 atque
2483 799 2693 840 merces
2728 800 2827 855 pro
2859 785 3056 839 sudore
3087 802 3101 839 :
3149 785 3276 855 quia
3317 787 3547 856 pecunia

1934 875 2130 938 ‘verbi,
2175 874 2317 930 sicut
2369 874 2579 944 plenius
2626 875 2788 940 nosti,
2829 883 3062 946 quantos
3103 874 3391 944 repleverit
3429 877 3548 931 suis

1930 966 1935 971 ’
1963 965 2264 1034 sumptibus
2288 966 2585 1031 auditores,
2610 966 2776 1023 tantis
2813 966 3085 1037 copiosius
3112 965 3167 1020 in
3204 981 3323 1023 sese
3352 967 3547 1038 ampli-

1965 1057 2159 1113 ficatur
2195 1058 2512 1114 meritorum
2560 1059 2772 1128 opibus.
2821 1058 2944 1114 ideo
2979 1059 3141 1115 velim
3196 1076 3301 1115 non
3351 1060 3545 1130 puerili

1940 1142 2148 1202 animo
2175 1147 2275 1203 ista
2326 1149 2594 1219 perlegas,
2620 1150 2909 1204 verborum
2941 1149 3008 1204 ad
3051 1148 3155 1204 alia
3180 1150 3543 1221 pretiosorum

1934 1238 2149 1294 'amore
2195 1241 2403 1301 ductus,
2464 1240 2557 1296 sed
2589 1240 2667 1296 sic
2716 1231 2909 1296 sedeas
2944 1241 3011 1295 ad
3056 1241 3198 1296 hanc
3244 1242 3543 1297 mensulam

1938 1328 2316 1399 paupertatis,
2352 1345 2415 1385 ac
2440 1330 2483 1385 si
2526 1331 2593 1385 ad
2623 1329 2884 1384 ferculum
2922 1329 3248 1385 Salomonis.
3282 1332 3545 1387 Ambiunt

1960 1434 2090 1491 ergo
2116 1435 2236 1474 eum
2268 1420 2564 1474 electorum
2602 1421 2882 1491 sexaginta
2928 1419 3095 1475 fortes
3121 1435 3186 1475 ex
3232 1419 3546 1476 fortissimis

1962 1524 2337 1579 supernorum.
2380 1508 2482 1566 Ubi
2512 1512 2556 1567 si
2605 1510 2729 1581 quis
2750 1511 3136 1581 superciliosus
3160 1523 3255 1565 aut
3283 1512 3495 1567 invidus
3517 1523 3545 1561 ι)

1960 1600 2045 1654 vel
2065 1600 2312 1671 indignus
2333 1604 2627 1667 accesserit
2646 1618 2894 1665 usquam,
2921 1617 3108 1656 eorum
3135 1612 3281 1656 tutus
3301 1602 3493 1674 loquor
3513 1612 3544 1654 ιι

1962 1691 2232 1762 praesidio,
2258 1692 2359 1747 ista
2391 1708 2498 1747 non
2538 1694 2741 1763 absque
2770 1692 3009 1762 periculo
3040 1693 3358 1748 contemnit.
3392 1693 3542 1777 Quo-

277 1791 361 1838 ter
392 1782 489 1837 tibi
511 1779 836 1851 obieceram,
860 1797 1023 1854 supra
1057 1782 1283 1852 glaciem
1311 1782 1556 1838 scribens
1596 1783 1662 1837 ad
1691 1782 1858 1838 solem
1888 1768 1935 1829 Β
1963 1782 2108 1838 niam
2138 1783 2559 1855 uniuscujusque
2608 1785 2756 1839 ensis
2811 1801 2972 1856 super
3018 1786 3193 1842 femur
3221 1788 3466 1842 vibratur
3495 1768 3542 1850 ί,

272 1875 453 1946 posui,
476 1874 572 1930 sed
603 1874 655 1929 in
681 1874 951 1929 soliditate
981 1874 1103 1929 fidei
1127 1883 1180 1929 et
1203 1875 1471 1931 charitate
1498 1874 1704 1931 Christi
1731 1875 1864 1930 iule-

273 1968 388 2024 rius
409 1968 601 2039 spiritu
633 1980 657 2008 ε
684 1967 950 2024 solidante
979 1969 1186 2024 semina
1214 1970 1338 2025 vita:
1363 1970 1496 2025 sevi.

347 2058 520 2125 Unde,
558 2068 805 2115 votorum
836 2058 954 2125 lilii,
985 2074 1215 2116 censura
1243 2061 1390 2127 fidei,
1421 2070 1476 2115 et
1504 2060 1809 2117 dilectionis
1836 2060 1857 2101 ί

273 2148 449 2220 gratia
472 2149 639 2203 etiam
669 2148 810 2203 inter
852 2149 1037 2203 mundi
1084 2149 1346 2215 turbines,
1399 2153 1703 2221 praesertim
1735 2151 1861 2207 dum

273 2245 583 2294 nostrarum
618 2241 643 2279 ε
670 2238 782 2294 suis
813 2239 1203 2295 discordiarum
1234 2239 1572 2298 anfractibus
1602 2259 1742 2313 pene
1785 2243 1863 2298 la-

272 2330 425 2386 bitur
452 2332 619 2397 orbis,
650 2330 817 2387 ell'usa
848 2348 1014 2403 super
1042 2342 1323 2405 magnates
1371 2336 1722 2392 contentione
1762 2336 1861 2392 im-

271 2422 436 2494 perii,
483 2423 665 2478 divino
717 2424 964 2490 arbitrio,
1000 2440 1229 2495 quorum
1273 2424 1366 2481 lite
1403 2426 1629 2481 multum
1662 2427 1861 2498 diuque

271 2529 591 2580 concussus,
623 2515 837 2571 tandem
864 2525 1049 2587 patent
1071 2516 1097 2557 h
1125 2516 1359 2581 occulta,
1391 2534 1510 2588 quae
1536 2535 1564 2572 a
1594 2519 1860 2591 principio

273 2623 375 2679 per
409 2617 597 2679 partes
626 2607 754 2665 hinc
796 2609 920 2665 inde
948 2620 1358 2674 concreverant,
1406 2611 1722 2667 delictorum
1763 2613 1860 2668 ha-

270 2701 430 2758 benis
480 2701 680 2771 ubique
730 2702 1291 2774 concupiscentiarum
1337 2702 1555 2769 refusis,
1594 2702 1709 2773 jam
1760 2720 1858 2760 sua

271 2813 516 2855 summos
537 2797 734 2854 feriunt
764 2797 974 2870 fulgura
1001 2807 1247 2865 montes;
1284 2799 1357 2854 ita
1386 2808 1443 2853 ut
1482 2799 1615 2854 nihil
1646 2809 1859 2855 nostras

270 2892 377 2947 nisi
404 2889 654 2948 confusio
701 2893 938 2962 undique
982 2907 1080 2962 per
1121 2891 1333 2962 singula
1372 2890 1630 2946 horarum
1682 2896 1855 2963 spatia
1902 2876 1909 2889 “

270 2985 606 3057 repercutiat
638 3000 837 3041 aures:
866 2995 1044 3041 tamen
1075 3000 1182 3040 non
1215 2985 1519 3055 supersedi,
1547 3000 1612 3040 ne
1635 2986 1853 3040 unicum

271 3092 338 3135 ac
356 3078 649 3150 specialem
691 3087 745 3135 te
786 3078 984 3134 divinis
1012 3078 1295 3143 duntaxat,
1324 3076 1570 3147 quamvis
1592 3076 1806 3131 clausus
1830 3076 1848 3117 ί

271 3174 326 3231 in
353 3174 621 3240 custodia,
647 3190 896 3231 curarem
939 3173 1118 3230 eluere
1164 3175 1324 3238 votis,
1346 3182 1400 3228 et
1429 3174 1494 3227 ad
1531 3172 1854 3227 immortalia

164 3274 176 3283 ‘
269 3262 622 3330 aeternorum,
658 3264 788 3321 licet
812 3279 1060 3322 sermone
1084 3265 1383 3331 inelimato,
1425 3262 1634 3336 pulsum
1662 3281 1691 3318 a
1716 3264 1859 3320 lacte

272 3357 469 3412 annuis
523 3356 813 3427 angoribus
864 3364 922 3410 ut
966 3355 1161 3427 gliscas
1214 3354 1427 3411 felicius
1478 3352 1491 3404 i
1551 3354 1856 3409 invitarem.

273 3443 429 3514 Quod
482 3446 604 3502 ideo
632 3446 834 3517 placuit
873 3446 1146 3502 communi
1177 3446 1203 3486 ιι
1233 3446 1370 3517 stylo
1426 3445 1716 3515 temperari
1762 3461 1857 3501 su-

270 3535 454 3603 bulco,
485 3545 541 3592 et
567 3551 631 3592 ea
668 3552 788 3607 qua:
817 3537 885 3593 de
912 3546 1251 3593 sacramento
1285 3538 1546 3593 Dominici
1583 3539 1860 3610 sanguinis

270 3634 327 3682 et
358 3628 602 3698 corporis
627 3627 721 3682 tibi
767 3620 942 3699 exigis
979 3628 1305 3693 necessaria,
1346 3628 1419 3682 tui
1449 3636 1799 3699 praetextatus
1836 3627 1855 3668 ι

271 3782 442 3840 latum
487 3783 656 3840 fuisse
681 3785 953 3850 observat,
982 3800 1248 3854 nusquam
1296 3785 1591 3840 Arsem'um.
1622 3786 1726 3842 Sed
1758 3788 1859 3845 hoc

272 3855 494 3930 nomine
528 3855 865 3930 designatum
897 3854 1063 3930 fuisse
1098 3854 1309 3910 Walam
1339 3855 1729 3930 ejus-fratrem,
1758 3860 1853 3930 qui

272 3935 329 3997 et
354 3923 619 3997 Ieremias
645 3923 823 3982 dictus
863 3934 968 3990 est,
1000 3927 1397 3997 demonstravit
1437 3923 1857 3986 Mabillonius'in

270 3996 387 4071 ejus
416 3996 534 4071 Vita
565 4012 727 4071 quam
757 3996 968 4071 primus
992 3996 1162 4053 edidit
1189 3998 1288 4053 sub
1320 3998 1422 4053 hoc
1467 3997 1640 4065 titulo,
1671 3998 1860 4071 Epita-

268 4067 451 4140 phium
478 4066 705 4121 Arsenii.

260 4136 294 4212 ζ
344 4149 372 4178 ι
406 4136 625 4212 Septem
672 4153 805 4212 mss.
845 4139 1050 4211 legunt,
1096 4139 1366 4212 subvectus
1394 4140 1471 4193 tui
1517 4149 1566 4194 te
1597 4140 1855 4212 gratulor.

271 4205 651 4265 Laudunensis
676 4226 691 4263 :
722 4205 993 4264 subveclus
1030 4219 1154 4264 tunc
1178 4209 1436 4278 gratulor.

348 4278 376 4318 ιι
402 4278 670 4349 lsthaecin
688 4280 994 4349 parenthesi
1013 4279 1207 4335 desunt
1228 4280 1279 4333 in
1302 4280 1538 4336 editione
1560 4279 1855 4349 Sirmondi,

273 4358 323 4406 et
362 4349 420 4405 in
451 4364 553 4420 ms.
595 4347 654 4403 S.
685 4347 963 4405 Germani.
1022 4349 1387 4420 Reperiuntur
1422 4360 1599 4408 tamen
1642 4352 1695 4406 in
1736 4347 1856 4409 om;

274 4420 443 4490 nibus:
463 4419 578 4474 fere
608 4421 995 4490 manuscriptis
1021 4430 1076 4474 et
1101 4421 1240 4490 apud
1267 4420 1654 4477 Mamerauum.

345 4501 370 4529 ο
396 4488 563 4544 Varia
605 4491 778 4561 subiit
823 4488 982 4561 Wala
1025 4488 1237 4555 exsilia,
1283 4490 1458 4561 primo
1485 4509 1629 4547 anno
1655 4491 1761 4548 830
1791 4494 1858 4549 ad
1880 4488 1939 4559 ’D

270 4559 575 4632 Lemﬁanum
604 4559 801 4625 lacum,
833 4560 1030 4617 deinde
1056 4576 1200 4617 anno
1226 4559 1531 4632 insequenti
1562 4564 1629 4617 ad
1654 4562 1853 4619 Herum

275 4631 537 4702 insulam,
564 4631 617 4684 in
647 4644 750 4702 qua
783 4640 986 4702 septem
1015 4633 1172 4686 annis
1204 4631 1376 4687 exsul
1401 4642 1586 4702 egerat
1625 4632 1682 4687 S.
1712 4635 1857 4688 Ada-

272 4700 463 4756 lardus
489 4700 619 4770 ejus.
652 4700 857 4768 fraterj
893 4717 957 4758 ac
993 4703 1208 4759 demum
1239 4702 1306 4755 ad
1331 4700 1601 4772 quoddam
1627 4702 1855 4767 Germa-

275 4773 382 4827 nlze
407 4771 814 4828 monasterium.
1351 4771 1364 4772 ί
1405 4776 1413 4785 “
1764 4775 1769 4779 ’

344 4841 373 4881 δ
415 4840 551 4898 Tres
573 4842 788 4911 Optimae
809 4852 950 4898 notre
979 4858 1135 4908 mss.,
1175 4842 1381 4898 scilicet
1406 4841 1697 4908 Puteanus,
1735 4843 1857 4901 Col-

273 4912 522 4986 pertinus
573 4912 996 4986 et__Rhemensis
1034 4912 1091 4968 S.
1131 4912 1361 4986 Remigii
1392 4915 1575 4986 legunt
1622 4915 1854 4986 actuari,

264 4974 432 5055 liuius
482 4984 600 5039 loco
628 4982 970 5055 Mameranus
999 4999 1121 5055 cum
1180 4974 1318 5040 mss:
1342 4974 1605 5040 Vaticano
1649 4993 1704 5040 et
1744 4974 1858 5041 Ro:-

276 5052 615 5125 thomageusi
647 5052 705 5109 S.
739 5053 979 5125 Audoeni
1014 5054 1216 5125 habent
1244 5056 1481 5109 accitari.

272 5146 277 5151 ·
351 5133 378 5166 ο
407 5122 1051 5198 In'editioneﬁirmondi
1092 5124 1431 5182 desideratur
1458 5125 1670 5197 spiritu,
1715 5126 1860 5198 quod

274 5208 468 5264 omnes
493 5210 622 5251 mss.
650 5194 952 5264 proferunt.

355 5265 375 5304 ί
408 5263 612 5336 ίνθιξοη
641 5263 927 5321 devotionis
956 5267 1148 5336 gratia.

350 5337 376 5378 ⁸
406 5335 482 5391 lta
504 5334 616 5393 fere
643 5352 772 5392 mss.
811 5334 1001 5392 omnes
1044 5337 1185 5392 Editi
1214 5350 1230 5390 :
1260 5346 1452 5393 noster.

269 5406 275 5412 ’
348 5405 480 5478 l[Ita
520 5407 693 5478 codex
736 5407 1295 5478 Majoris-mouasterii
1360 5425 1483 5464 cum
1531 5408 1860 5477 Sirmondo;

274 5476 369 5533 sed
394 5477 448 5531 in
482 5476 753 5547 plerisque
801 5476 932 5533 mss.
966 5486 1021 5533 et
1058 5479 1197 5550 apud
1245 5478 1612 5535 Mameranum
1646 5481 1859 5536 deside-

268 5555 436 5621 ratur
451 5559 648 5621 patent.

358 5620 372 5659 ἱ
403 5617 539 5686 Quid
568 5634 743 5675 causae
774 5618 935 5675 fuerit
961 5636 1059 5676 cur
1084 5620 1407 5677 Paschasius
1435 5621 1651 5679 clausus
1686 5623 1739 5679 in
1767 5640 1861 5681 cu-

277 5689 453 5743 stodia
502 5689 682 5753 fuerit,
738 5705 842 5744 nou
889 5691 1046 5747 facile
1075 5702 1158 5746 est
1196 5692 1458 5746 divinare.
1496 5693 1740 5749 Forsitan
1774 5697 1860 5751 hic

273 5758 452 5816 ινδιξ
477 5760 725 5831 designat
749 5761 999 5817 exsiliqu
1036 5763 1103 5817 ad
1148 5761 1325 5818 lacum
1382 5762 1700 5829 Lemunum,
1755 5785 1861 5838 quo

1882 3135 1930 3200 C

1964 1881 2074 1929 tam
2129 1882 2189 1928 ut
2223 1873 2409 1929 talium
2443 1876 2696 1931 retundat
2742 1878 3051 1943 audaciam,
3097 1894 3258 1948 quam
3312 1888 3373 1933 ut
3403 1877 3546 1948 regis

1963 1964 2220 2020 excubias
2273 1966 2541 2020 custodiat
2591 1975 2778 2021 contra
2810 1968 3025 2034 hostes;
3077 1969 3203 2038 quia
3233 1971 3333 2024 etsi
3364 1970 3546 2024 minus

1962 2063 2046 2110 est
2095 2054 2150 2109 in
2206 2055 2437 2125 eloquio,
2498 2056 2633 2111 nihil
2683 2059 3025 2126 praestantius
3066 2060 3120 2113 in
3166 2061 3391 2114 materia
3438 2076 3546 2129 qua

1963 2147 2123 2216 digne
2174 2146 2532 2204 credentibus
2563 2149 2670 2204 vita
2716 2159 3011 2221 prrcstalur
3037 2151 3462 2223 incorruptibilis
3491 2159 3551 2207 et

1962 2250 2191 2297 aeterna.

2031 2341 2168 2397 Hinc
2192 2357 2322 2414 ergo
2363 2358 2431 2398 ne
2463 2352 2622 2414 putes
2662 2360 2749 2400 me
2783 2345 2899 2412 tibi,
2939 2346 3032 2410 fili,
3082 2345 3316 2401 fabulam
3343 2346 3409 2400 de
3438 2344 3546 2400 Ma-

1960 2434 2110 2489 ronis
2131 2433 2338 2489 salsura
2363 2443 2678 2501 contexere,
2705 2437 2813 2492 imo
2840 2438 3017 2499 crede,
3046 2448 3166 2507 post
3191 2438 3274 2493 lac
3302 2436 3543 2492 infantia:

1959 2524 2096 2580 nihil
2145 2525 2316 2596 magis
2343 2527 2661 2590 cavendum,
2706 2543 2773 2582 ne
2805 2528 2856 2583 in
2887 2529 2968 2583 his
2998 2527 3269 2593 oll'endas;
3302 2526 3543 2599 nihilque

1960 2615 2200 2683 felicius,
2234 2618 2278 2672 si
2311 2619 2470 2689 digne
2497 2618 2563 2674 ad
2591 2634 2652 2675 ea
2676 2629 2833 2689 gustu
2866 2620 3186 2691 intelligibili
3220 2622 3496 2692 pertingas
3523 2638 3540 2687 ;

1959 2709 2072 2775 ubi,
2125 2712 2219 2766 si!
2254 2720 2401 2768 recte
2452 2713 2623 2782 sapio,
2672 2713 3055 2782 quotienslibet
3080 2714 3374 2778 recumbis,
3400 2715 3544 2769 inter

1958 2803 2270 2875 angelorum
2300 2802 2656 2875 frequentiam
2695 2816 2749 2861 et
2789 2816 3099 2863 sanctorum
3142 2808 3380 2863 omnium
3411 2823 3545 2879 epu-

1959 2894 2063 2958 las,
2094 2896 2218 2964 quia
2257 2895 2562 2952 convivium
2601 2900 2619 2934 τ
2664 2908 2747 2953 est
2774 2900 2915 2968 regis
2945 2899 3158 2964 aeterni,
3201 2899 3539 2955 adunsccris.

1965 2987 2061 3044 Ubi
2092 3003 2321 3059 sponsus
2348 2997 2403 3045 et
2431 3006 2629 3060 sponsa
2674 2991 2920 3047 dulcibus
2949 2992 3263 3048 deliciarum
3288 2992 3544 3047 fruuntur

1961 3083 2299 3143 muneribus.
2328 3091 2381 3138 et
2405 3080 2518 3137 Rex
2550 3085 2717 3140 totius
2742 3093 3008 3140 creaturae
3030 3086 3268 3155 quotidie
3301 3086 3541 3156 ingredi-

1963 3185 2073 3241 tur,
2104 3184 2162 3228 ut
2184 3176 2363 3230 videat
2391 3176 2810 3238 discumbentes,
2844 3178 2886 3232 si
2923 3186 3125 3233 vestem
3158 3178 3209 3232 in
3234 3195 3335 3248 qua
3370 3178 3545 3233 renati

1962 3274 2089 3321 sunt
2131 3267 2368 3322 habeant
2400 3268 2716 3339 nuptialem.
2767 3268 2920 3325 Unde
2967 3270 3115 3341 quia,
3146 3271 3464 3337 charissima
3489 3282 3540 3337 ιι,

1962 3358 2088 3412 talia
2114 3358 2470 3429 periculosius
2491 3370 2574 3415 est
2598 3376 2943 3430 praesumere,
2971 3377 3207 3432 opesque
3229 3362 3542 3417 deliciarum

1962 3448 2162 3504 Christi
2195 3449 2399 3505 fmdare
2435 3451 2560 3505 vitae
2602 3453 2942 3517 criminibus,
2975 3462 3031 3508 et
3055 3468 3174 3524 qua:
3202 3462 3388 3509 sancta
3416 3460 3542 3508 sunt

1963 3539 2305 3610 impudenter
2325 3542 2613 3614 attingere,
2640 3543 2798 3599 velim
2829 3558 3024 3598 caveas
3044 3545 3110 3598 ad
3139 3530 3389 3599 lucc‘una
3418 3558 3542 3599 cum

1965 3632 2148 3703 iniqua
2178 3633 2490 3704 gerentibus
2511 3634 2758 3691 introire.
2787 3635 2898 3691 lmo
2920 3635 3041 3691 lava
3062 3636 3207 3692 inter
3229 3636 3544 3690 innocentes

1957 3789 2110 3862 jtlssu
2141 3787 2366 3860 Augusti
2407 3789 2471 3844 ad
2510 3805 2633 3845 eum
2683 3790 2898 3857 missus,
2930 3789 3240 3862 aliquandiu
3272 3789 3542 3844 demorari

1962 3860 2158 3930 potuit.

2037 3929 2051 3982 i
2093 3929 2290 3994 Vatic.,
2321 3930 2552 4000 facilius.

2036 4001 2067 4075 If
2092 4001 2147 4056 ln
2169 4000 2442 4075 plerisque
2470 4002 2853 4075 manuscriptis
2874 4002 3070 4075 legitur
3098 4003 3448 4067 communius,
3490 4002 3544 4056 in

1963 4072 2282 4144 quibusdam
2309 4072 2671 4126 communiter.
2936 4072 2950 4075 ⁷
3470 4076 3475 4081 ’

2041 4142 2058 4181 1
2090 4142 2254 4214 Editi,
2284 4159 2400 4214 quas
2423 4144 2500 4196 tui
2521 4152 2877 4214 rip-retexantur
2900 4159 3097 4199 amore.

1978 4232 1987 4241 ο
2036 4225 2075 4254 ω
2104 4212 2585 4267 Ειιίιίσὸἰιιιηοηιὶί
2631 4214 2789 4279 unde,
2824 4215 2918 4270 sed
2967 4214 3158 4271 melius
3197 4215 3362 4278 unda,
3404 4225 3463 4268 ut
3490 4215 3545 4270 in

1963 4300 2066 4342 ms.
2096 4282 2654 4354 Maioris-monasterii
2693 4293 2748 4338 et
2792 4283 2932 4351 aliis,
2969 4285 3052 4340 vel
3079 4294 3138 4339 ut
3164 4286 3365 4341 habent
3406 4284 3576 4339 Lau-'

1961 4358 2162 4427 hieus.,
2193 4363 2248 4410 et
2273 4368 2414 4409 unus
2436 4356 2617 4425 regius
2643 4356 2835 4421 codex,
2864 4356 3020 4412 unda:
3048 4355 3345 4421 liberalium
3366 4358 3549 4427 attige-

1964 4434 2084 4484 rant
2105 4424 2422 4479 litterarum.
2506 4424 2513 4425 ί
3054 4441 3063 4451 ί

2028 4506 2056 4534 ι’
2082 4495 2252 4550 Laub.
2271 4504 2328 4549 et
2350 4493 2530 4559 Mart.,
2553 4494 2776 4565 plenius.

2040 4574 2064 4602 ο
2097 4565 2344 4630 Mamer.,
2376 4565 2578 4634 fructus
2604 4566 2875 4621 mercedis.

1960 4706 1980 4761 1
2037 4634 2380 4719 {Vaticanus
2426 4636 2596 4691 codex
2642 4651 2749 4691 non
2800 4636 3030 4717 invidus,
3086 4638 3181 4694 sed
3241 4639 3543 4694 immundus

1985 4717 2111 4761 emt.

1985 4707 2111 4761 egit.
2814 4710 2819 4717 '

1958 4723 2336 4843 -ωῗιῇίδηϊθικ,
2380 4777 2627 4847 praesidia
2660 4777 2762 4832 ista
2800 4793 2902 4834 non
2928 4778 3121 4850 absque
3156 4779 3388 4849 periculo
3417 4796 3544 4834 con-

1962 4858 2138 4903 temm.
2934 4888 2939 4895 κ

2038 4928 2060 4956 ι’
2090 4917 2250 4981 Editi,
2280 4917 2469 4982 uibrat,
2497 4928 2615 4973 tam-
2634 4930 2688 4973 ut
2715 4919 2899 4974 talium
2925 4919 3206 4973 retundant
3239 4921 3540 4986 audaciam,

1960 5005 2124 5060 quam
2149 4998 2210 5060 ut
2240 4989 2372 5058 regis
2395 4989 2638 5044 excubias
2660 4991 2953 5060 custodiant
2979 5000 3160 5044 contra
3182 4991 3371 5044 hostes.

2036 5070 2058 5098 ³
2092 5058 2321 5130 Optimae
2370 5069 2508 5115 notae
2554 5061 2769 5130 codices
2826 5059 3117 5124 Puteanus,
3173 5059 3540 5126 Colberliuus,

1965 5128 2280 5194 Vaticanus,
2320 5130 2640 5201 themensis
2676 5129 2734 5186 S.
2782 5130 3033 5201 Remigii,
3062 5131 3399 5201 Laulgieusis,
3432 5129 3543 5185 Rn-

1965 5201 2333 5272 tbomagensis
2355 5200 2414 5255 S.
2442 5200 2708 5265 Audoeni,
2733 5201 3081 5272 Turoni-usis,
3109 5200 3543 5267 Majoris-utoua-

1964 5271 2136 5336 sterii,
2162 5270 2348 5343 regius
2370 5288 2506 5327 unus
2529 5272 2729 5343 legunt,
2756 5270 2861 5335 Qui
2882 5271 2927 5325 si
2957 5280 3090 5343 recte
3119 5275 3319 5342 sapias.
3355 5272 3542 5338 Manu,

1964 5358 2082 5414 qua:
2118 5343 2163 5396 si
2192 5340 2327 5414 recte
2366 5344 2561 5414 sapias.
2586 5340 2789 5414 'Codex
2818 5340 3544 5414 vero.lljlajnriSAnouasterii

1966 5410 2116 5467 addit
2144 5431 2157 5468 :
2190 5410 2617 5480 Quandocuuque
2646 5412 2739 5465 tibi
2779 5410 2945 5480 placet
2968 5410 3122 5467 .illud
3149 5422 3543 5469 sacrosanctum

1966 5483 2225 5538 celebrare
2274 5483 2351 5537 vel
2396 5483 2710 5553 participare
2762 5484 3086 5552 mysterium,
3138 5486 3543 5555 quotiescunque

1965 5555 2239 5616 recumbis,
2268 5564 2375 5610 etc.
2949 5606 2953 5613 ,
3124 5558 3130 5562 “

2044 5631 2060 5662 ι
2094 5624 2225 5679 Cod.
2254 5624 2431 5693 regius
2470 5638 2629 5685 unus,
2660 5623 2747 5693 qui
2760 5622 2837 5677 ad
2863 5625 3170 5679 convivium.

2035 5706 2063 5735 ιι
2092 5695 2269 5749 Editio
2316 5692 2502 5754 Sirm..
2535 5692 2829 5762 commune,
2877 5705 3062 5752 contra
3106 5696 3263 5754 fidem
3300 5695 3544 5752 omnium

1966 5784 2093 5823 mss.
2127 5766 2217 5835 qui
2250 5764 2776 5836 Ieguntcharissime.
2850 5766 2859 5774 ’
2937 5770 2941 5775 ‘
