4078 6348
402 276 409 280 ⁴
483 273 617 330 1267

1267 270 1323 326 S.
1361 270 1720 329 PASCHASII
1752 267 2106 331 BADBERTI
2142 268 2435 326 ABBATIS
2470 268 2921 329 CORBEIENSIS

3608 280 3755 339 1268

482 400 693 448 manus,
724 385 848 456 quia
873 385 985 457 jam
1042 385 1213 439 sacris
1259 400 1319 441 es
1372 384 1564 441 ciliciis
1611 388 1970 458 mancipatus,
2006 393 2067 440 ut
2092 387 2142 447 Α
2171 385 2283 441 rius
2313 394 2401 440 tua
2446 368 2694 459 perlegat
2726 387 2975 456 infantia,
3004 390 3226 460 placuit,
3259 393 3599 462 charissima,
3650 414 3758 454 ca-

484 479 602 535 sine
624 478 863 552 periculo
893 478 1068 551 possis
1111 479 1370 533 accedere
1408 480 1475 534 ad
1513 481 1819 545 commissa,
1847 489 1903 536 et
1937 495 2061 536 cum

483 567 677 625 ﬁducia
706 570 1022 640 contingere
1052 570 1175 625 vita:
1194 587 1417 642 pascua,
1448 572 1645 641 quibus
1666 588 1797 627 sane
1828 571 2062 629 refectus

480 667 535 714 et
558 674 730 729 usque
763 660 831 713 ad
858 659 1018 713 linem
1061 660 1186 715 vitm
1233 661 1395 732 digne
1439 662 1697 728 nutritus,
1727 661 1906 717 valeas
1936 678 2063 733 per-

480 755 665 807 venire
708 752 773 809 ad
818 751 995 807 locum
1043 754 1376 808 tabernaculi
1422 746 1753 810 admirabilis
1779 771 1948 826 usque
1992 756 2061 811 ad

480 842 699 897 domum
759 843 873 906 Dei,
929 844 982 897 in
1016 861 1147 899 voce
1189 845 1571 904 cxsultationis
1599 857 1652 904 et
1680 849 2059 917 confessionis,

479 935 568 990 ubi
601 952 764 992 sonus
788 946 871 993 est
897 939 1185 1009 epulantis.
1233 941 1348 997 Noli
1379 959 1507 1013 ergo
1532 946 1920 1016 parvipendere
1951 956 2064 1009 tan-

475 1036 587 1081 tam
620 1029 873 1101 gratiam,
920 1033 1012 1086 sed
1044 1032 1109 1088 de
1158 1033 1261 1089 hoc
1302 1035 1496 1107 exiguo
1520 1035 1764 1094 lectionis
1800 1038 2058 1108 intellige,

477 1130 679 1190 quanta
735 1123 807 1178 sit
854 1124 1028 1180 virtus
1069 1126 1233 1179 vitam
1281 1137 1539 1182 :eternam
1572 1130 2059 1201 imprmsentiarum

477 1211 746 1281 accipere,
798 1223 854 1268 et
898 1213 1155 1287 angelicis
1178 1216 1319 1271 escis
1362 1218 1604 1288 quotidie
1629 1219 1885 1289 saginari.
1917 1219 2060 1287 Quo-

475 1300 621 1356 niam
651 1304 751 1358 etsi
782 1320 812 1358 a
845 1304 954 1360 Deo
984 1318 1008 1345 α
1038 1305 1193 1378 plena
1222 1315 1347 1363 sunt
1373 1308 1576 1374 omnia,
1606 1324 1705 1364 nos
1727 1325 1941 1380 quoque
1967 1325 2059 1369 c0-

475 1409 590 1448 ram
634 1396 805 1451 oculis
853 1398 1047 1453 divinte
1081 1400 1381 1471 majestatis
1403 1416 1619 1473 semper
1663 1418 1968 1469 versamur,
2003 1412 2061 1462 et

436 1511 448 1518 ι
472 1486 697 1556 perﬁdis
740 1489 938 1559 ubique
968 1485 1149 1547 nullus
1175 1501 1322 1549 tutus
1362 1502 1441 1549 est
1480 1495 1651 1560 locus,
1685 1504 1861 1551 tamen
1889 1497 2058 1566 pluri-

473 1593 620 1635 mum
650 1596 832 1636 coram
865 1585 1066 1640 sanctis
1116 1584 1378 1642 altaribus
1419 1587 1781 1659 frequentiam
1837 1588 2057 1660 angelo-

474 1684 591 1723 rum
625 1671 939 1745 vultumque
977 1674 1069 1730 Dei
1103 1677 1524 1747 contemplante,
1569 1680 1748 1735 divina
1796 1679 2052 1752 obsequia

469 1761 761 1822 observare
806 1777 1022 1839 oportet
1069 1779 1123 1825 et
1159 1770 1334 1827 vereri
1366 1771 1415 1825 b.
1454 1772 1580 1829 Haec
1607 1783 1785 1828 autem
1816 1783 1876 1830 ut
1896 1789 2053 1831 secu-

506 1911 567 1939 κ·
612 1899 688 1954 lta
726 1900 1070 1958 Mameranus
1104 1920 1227 1959 enm
1277 1913 1402 1961 octo
1431 1920 1564 1962 mss.
1594 1904 1869 1963 Sirmoud.
1925 1923 2053 1964 vero

470 1967 600 2079 legit
631 1974 728 2025 etsi
755 1972 861 2025 Deo
881 1973 1036 2043 pina
1064 1985 1184 2030 sunt
1206 1976 1405 2031 omnia.

560 2062 565 2067 ~
601 2040 676 2079 Mc
727 2041 765 2079 Ω
824 2042 1056 2079 Asuhmni
1106 2047 1337 2079 ..Μαι-η.ιὸ

560 2062 565 2077 τ
597 2040 694 2095 Ms.
727 2041 784 2097 S.
817 2040 1082 2109 Audoeni,
1106 2047 1356 2100 venerari.

542 2119 566 2149 ι
602 2109 735 2165 Tres
766 2128 919 2177 mss.,
950 2114 1304 2184 eliquaverim.

2168 475 2397 533 tholicos
2423 477 2678 536 Ecclesia:
2708 480 2960 536 doctores
2985 480 3038 534 in
3070 482 3336 553 principio
3368 486 3651 553 adnotare,
3676 504 3758 545 ex

2163 568 2360 638 quibus
2388 583 2560 638 pauca
2588 569 2654 625 de
2674 570 2922 641 pluribus
2951 573 3105 642 quasi
3140 573 3224 629 lac
3256 577 3632 634 teneritudinis
3650 578 3763 634 eli-

2163 660 2512 730 quaverimus
2541 671 2591 727 ε,
2620 659 2949 733 Cyprianum
2983 664 3211 729 scilicet,
3260 665 3631 733 Ambrosium,
3661 668 3764 726 Hi-

2161 753 2377 818 larium,
2430 754 2813 825 Augustinum,
2856 753 3138 820 Joannem,
3170 756 3581 831 Hieronymum,
3610 760 3761 819 Gre-

2162 847 2394 919 gorium,
2432 847 2720 913 lsidorum,
2750 847 2963 904 lsicium
3000 858 3055 904 et
3076 849 3279 906 Bedam
3306 850 3357 918 ἀ,
3397 868 3627 922 quorum
3653 856 3767 912 do-

2132 936 2139 942 ’
2164 946 2338 1001 ctrina
2368 953 2421 997 et
2446 944 2550 1001 ﬁde
2575 946 2829 1027 imbutus,
2856 946 3051 1003 melius
3078 948 3254 1017 possis
3291 947 3359 1002 ad
3390 948 3581 1004 altiora
3619 965 3764 1019 pro—

2163 1034 2346 1090 licere.
2374 1034 2571 1090 Nostro
2587 1036 2803 1106 quidem
2830 1034 2971 1108 stylo
2995 1052 3138 1092 nunc
3158 1053 3374 1093 sensum
3397 1055 3584 1095 eorum
3599 1056 3765 1096 eom-

2162 1128 2447 1193 mendans,
2479 1145 2623 1184 nunc
2650 1146 2778 1184 vero
2804 1131 3041 1201 propriis
3072 1146 3262 1186 eorum
3295 1132 3475 1188 verbis
3503 1144 3527 1175 ο
3563 1144 3761 1200 utens,

2162 1232 2283 1287 qua:
2336 1227 2458 1288 apta
2496 1230 2654 1275 erant
2699 1237 2819 1275 meo
2870 1222 3048 1277 studio
3102 1224 3418 1293 temperavi.
3468 1224 3762 1280 Interdum

2162 1316 2340 1365 autem
2369 1325 2489 1380 qua:
2518 1310 2798 1368 manifesta
2824 1329 2929 1369 non
2954 1314 3172 1375 dubium
3208 1314 3227 1353 τ
3263 1316 3598 1381 videbantur,
3615 1332 3767 1373 vera

2163 1403 2373 1458 ratione
2404 1404 2637 1470 ﬁrmavi,
2685 1414 2740 1460 et
2764 1415 2950 1461 contra
2993 1423 3221 1477 qumque
3248 1408 3302 1461 in
3357 1408 3597 1478 ejusdem
3624 1409 3765 1464 libri

2162 1495 2408 1565 margine
2454 1494 2665 1550 litteras
2696 1498 2975 1552 doctorum
3018 1513 3155 1566 quos
3200 1498 3453 1569 prmmisi,
3492 1514 3559 1554 ex
3591 1500 3767 1554 initio

2160 1588 2396 1642 nominis
2424 1602 2454 1643 e
2492 1590 2711 1660 regione
2742 1591 2907 1661 ﬁgere
2952 1591 3162 1653 curavi,
3193 1599 3413 1661 propter
3456 1591 3600 1662 quod
3630 1591 3766 1663 lege

2162 1694 2386 1736 securus
2415 1689 2469 1735 et
2495 1679 2698 1751 perﬁce
2719 1696 2838 1751 qua:
2863 1681 3047 1736 monui
3076 1682 3320 1737 devotus.

2678 1773 2908 1845 Explicit
2942 1774 3228 1845 Prologus.

2229 1905 2257 1947 ἀ
2282 1905 2626 1961 Mamertinus
2650 1905 2832 1961 omisit
2862 1906 3129 1960 lsidorum
3159 1915 3213 1961 et
3238 1905 3455 1960 Bedam.

2234 1989 2257 2048 ὲ
2288 1976 2642 2048 Μεηιιξςτίριί
2671 1978 2778 2032 duo
2805 1977 2959 2048 regii,
3006 1979 3171 2032 verbis
3218 1987 3269 2032 et
3292 1976 3539 2048 exemplis
3563 1986 3751 2048 utens.

2234 2047 2255 2086 ἲ
2286 2046 2385 2101 Ms.
2445 2046 2502 2102 S.
2562 2046 2829 2114 Audoeni,
2874 2046 3116 2103 nondum
3167 2047 3491 2103 videbantur.
3540 2047 3755 2114 Vatic.,

2158 2134 2263 2172 non
2296 2117 2457 2171 dubia
2488 2118 2815 2174 videbantur.

470 2234 3737 2267 *ΨΜ

1844 2397 1876 2438 ³
1926 2397 2337 2475 INCIPIT

843 2598 1316 2725 LIBER
1413 2599 1540 2730 S.
1646 2599 2478 2733 PASCHASII
2575 2599 3374 2729 RADBERTI

964 2865 1108 3017 DE
1215 2864 1711 3024 Cillil’illll}
1819 2871 1966 3025 ΕΤ
2076 2869 2655 3029 SANGUINE
2765 2867 3217 3023 DilllINl.

971 3224 1200 3282 CAPUT
1237 3224 1530 3283 PRIMUM.

467 3321 665 3379 Christi
692 3318 1107 3376 communionem
1125 3334 1299 3392 verum
1325 3335 1512 3392 corpus
1531 3319 1647 3390 ejus
1670 3328 1719 3379 et
1743 3320 2052 3392 sanguinem

947 3405 1055 3444 esse
1078 3406 1182 3443 non
1206 3390 1577 3444 dubitandum.

544 3505 596 3559 1.
612 3500 852 3571 Quisque
871 3498 1263 3556 catholicorum
1281 3507 1429 3555 recte
1443 3499 1612 3555 Deum
1628 3508 1821 3557 cuncta
1837 3516 2053 3559 creasse

472 3615 540 3655 ex
568 3595 738 3652 nihilo
757 3595 921 3651 corde
952 3593 1127 3650 credit
1156 3594 1222 3648 ad
1253 3592 1542 3662 justitiam,
1568 3602 1621 3648 et
1641 3608 1737 3650 ore
1762 3594 2055 3650 conﬁtetur

470 3692 538 3748 ad
561 3690 812 3755 salutem,
864 3703 1137 3758 nunquam
1164 3687 1413 3742 dubitare
1438 3689 1725 3758 poteritex
1753 3688 1933 3760 aliquo
1958 3688 2056 3743 ali-

460 3782 600 3855 quid
630 3796 820 3838 rursus
844 3780 959 3835 ﬁeri
986 3794 1168 3852 posse,
1194 3779 1348 3850 quasi
1380 3790 1569 3835 contra
1602 3788 1852 3835 naturam
1884 3780 2052 3847 aliud,

462 3875 580 3930 imo
593 3873 718 3943 jure
740 3881 965 3936 naturae,
997 3871 1142 3941 quod
1169 3871 1400 3925 necdum
1426 3880 1563 3925 erat.
1593 3871 1867 3942 (August.)
1914 3870 2053 3927 Nam

473 3974 668 4020 natura
695 3962 936 4019 omnium
963 3972 1339 4016 creaturarum
1381 3976 1490 4017 non
1520 3977 1587 4017 ex
1639 3977 1698 4018 se
1741 3970 1847 4027 est,
1878 3977 2056 4034 neque

471 4071 537 4114 ex
571 4070 693 4112 sese
716 4065 866 4110 creat
892 4068 1106 4109 rursum
1131 4052 1334 4118 omnia,
1362 4070 1481 4125 quas
1509 4053 1596 4109 vel
1627 4064 1751 4111 sunt
1783 4054 2056 4123 naturalia

474 4162 657 4204 rerum
687 4145 964 4202 nascentia
988 4145 1038 4210 ι),
1068 4144 1163 4201 sed
1185 4144 1458 4201 voluntate
1486 4147 1580 4204 Dei
1608 4148 1849 4203 omnium
1872 4162 2055 4203 rerum

474 4246 669 4294 natura
699 4236 912 4293 condita
940 4243 1043 4291 est.
1074 4234 1366 4306 Pr0pterea
1388 4237 1619 4308 quisque
1645 4246 1794 4292 recte
1824 4238 1967 4308 sapit
2002 4247 2050 4304 ο,

470 4343 580 4384 non
610 4336 857 4383 naturam
889 4341 1107 4384 causam
1140 4324 1269 4383 dicit
1289 4343 1407 4383 esse
1434 4342 1636 4395 rerum,
1682 4327 1777 4385 sed
1811 4329 2054 4385 omnium

474 4430 788 4477 naturarum
807 4431 861 4477 et
886 4437 954 4477 ex
981 4429 1172 4476 natura
1194 4421 1274 4476 sui
1299 4421 1513 4493 generis
1528 4420 1864 4477 nascentium
1890 4419 1918 4460 ἀ
1955 4436 2053 4476 vo-

475 4515 736 4571 luntatem
759 4514 852 4571 Dei
881 4529 1003 4570 esse
1031 4512 1339 4570 conﬁtetur.
1357 4513 1527 4569 Porro
1544 4511 1793 4569 voluntas
1821 4512 1915 4568 Dei
1940 4521 2048 4569 tam

467 4603 657 4662 ellicax
684 4614 839 4662 estet
866 4607 1228 4677 omnipotens,
1261 4612 1321 4659 ut
1365 4603 1481 4674 ejus
1524 4602 1663 4659 velle
1713 4602 1886 4659 solum
1931 4602 2048 4659 ﬁeri
2078 4589 2130 4650 Ι)

472 4698 563 4763 sit,
590 4713 652 4753 ac
674 4711 775 4768 per
799 4699 900 4753 hoc
918 4696 1152 4752 voluisse
1179 4696 1350 4759 illum,
1392 4693 1585 4750 fecisse
1628 4701 1730 4750 est.
1764 4694 1921 4751 Unde
1964 4695 2052 4752 ni-

444 4774 447 4777 ’
472 4788 669 4844 mirum
693 4788 931 4843 omnium
969 4801 1150 4842 rerum
1178 4793 1235 4840 et
1269 4791 1587 4840 naturarum
1613 4799 1779 4843 causa
1810 4785 1924 4842 sola
1953 4800 2052 4840 vo-

539 4916 565 4943 ιι
606 4901 833 4956 Variant
866 4902 1011 4955 circa
1057 4901 1202 4954 hunc
1229 4898 1442 4953 titulum
1491 4898 1707 4954 codices
1748 4913 1879 4953 mss.
1902 4896 2052 4959 Rhe-

468 4973 670 5027 mensis
696 4970 755 5026 S.
792 4970 1021 5039 Remigii
1047 4970 1127 5025 sic
1165 4967 1338 5039 legit:
1373 4967 1564 5039 Incipit
1606 4978 1774 5039 textus
1816 4969 1937 5021 libri
1985 4970 2050 5031 de

469 5059 679 5111 corpore
700 5040 909 5095 Christi.
939 5037 1053 5111 Duo
1085 5037 1256 5111 regii:
1281 5039 1310 5093 1
1315 5040 1471 5111 ηςίρὶι
1487 5037 1617 5111 iiber
1634 5037 1907 5111 Paschasii
1929 5040 2046 5111 dia-

468 5108 593 5192 coni.
607 5114 671 5166 de
702 5112 955 5192 mysterio
971 5108 1217 5192 Corporis
1245 5121 1304 5192 ἐι
1337 5108 1871 5192 ξαηῳιὶηἱξβοηιληὶ
1914 5108 2046 5192 {esss

467 5180 661 5237 Christ.
704 5176 883 5251 Codex
923 5178 980 5235 S.
1005 5176 1297 5251 Germani:
1346 5176 1539 5251 Incipit
1586 5177 1714 5251 liber
1748 5176 2047 5251 LPaschasii

472 5253 722 5307 Radberti
744 5249 935 5305 Levitm
957 5251 1021 5304 de
1045 5248 1385 5306 Sacramenta
1399 5246 1644 5319 Corporis
1665 5258 1710 5303 et
1736 5246 2043 5320 Sanguinis.

467 5323 831 5386 Corbciensis,
865 5321 1051 5391 Incipit
1078 5320 1206 5375 liber
1228 5321 1292 5375 de
1315 5320 1689 5391 Sacraynrnlis.

542 5395 569 5434 ιι
608 5394 685 5448 ita
716 5386 1333 5474 optigugriotgepodicqs
1365 5386 2042 5474 Lattbien.sis,‘vatieanus.,

467 5457 800 5519 Turonensis
825 5460 883 5517 S.
911 5461 1145 5521 Martini.
1190 5460 1640 5528 Rothomagensis
1691 5457 1748 5514 S.
1782 5458 2046 5526 Andoeni,

468 5534 792 5590 Rhemensis
826 5530 883 5587 S.
913 5533 1159 5596 Remigii,
1183 5540 1240 5587 et
1264 5533 1370 5585 duo
1398 5528 1457 5585 S.
1490 5528 1766 5593 Germani,
1791 5545 1882 5584 sex
1918 5529 2049 5584 Cor-

471 5549 792 5590 nucmensns
826 5549 883 5587 δ.
913 5549 1063 5587 nem:
1106 5549 1159 5596 ιι,
1183 5549 1240 5587 et
1264 5549 1370 5585 uno
1399 5549 1457 5585 δ.
1490 5549 1766 5593 uer-mam,
1791 5549 1882 5584 sex
1918 5549 2049 5584 eor-

467 5606 731 5661 beienses.
800 5603 938 5658 Editi
982 5620 995 5655 :
1046 5549 1177 5668 gate
1222 5611 1524 5672 pascuntur
1561 5601 1825 5672 naturalia
1876 5616 2051 5672 rerum

469 5675 754 5745 nascentia,
790 5675 984 5745 quibus
1016 5669 1253 5745 concurrit
1287 5673 1453 5745 codex
1475 5669 1692 5745 Majoris
1710 5671 2045 5745 monasterii.

548 5756 568 5791 ε
608 5742 770 5817 Editi,
794 5741 914 5802 cum
929 5744 1114 5802 codice
1137 5741 1467 5817 Florentino,
1491 5742 1535 5798 si
1558 5750 1695 5797 recte
1715 5743 1874 5817 sapit.

2075 3227 2122 3291 C
2153 3228 2332 3285 luntas
2354 3230 2448 3286 Dei
2478 3231 2601 3301 jure
2622 3230 2880 3286 creditur.
2918 3229 3150 3301 Ideoque
3190 3230 3534 3302 quotieslibet
3563 3232 3619 3286 in
3642 3241 3759 3299 ει

2156 3323 2277 3379 culo
2305 3324 2520 3379 videtur
2565 3323 2718 3395 quasi
2758 3334 2949 3380 contra
2974 3331 3227 3378 naturam
3268 3322 3470 3394 aliquid
3498 3325 3752 3399 evenire,

2154 3414 2553 3486 quodammodo
2580 3430 2683 3469 non
2717 3424 2903 3470 contra
2936 3423 3183 3469 naturam
3225 3422 3326 3480 est,
3370 3416 3493 3486 quia
3524 3410 3758 3485 putissi'c

2154 3521 2300 3562 mum
2362 3521 2546 3560 rerum
2598 3515 2790 3561 natura
2844 3514 3151 3560 creatarum
3188 3516 3212 3545 ο
3259 3505 3362 3560 hoc
3412 3506 3574 3560 habet
3625 3507 3757 3563 exi-

2152 3597 2326 3653 mium
2358 3595 2378 3635 τ
2420 3604 2480 3651 ιιι
2508 3612 2537 3650 a
2573 3612 2679 3666 quo
2707 3605 3043 3667 est,semper
3062 3595 3180 3665 ejus
3197 3597 3529 3667 obtemperet
3547 3595 3752 3669 jussis,

2155 3694 2217 3741 ut
2242 3687 2381 3742 sicut
2410 3686 2543 3741 velle
2571 3687 2663 3742 Dei
2686 3686 2802 3756 ejus
2832 3686 3075 3758 profecto
3110 3697 3199 3743 est
3227 3702 3366 3753 esse,
3409 3687 3480 3741 ita
3525 3703 3756 3758 quoque

2157 3776 2419 3847 quidquid
2447 3791 2568 3830 eam
2588 3792 2779 3831 rursus
2815 3775 2909 3832 Dei
2932 3777 3105 3832 virtus
3133 3791 3254 3833 esse
3281 3776 3599 3838 decreverit,
3617 3777 3755 3847 jure

2155 3875 2250 3921 aut
2274 3868 2569 3924 crescendo
2600 3879 2881 3939 augeatur,
2932 3876 3025 3923 aut
3070 3868 3343 3924 nascendo
3376 3871 3422 3933 ε,
3473 3867 3603 3923 licet
3644 3883 3755 3938 pro

2158 3960 2375 4016 nostris
2398 3959 2620 4016 oﬂ‘eusis
2651 3960 3006 4026 diminuatur,
3038 3967 3131 4015 aut
3176 3940 3433 4015 mutando
3485 3955 3538 4013 in
3593 3958 3752 4041 aliud

2157 4054 2377 4109 omnino
2410 4054 2553 4124 quod
2581 4069 2687 4108 non
2718 4062 2857 4119 erat,
2899 4053 3263 4124 praetermisso
3292 4063 3498 4109 naturae
3524 4052 3752 4121 ordine,

2157 4156 2525 4212 convertatur,
2553 4147 2853 4204 rectissime
2882 4146 3191 4204 conﬁtetur.
3219 4146 3354 4202 Hinc
3372 4163 3498 4218 ergo
3518 4130 3757 4225 pulchr-fe

2157 4253 2187 4291 a
2230 4239 2460 4309 quodam
2490 4250 2772 4310 poetarum
2794 4249 3099 4297 nostrorum
3129 4238 3366 4312 (Sedulio
3407 4238 3623 4308 scilicet)
3660 4238 3759 4315 die

2159 4341 2304 4389 ctum
2345 4339 2430 4388 est
2446 4350 2459 4386 :

2890 4460 3121 4511 Subditur
3152 4473 3309 4510 omnis

2309 4523 2534 4585 Imperiis
2557 4528 2725 4572 natura
2748 4524 2873 4585 tuis,
2888 4524 3085 4584 rituque
3104 4520 3284 4579 soluto,

2307 4583 2508 4637 Transit
2531 4587 2580 4634 in
2604 4585 2833 4634 adversas
2860 4584 2996 4648 jussu
3010 4583 3301 4634 dominante
3322 4583 3521 4646 ﬁguras.

2231 4698 2497 4786 Quoniam
2551 4706 2703 4753 extra
2751 4697 3049 4768 potentiam
3081 4695 3175 4751 Dei
3207 4694 3344 4751 nihil
3373 4704 3479 4761 est,
3535 4693 3752 4759 idcirco

2155 4792 2337 4847 omnia
2380 4798 2557 4860 potest
2585 4791 2633 4845 ιι.
2677 4788 2861 4859 Neque
2910 4790 3053 4844 enim
3093 4789 3172 4844 sic
3205 4787 3446 4843 condidit
3494 4788 3749 4843 omnium

2224 4903 2252 4943 ά
2292 4902 2633 4959 Mamertinus
2660 4910 2714 4957 et
2744 4901 2931 4967 Sirm.,
2960 4900 3316 4955 denascentia.
3368 4898 3539 4954 Laub.
3588 4896 3752 4954 Vati-

2153 4990 2342 5045 canus,
2372 4973 2823 5045 Rothomageusis
2860 4970 2916 5027 S.
2950 4970 3214 5036 Audoeui,
3248 4979 3304 5026 et
3351 4985 3491 5025 unus
3535 4970 3747 5042 regina

2152 5042 2561 5098 denasceutium.
2648 5042 2668 5045 ⁷
3079 5112 3108 5114 ν
3454 5111 3464 5114 _
3691 5112 3695 5114 γ

2227 5130 2246 5152 ο
2288 5114 2428 5168 Editi
2462 5155 2476 5175 ,
2526 5124 2889 5169 creaturarum
2922 5154 2937 5178 ,
2991 5112 3183 5168 melius
3228 5120 3285 5168 et
3332 5111 3537 5168 rectius
3578 5112 3745 5176 11188.,

2151 5194 2532 5257 creaturarum.
2592 5244 2723 5257 du
2817 5254 2885 5257 γ,
2949 5255 2957 5257 _
3075 5254 3085 5257 _
3144 5254 3154 5257 _
3243 5192 3249 5198 ’

2230 5253 2248 5293 ί
2295 5253 2390 5307 Ms.
2429 5255 2558 5308 Tur.
2586 5253 2649 5309 SI
2676 5254 2910 5318 Martini,
2937 5255 3035 5309 hoc
3064 5254 3215 5308 habet
3237 5253 3528 5322 proprium.

2231 5326 2258 5366 ⁸
2296 5324 2395 5379 Ms.
2426 5323 2483 5378 S.
2513 5326 2775 5386 Audoeui,
2809 5335 2899 5379 aut
2928 5323 3289 5379 decrescendo.

2224 5397 2251 5437 ιι
2295 5395 2353 5449 1η
2390 5395 2575 5450 codice
2617 5395 2905 5465 Laubiensi
2944 5394 3250 5465 hicineipit
3297 5405 3460 5465 caput
3506 5393 3750 5464 primum

2157 5483 2278 5522 cum
2311 5467 2413 5520 hoc
2439 5466 2592 5521 titulo
2621 5484 2633 5519 :
2669 5466 2823 5532 Quod
2853 5464 2951 5519 Dei
2973 5464 3213 5519 voluntas
3229 5464 3388 5518 causa
3418 5465 3485 5518 sit
3509 5466 3751 5519 omnium

2156 5548 2475 5597 creaturam,
2520 5547 2568 5589 et
2610 5537 2728 5590 ideo
2778 5537 3033 5590 neminem
3100 5551 3299 5588 movere
3364 5535 3552 5588 debere
3602 5532 3752 5604 quod

2156 5624 2272 5662 tera
2291 5609 2356 5660 sit
2382 5624 2504 5661 caro
2526 5605 2744 5672 Christi,
2784 5616 2831 5660 et
2864 5622 3008 5661 verus
3047 5607 3281 5676 sanguis,
3307 5621 3459 5678 quem
3480 5607 3546 5659 de
3583 5604 3752 5662 altari

2155 5693 2428 5733 sumimus.
