4078 6348
452 376 583 439 12⁸⁷1

1245 377 1303 434 S.
1342 328 1699 435 PﬁSCHASll
1737 372 2085 431 BADBERTI
2121 371 2415 430 ABBATIS
2448 370 2899 431 COBBEIENSIS

3498 438 3501 439 ί
3591 326 3738 428 ms

447 520 507 561 se
532 484 651 573 Ejus
677 514 704 543 ι
736 500 929 558 fecisse
967 498 1087 553 fuit.
1123 496 1279 553 Unde
1311 498 1341 537 δ
1371 498 1803 568 quotiescunque
1832 492 2036 563 aliquid
2062 491 2117 555 Α
2141 492 2325 558 stinet,
2354 490 2445 547 ubi
2474 506 2584 548 non
2605 491 2853 562 pedibus,
2879 489 2976 547 sed
3003 487 3108 546 ﬁde
3134 504 3259 547 cum
3286 484 3444 548 bonis
3469 489 3737 561 operibus

447 592 510 648 ﬁt
533 608 601 647 ex
630 591 832 660 aliquo,
857 600 880 629 α
910 589 1114 644 virtute
1148 588 1443 643 voluntatis
1472 589 1551 655 ﬁt,
1595 596 1651 643 et
1679 588 1732 642 in
1767 584 2038 655 sapientia

445 687 565 757 ejus
592 686 827 758 qualiter
862 684 975 749 ﬁat,
1007 694 1361 756 praeparatur.
1391 682 1620 756 (Hilam)
1652 683 1839 754 Neque
1877 683 2039 753 igitur

444 778 699 839 voluntas
733 778 851 833 sine
897 777 1136 843 virtute,
1169 792 1345 840 neque
1392 777 1565 831 virtus
1612 775 1730 830 sine
1774 774 2037 845 sapientia

446 872 725 943 quippiam
773 869 971 935 eﬁicit;
1026 869 1152 940 quia
1182 867 1210 908 τι
1247 867 1498 922 voluntas
1538 865 1630 920 Dei
1664 866 1834 921 virtus
1863 874 1918 920 et
1946 880 2037 920 sa-

445 966 651 1038 pientia
677 973 791 1031 est;
822 965 943 1020 ideo
988 962 1250 1033 quidquid
1283 961 1419 1025 vult,
1446 961 1519 1014 ita
1549 958 1610 1014 ﬁt
1642 969 1700 1013 ut
1728 958 1862 1021 vult,
1894 967 1949 1013 et
1983 958 2038 1013 in

446 1058 598 1113 nullo
624 1055 831 1112 fallitur
864 1075 876 1110 :
908 1056 1035 1126 quia
1065 1055 1117 1109 in
1147 1052 1412 1125 sapientia
1442 1067 1536 1107 sua
1564 1051 1744 1105 omnia
1775 1051 1910 1115 vult,
1930 1050 2039 1105 imo

449 1152 565 1221 ipsa
606 1149 872 1221 sapientia
907 1147 1025 1217 ejus
1073 1147 1322 1201 voluntas
1364 1153 1447 1200 est
1480 1162 1493 1198 :
1526 1153 1581 1199 et
1628 1151 1912 1214 propterea
1955 1141 2041 1195 ni-

449 1241 525 1297 hil
555 1242 682 1297 mali
722 1251 769 1308 ο,
808 1240 940 1296 nihil
969 1239 1110 1309 quod
1136 1254 1240 1292 non
1270 1237 1442 1307 possit
1466 1235 1600 1290 vult.
1629 1234 1782 1291 Unde
1810 1234 1936 1303 quia
1960 1232 2041 1287 sic

449 1336 641 1400 voluit,
666 1344 724 1389 ut
750 1350 880 1389 caro
903 1332 1019 1401 ejus
1051 1340 1199 1385 esset
1228 1339 1286 1385 et
1310 1330 1530 1400 sanguis
1558 1328 1664 1382 hoc
1691 1325 2036 1396 mysterium.

451 1425 506 1479 in
557 1424 704 1479 nullo
746 1423 994 1486 dubites,
1033 1423 1077 1476 si
1117 1420 1286 1476 Deum
1340 1417 1521 1474 credis
1560 1440 1573 1471 ;
1608 1419 1701 1472 sed
1751 1431 1877 1469 vera
1934 1414 2041 1469 ﬁde

449 1515 652 1571 habeas
705 1514 726 1554 ί
788 1515 842 1569 in
892 1514 1074 1568 animo
1119 1512 1263 1583 quod
1319 1512 1435 1567 bare
1479 1518 1563 1565 est
1608 1524 1738 1564 caro
1785 1507 1873 1562 illa
1920 1522 2041 1576 quae

449 1608 629 1665 oblata
663 1618 749 1664 est
796 1624 894 1678 pro
939 1606 1126 1662 mundi
1171 1607 1301 1669 vita,
1359 1619 1522 1673 quam
1562 1603 1651 1672 qui
1685 1602 1844 1670 digne
1893 1616 2039 1655 com-

450 1700 647 1765 ederit,
664 1709 894 1756 mortem
912 1714 1015 1753 non
1030 1697 1235 1751 videbit
1258 1696 1310 1750 in
1332 1703 1594 1750 aeternum
1623 1694 1667 1746 ⁸.
1692 1690 1920 1761 (Ambr.)
1946 1689 2039 1743 Ni-

450 1789 526 1847 hil
569 1790 714 1847 enim
765 1789 1016 1846 Christus
1047 1787 1303 1843 Ecclesia:
1356 1799 1467 1840 suae
1514 1783 1689 1851 majus
1733 1781 1931 1850 aliquid
1982 1782 2035 1834 in

2140 586 2475 657 pervenitur.

2158 674 2163 679 ”
2210 679 2264 735 6.
2303 679 2529 736 Constat
2573 679 2739 751 igitur
2778 679 2955 737 modis
2993 679 3281 747 omnibus,
3311 682 3455 751 quod
3489 680 3635 737 sicut
3672 681 3738 738 in

2140 774 2391 845 paradiso
2418 774 2622 846 lignum
2650 783 2679 811 ιι
2703 771 2827 839 fuit,
2854 789 2922 830 ex
2949 790 3056 844 quo
3078 774 3226 845 jugis
3253 773 3579 831 subsisteret
3607 782 3733 830 sta-

2141 877 2228 925 tus
2250 868 2509 933 hominis,
2540 868 2584 923 si
2616 870 2870 923 mandata
2900 877 3194 934 servasset,
3224 877 3281 924 et
3308 868 3736 925 immortalitas:

2142 963 2214 1017 ita
2241 961 2517 1032 provisum
2544 967 2629 1015 est
2668 961 2721 1015 in
2766 960 3009 1017 Ecclesia
3036 961 3140 1017 boc
3167 959 3483 1033 mysterium
3513 960 3737 1028 salutis,

2118 1062 2248 1106 'non
2278 1051 2420 1121 quod
2448 1051 2622 1105 eidem
2651 1050 2798 1123 ligno
2827 1052 2931 1106 hoc
2958 1060 3106 1106 esset
3139 1052 3191 1106 in
3223 1059 3440 1117 natura,
3472 1053 3568 1107 sed
3612 1068 3675 1108 re
3707 1059 3739 1087 °

2140 1142 2337 1198 visibili
2376 1143 2549 1196 virtuts
2585 1142 2873 1197 invisibilis
2903 1141 3230 1198 intrinsecus
3263 1143 3616 1212 operabatur.
3655 1141 3739 1196 Ita

2141 1236 2404 1304 siquidem
2438 1243 2493 1289 et
2539 1235 2591 1289 in
2620 1234 2724 1289 ista
2751 1234 3150 1291 communionis
3198 1243 3548 1290 sacramento
3598 1234 3741 1289 visi-

2139 1326 2253 1387 bili,
2285 1327 2465 1382 divina
2498 1327 2675 1381 virtus
2702 1326 2769 1380 ad
2818 1326 3285 1383 immortalitatem
3328 1342 3425 1383 sua
3467 1325 3741 1384 invisibili

2140 1420 2404 1490 potentia,
2429 1419 2582 1489 quasi
2610 1435 2675 1475 ex
2706 1419 2885 1475 fructu
2914 1419 3045 1491 ligni
3066 1420 3331 1492 paradisi,
3359 1434 3461 1475 nos
3487 1429 3545 1475 et
3570 1429 3742 1490 gustu

2140 1516 2421 1586 sapientia:
2444 1525 2712 1571 sustentat
2730 1524 2785 1571 et
2812 1516 3033 1581 virtute,
3062 1526 3335 1587 quatenus
3362 1530 3466 1586 per
3496 1515 3605 1571 hoc
3631 1514 3742 1568 im-

2140 1607 2399 1663 mortales
2428 1608 2481 1663 in
2510 1608 2711 1674 anima,
2740 1608 2981 1679 quandiu
3010 1624 3078 1664 ex
3109 1609 3213 1664 hoc
3243 1607 3406 1679 digne
3435 1607 3737 1671 sumimus,

2140 1697 2357 1752 demum
2382 1698 2434 1752 in
2459 1697 2652 1753 melius
2674 1697 2989 1768 transpositi
3016 1698 3083 1753 ad
3106 1697 3435 1753 immortalia
3462 1697 3736 1753 feramur.

2141 1785 2368 1858 (Hilar.)
2399 1787 2480 1842 Ad
2510 1787 2613 1843 hoc
2640 1802 2790 1859 ergo,
2827 1786 3055 1843 Verbum
3078 1806 3203 1844 caro
3223 1790 3423 1861 factum
3449 1799 3529 1844 est
3552 1800 3601 1843 et
3632 1791 3737 1845 Ita-

449 1886 715 1956 mysteri)
764 1883 1024 1953 reliquit,
1063 1896 1224 1952 quam
1278 1880 1382 1935 hoc
1440 1877 1801 1948 haptismique
1849 1888 2031 1928 sacra-
2063 1857 2111 1917 Β
2142 1878 2319 1935 bitavit
2348 1857 2403 1934 in
2437 1880 2584 1935 nobis
2615 1857 2796 1953 (Joan.
2834 1897 2870 1945 ι,
2908 1880 3019 1951 14),
3055 1891 3116 1937 ut
3148 1857 3247 1953 per
3286 1884 3457 1939 Deum
3490 1883 3737 1939 Verbum

448 1986 713 2040 mentum,
744 1991 955 2031 necnon
1005 1985 1061 2029 et
1090 1973 1405 2043 Seripturas
1452 1979 1673 2026 sanctas
1700 2011 1715 2033 ,
1749 1970 1801 2023 in
1835 1968 2037 2039 quibus

446 2069 699 2125 omnibus
726 2067 960 2138 Spiritus
982 2063 1333 2134 sanctus,qui
1360 2063 1556 2134 pignus
1582 2061 1748 2116 totius
1778 2058 2036 2113 Ecclesia:

451 2166 558 2222 est,
592 2157 822 2212 interius
865 2156 1091 2228 mystica
1125 2153 1315 2209 salutis
1358 2164 1555 2207 nostra:
1596 2151 1663 2205 ad
1709 2148 2036 2205 immortali-

450 2256 619 2304 tatem
648 2257 936 2319 operatura
958 2248 1065 2302 Sed
1098 2247 1151 2300 in
1192 2246 1276 2301 bis
1300 2246 1535 2314 denique
1562 2243 1698 2297 nihil
1739 2241 2037 2297 incredulis

450 2340 718 2406 mirabile,
751 2338 1103 2411 credentibus
1131 2352 1264 2393 vero
1289 2336 1421 2416 nihil
1455 2335 1671 2399 melius,
1704 2332 1840 2387 nihil
1873 2332 2037 2387 mira-

450 2432 636 2498 bilius,
669 2433 912 2504 nihilque
942 2432 1264 2503 locupletius
1304 2432 1357 2486 in
1387 2430 1490 2487 hoc
1520 2429 1718 2485 saeculo
1743 2428 2035 2499 praebetur,

448 2539 559 2581 non
592 2532 653 2580 ut
679 2524 925 2580 mirabile
967 2524 1107 2580 visui
1143 2531 1370 2594 pareant
1413 2522 1717 2583 oculorum.
1755 2521 1849 2576 sed
1895 2530 1953 2575 ut
1982 2522 2036 2575 in

370 2630 373 2635 '
432 2617 556 2674 dide
582 2625 638 2673 et
686 2618 961 2673 intellectu
1003 2616 1205 2672 divinis
1242 2614 1523 2671 redoleant
1560 2613 1857 2686 mysteriis,
1881 2621 1937 2666 et
1981 2612 2036 2667 in

447 2713 654 2769 eisdem
678 2714 958 2769 aeternitas
984 2713 1011 2753 ιι
1042 2710 1364 2767 mortalibus
1389 2717 1443 2765 et
1459 2707 1803 2781 partieipatio
1831 2705 2037 2762 Christi

448 2802 503 2856 in
535 2802 743 2859 unitate
768 2803 1012 2873 corporis
1040 2802 1395 2858 concedatur.

518 2894 591 2973 ὅσ
616 2894 729 2949 Hac
773 2895 939 2966 igitur
985 2893 1053 2948 de
1102 2908 1264 2949 causa
1314 2892 1472 2964 longe
1511 2891 1581 2947 ab
1630 2890 1883 2947 omnibus
1916 2903 2038 2958 qua:

450 2987 595 3042 facta
643 2994 769 3039 sunt
797 2999 827 3039 a
859 2983 1057 3039 saeculo
1101 2982 1379 3038 miraculis
1426 2983 1443 3023 ί
1481 2982 1646 3037 distat
1697 2980 1800 3036 hoc
1830 2988 2034 3051 myste-

453 3080 612 3139 rium,
642 3076 767 3145 quia
802 3074 984 3130 omnia
1028 3074 1117 3128 illa
1149 3074 1272 3129 ideo
1302 3074 1445 3128 facta
1482 3081 1627 3138 sunt,
1653 3081 1713 3126 ut
1740 3071 1843 3126 hoc
1868 3086 2035 3125 unum

449 3168 705 3225 credatur
751 3164 894 3236 quod
924 3162 1175 3219 Christus
1203 3174 1289 3219 est
1332 3163 1576 3228 veritas;
1610 3162 1809 3216 veritas
1850 3169 2031 3216 autem

2140 1987 2360 2029 carnem
2392 1972 2592 2028 factum
2636 1988 2767 2030 caro
2814 1974 3105 2045 proﬁceret
3138 1975 3191 2029 in
3243 1974 3413 2031 Deum
3466 1973 3733 2039 Verbum,

2139 2080 2259 2134 qua:
2290 2064 2546 2119 nimirum
2583 2079 2714 2120 caro
2742 2064 2910 2121 Verbi
2947 2065 3007 2121 ﬁt
3032 2082 3155 2121 esca
3187 2067 3242 2122 in
3291 2067 3394 2123 hoc
3439 2068 3735 2139 mysterio,

2130 2157 2399 2228 cibosque
2424 2155 2680 2220 ﬁdelium,
2715 2158 2843 2212 dmn
2878 2173 3007 2213 vere
3039 2158 3283 2213 creditur
3310 2173 3434 2214 esse
3468 2174 3603 2213 caro
3633 2174 3738 2228 pro

2140 2238 2322 2306 muiuli
2358 2253 2488 2319 vita,
2513 2267 2686 2322 neque
2712 2248 2856 2307 aliud
2887 2251 3110 2321 aliquid,
3142 2267 3304 2322 quam
3325 2266 3455 2307 caro
3482 2251 3739 2321 corporis

2138 2345 2360 2405 Christi.
2392 2362 2458 2401 ex
2506 2362 2609 2416 qua
2661 2346 2909 2401 Christus
2940 2354 3124 2401 manet
3171 2345 3223 2399 in
3249 2344 3423 2410 nobis,
3450 2353 3511 2397 ut
3538 2355 3595 2399 et
3632 2359 3742 2398 nos

2138 2455 2238 2509 per
2278 2454 2397 2494 eam
2452 2437 2905 2494 transfortnemur
2947 2438 3001 2493 in
3055 2437 3240 2501 illum;
3268 2437 3361 2507 qui
3397 2436 3533 2492 nihil
3583 2434 3739 2490 aliud

2138 2529 2313 2586 factus
2341 2539 2447 2595 est,
2476 2546 2636 2601 quam
2684 2529 2829 2586 Deus
2858 2543 2988 2585 caro
3019 2530 3332 2600 dignatione
3380 2542 3500 2590 sua,
3541 2535 3603 2579 ut
3633 2525 3738 2579 ba-

2135 2625 2337 2680 bitaret
2378 2625 2431 2679 in
2463 2623 2641 2679 nobis.
2694 2623 2751 2678 Si
2800 2638 2931 2695 ergo
2960 2623 3171 2678 habitat
3221 2622 3273 2677 in
3313 2621 3503 2686 nobis,
3529 2627 3591 2673 ut
3630 2635 3739 2675 nos

2139 2701 2381 2770 membra
2410 2715 2655 2785 corporis
2696 2713 2814 2783 ejus
2844 2729 3163 2771 maneamus
3192 2717 3244 2768 in
3270 2712 3383 2778 illo,
3406 2710 3614 2779 justum
3639 2719 3736 2788 est

2136 2807 2264 2877 quia
2312 2808 2366 2861 in
2405 2806 2497 2862 illo
2547 2822 2736 2862 sumus
2763 2846 2778 2872 ,
2814 2815 2873 2861 ut
2918 2821 2986 2861 ex
3031 2820 3097 2862 eo
3150 2805 3398 2861 vivamus
3426 2814 3475 2868 r,
3508 2813 3564 2858 et
3602 2802 3737 2859 ideo

2137 2914 2302 2955 carne
2329 2897 2489 2955 Verbi
2521 2898 2790 2954 vescimur
2812 2905 2869 2954 et
2887 2907 3142 2968 potamur
3161 2898 3442 2967 sanguine.
3470 2893 3597 2950 Haec
3614 2903 3734 2960 est.

2138 2990 2391 3054 inquam,
2423 2989 2650 3043 ﬁrmitas
2697 2987 2820 3044 ﬁdei
2860 2988 3225 3053 nostm,haec
3269 2986 3448 3042 unitas
3491 2994 3547 3040 et
3595 2985 3734 3040 vitae

2136 3081 2581 3147 communicatio,
2613 3079 2701 3134 ubi
2731 3079 2780 3135 si
2809 3090 3018 3137 natura:
3065 3080 3202 3135 ordo
3250 3078 3568 3149 requiritur,
3595 3092 3737 3133 suc-

2138 3172 2344 3227 cumbit
2374 3172 2532 3237 ratio,
2562 3181 2617 3228 et
2659 3180 2838 3226 tamen
2872 3179 3060 3227 manet
3093 3179 3248 3226 extra
3290 3170 3585 3224 humanam
3633 3184 3737 3224 ra-

447 3261 594 3319 DWS
626 3268 731 3326 εει,
760 3268 816 3314 εί
853 3258 899 3315 εί
930 3259 1072 3314 Deus
1118 3258 1319 3313 νετίιθδ
1347 3264 1450 3322 εει,
1486 3254 1747 3327 (ιιιίιιίιυίά
1781 3252 2033 3311 Christus
2060 3221 2107 3286 Ο
2139 3267 2340 3322 tionem
2374 3264 2503 3319 facti
2534 3265 2755 3329 veritas,
2787 3263 2861 3318 ita
2890 3272 2947 3319 ut
2986 3263 3041 3318 in
3070 3263 3284 3318 ratione
3315 3262 3438 3317 ﬁdei
3468 3262 3551 3317 vis
3596 3244 3738 3318 Da-

448 3351 698 3422 promisit
725 3351 780 3406 in
809 3350 913 3406 hoc
939 3350 1226 3421 mysterio,
1255 3350 1446 3421 utique
1474 3363 1664 3403 verum
1690 3356 1803 3414 est;
1828 3355 1885 3402 et
1911 3347 2033 3403 ideo

448 3458 579 3498 vera
608 3441 624 3494 i
664 3442 867 3499 Christi
896 3458 1023 3499 caro
1060 3451 1115 3497 et
1143 3441 1384 3513 sanguis,
1415 3455 1579 3511 quam
1623 3439 1715 3511 qui
1745 3439 2037 3495 manducat

448 3544 505 3591 et
554 3534 691 3592 bibit
718 3534 748 3577 ι
774 3534 956 3606 digne,
987 3533 1153 3590 habet
1199 3534 1366 3588 vitam
1414 3541 1677 3587 aeternam
1729 3531 1783 3585 in
1814 3545 1875 3598 se
1918 3544 2035 3585 ma-

448 3636 700 3694 nentem;
739 3624 760 3668 1
788 3628 883 3684 sed
911 3626 1028 3683 visu
1057 3641 1324 3697 corporeo
1344 3633 1398 3681 et
1420 3632 1578 3695 gustu
1604 3631 1892 3695 propterea
1924 3638 2034 3679 non

449 3718 815 3784 demutantur,
840 3728 1109 3790 quatenus
1139 3717 1273 3773 ﬁdes
1299 3724 1623 3773 exerceatur
1650 3715 1718 3770 ad
1735 3714 2031 3782 justitiam,

448 3817 503 3866 et
545 3812 616 3867 ob
650 3810 904 3866 meritum
936 3808 1059 3866 ﬁdei
1110 3820 1322 3863 merces
1366 3807 1419 3861 in
1464 3820 1531 3860 eo
1576 3802 1803 3872 iustitia:
1841 3818 2036 3859 conse-

449 3889 665 3971 quatur'.
719 3900 837 3955 Alia
883 3912 1116 3970 namque
1157 3897 1361 3954 Christi
1406 3894 1670 3951 miracula
1719 3894 1823 3951 hoc
1865 3909 2032 3949 unum

447 3995 713 4067 passionis
742 3994 1061 4050 conﬁrmant
1085 4004 1127 4033 ιιι
1151 3999 1573 4052 sacramentum,
1596 3997 1651 4045 et
1679 3988 1799 4044 ideo
1834 4002 1943 4043 non
1964 3988 2034 4043 ob

450 4087 768 4143 miraculum
816 4088 921 4141 ista
951 4097 1233 4141 mutantur
1272 4085 1513 4139 exterius
1545 4083 1597 4137 in
1648 4082 1907 4153 speciem,
1938 4080 2035 4136 sed

450 4178 703 4243 interius,
735 4186 794 4231 ut
825 4176 958 4233 ﬁdes
1002 4175 1389 4245 comprobetur
1416 4175 1468 4228 in
1497 4173 1715 4243 spiritu,
1752 4170 2034 4227 verissime

450 4271 772 4327 conﬁtemur
803 4287 817 4324 :
848 4278 909 4325 ut
937 4270 1062 4341 quia
1086 4269 1266 4338 justus
1296 4285 1364 4324 ex
1404 4267 1508 4324 ﬁde
1538 4267 1692 4333 vivit,
1725 4265 2031 4338 habentiu-

451 4360 656 4416 stitiam
706 4360 826 4415 ﬁdei
863 4359 918 4414 in
945 4359 1225 4433 mysterio,
1269 4368 1325 4415 et
1354 4374 1453 4430 per
1484 4357 1642 4413 ﬁdem
1676 4358 1844 4413 vitam
1890 4358 1944 4413 in
1974 4374 2034 4415 se

451 4451 713 4521 suscipiat
759 4459 1088 4515 manentem,
1118 4465 1224 4520 qua
1275 4449 1520 4505 securior
1559 4448 1738 4503 adhuc
1783 4448 2034 4505 mortalis

2139 3356 2265 3412 tatis
2301 3364 2359 3410 et
2403 3364 2646 3426 potestas
2690 3354 2881 3410 eﬁleax
2928 3353 3104 3412 modis
3149 3353 3403 3409 omnibus
3444 3352 3737 3422 credatur,

2134 3449 2263 3520 quia
2315 3448 2564 3509 dubietas
2594 3447 2821 3514 mentis,
2849 3446 2976 3503 licet
3019 3447 3176 3504 bonae
3216 3446 3341 3501 vita:
3386 3445 3457 3501 sit
3502 3446 3594 3516 qui
3635 3461 3744 3503 ac-

2136 3541 2290 3613 cipit,
2323 3540 2565 3596 excludit
2591 3550 2641 3608 ει,
2677 3555 2747 3597 ne
2776 3542 2845 3597 ad
2871 3539 3033 3611 hujus
3071 3538 3400 3596 sacramenti
3424 3536 3741 3609 intelligen-

2139 3631 2269 3687 tiam
2299 3632 2591 3703 pertingat.

2736 3757 2965 3817 CAPUT
3012 3758 3058 3816 ll
3077 3769 3122 3815 ι’.

2140 3877 2294 3946 Quod
2321 3878 2419 3932 hoc
2458 3874 2763 3947 mysterium
2801 3870 3001 3958 Christi
3039 3871 3217 3929 nullus
3260 3870 3498 3942 ﬁdelium
3538 3870 3736 3925 debeat

2795 3960 3061 4015 ignorare.

2208 4087 2262 4141 l.
2300 4083 2714 4141 Sacramentum
2749 4078 3016 4136 Dominici
3055 4078 3302 4150 corporis
3327 4085 3383 4133 et
3416 4076 3729 4147 sanguinis,

2136 4176 2280 4249 quod
2305 4173 2543 4247 quotidie
2579 4174 2632 4229 in
2658 4171 2904 4228 Ecclesia
2934 4169 3265 4236 celebratur,
3297 4184 3454 4225 nemo
3483 4168 3733 4223 ﬁdelium

2136 4270 2386 4340 ignorare
2416 4266 2590 4328 debet,
2622 4279 2783 4321 nemo
2814 4262 3022 4319 nescire
3051 4262 3181 4332 quid
3206 4261 3273 4317 ad
3303 4249 3486 4325 ﬁdem,
3516 4260 3733 4331 quidve

2136 4361 2203 4416 ad
2227 4359 2507 4415 scientiam
2542 4357 2597 4413 in
2623 4371 2689 4413 eo
2714 4356 2983 4426 pertineat
3012 4373 3026 4409 :
3052 4355 3182 4425 quia
3219 4368 3322 4409 nec
3350 4352 3482 4408 ﬁdes
3511 4353 3564 4407 in
3599 4367 3731 4424 my-

2136 4451 2303 4507 sterio
2347 4450 2463 4506 sine
2507 4447 2736 4504 scientia
2780 4455 2929 4503 recte
2972 4444 3317 4509 defenditur,
3346 4458 3449 4500 nec
3492 4441 3732 4498 scientia

450 4541 856 4598 immortalitate
898 4550 1110 4612 pastus,
1139 4540 1464 4612 quantocius
1490 4540 1557 4596 ad
1588 4540 1920 4597 immortalia
1948 4540 2028 4597 l‘e-
2136 4545 2254 4602 sine
2274 4542 2400 4609 ﬁde,
2417 4555 2537 4612 qua:
2561 4540 2801 4597 nondum
2821 4540 2984 4609 capit,
3002 4534 3329 4610 quandoque
3351 4546 3410 4593 ut
3430 4532 3727 4608 percipiat,

519 4686 545 4714 ι
584 4672 643 4744 ln
671 4675 910 4744 quinque
939 4688 1068 4729 mss.
1098 4675 1249 4730 deest
1277 4672 1411 4743 ejus.

519 4745 548 4784 ι)
564 4742 782 4821 _Vatic.,
815 4742 965 4821 Unde
987 4742 1452 4821 quoniamitacst,
1474 4744 1900 4821 quotiescunque,
1920 4746 2027 4821 etc‘.

445 4811 660 4883 Regius‘
680 4830 821 4870 unus
847 4822 903 4869 et
923 4813 983 4870 S.
999 4811 1281 4899 'Audoeni,
1315 4811 1465 4868 Unde
1488 4811 1741 4884 quoniam
1787 4811 2025 4886 quoties-

515 4902 546 4936 η
653 4924 667 4939 ο

446 4901 684 5009 ωοᾳῖῗε.
717 4954 938 5023 Maioris
962 4954 1296 5018 Monasterii,
1314 4970 1378 5008 ea:
1399 4955 1578 5025 aliqua
1599 4955 1789 5009 uirtute
1808 4954 2028 5013 codices

446 5024 648 5081 rit-cina:
672 5025 901 5081 Suecim.
934 5027 1119 5081 uirtute
1144 5035 1192 5079 et
1220 5023 1484 5079 uoluntate
1508 5025 1588 5081 ﬁt.

446 5025 648 5093 regium
672 5025 901 5088 Suecite.
934 5027 1119 5081 uirtute
1144 5035 1192 5079 et
1220 5025 1484 5079 uoluntate
1507 5025 1588 5094 ﬁt.

454 5163 480 5167 _
517 5095 550 5167 (ἦ
583 5094 758 5167 Etlitio
787 5095 1005 5150 Ulimm.
1040 5106 1095 5150 et
1136 5094 1433 5167 Sirmondi,
1457 5097 1582 5167 quia
1613 5111 1736 5165 ergo
1761 5094 2021 5167 voluntas.

449 5163 926 5237 Sed,_blameranus
954 5181 1075 5237 cum
1105 5166 1375 5237 plerisque
1413 5163 1544 5221 mss.
1574 5163 1842 5237 expungit
1877 5182 2021 5237 ergo.

521 5247 547 5275 ο
584 5235 640 5290 ln
669 5237 903 5291 editione
954 5235 1120 5291 Sirmi
1153 5235 1490 5292 desideratur
1527 5235 1657 5290 nihil
1698 5235 1849 5300 mali,
1880 5235 2026 5306 quod

444 5306 649 5361 habent
669 5320 859 5362 omnes
890 5321 1018 5362 mss.
1042 5315 1097 5361 et
1126 5307 1214 5361 alii
1246 5308 1396 5362 editi.

442 5375 574 5502 huic
589 5375 758 5501 l;aub.
791 5386 847 5432 et
882 5376 1050 5431 Laud.
1083 5393 1205 5432 cum
1246 5376 1496 5440 Mamer.,
1526 5376 1617 5429 sed
1652 5391 1825 5430 ueram
1864 5376 2023 5444 ﬁdem

575 5465 607 5500 a
641 5487 654 5500 .

519 5487 674 5571 ἱνῖῖίἒ
696 5516 748 5571 in
774 5517 960 5573 codice
984 5517 1273 5573 Laubiensi
1307 5516 1494 5585 incipit
1515 5514 1737 5585 capglll,
1764 5530 1888 5569 cum
1919 5515 2023 5571 hoc

448 5587 606 5641 titulo
637 5601 651 5639 :
683 5588 835 5652 Quod
876 5588 1006 5642 nihil
1039 5591 1204 5659 magis
1238 5584 1477 5641 Christus
1530 5584 1777 5639 Ecclesia:
1835 5596 2021 5640 contu-

443 5659 578 5715 lerit.
606 5674 762 5728 quam
791 5667 845 5714 et
876 5660 1118 5728 baptismi
1148 5666 1558 5719 sacramentum,
1580 5664 1684 5728 etc.

516 5730 550 5810 ιι.
577 5727 722 5783 Flor.
757 5739 810 5783 et
850 5726 1073 5782 Pra‘ulic.
1120 5728 1424 5797 adernitatis
1461 5726 1770 5781 ’mortalibus
1799 5727 2017 5797 partici-

439 5808 603 5866 patio.

2214 4676 2232 4715 ί
2272 4674 2388 4728 Duo
2427 4688 2557 4729 mss.
2589 4671 2745 4744 regii,
2776 4669 3071 4727 mirabilius
3102 4670 3284 4724 distat.
3329 4668 3527 4734 Laub.,
3552 4668 3733 4721 mira-

2137 4746 2263 4800 bilia
2292 4746 2471 4800 distat.
3478 4750 3483 4759 '

2170 4746 2263 4801 ilia
2292 4746 2471 4800 distat.
3478 4750 3483 4759 '

2211 4814 2225 4866 i
2280 4815 2498 4871 Ulimm.
2543 4820 2599 4869 et
2641 4812 2806 4868 Sirm.
2850 4811 3070 4883 legunt,
3103 4827 3222 4881 vera
3249 4819 3326 4865 est
3350 4808 3546 4883 Christi
3568 4826 3724 4865 caro.

2138 4886 2248 4944 Sed
2277 4886 2419 4955 apud
2454 4883 2821 4955 Mameramun
2863 4881 2927 4938 et“
2945 4883 3227 4955 plerosque
3264 4895 3395 4937 mss.
3424 4881 3576 4937 deest
3616 4890 3722 4935 est.

2211 4957 2237 4996 Ιι
2274 4953 2331 5009 In
2362 4955 2523 5010 editis
2552 4953 2894 5008 desideratur
2919 4954 3064 5006 bibit.

2214 5023 2232 5066 1
2266 5024 2365 5080 Hic
2395 5026 2448 5078 in
2492 5025 2678 5079 codice
2708 5023 2875 5078 Laub.
2919 5023 3107 5093 incipit
3136 5037 3255 5092 cap.
3289 5019 3376 5076 IV.
3409 5022 3585 5088 Quare
3613 5037 3728 5077 non

2132 5098 2436 5153 demutatur
2459 5111 2583 5149 cara
2606 5095 2804 5148 Christi
2829 5106 2875 5148 et
2912 5094 3129 5162 sanguis
3155 5094 3208 5146 in
3236 5095 3345 5147 visu
3366 5103 3413 5147 et
3436 5102 3616 5163 gustu.

2203 5177 2243 5206 ω
2274 5166 2435 5230 Editi,
2473 5180 2596 5228 qum
2626 5163 2796 5229 Flor.,
2825 5165 3121 5233 conﬁrmat.

2150 5244 2155 5251 '
2205 5247 2235 5275 ιι
2272 5236 2434 5301 Editi,
2463 5250 2585 5290 cum
2610 5236 2783 5290 tribus
2811 5250 2967 5299 mss.,
2997 5233 3198 5304 lignum
3228 5234 3346 5287 vita
3368 5233 3491 5302 fuit.

2207 5314 2233 5344 ο
2268 5307 2400 5361 Cod.
2432 5304 2930 5371 Majoris-monast.,
2957 5304 3032 5357 rei
3062 5304 3269 5358 uisibili.

2204 5389 2234 5428 Ρ
2266 5375 2460 5441 Laub.,
2491 5373 2797 5430 Sumamus.
2836 5434 2841 5441 η

2205 5460 2233 5500 (ι
2273 5448 2577 5502 Aniciensis
2597 5446 2826 5500 excludit
2847 5461 2985 5499 eum.

2211 5530 2234 5558 τ
2272 5517 2404 5574 Cod.
2439 5516 2609 5571 Lauh.
2638 5533 2756 5587 cap.
2787 5514 2851 5571 V.
2883 5515 3037 5581 Quod
3067 5516 3504 5587 haemysterium
3532 5516 3717 5572 nullus

2128 5592 2363 5663 ﬁdelium
2396 5590 2583 5663 debeat
2624 5590 2885 5663 ignorare,
2912 5588 3037 5663 quia
3075 5586 3277 5663 etiamsi
3306 5587 3455 5663 bona:
3495 5587 3617 5641 vita:
3645 5590 3717 5641 sit

2125 5656 2216 5735 qui
2238 5656 2696 5735 accipiudubietas
2720 5658 2877 5711 menti
2892 5677 2903 5707 ε
2924 5657 3174 5735 excludit,
3201 5674 3264 5711 ne
3292 5656 3362 5723 ad
3385 5657 3500 5726 ejus
3528 5673 3715 5712 sacra-

2125 5730 2283 5790 menti
2328 5731 2719 5802 intcs'iignntiant
2749 5730 3088 5799 perveniatur.
3342 5738 3363 5759 '
