4078 6348
309 326 449 382 1275

1227 327 1351 383 LIB.
1395 323 1480 381 DE
1517 323 1838 381 conpone
1876 325 1963 380 ΕΤ
2004 325 2350 384 SANGUINE
2391 297 2647 386 DOMlNI.

3424 328 3559 384 1274

305 441 591 494 enutritur.
621 441 697 496 Ac
719 455 817 511 per
852 443 953 498 hoc
983 445 1116 498 tanti
1142 443 1472 499 sacramenti
1509 443 1684 498 virtus
1725 443 1873 498 inve-
1903 449 1952 507 Α
1974 443 2086 512 jam
2116 461 2223 500 non
2255 457 2358 512 est,
2386 447 2480 502 sed
2510 448 2560 502 ei
2592 448 2777 518 utique
2805 461 2925 516 qua:
2964 447 3228 504 hactenus
3255 456 3358 503 est.
3406 447 3563 504 Unde

304 529 553 600 stiganda
584 538 686 595 est,
723 539 780 585 et
806 531 1088 603 disciplina
1113 545 1138 573 α
1166 533 1364 588 Christi
1391 533 1524 589 ﬁdes
1547 533 1878 599 erudienda;

305 638 374 676 ne
419 621 557 678 forte
596 639 917 678 censeamur
945 641 1011 680 ex
1042 640 1107 680 eo
1157 625 1381 695 indigni,
1421 626 1449 665 ι)
1479 625 1668 679 saltem
1695 625 1739 680 si
1776 640 1896 679 non.

303 717 440 770 satis
466 716 826 772 discernimus
856 717 1006 782 illud,
1040 732 1139 772 nec
1186 717 1557 788 intelligimus,
1591 717 1882 787 mysticum

300 803 506 860 Christi
546 821 745 875 corpus
774 816 829 860 et
882 806 1100 877 sanguis
1136 807 1338 876 quartis
1385 805 1587 877 polleat
1617 804 1883 876 dignitate

299 906 612 969 quantaque
633 899 981 968 przeemineat
1018 899 1237 963 virtute,
1261 906 1315 953 et
1339 889 1681 953 discernatur
1701 914 1728 950 a
1759 913 1881 952 cor-

301 1004 467 1060 porco
488 999 668 1061 gustu,
686 999 746 1044 ut
766 989 1107 1060 praestantius
1128 989 1356 1045 sitomni
1377 989 1646 1045 sacriﬁcio
1668 987 1882 1044 Veteris

302 1083 653 1139 Testamenti.

371 1190 428 1244 2.
470 1189 584 1244 Hoc
610 1204 738 1245 sane
759 1192 802 1245 si
831 1189 952 1260 quis
977 1190 1191 1261 ignorat
1211 1205 1320 1245 non
1350 1188 1640 1253 discernit;
1673 1197 1732 1244 et
1756 1190 1878 1246 ideo

301 1283 620 1347 timendum,
656 1297 722 1336 ne
767 1297 865 1352 per
911 1283 1304 1353 ignorantiam,
1347 1283 1488 1352 quod
1541 1283 1699 1339 nobis
1747 1298 1877 1352 pro-

299 1375 474 1428 visum
504 1381 586 1427 est
614 1371 679 1426 ad
706 1372 968 1426 medelam
1000 1373 1092 1426 ﬁat
1114 1371 1508 1443 accipientibus
1535 1371 1588 1425 in
1619 1372 1872 1439 ruinam;

227 1517 238 1528 ,
301 1465 443 1518 unde
493 1462 748 1518 Dominus
795 1463 846 1516 in
883 1462 1124 1519 Levitico
1171 1462 1357 1534 (Leuit.
1409 1479 1544 1526 xxu,
1576 1462 1664 1533 14)
1712 1480 1724 1516 :
1775 1463 1877 1528 Qui

298 1554 578 1608 comederit
619 1554 684 1606 de
716 1554 1090 1623 sanctiﬁcatis,
1131 1555 1334 1623 inquit,
1360 1571 1452 1624 per
1499 1554 1875 1622 ignorantiam,

295 1645 460 1698 addat
483 1645 719 1715 quintam
757 1656 956 1715 partem
983 1663 1101 1700 cum
1116 1663 1176 1701 eo
1199 1648 1338 1716 quod
1373 1645 1619 1709 comedit,
1648 1655 1695 1699 et
1733 1645 1877 1698 dabit

293 1736 552 1789 sacerdoti
582 1736 636 1788 in
663 1737 962 1789 sanctuario
989 1750 1008 1789 :
1044 1755 1136 1792 nec
1165 1737 1588 1792 contaminabitis
1621 1748 1643 1776 ο
1672 1740 1872 1792 sancti»

1984 535 2122 591 bene
2163 536 2510 608 Septuaginta
2557 555 2722 609 super
2767 540 2939 610 ipsam
2984 540 3108 596 addi
3145 542 3388 610 quintam
3433 556 3561 612 par-

1987 636 2091 681 tem
2131 627 2343 695 jubent.
2397 629 2594 697 Quinta
2645 631 2808 702 igitur
2838 647 2966 701 pars
2995 631 3141 687 illius
3182 640 3310 687 tunc
3353 641 3500 686 recte
3527 647 3560 686 a

1984 717 2142 772 nobis
2186 720 2566 789 superadditur
2591 721 2662 786 ei,
2696 722 2838 790 quod
2882 721 3032 791 prius
3053 737 3151 791 per
3199 723 3558 793 ignorantiam

1984 807 2368 877 accipiebatur,
2396 809 2441 863 si
2481 811 2720 880 quinque
2772 825 2964 866 sensus
3009 812 3250 881 corporis
3300 813 3446 867 intus
3491 813 3561 867 ad

1982 898 2336 971 intelligibilia
2374 901 2694 971 spiritaliter
2722 911 3145 969 convertantur;
3172 905 3299 974 quia
3327 905 3371 960 si
3414 914 3560 960 recte

1982 993 2245 1061 sapimus,
2288 993 2370 1048 vel
2404 1004 2550 1050 recte
2575 995 2924 1066 percipimus,
2960 996 3172 1051 divinus
3203 995 3439 1064 Spiritus
3466 999 3560 1067 qui

1982 1081 2036 1135 in
2083 1082 2238 1137 nobis
2284 1091 2387 1148 est,
2418 1087 2580 1138 etiam
2620 1093 2674 1140 et
2722 1100 2819 1154 per
2865 1087 3112 1142 eamdem
3158 1089 3414 1158 gratiam-
3444 1104 3560 1142 am-

1979 1171 2179 1242 pliatur
2210 1175 2256 1238 ε,
2285 1174 2609 1244 eosdemque
2652 1190 2843 1231 sensus
2896 1187 3110 1232 nostros
3158 1178 3226 1232 ad
3273 1193 3337 1232 ea
3387 1179 3560 1248 perci-

1979 1267 2173 1337 pienda
2204 1268 2422 1324 instruit
2451 1278 2506 1326 et
2548 1272 2854 1341 componit;
2887 1272 2958 1327 ita
2989 1289 3121 1328 sane
3149 1283 3209 1328 ut
3239 1290 3342 1329 non
3379 1260 3555 1330 'solum

1980 1369 2194 1431 gustttm
2243 1361 2471 1417 interius
2503 1364 2569 1418 ad
2603 1365 2830 1434 mystica
2863 1366 3144 1435 perducat,
3175 1382 3362 1422 verum
3395 1377 3449 1421 et
3477 1369 3558 1422 vi-

1978 1465 2097 1504 sum
2147 1460 2308 1520 atque
2353 1451 2633 1518 auditum,
2670 1469 2879 1510 necnon
2922 1455 3204 1510 odoratum
3253 1463 3308 1510 et
3353 1464 3556 1510 tactum

1979 1541 2052 1594 ita
2097 1551 2250 1596 tenus
2300 1541 2531 1598 illustrat
2574 1545 2971 1614 quodammodo
3010 1546 3059 1612 ιι,
3093 1554 3152 1600 ιιι
3197 1546 3328 1600 nihil
3377 1546 3429 1600 in
3477 1546 3558 1600 eis

1977 1634 2081 1688 nisi
2130 1634 2313 1690 divina
2353 1638 2678 1704 sentiantur,
2715 1638 2955 1710 nihilque
3000 1639 3103 1695 nisi
3156 1640 3418 1705 coelestia,
3447 1639 3548 1693 eti

1978 1727 2121 1795 quod
2163 1728 2404 1784 terribile
2429 1731 2562 1785 satis
2593 1739 2678 1786 est
2717 1733 2859 1801 quod
2900 1733 3374 1800 communicatur;
3412 1731 3556 1787 unde

292 1827 455 1896 ﬁcata
483 1826 716 1896 ﬁliorum
753 1826 922 1882 Israel
959 1844 1078 1899 qua:
1103 1830 1328 1899 o/ferunt
1355 1829 1604 1895 Domino,
1632 1847 1694 1884 ne
1738 1831 1872 1900 forte
1903 1798 1953 1858 Β
1980 1833 2139 1887 quam
2178 1818 2316 1874 bene
2343 1820 2542 1875 diem"
2571 1840 2584 1874 ε
2616 1798 2790 1875 Addi"
2817 1823 3053 1893 ηυίηιαηι
3083 1823 3194 1893 eius
3235 1798 3431 1894 Ρανιένη
3467 1839 3556 1878 ‘u‘

289 1919 583 1972 sustineant
635 1919 962 1990 iniquitatem
1008 1919 1184 1973 delicti
1219 1921 1334 1986 sui,
1371 1937 1492 1974 cum
1538 1920 1871 1989 sanctiﬁcata

291 2010 630 2064 comederint.
661 2009 728 2064 Et
761 2011 1002 2065 addidit:
1037 2011 1148 2080 Ego
1176 2011 1449 2076 Dominus,
1482 2014 1571 2082 qui
1598 2011 1869 2080 sancti/ica

289 2118 398 2155 eos.
427 2101 506 2156 Ac
530 2101 721 2156 deinde
758 2119 770 2155 :
805 2100 998 2156 Sancta
1041 2112 1345 2156 sanctorum
1375 2111 1496 2155 sunt
1521 2101 1726 2172 (Isid.).
1767 2101 1868 2157 Ubi

286 2193 534 2264 profecto
602 2195 914 2264 mysterium
960 2193 1203 2264 corporis
1249 2191 1449 2248 Christi
1497 2202 1549 2248 et
1592 2193 1868 2275 sangtq’nis

286 2284 632 2354 designatur;
669 2300 733 2339 ex
771 2299 879 2354 quo
919 2300 1025 2340 non
1077 2283 1236 2338 habet
1284 2294 1606 2354 potestatem
1650 2284 1866 2350 edendi,

285 2391 393 2429 non
441 2375 612 2430 solum
658 2375 834 2430 omnis
883 2375 1206 2446 alienigena,
1239 2375 1533 2445 inquilinus
1559 2383 1611 2428 et
1655 2389 1864 2430 merce-

284 2466 494 2530 narius,
525 2481 710 2520 verum
754 2481 854 2521 nec
899 2466 988 2536 qui
1021 2482 1120 2536 per
1164 2467 1524 2538 ignorantiam
1570 2467 1704 2520 tanti
1753 2483 1870 2538 my-

284 2559 439 2613 sterii
467 2559 1320 2629 obcaecatur.'Per'ignorantiam
1351 2567 1531 2613 autem
1564 2557 1695 2612 illud
1743 2573 1867 2627 per-

283 2650 435 2719 cipit,
466 2653 557 2720 qui
589 2651 842 2705 virtutem
868 2651 984 2721 ejus
1005 2658 1060 2704 et
1087 2650 1406 2720 dignitatem
1438 2659 1602 2719 atque
1635 2649 1866 2705 circum-

282 2742 539 2796 stantiam
602 2742 771 2811 ipsius
832 2729 1156 2797 sacramenti
1209 2740 1424 2811 penitus
1479 2740 1735 2810 ignorat:
1770 2740 1864 2810 qui

281 2833 458 2888 nescit
486 2848 612 2888 vere
653 2833 796 2904 quod
839 2848 1038 2903 corpus
1062 2840 1117 2887 et
1165 2832 1383 2902 sanguis
1422 2830 1490 2885 sit
1537 2831 1748 2886 Domini
1778 2847 1862 2886 se-

282 2925 517 2980 cundum
566 2925 869 2989 veritatem,
895 2923 1024 2977 licet
1068 2923 1121 2977 in
1165 2931 1508 2977 sacramento
1562 2922 1862 2988 accipiatur

279 3032 378 3086 per
402 3015 842 3084 ﬁdetn;quidem
893 3015 1210 3085 mysterium
1267 3014 1498 3084 accipit,
1543 3014 1637 3069 sed
1689 3013 1862 3069 nescit

279 3109 519 3181 mysterii
552 3109 829 3172 virtutem,
864 3109 1004 3163 unde
1037 3107 1314 3171 Salomon,
1337 3106 1446 3162 imo
1476 3121 1573 3177 per
1593 3123 1715 3162 eum
1741 3107 1860 3177 Spi-

1973 1927 2066 1980 per
2087 1927 2239 1977 eum;
2286 1910 2368 1966 vel
2412 1913 2553 1967 sicut
2577 1912 2667 1967 alii
2713 1914 2930 1969 codices
2975 1914 3192 1977 habent,
3225 1931 3342 1968 cum
3371 1931 3454 1980 eo,
3504 1924 3554 1969 et

1971 2001 2116 2056 dabit
2163 2002 2421 2057 sacerdoti
2471 2001 2492 2057 ἐ
2539 2003 2665 2072 quia
2715 2002 2728 2053 i
2794 2021 3010 2060 omnem
3069 2006 3550 2062 sanctiﬁcatiouem

1972 2094 2183 2164 mystici
2206 2092 2459 2150 sacriﬁcii
2485 2105 2539 2149 et
2559 2093 2854 2150 elﬁcaciam
2879 2097 3149 2164 quomodo
3171 2097 3446 2152 sensibilis
3465 2111 3553 2152 res

1970 2185 2380 2256 intelligibiliter
2433 2187 2634 2242 virtute
2680 2187 2773 2242 Dei
2828 2204 2928 2258 per
2985 2188 3216 2244 Verbum
3265 2188 3461 2244 Christi
3497 2191 3550 2244 in

1969 2291 2188 2332 carnem
2215 2277 2384 2348 ipsius
2411 2293 2474 2334 ac
2511 2279 2826 2350 sanguinem
2865 2279 3124 2334 divinitus
3171 2279 3547 2346 transferatur,

1969 2369 2050 2424 vel
2097 2369 2327 2438 qualiter
2373 2385 2469 2436 per
2516 2371 2633 2425 haec
2677 2371 3144 2426 communicantes
3173 2371 3240 2424 ad
3287 2371 3551 2442 spiritalia

1967 2466 2298 2529 nutriantur,
2333 2465 2598 2536 siquidem
2626 2465 2864 2530 Christo,
2895 2466 2988 2536 qui
3027 2480 3188 2520 verus
3221 2474 3277 2520 et
3305 2480 3550 2520 summus

1967 2557 2221 2613 sacerdos
2255 2566 2358 2623 est,
2390 2556 2657 2636 catholiqe
2707 2565 2879 2612 totum
2927 2557 3166 2612 tribuere
3193 2563 3428 2626 oportet,
3463 2564 3548 2611 to-

1967 2658 2189 2720 tumque
2228 2650 2347 2720 ejus
2370 2649 2556 2703 virtuti
2585 2648 2612 2688 ¹ι
2638 2659 2801 2718 atque
2833 2647 3002 2718 ipsius
3045 2649 3299 2717 potentiae
3341 2646 3359 2686 1
3399 2647 3548 2703 desi-

1965 2754 2131 2816 gnare
2162 2762 2175 2798 :
2212 2759 2403 2815 nempe
2438 2745 2563 2814 quia
2605 2745 2720 2815 ipse
2746 2744 2942 2799 liberat
2967 2744 3036 2800 ab
3061 2745 3206 2800 omni
3241 2745 3544 2817 ignorantia

1964 2844 2017 2890 et
2047 2846 2287 2892 removet
2315 2853 2414 2892 nos
2435 2853 2463 2890 a
2486 2835 2796 2896 carnalibus
2823 2836 2983 2906 hujus
3014 2837 3134 2892 vita
3164 2832 3431 2891 illecebris
3461 2847 3501 2877 In
3521 2833 3552 2902 ς’

1963 2943 2137 2998 neque
2167 2928 2350 2998 utique
2377 2927 2508 2982 sinit
2537 2939 2811 2982 terrenum
2845 2926 3044 2996 aliquid
3077 2936 3171 2981 aut
3194 2913 3300 2982 vile
3328 2927 3532 2984 ibidem

1962 3020 2252 3090 suspicari,
2287 3019 2380 3076 sed
2413 3020 2641 3092 mystica
2669 3027 2723 3074 et
2748 3017 3007 3088 spiritalia
3041 3019 3093 3073 in
3120 3019 3204 3074 his
3229 3033 3439 3088 sapere,
3469 3019 3542 3072 ita

1961 3121 2023 3166 ut
2056 3112 2228 3166 nostri
2253 3112 2496 3182 corporis
2516 3127 2707 3167 sensus
2737 3111 2804 3165 ad
2835 3126 2898 3165 ea
2921 3111 3146 3166 interius
3168 3111 3540 3166 sanctiﬁcandi

279 3199 416 3253 ritus
455 3199 670 3253 divinus
713 3197 868 3265 jubet
899 3213 914 3251 :
943 3198 1073 3252 Cum
1111 3197 1307 3252 sederis
1345 3198 1416 3250 ad
1455 3212 1686 3250 mensam
1709 3195 1735 3235 ἀ
1765 3214 1860 3266 po-
1885 3195 1930 3221 υ
1961 3201 2172 3256 avidius
2221 3203 2618 3257 transferantur
2650 3211 2698 3266 ιι,
2727 3201 2772 3256 si
2803 3217 2912 3272 quo
2957 3201 3116 3257 modo
3143 3202 3323 3256 dicere
3371 3200 3539 3270 possit

277 3290 462 3356 tentis,
509 3299 562 3342 ut
611 3288 852 3343 comedas
889 3305 1006 3342 cum
1047 3289 1310 3358 principe,
1342 3287 1618 3358 diligenter
1652 3288 1860 3341 attende

276 3397 392 3453 qua:
421 3391 757 3451 apponuntur
785 3397 962 3435 coram
993 3391 1075 3445 te;
1104 3380 1359 3450 quoniam
1407 3379 1533 3434 talia
1563 3388 1614 3434 te
1643 3387 1860 3449 oportet

273 3489 601 3544 praeparare,
629 3475 680 3529 id
702 3483 786 3529 est
806 3474 1280 3530 mortiﬁcationem
1308 3471 1508 3528 Christi
1545 3472 1598 3526 in
1627 3487 1858 3542 corpore

273 3566 706 3622 circumferendo
741 3566 981 3635 quotidie
1035 3567 1353 3637 praedicare.
1401 3564 1692 3635 Diligenter
1725 3579 1855 3635 ergo

271 3658 575 3728 intelligere
600 3669 655 3714 et
683 3658 942 3728 spiritalia
982 3666 1322 3713 sacramenta
1345 3656 1526 3726 palato
1555 3656 1753 3711 mentis
1799 3664 1855 3711 et

270 3758 428 3821 gustu
457 3747 580 3804 ﬁdei
617 3749 777 3820 digne
815 3749 1116 3819 percipere,
1148 3748 1302 3818 quasi
1335 3748 1582 3818 legaliter
1605 3748 1850 3817 quintam

268 3850 476 3915 partem
500 3843 566 3897 ad
598 3857 661 3898 ea
691 3858 810 3912 qua:
831 3843 981 3913 prius
1011 3858 1107 3912 per
1128 3842 1487 3914 ignorantiam
1517 3842 1844 3907 comederat,

269 3949 432 4004 super
463 3936 662 3991 addere
693 3943 796 3996 est,
826 3935 950 3989 dum
982 3936 1163 3990 divina
1187 3934 1599 4006 intelligibiliter
1623 3935 1850 3990 interior

266 4027 430 4083 homo
451 4036 637 4082 noster
661 4043 758 4097 per
787 4025 987 4083 Christi
1025 4026 1254 4099 gratiam
1292 4026 1512 4097 excipit,
1538 4035 1592 4080 et
1641 4042 1738 4097 per
1779 4041 1844 4082 ea

266 4120 468 4174 virtute
497 4119 616 4174 lidei
653 4130 676 4159 ο
708 4119 926 4175 Christo
978 4120 1377 4190 incorporatur.
1422 4117 1674 4188 Alioquin
1707 4133 1844 4188 quo-

1958 3295 2400 3364 praeeminentior
2418 3310 2484 3364 pa
2495 3311 2547 3350 rs
2571 3293 2805 3350 hominis
2833 3311 2847 3347 :
2879 3291 2986 3348 Cor
3004 3309 3175 3348 meum
3195 3302 3243 3347 et
3276 3309 3399 3348 caro
3424 3309 3539 3347 mea

1957 3385 2340 3440 exsultaveruut
2365 3386 2421 3438 in
2450 3385 2620 3440 Deum
2649 3385 2814 3439 vivum
2839 3381 3012 3451 (Psal.
3039 3399 3270 3448 Lxxxttt,
3297 3383 3372 3454 3).

2026 3478 2080 3531 5.
2120 3476 2285 3532 Recte
2309 3477 2474 3548 igitur
2499 3477 2552 3531 in
2587 3477 2752 3531 Deum
2779 3476 2961 3530 vivum
2990 3483 3132 3530 tutus
3163 3475 3327 3531 homo
3353 3474 3537 3529 exsul.

1957 3576 2055 3629 tat,
2086 3567 2210 3636 quia
2239 3567 2365 3622 licet
2393 3567 2461 3621 ab
2509 3565 2759 3621 omnibus
2793 3564 2994 3621 Christi
3045 3580 3173 3620 caro
3211 3575 3268 3620 et
3319 3565 3536 3636 sanguis

1954 3658 2193 3729 quotidie
2239 3657 2555 3713 comedatur
2581 3664 2629 3722 ο,
2661 3657 2777 3727 ipse
2815 3666 2993 3712 tamen
3041 3655 3226 3727 Agnus
3279 3657 3432 3712 vivus
3480 3665 3535 3712 et

1954 3753 2163 3822 integer
2201 3759 2484 3822 permanet
2516 3767 2530 3815 ;
2575 3765 2683 3806 non
2713 3749 2859 3804 enim
2883 3749 2998 3818 jam
3039 3749 3288 3814 moritur,
3318 3764 3460 3803 mors
3485 3751 3534 3803 ei

1951 3843 2093 3897 ultra
2125 3859 2229 3896 non
2281 3843 2636 3896 dominabitur
2681 3839 2858 3912 (Rom.
2893 3857 2972 3906 v1,
2995 3839 3084 3909 9);
3119 3839 3212 3896 sed
3257 3847 3437 3894 tamen
3476 3839 3531 3892 in

1950 3938 2206 4010 mysterio
2255 3937 2494 4007 quotidie
2534 3935 2804 3992 veraciter
2841 3933 3153 4004 immolatus
3193 3943 3243 3998 ι»,
3269 3932 3321 3987 in
3367 3932 3525 3987 ablu-

1949 4030 2152 4085 tionem
2195 4028 2516 4084 delictorum
2547 4027 2846 4084 comeditur
2881 4025 3086 4096 (Isid.).
3121 4022 3272 4080 Unde
3298 4023 3442 4079 illico
3476 4025 3530 4078 in

1949 4121 2138 4178 eadem
2163 4121 2292 4191 legis
2307 4120 2575 4176 sententia
2597 4117 2846 4174 infertur.
2878 4116 2992 4188 Ego
3018 4115 3276 4170 Dominus
3298 4116 3386 4187 qui
3409 4133 3532 4171 san—

265 4211 428 4266 modo
458 4211 543 4265 lex
583 4209 798 4279 inberet
827 4210 893 4265 ad
936 4225 999 4265 ea
1027 4225 1145 4279 quae
1170 4209 1482 4266 comederat
1507 4208 1704 4278 aliquis
1747 4223 1848 4278 per
1949 4214 2117 4284 ctiﬁco
2141 4231 2228 4269 eos
2261 4213 2448 4285 (Leuit.
2478 4230 2572 4280 xx,
2596 4211 2722 4283 16);
2755 4211 3067 4267 sanctiﬁcat
3096 4217 3273 4265 autem
3299 4223 3414 4274 eos,
3438 4208 3530 4278 qui

265 4304 622 4372 ignorantiam
646 4344 662 4370 ,
707 4303 950 4374 quintam
1011 4302 1372 4372 superaddere
1415 4309 1623 4372 partem
1649 4340 1662 4363 ,
1719 4315 1844 4355 cum
1894 4372 1898 4377 ι
1947 4319 2047 4376 per
2085 4305 2199 4361 hmc
2229 4312 2603 4376 competenter
2628 4302 2696 4358 ad
2740 4301 2908 4357 Deum
2946 4298 3375 4355 sanctiﬁcantem
3407 4308 3524 4353 ten-

256 4392 370 4463 jam
411 4393 500 4448 illa
555 4409 662 4448 non
707 4400 1056 4462 superessent
1087 4390 1155 4456 ι,
1204 4391 1400 4461 quibus
1440 4389 1668 4445 ulterius
1718 4387 1843 4443 addi
1947 4397 2099 4462 dunt,
2131 4404 2344 4452 etcum
2371 4394 2659 4450 devotione
2685 4393 2846 4448 modo
2887 4407 2995 4462 quo
3035 4398 3251 4460 oportet
3295 4404 3358 4446 ea
3403 4405 3530 4459 per-

263 4487 540 4558 quippiam
562 4486 734 4556 possit
761 4502 776 4552 ;
810 4501 916 4541 non
938 4485 1082 4540 enim
1102 4483 1484 4553 superadditur
1514 4482 1590 4536 illi
1614 4481 1693 4538 rei
1716 4497 1839 4553 qua:
1862 4517 1918 4580 ι)
1945 4487 2188 4557 cipiunt:
2217 4487 2343 4558 quia
2365 4481 2809 4541 sanctiﬁcationis
2833 4496 3022 4548 causa,
3044 4488 3232 4536 etnon
3256 4479 3524 4535 contami-

2025 4638 2042 4678 i
2078 4636 2154 4691 Ita
2190 4635 2360 4690 Laub.
2390 4649 2514 4689 cum
2566 4631 2885 4702 quibusdam
2914 4644 3045 4686 mss.
3092 4628 3263 4702 Editi,
3287 4626 3520 4702 terribile

1946 4708 2074 4761 satis
2093 4716 2186 4764 est,
2214 4705 2416 4760 omisso
2435 4715 2483 4758 et
2509 4698 2667 4774 qubd.
2695 4701 2880 4758 Germ.
2913 4717 3043 4767 ms.,
3064 4710 3110 4754 et
3137 4700 3346 4770 quidem
3371 4698 3525 4753 terri-

1947 4777 2048 4832 bile
2076 4778 2203 4830 satis
2241 4785 2336 4829 est.

2020 4845 2035 4898 i
2081 4847 2158 4902 Ita
2199 4848 2310 4901 fere
2354 4859 2543 4901 omnes
2576 4858 2706 4898 mss.
2742 4841 2886 4897 Editi
2917 4839 3518 4912 legunt,_quigadvertat

332 4657 356 4685 ο
399 4641 695 4699 Vaticanus
743 4644 885 4707 cod.,
927 4653 976 4698 et
1017 4641 1295 4711 disciplina
1343 4637 1538 4711 Christi
1578 4640 1684 4709 ﬁde
1720 4657 1841 4693 eru-

258 4714 472 4768 dienda.
491 4714 575 4768 Al.
603 4725 650 4770 et
673 4731 764 4784 per
787 4714 1118 4784 disciplinain
1149 4709 1344 4765 Christi
1370 4709 1504 4784 ﬁdes
1521 4711 1832 4784 erudienda.

256 4785 417 4838 Anic.
449 4801 576 4839 vero
620 4779 721 4840 nis.
751 4796 808 4840 et
841 4779 979 4840 unus
1010 4783 1161 4839 Colb.
1193 4798 1298 4837 non
1349 4779 1637 4835 erudienda
1686 4779 1835 4848 legit,

257 4856 353 4908 sed
384 4855 715 4910 enutrienda.

332 4926 358 4963 ι
410 4924 568 4978 Mam.
617 4924 750 4979 Cum
803 4924 1077 4980 Aniciensi
1121 4932 1176 4978 et
1232 4921 1838 4993 Maioris-monasterii

255 4995 444 5060 codd.,
473 4995 880 5066 indignisalute.

249 5083 264 5092 ο
327 5077 351 5105 ο
395 5066 470 5119 Ita
501 5063 633 5120 mss.
668 5065 778 5122 fere
799 5080 1007 5121 omnes.
1039 5063 1200 5125 Editi,
1222 5063 1669 5128 contaminabunt,
1691 5079 1831 5119 unus

254 5137 424 5193 codex
455 5153 581 5200 ms.,
611 5137 1122 5199 contaminabimini;
1149 5135 1247 5199 aL,
1279 5132 1670 5188 i'ontantinabit.

323 5206 350 5246 ἀ
389 5207 734 5263 Colbertituts
760 5223 918 5270 unus,
951 5207 1020 5260 ad
1053 5221 1285 5259 mensam
1318 5203 1511 5257 divitis.

331 5290 354 5317 ε
398 5277 866 5349 Rothomagensis.
907 5277 966 5332 S.
1004 5276 1245 5331 Audoeni
1277 5285 1332 5329 et
1361 5289 1497 5328 unus
1535 5274 1734 5344 regius,
1780 5282 1830 5330 et

249 5365 347 5420 per
366 5365 481 5420 eam
501 5350 742 5403 uirtutem
771 5349 914 5418 ﬁdei.
960 5377 969 5387 ι

331 5418 348 5458 τ
391 5419 447 5473 In
471 5414 792 5488 quibusdam
816 5435 946 5475 mss.
969 5428 1022 5473 et
1047 5418 1184 5489 apud
1216 5415 1429 5489 Mamet.
1456 5423 1511 5489 et
1544 5414 1826 5489 Ulimmer.

247 5490 406 5562 deest
439 5485 552 5555 illa,
588 5491 757 5544 codex
801 5506 926 5562 vero
959 5485 1171 5559 Majoris
1202 5485 1508 5542 Monasterii
1558 5487 1634 5540 ita
1676 5485 1827 5554 legit,

251 5563 335 5615 cui
361 5559 471 5629 iam
501 5578 602 5614 non
629 5560 970 5630 superessent.

327 5634 351 5672 3
390 5631 472 5684 AI.
507 5632 862 5684 ampliﬁcatur
891 5648 909 5684 :
940 5632 1007 5684 al.
1037 5629 1290 5684 impleturi

327 5634 351 5672 3
390 5634 472 5684 ΑΙ.
507 5634 862 5700 ampliﬁcatur
891 5648 909 5685 :
940 5634 1007 5684 al.
1037 5634 1297 5697 impletur;

320 5703 348 5740 ιι
388 5701 628 5764 Ulitntn.,
646 5703 721 5773 ita
744 5701 1141 5773 quodammodo
1164 5701 1388 5773 illustrat
1410 5715 1429 5764 ;
1453 5696 1672 5767 quidam
1695 5710 1823 5762 ms.,

246 5774 325 5826 ita
357 5782 587 5826 tenemus
619 5771 840 5826 illustret
862 5774 1088 5841 quodam
1117 5771 1288 5825 modo.

1947 4932 2175 4982 cantem,
2196 4927 2299 4972 etc.
2351 4916 2498 4972 Unus
2523 4931 2650 4969 vero
2675 4913 2844 4969 codex
2892 4909 3048 4982 regia:
3070 4909 3514 4982 Bibliotltecaa,et

1982 4990 2067 5042 uia
2094 4980 2263 5042 omnis
2302 4986 2648 5054 sanctiﬁcatio
2683 4984 2883 5054 mystici
2908 4980 3153 5054 sacriﬁcii
3182 4980 3512 5054 eteﬂicacia.

1982 5006 2067 5042 tua
2094 5006 2263 5042 omnis
2302 5006 2648 5054 sanat/tcum)
2683 5006 2882 5054 mystwt
2908 5006 3151 5049 Iacrtlwu
3182 5006 3226 5034 et
3255 5006 3512 5048 cunnum.

1935 5006 1994 5113 lqn
2024 5075 2125 5113 ms.
2156 5055 2845 5128 Majoris-monasteriipost
2869 5051 3162 5123 efﬁcaciam
3177 5049 3394 5105 additur
3419 5049 3512 5103 de-

1937 5129 2116 5184 bemus
2139 5131 2291 5183 scire.

2009 5199 2037 5240 ¹ι
2078 5200 2239 5255 Roth.
2273 5197 2331 5253 S.
2371 5197 2615 5253 Audoeni
2648 5195 2798 5252 addit
2825 5194 3070 5248 tribuere.
3099 5191 3157 5248 In
3182 5191 3330 5248 Flor.
3376 5203 3512 5246 vero

1937 5273 2090 5340 deest
2122 5281 2400 5340 totumque
2425 5268 2540 5338 ejus
2563 5267 2760 5340 uirtuti.

2016 5339 2033 5379 ι
2079 5342 2253 5396 Vatic.
2281 5334 2336 5395 et
2363 5334 2528 5398 Flor,
2562 5339 2832 5406 deputare.
2857 5335 3021 5399 Editi,
3048 5334 3343 5406 designare.

2007 5424 2048 5452 ιιι
2087 5412 2142 5465 In
2175 5409 2494 5481 quibusdam
2524 5403 2634 5481 nis.
2657 5403 3291 5481 desideratur‘illecebris.

2006 5493 2034 5520 ιι
2068 5470 2290 5536 Mamer.
2336 5489 2393 5534 et
2439 5479 2610 5534 Vatic.
2656 5479 2723 5531 ad
2749 5492 2812 5530 ea
2856 5477 3075 5530 interius
3127 5470 3508 5544 sanctiﬁcauda

1933 5553 2340 5677 transﬂerantur.

2005 5631 2028 5660 °
2121 5638 2220 5675 nus
2242 5620 2338 5674 cod

2005 5631 2028 5660 ο
2070 5617 2220 5677 Unus
2242 5620 2410 5674 codex
2443 5620 2622 5686 regius
2644 5619 2794 5674 addit
2813 5627 2861 5672 et
2887 5617 3099 5674 bibitur.

2001 5705 2030 5744 Ρ
2051 5691 2214 5756 Editi,
2235 5689 2557 5744 immolatur.
2606 5763 2610 5769 ‘
