4078 6348
465 243 604 300 1275

1279 240 1336 294 S.
1382 238 1737 294 PASCIIASH
1776 237 2122 294 BADBERTI
2162 238 2452 292 ABBATIS
2493 236 2942 296 CORBEIENSIS

3604 242 3744 299 1276

464 354 720 420 nationis,
752 354 958 411 renatis
989 355 1043 421 in
1067 351 1285 409 Christo
1312 354 1412 408 ista
1448 355 1727 425 proposuit
1760 372 1771 408 :
1806 354 2051 425 Alioquin
2080 358 2127 416 Α
2157 354 2353 408 divinis
2383 355 2713 424 ubicumque
2747 370 2904 411 sacer
2929 355 3166 426 Spiritus
3196 356 3248 411 in
3281 357 3485 412 eisdem
3518 359 3752 415 interius

461 446 692 520 portitbit
717 448 1044 519 iniquitatem
1067 445 1246 501 delicti
1269 447 1353 501 sui
1380 445 1594 518 (lbid.),
1626 456 1687 501 ut
1724 446 1808 500 lex
1835 447 1931 511 ait,
1961 444 2054 515 qui

466 538 805 597 sanctiﬁcata
847 539 1317 605 contaminaverit,
1353 540 1645 596 comedens
1673 555 1770 610 per
1805 541 2058 610 ignoran-

467 632 621 698 tiam,
647 632 733 688 vel
787 631 1007 702 indigne
1035 640 1296 704 appetens
1328 647 1394 687 ea
1428 648 1495 688 ex
1543 640 1873 703 contemptu.
1920 631 2057 685 Hine

464 739 597 797 ergo
638 725 843 781 erudiri
872 734 1086 796 oportet
1128 741 1223 783 eos
1253 726 1345 797 qui
1374 727 1679 798 percipiunt
1707 727 1832 782 vitae
1875 742 2055 781 sacra-

466 823 671 881 menta,
703 832 773 871 ne
815 814 956 873 forte
985 817 1031 872 si
1070 818 1193 887 quis
1216 817 1483 873 desidiose
1526 817 1790 873 salutaria
1845 819 2058 889 ignorat

466 907 593 963 ﬁdei
640 908 966 975 rudimenta,
997 917 1054 964 et
1091 908 1206 980 ipse
1249 924 1283 964 a
1323 907 1552 964 Domino
1584 910 1801 980 penitus
1839 910 2056 981 ignore-

464 1005 578 1055 mf.

1044 1131 1273 1189 CAPUT
1312 1133 1378 1190 lll
1408 1146 1456 1189 ι.

639 1240 781 1309 Quid
801 1244 905 1299 sint
936 1254 1286 1312 sacramenta,
1316 1246 1393 1302 vel
1420 1263 1582 1319 quare
1607 1247 1876 1302 dicantur.

544 1354 599 1408 1.
619 1352 1034 1411 Sacramentum
1055 1356 1220 1428 igitur
1232 1366 1316 1413 est
1345 1357 1605 1429 quidquid
1637 1359 1690 1414 in
1718 1358 1895 1428 aliqua
1911 1359 2055 1414 cele-

467 1444 719 1503 bratione
753 1447 936 1502 divina
959 1450 1115 1503 nobis
1162 1450 1313 1518 quasi
1350 1451 1545 1521 pignus
1571 1450 1762 1505 salutis
1801 1451 2055 1517 traditur,

467 1555 592 1597 cum
622 1556 710 1596 res
738 1550 889 1613 gesta
912 1540 942 1582 δ
963 1542 1192 1597 visibilis
1222 1542 1378 1613 longe
1398 1542 1541 1597 aliud
1571 1542 1841 1598 invisibile
1869 1554 1891 1581 ε
1912 1543 2058 1598 intus

468 1641 748 1702 operatur,
802 1633 948 1702 quod
996 1641 1186 1688 sancte
1239 1633 1617 1704 accipiendum
1664 1633 1776 1688 sit:
1822 1634 1964 1688 unde
2003 1641 2060 1688 et

2158 444 2361 513 aliquid
2406 445 2698 499 eﬂicaciter
2755 446 3022 516 loquendo
3081 455 3384 516 operatur;
3435 452 3529 501 sed
3563 464 3748 502 sacra-

2157 545 2341 591 mento
2394 535 2799 604 Scripturarum
2852 536 3051 591 eruditi
3093 536 3143 602 ι,
3175 537 3435 591 divinitus
3482 540 3754 594 introrsus

2155 625 2454 697 pascimur,
2479 636 2531 681 et
2559 628 2694 698 pasti
2726 628 2793 682 ad
2824 630 3195 699 operationem
3225 630 3565 698 disciplinam
3589 630 3751 685 Chri-

2156 718 2225 774 sti
2266 719 2566 773 erudimur.
2640 719 2997 776 Sacramento
3044 737 3175 776 vero
3216 723 3523 777 nativitatis
3557 732 3612 779 et
3652 724 3754 778 hu-

2155 812 2435 867 manitatis
2474 810 2658 881 leius,
2706 818 2760 867 et
2806 829 2907 868 nos
2945 814 3265 868 redimimur
3306 815 3375 868 ad
3421 816 3663 881 veniam,
3694 824 3753 871 et

2158 904 2455 975 Scriptura:
2478 905 2795 974 aperiuntur
2821 906 2887 959 ad
2918 905 3355 976 intelligentiam,
3384 916 3441 962 et
3472 907 3557 960 via
3592 906 3754 964 nobis

2156 1010 2255 1067 per
2281 1010 2405 1050 eum
2439 1002 2795 1060 monstratur,
2836 1005 2892 1050 et
2921 1005 3160 1066 potestas
3201 996 3447 1066 largitur.
3483 1007 3542 1051 ut
3574 998 3629 1050 in
3653 998 3759 1053 ad-

2157 1087 2432 1157 optionem
2475 1086 2708 1140 liliorum
2754 1101 2822 1142 ex
2861 1088 3125 1142 servitute
3173 1097 3534 1141 transeamus.
3576 1087 3756 1143 Pcrro

2156 1178 2409 1248 baptismi
2459 1186 2803 1233 sacramento
2842 1179 3075 1233 intrandi
3117 1179 3183 1233 ad
3227 1180 3472 1235 eamdem
3497 1180 3755 1251 adoptio—

2159 1284 2281 1324 nem
2336 1269 2533 1325 ostium
2583 1269 2931 1327 credentibus
2982 1271 3260 1340 panditur,
3300 1280 3359 1327 ut
3405 1272 3663 1342 deinceps
3692 1273 3753 1327 in

2159 1361 2420 1417 membris
2456 1361 2660 1419 Christi
2717 1378 2816 1434 per
2857 1364 3105 1420 eamdem
3152 1365 3549 1420 renascentiam
3604 1365 3751 1421 libe-

2160 1454 2263 1509 rati
2294 1469 2323 1508 a
2355 1454 2497 1509 malo
2550 1471 2716 1511 unum
2764 1470 2962 1525 corpus
3013 1454 3309 1513 eﬁiciamur
3341 1457 3435 1511 :in
3491 1471 3603 1526 quo
3651 1456 3745 1511 ni-

2161 1545 2361 1600 mirum
2410 1546 2683 1616 haptismo
2728 1555 2783 1601 et
2822 1547 3080 1617 deinecps
3131 1546 3369 1619 Spiritus
3427 1556 3647 1604 sanctus
3690 1548 3758 1603 in

2161 1635 2399 1690 animam
2432 1638 2765 1693 renascentis
2795 1638 3129 1704 diﬁ'unditur,
3161 1648 3220 1693 ut
3244 1639 3494 1694 universa
3538 1637 3755 1694 Christi

467 1734 813 1780 sacramenta
854 1725 1109 1781 dicuntur
1160 1735 1253 1780 aut
1281 1741 1313 1780 a
1340 1736 1580 1791 secreto,
1628 1742 1695 1783 eo
1721 1727 1865 1797 quod
1910 1727 1964 1781 in
1998 1740 2058 1781 re
2085 1711 2133 1771 Β
2162 1725 2401 1782 Ecclesia
2430 1743 2537 1783 uno
2559 1728 2750 1798 spiritu
2780 1737 3036 1798 percepto
3068 1728 3371 1784 viviﬁcetur
3394 1768 3410 1793 ,
3450 1737 3507 1783 et
3541 1742 3760 1796 corpus

466 1803 671 1872 visibili
702 1816 1009 1872 divinitasd
1039 1818 1187 1873 intus
1227 1818 1430 1888 aliquid
1476 1818 1618 1873 ultra
1665 1819 1933 1874 secretius
1974 1817 2056 1873 ei.

468 1906 584 1963 ﬁcit
631 1923 729 1979 per
771 1909 1006 1978 speciem
1046 1909 1420 1982 corporalem;
1464 1919 1562 1964 aut
1592 1926 1621 1964 a
1648 1909 2059 1965 consecratione

467 1997 937 2063 sanctificationis,
959 2000 1088 2068 quia
1110 1999 1346 2070 Spiritus
1367 2008 1588 2055 sanctus
1610 2014 1837 2055 manens
1854 2000 1916 2055 in
1939 2016 2062 2056 cor-

468 2106 605 2161 pore
645 2090 871 2156 Christi,
924 2092 1156 2146 latenter
1184 2094 1302 2148 haec
1355 2094 1538 2148 omnia
1586 2101 2058 2149 sacramentorum

471 2183 702 2252 mystica
733 2194 759 2222 ο
785 2183 887 2239 sub
915 2192 1224 2254 tegumento
1258 2185 1552 2240 visibilium
1575 2199 1675 2255 pro
1716 2184 1888 2241 salute
1930 2184 2060 2240 ﬁde-

467 2273 603 2328 lium
630 2283 905 2343 operatur.
930 2274 1100 2346 Magis
1126 2277 1290 2347 igitur
1313 2277 1396 2331 vis
1422 2277 1603 2331 divina
1623 2292 1690 2333 ex
1719 2277 1823 2332 hoc
1845 2285 2059 2333 mentes

471 2364 811 2420 credentium
833 2365 903 2420 ad
929 2365 1223 2422 invisibilia
1244 2366 1484 2432 instruit,
1517 2382 1677 2437 quam
1698 2367 1742 2423 si
1765 2366 2059 2423 visibiliter

468 2471 532 2513 ea
578 2466 913 2515 monstraret
957 2474 1080 2522 qua:
1131 2458 1364 2515 interius
1409 2468 1633 2529 przestat
1686 2460 1754 2516 ad
1806 2458 2061 2515 eli‘ectum

470 2550 667 2606 salutis
692 2568 707 2605 :
739 2547 848 2606 Per
866 2550 1026 2621 ﬁdem
1050 2552 1189 2606 enim
1231 2552 1564 2629 ambuiamus
1588 2562 1636 2608 et
1665 2569 1771 2607 non
1808 2568 1901 2623 per
1946 2569 2064 2623 spe-

473 2643 603 2698 ciem
628 2641 714 2715 (11
746 2641 869 2699 Cor.
893 2659 946 2708 v,
976 2643 1055 2716 7).

538 2735 596 2790 2.
631 2733 772 2792 Sunt
807 2743 987 2793 autem
1035 2747 1379 2793 sacramenta
1408 2737 1428 2777 ί
1460 2736 1660 2793 Christi
1714 2737 1770 2793 iu
1818 2736 2063 2793 Ecclesia

472 2827 778 2898 haptismus
804 2837 861 2883 et
902 2829 1162 2897 chrisma,
1220 2845 1419 2899 corpus
1470 2845 1686 2900 quoque
1739 2829 1953 2885 Domini
2006 2838 2065 2887 et

472 2919 712 2991 sanguis,
744 2934 865 2989 qua:
897 2919 969 2974 ob
988 2921 1093 2976 hoc
1116 2930 1458 2977 sacramenta
1480 2929 1763 2987 vocantur,
1811 2921 1938 2991 quia
1960 2921 2064 2977 sub

471 3023 663 3065 eorum
692 3009 874 3080 specie
902 3009 1122 3075 visibili,
1158 3026 1277 3080 quae
1307 3012 1521 3067 videtur
1550 3014 1598 3077 8,
1652 3014 1917 3068 secretius
1954 3013 2064 3068 vir-

2161 1833 2326 1875 unum
2344 1818 2609 1875 eﬁiciatur
2634 1837 2650 1886 ;
2682 1821 2807 1890 quia
2838 1822 2979 1876 sicut
3009 1821 3190 1877 omnia
3219 1823 3461 1877 membra
3491 1821 3749 1891 corporis

2162 1911 2333 1965 nostri
2376 1927 2483 1966 una
2524 1912 2871 1968 viviﬁcantur
2917 1921 2972 1968 et
3007 1921 3273 1984 reguntur
3323 1913 3530 1978 anima,
3576 1924 3640 1967 ut
3683 1928 3760 1969 ex

2161 2015 2422 2072 compage
2462 2002 2828 2061 membrorum
2870 2020 3034 2059 unum
3079 2020 3276 2075 corpus
3324 2005 3448 2070 ﬁat;
3481 2007 3555 2059 ita
3582 2006 3762 2062 totius

2160 2089 2418 2147 Ecclesia:
2430 2094 2670 2148 membra
2694 2110 2801 2148 uno
2821 2105 3009 2150 sancto
3030 2106 3293 2165 reguntur
3325 2104 3379 2150 et
3396 2094 3753 2151 viviﬁcantur

2163 2181 2390 2269 Spiiitu,
2415 2194 2473 2239 ut
2497 2202 2662 2240 unum
2684 2201 2881 2256 corpus
2906 2186 3106 2242 Christi
3129 2185 3383 2242 eﬂiciant.
3404 2185 3545 2253 Quia
3565 2186 3611 2240 si
3630 2186 3759 2259 quis

2160 2278 2402 2347 spiritum
2441 2276 2635 2333 Christi
2668 2296 2772 2334 non
2800 2279 2974 2346 habet,
3031 2280 3118 2334 hic
3164 2296 3270 2334 non
3317 2291 3391 2335 est
3422 2280 3537 2350 ejus
3558 2277 3745 2351 (Rom.

2161 2383 2286 2433 vui,
2312 2369 2389 2439 9).

2233 2460 2288 2515 ὅ.
2315 2460 2484 2516 Nemo
2509 2473 2549 2501 ιιι
2580 2462 2750 2534 igitur
2793 2463 3007 2520 dubitat
3050 2465 3197 2536 quod
3242 2464 3618 2534 unusquisque
3658 2477 3766 2517 no-

2164 2563 2338 2608 strum
2382 2562 2538 2609 utero
2588 2556 2780 2611 matris
2824 2557 2999 2613 adhuc
3047 2556 3264 2613 clausus
3310 2557 3573 2627 accipiat,
3630 2555 3768 2610 licet

2163 2644 2395 2708 occulte,
2426 2646 2685 2707 animam,
2721 2654 2781 2700 ut
2805 2646 2879 2701 sit
2906 2647 3070 2701 homo
3092 2647 3148 2705 in
3181 2646 3420 2700 animam
3443 2647 3761 2709 viventem;

2164 2735 2238 2791 ita
2270 2738 2537 2792 interdum
2566 2746 2624 2792 ut
2655 2747 2831 2793 mater
2874 2739 3108 2803 nesciat,
3153 2739 3370 2808 quando
3398 2752 3503 2808 per
3545 2752 3667 2792 eam
3696 2735 3763 2791 in

2166 2827 2257 2883 illo
2310 2828 2625 2899 priusquam
2669 2837 2830 2901 exeat
2878 2829 2987 2883 vita
3045 2829 3398 2897 ingrediatur.
3454 2825 3546 2883 Sic
3594 2824 3767 2896 plane

2166 2934 2326 2974 nemo
2352 2919 2598 2973 dubitare
2622 2919 2802 2984 debet,
2831 2918 2974 2989 quod
2999 2920 3051 2973 in
3076 2917 3228 2972 alveo
3255 2915 3555 2986 nbaptismi
3582 2913 3767 2984 prius-

2165 3025 2332 3080 quam
2373 3009 2552 3066 inl‘ans
2600 3027 2633 3064 a
2679 3010 2828 3065 fonte
2874 3019 3086 3082 surgat,
3142 3010 3382 3080 Spiritus
3437 3015 3662 3063 sanctus
3700 3006 3765 3081 in

475 3107 592 3155 tute
617 3099 802 3156 diVina
839 3116 970 3157 caro
1011 3112 1397 3169 consecratur;
1429 3113 1486 3158 ut
1537 3105 1640 3160 hoc
1670 3106 1780 3160 sint
1828 3105 2061 3161 interius
2088 3081 2133 3143 (ἶ
2163 3114 2289 3155 eum
2335 3100 2425 3168 qui
2486 3100 2790 3156 renascitur
2865 3081 3138 3166 adveniat,
3178 3101 3280 3183 etsi
3334 3115 3440 3155 non
3488 3097 3766 3162 videatur.

475 3193 530 3247 in
574 3191 826 3258 veritate,
875 3194 1018 3263 quod
1065 3196 1303 3251 exterius
1352 3198 1650 3251 creduntur
1677 3196 1877 3252 virtute
1913 3196 2061 3252 ﬁdei.

474 3283 687 3357 (lsich.)
712 3285 811 3342 Est
832 3295 891 3342 et
928 3297 1328 3344 sacramentum
1368 3288 1532 3359 iuris,
1576 3290 1628 3344 in
1661 3305 1770 3359 quo
1799 3297 1924 3361 post
1954 3288 2066 3345 ele-

474 3378 711 3463 ctionem
742 3380 978 3450 partium
1003 3385 1153 3449 iurat
1182 3383 1554 3463 unusquisque
1580 3382 1725 3452 quod
1761 3397 1859 3437 suo
1903 3389 2067 3452 pacto

476 3452 874 3526 “decreverit:
929 3473 1072 3527 unde
1124 3482 1180 3528 et
1222 3452 1624 3528 sacramentum
1672 3472 1874 3527 dicitur
1920 3470 2067 3543 quod

480 3559 747 3614 secretius
805 3559 940 3616 ﬁdes
988 3562 1278 3622 invisibilis
1319 3578 1415 3632 per
1469 3561 1940 3616 consecrationem
1983 3560 2066 3615 in-

478 3654 779 3710 vocationis
824 3654 945 3721 Dei,
980 3656 1067 3711 vel
1114 3655 1342 3725 alicujus
1391 3656 1531 3712 sacri
1566 3663 1836 3717 teneatur,
1886 3667 1955 3709 ex
2000 3667 2069 3715 eo

477 3747 619 3818 quod
649 3748 785 3805 l'oris
810 3750 928 3805 visu
952 3749 1035 3805 vel
1070 3751 1254 3804 auditu
1297 3765 1399 3803 vox
1429 3749 1664 3819 iurantis
1700 3748 1954 3803 sentitur.
1980 3746 2070 3802 Fit

478 3856 610 3911 ergo
643 3851 698 3897 et
726 3840 929 3898 Christi
977 3842 1255 3906 nativitas,
1283 3852 1446 3912 atque
1469 3843 1649 3897 omnis
1688 3841 1779 3897 illa
1808 3841 2068 3896 humani-

478 3935 609 3989 tatis
651 3935 987 4005 dispensatio
1033 3949 1286 4006 magnum
1325 3935 1596 4005 quoddam
1634 3941 2066 3997 sacramentum,

480 4027 606 4098 quia
659 4025 712 4080 in
762 4025 983 4082 homine
1024 4025 1221 4081 visibili
1252 4024 1433 4081 divina
1466 4024 1723 4093 maiestas
1770 4024 1916 4079 intus
1951 4025 1967 4065 ί
1998 4022 2071 4079 ob

483 4117 952 4172 consecrationem
1002 4127 1246 4173 nostram
1291 4133 1353 4172 ea
1406 4133 1527 4188 qua:
1556 4116 1761 4171 ﬁebant
1805 4114 2072 4171 secretius

482 4216 754 4279 potestate
805 4223 903 4263 sua
959 4208 1308 4264 invisibiliter
1349 4207 1702 4278 operabatur.
1747 4205 1902 4261 Unde
1953 4220 2072 4277 my-

482 4299 712 4354 sterium
743 4298 830 4355 vel
861 4308 1287 4365 sacramentum,
1325 4299 1471 4369 quod
1518 4299 1660 4353 Deus
1684 4298 1850 4353 homo
1890 4295 2072 4352 factus

480 4401 581 4455 est.
610 4392 733 4464 iure
757 4393 997 4460 dicitur;
1036 4393 1133 4453 sed
1167 4393 1486 4465 mysterium
1525 4390 1773 4448 Graecum
1802 4388 1818 4441 i
1854 4398 1960 4454 est,
2005 4402 2073 4445 eo

484 4486 628 4555 quod
664 4494 933 4542 secretam
985 4495 1042 4542 et
1081 4487 1417 4543 reconditam
1451 4484 1650 4541 habeat
1699 4486 1753 4539 in
1797 4500 1857 4539 se
1892 4483 2073 4552 dispo-

2100 4440 2151 4501 D

2166 3192 2293 3262 quia
2324 3206 2429 3246 non
2459 3193 2641 3246 minus
2672 3201 2757 3246 est
2802 3193 2983 3247 divina
3010 3193 3183 3247 virtus
3209 3191 3435 3262 provida
3463 3198 3517 3245 et
3536 3196 3772 3259 priest:-

2166 3281 2290 3336 bilis
2337 3281 2406 3335 ad
2460 3283 2926 3352 regenerationem
2974 3298 3144 3338 sacrae
3202 3281 3508 3353 adoptionis
3531 3320 3546 3344 ,
3589 3294 3769 3348 quam

2167 3377 2270 3435 fuit
2306 3380 2458 3450 prius
2512 3380 2567 3433 in
2612 3380 2899 3436 nativitate
2945 3380 3146 3444 carnis,
3197 3388 3257 3434 ut
3294 3377 3584 3432 viviﬁcaret
3632 3382 3766 3447 sata

2168 3470 2406 3526 hominis
2444 3470 2710 3534 membra,
2754 3469 2884 3525 licet
2934 3478 3194 3539 eoiicepta
3247 3469 3358 3524 sint
3423 3467 3475 3521 in
3527 3464 3765 3519 delicto.

2169 3562 2284 3630 Qua
2329 3562 2395 3616 de
2440 3577 2498 3617 re
2549 3561 2611 3616 ﬁt
2647 3569 2671 3596 ο
2718 3576 2826 3617 non
2876 3561 3103 3617 dubium
3148 3560 3306 3616 nobis
3350 3565 3767 3629 argumentum.

2170 3656 2315 3726 quod
2348 3656 2491 3709 Deus
2522 3662 2798 3711 scrutator
2818 3656 3060 3709 omnium
3089 3661 3145 3709 et
3166 3653 3511 3724 pnestabilis,
3543 3664 3771 3720 semper

2166 3748 2406 3818 proﬁcua
2439 3758 2467 3798 Ρ
2498 3749 2772 3818 dispenset
2799 3748 2998 3819 gratia,
3045 3762 3113 3802 ne
3162 3746 3305 3816 quod
3345 3744 3610 3815 disposuit
3660 3743 3773 3796 ini-

2172 3847 2427 3896 mutetur.
2459 3839 2516 3894 Si
2564 3841 2706 3896 inter
2747 3849 2973 3912 paterna
3017 3839 3289 3895 interdum
3314 3845 3504 3907 stupra
3557 3844 3610 3889 et
3640 3849 3767 3888 ma-

2173 3934 2312 3990 terni
2342 3934 2587 3988 criminis
2613 3932 2818 4004 ﬁagitia
2861 3948 2930 3989 ex
2954 3931 3181 3987 libidine
3222 3940 3363 3991 sata,
3398 3927 3638 3984 viviﬁcat
3664 3927 3771 3983 ho-

2172 4027 2334 4082 minis
2362 4028 2629 4092 memhra,
2659 4026 2877 4097 quando
2903 4026 3078 4097 magis
3120 4025 3322 4095 ubique
3351 4037 3591 4094 praesens
3624 4020 3766 4091 Spi-

2173 4118 2310 4174 ritus
2356 4128 2601 4182 sanctus,
2636 4118 2766 4187 quia
2806 4117 2982 4188 replet
3025 4116 3214 4171 orbem
3264 4123 3556 4173 terrarum,
3600 4109 3775 4166 oﬂers

2173 4219 2236 4265 ut
2277 4211 2532 4266 omnibus
2569 4224 2665 4281 per
2716 4209 2880 4264 ﬁdem
2927 4206 3337 4287 renascentibus
3382 4220 3443 4258 se
3481 4210 3778 4275 promptus

2176 4304 2407 4374 ingerat,
2459 4313 2729 4374 quatenus
2758 4319 2857 4374 per
2885 4318 3008 4357 eum
3044 4300 3287 4356 membra
3339 4297 3543 4354 Christi
3591 4308 3773 4367 unum

2178 4395 2433 4459 sentiant,
2463 4403 2516 4449 et
2547 4409 2614 4449 ex
2638 4394 2890 4448 omnibus
2914 4407 3082 4447 unum
3114 4390 3206 4444 ﬁat
3232 4404 3453 4460 corpus.

2245 4487 2300 4540 4.
2353 4486 2621 4542 Caeterum
2673 4492 3017 4541 sacramento
3069 4482 3317 4553 corporis
3375 4489 3431 4536 et
3484 4477 3777 4551 sanguinis

483 4577 756 4633 sitionem.
800 4578 902 4659 Est
951 4587 1131 4634 autem
1162 4586 1216 4633 et
1256 4587 1656 4633 sacramentum
1690 4576 1743 4631 in
1779 4575 2078 4647 Scripturis
2177 4576 2509 4632 tantumdem
2557 4576 2835 4648 pascimur
2885 4575 2938 4629 in
2974 4574 3063 4629 via
3092 4582 3149 4629 et
3206 4581 3481 4643 potamur,
3530 4579 3588 4623 ut
3609 4582 3780 4626 exeo

560 4799 584 4828 ι
615 4786 672 4841 1η
710 4788 894 4843 codice
916 4786 1206 4843 Laubicnsi
1239 4801 1357 4855 cap.
1385 4783 1473 4839 Vl.

558 4857 587 4897 δ
615 4858 713 4913 Ms.
741 4856 959 4927 Maioris
991 4858 1245 4922 Monast.,
1271 4864 1435 4927 gestu.

563 4940 585 4967 ε
624 4928 793 4994 Flor.,
822 4929 1168 4984 invisibiliter.

558 4999 584 5039 ἀ
614 5000 811 5063 Vatia,
842 5002 1019 5054 divina
1043 5000 1205 5071 virtus
1226 4999 1427 5071 aliquid
1450 5000 1592 5054 ultra
1620 4997 1962 5069 capacitatem
1988 5009 2083 5049 no-

489 5079 654 5125 stram
686 5072 937 5125 secretius
965 5068 1133 5140 eﬂicit.

570 5155 592 5181 ο
618 5141 753 5213 Tres
777 5157 930 5205 mss.,
960 5140 1225 5213 mysteria.

572 5212 933 5283 rEuseptem
984 5212 1342 5266 sacramentis
1378 5213 1478 5265 tria
1534 5218 1741 5265 tantum
1796 5214 2083 5283 entuperat

494 5288 600 5342 hoc
633 5284 749 5339 loco
779 5272 1121 5354 Paschasius,
1146 5283 1373 5354 exempli
1396 5284 1658 5354 duntaxat
1685 5293 1870 5333 causa.
1897 5272 2083 5347 Neque

494 5358 639 5412 enim
686 5372 754 5411 ex
782 5353 1028 5425 professo
1075 5354 1161 5408 hic
1192 5353 1317 5425 agit
1346 5355 1412 5408 de
1456 5353 1681 5425 numero
1726 5357 2097 5425 sacramento-

500 5444 619 5482 rum
674 5427 766 5481 sed
784 5420 863 5480 'ad
924 5420 1251 5480 institutuuf
1280 5427 1414 5478 satis
1456 5424 1503 5478 ei
1554 5430 1672 5476 erat
1701 5420 1882 5485 aliqua
1909 5424 2097 5474 sacra-

496 5510 620 5553 men
650 5505 699 5551 ta
733 5512 1206 5559 commemorasse,
1251 5504 1309 5550 ut
1361 5496 1446 5550 hic
1470 5494 1723 5550 observat
1753 5489 2095 5545 Sirmondus.

572 5571 597 5610 5
649 5568 812 5634 Editi,
839 5585 942 5638 qua
960 5570 1227 5638 _vidcntur.

574 5641 603 5682 ιι
637 5640 694 5695 In
725 5656 832 5694 uno
852 5636 1053 5695 codice
1083 5639 1301 5707 legitur,
1327 5637 1465 5707 quod
1494 5652 1604 5691 sua:
1629 5637 1789 5707 parti.

582 5655 603 5681 τι
638 5655 694 5695 In
725 5656 832 5694 uno
863 5655 1053 5695 conice
1083 5655 1130 5692 le

582 5714 603 5765 ι
638 5709 868 5771 Mamer.
911 5726 1035 5767 cum
1062 5655 1172 5765 trifi

1175 5725 1237 5765 us
1269 5725 1424 5778 mss.,
1474 5709 1619 5763 intus
1665 5709 2095 5764 obsecrationem.

2259 4777 2275 4829 i
2309 4778 2385 4833 lla
2414 4792 2604 4833 omnes
2647 4792 2783 4846 pene
2822 4791 2953 4832 mss.
2984 4774 3227 4846 melioris
3257 4781 3419 4829 notae.
3444 4769 3787 4846 Sirmondus

2185 4865 2307 4920 cum
2337 4849 2570 4920 quodam
2598 4841 2701 4903 m's.
2729 4853 2987 4920 expungit
3016 4844 3260 4920 Cragrum
3306 4853 3402 4897 est.
3433 4841 3613 4920 Codex
3647 4853 3789 4894 veno

2188 4911 2407 4975 LauhI:
2439 4918 2686 4974 Cra'cum
2714 4911 2815 4981 est,
2858 4911 3076 4985 idcoque
3101 4916 3319 4977 dicitur,
3344 4931 3423 4985 eo,
3444 4911 3580 4981 quod
3603 4925 3787 4963 secre-

2189 5000 2299 5063 tam
2322 4991 2741 5063 etreconditam
2771 4987 2958 5063 habeat
2982 4983 3036 5041 in
3065 5004 3119 5040 se
3139 4983 3597 5063 dispensationem;

2262 5061 2288 5100 ιι
2320 5060 2459 5114 Editi
2485 5077 2607 5115 cum
2661 5060 2849 5130 paucis
2881 5073 3039 5124 mss.,
3071 5050 3383 5119 erudiendo,
3413 5063 3469 5108 et
3512 5050 3654 5107 infra
3682 5066 3792 5121 pa-

2190 5131 2403 5188 scendo.

2273 5203 2286 5241 ι
2325 5202 2498 5266 Flor.,
2530 5212 2577 5256 et
2607 5200 2924 5255 humilitatis
2955 5200 3091 5270 ejus.

2264 5287 2305 5315 ιιι
2331 5273 2409 5327 ita
2432 5288 2621 5326 omnes
2655 5286 2791 5341 pene
2820 5286 2951 5325 mss.
2978 5268 3145 5335 Editi,
3173 5268 3305 5323 sicut
3325 5281 3494 5341 nemo.

2278 5356 2303 5383 η
2346 5344 2497 5399 Hunc
2524 5333 2699 5397 locum
2734 5342 3072 5395 rcstituimus
3112 5333 3215 5410 ope
3244 5337 3449 5392 codicis
3475 5334 3621 5392 Flor.
3649 5333 3799 5410 Nam

2205 5416 2347 5487 editi
2371 5426 2427 5469 et
2449 5429 2577 5487 mss.
2610 5413 2791 5487 plures
2818 5412 2999 5482 legunt
3027 5408 3172 5487 (ιιυςζζ⁸
3359 5479 3373 5487 ι
3746 5408 3783 5487 .’

2279 5497 2303 5523 ο
2331 5486 2408 5541 ita
2458 5479 2697 5540 melioris
2749 5479 2891 5537 noue
2932 5497 3065 5537 mss.
3117 5479 3395 5535 Sirmond.
3437 5493 3562 5534 cum
3603 5479 3806 5547 paucis

2207 5576 2361 5617 mss.,
2398 5559 2461 5610 sit
2492 5574 2594 5610 non
2622 5555 2855 5609 dubium.

2279 5642 2306 5681 ι)
2339 5628 2500 5683 Mam.
2526 5626 2688 5683 Ulim.
2724 5634 2781 5681 et
2804 5624 2999 5692 Sirm.,
3042 5622 3337 5696 proﬁcuum
3386 5620 3648 5692 dispenset
3680 5635 3809 5693 gra-

2206 5715 2354 5760 tiam.
