4078 6348
262 220 399 283 H77

1192 215 1316 272 LIB.
1352 216 1445 273 DE
1478 214 2606 275 commutantium.

3342 188 3351 189 ί
3395 214 3535 287 ητις

258 328 450 386 nutriti
490 328 545 383 in
571 326 790 384 Christo
828 341 997 383 unum
1025 326 1326 383 eﬁiciamur
1350 370 1364 393 ,
1418 344 1526 398 quo
1579 328 1840 384 nimirum
1868 336 1918 396 Α
1946 329 2245 385 substantia
2270 331 2425 399 panis
2473 346 2537 385 ac
2564 330 2673 385 vini
2708 332 2935 401 mystice
2975 329 3119 385 idem
3164 330 3367 386 Christi
3410 347 3535 387 eor-

261 420 494 492 vegetati
523 428 682 490 gustu
697 418 765 474 ad
779 420 1107 474 immortalia
1128 428 1394 487 etaeterna
1411 436 1781 491 przeparamur
1796 433 1845 488 ιι,

259 522 529 586 quatenus
580 510 900 583 spiritaliter
939 512 1050 582 jam
1094 513 1334 583 angelica
1392 514 1564 583 gratia
1615 514 1848 586 saginati

262 606 313 660 in
345 620 413 662 eo
435 605 796 660 viviﬁcetnur.
839 604 1107 675 Operatur
1130 615 1311 661 autem
1340 607 1498 661 nobis
1533 606 1588 661 in
1620 608 1706 663 his
1730 622 1848 662 om-

261 695 423 751 nibus
461 695 825 750 sacramentis
866 695 1103 764 Spiritus
1148 696 1401 751 diviuus:
1432 695 1488 752 Si
1523 697 1741 767 quidem
1789 698 1847 753 in

258 782 562 856 Scriptur'is
591 786 797 842 sanctis
837 787 1001 842 corda
1040 798 1227 843 nostra
1255 786 1509 853 illustrat,
1533 790 1657 859 quia
1685 806 1848 860 neque

257 875 347 949 qui
367 877 591 947 plantat,
629 894 792 950 neque
813 877 902 949 qui
930 879 1065 948 rigat
1092 887 1168 933 est
1193 878 1416 950 aliquid,
1443 879 1534 934 sed
1563 881 1652 948 qui
1678 880 1848 935 iacre-

256 979 491 1025 mentum
523 968 638 1035 dat,
667 968 807 1025 Deus
833 968 881 1040 (1
911 966 1033 1024 Cor.
1059 987 1143 1036 Ill,
1173 971 1250 1041 7).
1286 971 1422 1026 llinc
1445 987 1576 1027 sane
1596 971 1846 1027 Ezechiel

257 1062 335 1118 ait
364 1080 378 1116 :
408 1060 547 1128 Quia
574 1063 789 1134 spiritus
812 1063 928 1119 vita
955 1074 1066 1118 erat
1091 1064 1145 1118 in
1173 1066 1300 1118 rotis
1330 1063 1550 1133 (Ezech.
1580 1080 1618 1130 t,
1642 1063 1755 1135 21).
1779 1063 1849 1119 Et

252 1151 533 1212 Joannes:
567 1152 671 1220 Qui
695 1153 871 1221 habet,
912 1154 1109 1225 inquit,
1140 1171 1294 1211 aures
1340 1155 1592 1209 audiendi
1636 1154 1841 1220 audiat,

232 1248 381 1321 quid
408 1246 640 1317 Spiritus
674 1248 816 1303 dicat
844 1248 1073 1304 ecclesiis
1100 1248 1282 1320 (Apoc.
1310 1265 1374 1315 ιι,
1398 1248 1474 1322 7).
1498 1248 1764 1305 Caeterum
1790 1249 1844 1303 in

255 1340 476 1397 Christo
524 1341 666 1397 idem
696 1351 1022 1422 cooperatur
1059 1341 1319 1412 Spiritus,
1369 1343 1497 1413 quia
1549 1353 1844 1412 conceptus

253 1435 501 1491 creditur
526 1434 591 1490 de
621 1435 739 1505 ipso
777 1446 833 1490 et
872 1434 1040 1489 Maria
1071 1449 1287 1507 semper
1315 1436 1344 1475 δ
1375 1435 1619 1506 Virgine.
1664 1434 1843 1490 Simili

256 1542 475 1597 quoque
505 1528 664 1585 modo
689 1535 745 1582 et
775 1528 828 1583 in
856 1527 1127 1598 baptismo
1154 1545 1252 1599 per
1283 1544 1479 1598 aquam
1508 1544 1574 1583 ex
1605 1528 1695 1583 illo
1722 1544 1842 1583 om-

212 1646 217 1649 ·
255 1634 353 1676 nes
384 1633 793 1691 regeneramur,
824 1620 1018 1703 deinde
1056 1620 1253 1676 virtute
1282 1621 1450 1690 ipsius
1491 1620 1690 1676 Christi
1723 1635 1844 1674 cor-

252 1726 387 1785 pore
413 1711 652 1781 quotidie
683 1698 955 1783 pascimur
1000 1722 1053 1767 et
1076 1723 1327 1783 potamur
1355 1713 1639 1781 sanguine.
1686 1712 1838 1768 Unde
1869 1698 1913 1758 Β

256 1814 279 1842 ο
309 1817 414 1858 nec
460 1803 656 1857 mirum
691 1803 927 1875 Spiritus
977 1806 1068 1875 qui
1127 1806 1401 1861 hominem
1456 1806 1734 1863 Christum
1785 1805 1839 1859 in

255 1902 411 1949 utero
450 1892 676 1964 virginis
726 1896 845 1951 sine
898 1896 1109 1951 semine
1160 1901 1386 1963 creavit,
1438 1897 1653 1952 etiamsi
1723 1896 1840 1967 ipse

252 1987 412 2061 panis
438 2000 504 2040 ac
534 1986 638 2040 vini
689 1988 991 2044 substantia
1021 2003 1243 2045 Carnem
1278 1988 1483 2044 Christi
1513 1998 1569 2045 et
1617 1989 1839 2059 sangui-

256 2096 379 2137 nem
424 2078 678 2135 invisibili
706 2084 945 2153 potentia
980 2084 1224 2153 quotidie
1259 2098 1355 2154 per
1396 2084 1723 2140 sacramenti
1756 2082 1840 2137 sui

255 2170 741 2229 sanctiﬁcationem
791 2158 1085 2246 operatur,
1126 2176 1375 2245 quamvis
1426 2191 1529 2231 nec
1575 2176 1694 2231 visu
1746 2190 1841 2231 ex-

257 2264 426 2319 terius
452 2280 553 2321 nec
580 2274 737 2343 gustu
775 2268 987 2337 saporis
1015 2267 1526 2338 comprehendatur.
1559 2267 1669 2322 Sed
1709 2266 1840 2337 quia

253 2358 556 2429 spiritualia
600 2367 742 2424 sunt,
783 2359 888 2417 ﬁde
933 2369 989 2416 et
1026 2361 1305 2417 intellectu
1342 2376 1443 2432 pro
1478 2370 1648 2428 certo,
1699 2360 1843 2417 sicut

254 2450 470 2508 Veritas
496 2451 769 2522 praedixit,
793 2452 1110 2523 plenissime
1136 2461 1441 2510 sumuntur.

841 2609 1069 2666 CAPUT
1108 2610 1177 2667 Ν
1205 2609 1256 2663 ἀ.

254 2721 447 2777 Utrum
476 2721 570 2777 sub
608 2720 781 2793 ﬁgura
802 2738 874 2794 an
905 2724 961 2776 in
996 2724 1210 2777 veritate
1236 2724 1334 2778 hoc
1365 2725 1640 2794 mysticum
1663 2723 1843 2779 calicis

776 2793 870 2863 ﬁat
898 2804 1308 2849 sacramentum.

326 2926 378 2980 l.
409 2923 560 2992 Quod
589 2924 641 2979 in
673 2924 899 2981 veritate
928 2940 1125 2996 corpus
1174 2934 1230 2982 et
1263 2927 1483 2998 sanguis
1517 2925 1612 2982 ﬁat
1655 2941 1845 2984 conse-

252 3018 499 3073 cratione
528 3018 794 3090 mysterii,
841 3034 1001 3075 nemo
1046 3020 1137 3089 qui
1190 3020 1372 3076 verbis
1418 3020 1615 3076 divinis
1665 3018 1842 3076 credit

1951 439 2052 493 pus
2082 432 2137 477 et
2164 424 2383 493 sanguis
2411 435 2797 487 consecretur;
2825 423 2893 479 de
2931 438 3038 492 qua
3080 422 3335 481 videlicet
3368 438 3535 479 carne

1952 532 2015 572 ac
2043 516 2342 586 sanguine:
2390 515 2573 578 Amen,
2608 533 2779 576 amen,
2827 516 3023 586 inquit,
3068 516 3189 573 dico
3218 515 3381 583 vobis,
3433 516 3533 579 nisi

1952 608 2386 664 manducaveritis
2421 625 2628 662 carnem
2674 608 2775 676 ﬁlii
2802 608 3027 663 hominis
3071 617 3118 661 et
3148 607 3379 665 biberitis
3418 607 3534 678 ejus

1950 702 2278 771 sanguinem,
2333 716 2437 754 non
2489 700 2742 754 habebitis
2797 700 2953 754 vitam
3004 709 3255 753 (sternam
3289 699 3344 753 in
3391 698 3533 759 vobis

1952 790 2140 860 (Ibid.,
2196 791 2307 860 5.1).
2366 790 2467 867 Ubi
2515 788 2759 861 profecto
2788 806 2892 845 non
2933 789 3116 855 aliam,
3150 805 3312 859 quam
3348 804 3535 849 veram

1949 897 2166 937 carnem
2195 881 2325 936 dicit
2370 890 2425 935 et
2474 897 2660 937 verum
2705 879 3047 951 sanguinem,
3087 878 3215 935 licet
3260 880 3529 950 mystice;

1951 974 2091 1028 unde
2120 974 2247 1043 quia
2282 974 2566 1045 mysticum
2593 982 2677 1028 est
2708 981 3136 1038 sacramentum,
3170 986 3270 1027 nec
3301 970 3532 1042 ﬁguram

1950 1065 2077 1121 illud
2108 1081 2304 1137 negare
2352 1082 2679 1134 possunms;
2710 1065 2804 1121 sed
2852 1066 2897 1120 si
2933 1064 3104 1136 ﬁgura
3140 1072 3244 1129 est,
3286 1078 3533 1133 quaeren-

1949 1157 2075 1213 dum
2118 1156 2390 1228 quomodo
2418 1160 2621 1215 veritas
2670 1173 2791 1214 esse
2832 1158 3022 1228 possit.
3067 1157 3258 1215 Omnis
3289 1158 3433 1214 enim
3471 1157 3533 1215 ﬁ-

1946 1266 2080 1321 gura
2110 1249 2340 1320 alicujus
2369 1252 2446 1306 rei
2479 1255 2649 1322 ﬁgura
2677 1259 2779 1315 est,
2803 1259 2858 1306 et
2885 1265 3101 1322 semper
3130 1250 3200 1306 ad
3234 1264 3356 1307 eam
3389 1248 3409 1289 ί
3443 1258 3532 1307 re—

1946 1343 2141 1407 fertur,
2173 1351 2232 1397 ut
2259 1344 2329 1401 sit
2356 1359 2445 1400 res
2466 1360 2618 1408 vera,
2644 1343 2797 1414 cujus
2825 1344 2995 1413 ﬁgura
3025 1354 3129 1399 est.
3160 1341 3295 1398 Nam
3330 1343 3536 1414 ﬁguras

1946 1435 2162 1491 Veteris
2190 1436 2519 1491 Tcstamcnti
2544 1438 2767 1491 umbras
2802 1436 2988 1502 fuisse,
3021 1452 3180 1492 nemo
3220 1436 3311 1507 qui
3345 1449 3533 1491 sacras

1944 1527 2155 1583 litteras
2204 1528 2363 1599 legit,
2422 1529 2674 1598 ambigit:
2731 1530 2835 1584 hoc
2885 1544 3014 1585 vero
3068 1512 3387 1601 mysterium
3440 1533 3536 1582 aut

1944 1623 2148 1676 veritas
2186 1630 2289 1687 est,
2328 1632 2420 1675 aut
2451 1623 2641 1692 ﬁgura,
2675 1632 2729 1677 et
2769 1638 2869 1692 per
2913 1624 3015 1677 hoc
3059 1625 3247 1677 umbra
3294 1629 3399 1677 est.
3426 1621 3537 1699 Aut

1942 1722 2089 1768 certe
2114 1714 2462 1781 quaerendum
2489 1713 2589 1768 hoc
2615 1722 2787 1768 totum
2817 1722 2996 1768 utrum
3017 1715 3218 1769 veritas
3242 1714 3347 1771 dici
3368 1719 3534 1783 queat

1942 1807 2061 1862 sine
2086 1806 2337 1861 falsitatis
2367 1807 2579 1872 umbra,
2614 1807 2862 1876 quamvis
2908 1807 3225 1879 mysterium
3274 1807 3527 1877 hujusce-

1943 1900 2088 1955 modi
2117 1914 2206 1953 res
2236 1897 2496 1966 appellari
2533 1898 2746 1961 debeat,
2776 1898 2869 1953 sed
2900 1898 3125 1969 ﬁguram
3159 1898 3375 1953 videtur
3411 1910 3534 1953 esse

1943 1992 2070 2048 dum
2102 1990 2389 2061 frangitur,
2416 1989 2542 2044 dum
2571 1990 2626 2044 in
2661 1990 2841 2059 specie
2866 1989 3061 2044 visibili
3095 1990 3239 2045 aliud
3274 1988 3530 2058 intelligi-
3566 2016 3577 2027 ι

1943 2093 2053 2151 tur,
2081 2101 2243 2155 quam
2264 2085 2405 2154 quod
2429 2084 2549 2139 visu
2575 2084 2756 2139 carnis
2771 2092 2994 2153 etgustu
3016 2083 3267 2147 sentitur,
3291 2082 3533 2150 dumque

1943 2180 2161 2247 sanguis
2190 2180 2241 2233 in
2272 2177 2441 2234 calice
2469 2177 2627 2231 simul
2654 2192 2773 2231 cum
2808 2191 2948 2247 aqua
2980 2175 3255 2230 miscetur.
3281 2171 3454 2228 Porro
3472 2169 3540 2225 il-

1943 2270 2035 2326 lud
2062 2270 2184 2325 ﬁdei
2213 2277 2610 2324 sacramentum
2638 2269 2762 2339 jure
2786 2268 2985 2322 veritas
2998 2266 3317 2337 appellatur;
3333 2262 3536 2323 veritas

1944 2378 2074 2433 ergo
2086 2364 2212 2417 dum
2237 2377 2434 2432 corpus
2446 2360 2647 2415 Christi
2684 2369 2739 2413 et
2753 2359 2975 2431 sanguis
2993 2358 3193 2412 virtute
3218 2357 3442 2427 spiritus
3476 2354 3535 2416 in

1944 2455 2113 2509 verbo
2146 2453 2314 2523 ipsius
2347 2468 2415 2507 ex
2456 2451 2610 2521 panis
2651 2450 2869 2519 vinique
2909 2448 3213 2504 substantia
3260 2445 3530 2514 efﬁcitur;

1947 2545 2119 2617 ﬁgura
2143 2560 2296 2611 vero,
2343 2546 2469 2599 dum
2496 2546 2522 2585 8
2543 2543 2823 2599 sacerdote
2843 2583 2856 2607 ,
2910 2542 3064 2611 quasi
3096 2540 3241 2596 aliud
3292 2540 3537 2597 exterius

1947 2647 2191 2710 gerente,
2231 2638 2301 2693 ob
2329 2635 2760 2693 recordationem
2791 2649 2960 2689 sacra:
2989 2632 3264 2703 passionis
3289 2632 3355 2687 ad
3381 2645 3535 2687 aram

1948 2732 2090 2802 quod
2121 2731 2289 2787 semel
2315 2714 2526 2803 gesttim
2568 2737 2652 2785 est
2688 2727 2930 2798 quotidie
2975 2740 3146 2796 agnus
3201 2722 3534 2779 immolatur.

2017 2826 2073 2881 2.
2106 2824 2213 2880 Sed
2247 2825 2289 2880 si
2323 2823 2597 2879 veraciter
2629 2820 2969 2890 inspicimus,
2992 2816 3118 2886 jure
3146 2816 3307 2873 simul
3338 2815 3538 2871 veritas

1948 2924 2003 2972 et
2032 2917 2203 2987 ﬁgura
2233 2915 2433 2970 dicitur
2458 2929 2472 2967 :
2497 2920 2556 2967 ut
2602 2911 2673 2967 sit
2703 2909 2874 2980 ﬁgura
2902 2909 3006 2971 _vel
3062 2908 3348 2989 character
3391 2905 3540 2961 veri-

1951 3012 2077 3067 tatis
2104 3053 2117 3076 ,
2157 3011 2301 3081 quod
2347 3007 2588 3063 exterius
2626 3006 2891 3071 sentitur;
2923 3003 3123 3058 veritas
3174 3014 3328 3066 vero,
3377 2999 3538 3070 quid-

256 3110 497 3175 dubitat;
525 3083 666 3166 unde
691 3110 908 3167 Veritas
949 3110 1026 3166 ait
1101 3109 1239 3167 Caro
1281 3111 1418 3167 enim
1468 3129 1584 3167 mea
1624 3128 1738 3167 vere
1766 3122 1843 3167 est
1869 3083 1916 3146 ε
1947 3103 2073 3174 quid
2130 3102 2196 3157 de
2244 3102 2357 3176 hoc
2401 3099 2665 3172 mysterio
2718 3096 2950 3152 interius
3012 3104 3163 3150 recte
3226 3090 3542 3161 intelligitur

255 3198 425 3263 cibus,
451 3209 500 3255 et
528 3201 743 3269 sanguis
768 3218 915 3256 meus
956 3218 1073 3256 uera
1108 3212 1185 3256 est
1214 3213 1365 3272 potus
1395 3201 1580 3272 (Joan.
1614 3218 1692 3268 vr,
1724 3201 1837 3275 56).

253 3291 324 3349 Et
363 3299 422 3347 ut
445 3292 722 3363 discipulis
762 3309 869 3349 non
917 3302 1064 3349 recte
1112 3293 1538 3364 intelligentihus
1579 3295 1845 3351 claresce-

257 3391 343 3438 ret
369 3383 436 3438 de
488 3399 594 3454 qua
644 3384 860 3439 dicebat
898 3400 1099 3448 carne,
1138 3383 1221 3440 vel
1276 3385 1342 3440 de
1401 3400 1510 3455 quo
1558 3386 1839 3455 sanguine,

257 3473 616 3532 manifestans
672 3476 950 3531 insinuat:
999 3476 1101 3542 Qui
1157 3476 1440 3531 manducat
1498 3493 1666 3530 nteant
1720 3493 1841 3532 car»

260 3585 397 3633 nem,
431 3569 623 3638 inquit,
657 3579 707 3624 et
738 3570 863 3624 bibit
905 3587 1077 3624 meum
1102 3570 1432 3640 sanguinem,
1463 3570 1518 3623 in
1548 3585 1629 3623 me
1669 3575 1843 3623 manet

255 3669 305 3714 et
357 3676 450 3731 ego
478 3661 534 3714 in
567 3660 659 3715 illo
713 3660 899 3732 (Ibid.,
929 3661 1043 3733 57).
1087 3661 1232 3731 Ergo
1261 3660 1307 3715 si
1335 3675 1460 3714 vere
1481 3667 1565 3713 est
1591 3659 1766 3723 cibus,
1789 3666 1846 3714 et

258 3767 388 3807 vera
427 3769 597 3817 caro;
635 3764 689 3809 ct
723 3754 768 3809 si
800 3769 927 3809 vere
977 3762 1060 3810 est
1098 3762 1278 3823 potus,
1340 3753 1525 3821 utique
1580 3760 1636 3806 et
1682 3767 1844 3808 verus

260 3843 519 3914 sanguis;
557 3843 795 3913 alioquin
835 3844 1106 3913 quomodo
1148 3856 1331 3897 verum
1363 3840 1469 3895 erit
1496 3840 1639 3911 quod
1677 3840 1838 3895 dicit:

266 3932 430 3990 Panis
471 3952 620 4006 quem
664 3951 759 4004 ego
810 3936 967 4002 dabo,
990 3952 1114 3989 caro
1144 3951 1258 3988 mea
1289 3943 1363 3987 est
1388 3950 1482 4003 pro
1528 3933 1713 3988 mundi
1741 3934 1845 3988 vita

262 4024 453 4096 (Ibid.,
507 4024 639 4096 52);
699 4026 802 4080 nisi
854 4041 979 4081 vera
1033 4025 1105 4079 sit
1147 4024 1319 4080 caro?
1371 4024 1559 4095 utique
1596 4031 1651 4078 et
1691 4022 1845 4093 panis

260 4118 349 4187 qui
399 4116 465 4170 de
520 4116 645 4171 caelo
680 4116 944 4171 descendit
987 4115 1176 4187 (Ibid.,
1234 4115 1348 4187 5|),
1380 4131 1541 4170 verus
1595 4114 1751 4186 panis
1784 4114 1846 4168 οἳ

262 4207 355 4262 sed
384 4208 509 4278 quia
536 4206 810 4262 Christum
838 4206 1022 4262 vorari
1042 4205 1124 4260 fas
1139 4206 1391 4261 dentibus
1419 4221 1526 4261 non
1544 4214 1649 4271 est,
1677 4204 1846 4259 voluit

262 4296 316 4351 in
337 4298 601 4368 mysterio
623 4299 764 4353 hunc
781 4313 974 4369 panem
1006 4308 1059 4354 et
1079 4299 1261 4353 vinum
1293 4313 1421 4353 vere
1447 4313 1666 4354 carnem
1691 4312 1844 4353 suam

262 4397 317 4445 et
336 4390 657 4461 sanguinem
711 4390 1126 4447 consecratione
1155 4389 1390 4461 Spiritus
1434 4389 1607 4445 sancti
1655 4398 1844 4461 polen-

1946 3202 2041 3249 aut
2090 3192 2350 3249 creditur.
2403 3189 2520 3245 Non
2557 3189 2704 3245 enim
2757 3187 2936 3242 omnis
2985 3185 3153 3256 ﬁgura
3207 3185 3398 3240 umbra
3457 3180 3541 3238 vel

1946 3287 2157 3343 falsitas
2180 3284 2205 3323 ιι
2236 3303 2251 3353 ;
2280 3285 2422 3341 unde
2458 3284 2656 3340 Paulus
2694 3283 2760 3336 de
2798 3282 2959 3337 unico
3011 3280 3105 3337 Dei
3152 3279 3292 3336 Filio
3317 3278 3385 3334 ad
3429 3276 3539 3334 He-

1944 3379 2120 3436 brmos
2146 3378 2476 3447 loquens,ait
2512 3394 2524 3429 :
2564 3376 2669 3441 Qui
2705 3391 2822 3429 cum
2854 3374 2921 3427 sit
2969 3370 3218 3441 splendor
3245 3370 3448 3441 gloriae,
3489 3379 3542 3426 et

1945 3474 2116 3544 ﬁgura
2161 3471 2468 3526 substantiae
2505 3470 2640 3539 ejus,
2691 3477 3007 3538 parmasque
3045 3464 3222 3520 omnia
3248 3462 3403 3518 verbo
3432 3461 3539 3517 vir-

1946 3568 2072 3620 tutis
2110 3582 2238 3629 sum,
2280 3565 2640 3636 purgationem
2678 3570 3009 3631 peccatorum
3045 3559 3306 3628 faciensi.
3334 3557 3542 3626 Quibus

1947 3656 2188 3727 profecto
2217 3657 2395 3712 verbis
2419 3656 2553 3710 duas
2582 3656 2635 3709 in
2665 3653 2885 3710 Christo
2918 3652 3249 3708 substantias
3275 3649 3545 3718 declarat,

1946 3757 2002 3802 et
2025 3757 2281 3817 utrasque
2308 3762 2483 3801 veras.
2523 3745 2660 3801 Nam
2687 3761 2810 3801 cum
2850 3745 2998 3805 dicit.
3023 3746 3112 3812 qui
3138 3760 3258 3798 cum
3279 3745 3345 3799 sit
3366 3743 3543 3814 splen-

1946 3840 2247 3915 dorglorin’
2278 3838 3148 3915 divinitatis,_consubstantialem
3195 3836 3209 3888 i
3248 3837 3529 3908 przedicat.

1945 3904 2083 3989 Cum
2111 3948 2242 3988 vero
2283 3932 2452 4001 ﬁgura
2479 3932 2563 3988 vel
2592 3904 2877 3987 gharacter
2916 3928 3232 3984 substantiae
3252 3904 3401 3998 ejus,
3430 3926 3537 3981 hu-

1947 4024 2226 4080 manitatis
2256 4024 2501 4095 designat
2530 4032 2778 4078 naturam
2799 4063 2813 4085 ,
2856 4022 2946 4076 ubi
2976 4019 3331 4090 corporaliter
3362 4016 3537 4089 pleni-

1949 4117 2079 4172 tudo
2104 4116 2371 4172 inhabitat
2396 4116 2722 4180 Divinitatis,
2759 4123 2815 4170 et
2849 4124 3026 4170 tamen
3055 4115 3110 4168 in
3137 4121 3370 4183 utroque
3395 4124 3539 4167 unus

1948 4215 2004 4262 et
2030 4221 2198 4262 verus
2218 4205 2467 4263 Christus
2488 4207 2630 4262 Deus
2656 4204 2919 4261 catholice
2934 4202 3362 4259 commendatur.
3387 4199 3541 4257 Unde

1947 4316 2114 4357 unam
2161 4314 2274 4356 rem
2318 4300 2481 4356 sumit
2509 4299 2576 4354 ad
2603 4297 3119 4354 demonstrationem
3150 4296 3381 4351 duarum
3411 4291 3542 4349 sub-

1951 4392 2293 4452 Stantiarum,
2329 4406 2490 4465 quam
2527 4390 2750 4462 ﬁguram
2794 4388 3111 4445 substantia:
3138 4387 3222 4442 vel
3255 4386 3538 4441 characte-

265 4481 468 4537 tialiter
492 4482 690 4548 creari,
716 4484 949 4539 creando
973 4499 1104 4539 vero
1125 4483 1363 4552 quotidie
1392 4497 1492 4551 pro
1517 4483 1703 4536 mundi
1736 4482 1845 4536 vita
1872 4454 1925 4515 D
1953 4500 2067 4540 rem
2095 4483 2392 4539 nominavit
2416 4502 2428 4536 :
2454 4483 2578 4552 quia
2610 4482 2749 4537 sicut
2776 4496 2874 4551 per
2915 4481 3261 4536 characteres
3286 4476 3370 4532 vel
3398 4476 3535 4545 ﬁgu-

264 4576 494 4648 mystice
543 4575 832 4657 immolari,
863 4587 925 4631 ut
949 4576 1089 4632 sicut
1112 4576 1183 4631 de
1210 4574 1429 4645 Virgine
1455 4588 1553 4642 per
1580 4572 1843 4642 Spiritum

264 4682 393 4723 vera
441 4683 572 4723 caro
606 4667 724 4722 sine
779 4667 928 4722 coitu
984 4675 1218 4728 creatur,
1252 4665 1324 4719 ita
1353 4679 1451 4735 per
1494 4665 1745 4719 eumdem
1777 4678 1845 4717 ex

337 4795 360 4824 ι
391 4781 534 4852 Edili
560 4797 682 4837 eum
709 4781 880 4848 Flor.,
908 4795 1286 4852 prwparemur.

335 4852 364 4895 δ
396 4851 451 4907 In
478 4852 751 4924 plerisque
774 4846 1195 4924 mss-omittitur
1214 4865 1431 4924 semper.
1462 4848 1519 4902 In
1549 4846 1850 4924 Turonensi

262 4938 395 4980 vero
427 4919 528 4978 ms.
559 4924 615 4979 S.
650 4919 863 4979 Martini
910 4924 976 4979 ad
1022 4922 1317 4990 marginem
1372 4920 1488 4990 hinc
1529 4919 1679 4988 quasi
1714 4933 1852 4988 pne-

265 4995 517 5067 termissa
548 4994 818 5067 leguntur.
856 4993 923 5049 Et
950 4992 1124 5067 Maria
1144 4988 1361 5067 :semper
1407 4988 1640 5067 Virgine,
1668 5006 1770 5067 non
1797 4997 1851 5043 ut

265 5065 499 5137 Spiritus
552 5060 795 5130 sa'nctus,
852 5065 997 5135 quod
1042 5063 1217 5137 absit,
1267 5063 1327 5137 in_
1368 5061 1481 5129 ejus
1522 5060 1852 5137 sanctissimo

263 5132 415 5191 utero
440 5135 587 5205 ﬁeret
614 5154 709 5206 pro
738 5132 933 5206 semine
986 5134 1198 5206 sobolis,
1236 5132 1327 5187 sed
1378 5140 1501 5186 usus
1549 5142 1621 5186 est
1672 5133 1849 5201 potius

266 5207 453 5277 rirtnte
484 5217 531 5260 et
559 5205 786 5277 patentia
816 5205 1105 5277 Creatoris.

342 5290 361 5317 ο
405 5272 568 5349 Ulim.
596 5293 717 5349 cum
743 5272 928 5331 Flor.:
970 5275 1121 5331 Unde
1164 5275 1482 5349 nec__mirum
1528 5275 1573 5349 si
1622 5272 1849 5349 Spiritus

266 5343 507 5411 sanctus,
532 5349 620 5419 qui
657 5348 916 5402 hominem
962 5349 1015 5401 in
1056 5356 1226 5419 utero;
1252 5343 1479 5419 Virginis
1504 5345 1618 5419 sine
1657 5346 1851 5400 semine

266 5419 487 5499 creavit,
515 5416 673 5474 etiam
719 5419 829 5499 ipse
857 5421 1009 5489 panis
1046 5427 1093 5471 et
1124 5417 1228 5471 riui
1255 5416 1603 5470 substantiam
1638 5432 1849 5470 carnem

266 5488 467 5558 Christi
489 5500 535 5543 et
563 5488 871 5558 sanguinem
887 5530 903 5554 ,
934 5498 1040 5544 etc.

339 5556 367 5598 δ
399 5558 593 5628 Laub.,
626 5556 744 5629 cap.
770 5557 878 5614 νυ.

345 5640 372 5704 ξ
395 5630 523 5704 Cod.
555 5632 755 5704 regius,
781 5647 931 5704 uerus
957 5631 1105 5700 panis
1127 5639 1220 5704 est.

350 5699 372 5744 ί
406 5698 815 5776 Septem'mss.,
858 5702 926 5756 ad
958 5698 1091 5757 eunt
1114 5701 1356 5775 refertur.
1394 5698 1592 5768 Vatie.,
1623 5701 1692 5755 ad
1715 5700 1848 5756 illud

1950 4593 2041 4633 ras
2067 4577 2371 4632 litterarum
2396 4574 2625 4629 infantia
2656 4582 2839 4630 nostra
2870 4572 3023 4642 prius
3057 4568 3320 4645 pertingit
3344 4567 3539 4653 grada-

1951 4670 2047 4724 tim
2079 4669 2145 4723 ad
2173 4669 2479 4733 lectionem,
2502 4665 2695 4723 deinde
2724 4665 2793 4721 ad
2820 4664 3094 4738 spiritales
3133 4662 3536 4733 Scripturarum

1953 4779 2193 4845 refertur.

2031 4853 2055 4890 ε
2081 4849 2301 4923 Mamer.
2335 4849 2500 4905 Sirm.
2550 4865 2675 4905 cum
2702 4849 2976 4923 plerisque
3008 4843 3537 4923 _mss_.__l_egunt,_d_um

1959 4921 2265 4975 sacerdos...
2316 4937 2563 4989 gerens...
2613 4913 2808 4991 agnum
2836 4913 3094 4975 immolat.
3131 4913 3346 4991 Ulimm.
3386 4913 3535 4991 Flor.

1957 5003 2012 5045 et
2045 4991 2262 5061 quidam
2291 4985 2378 5044 alii
2413 5007 2569 5055 mss.,
2592 4985 2719 5045 dum
2740 4992 3056 5046 sacerdos...
3089 4988 3158 5043 ad
3194 5003 3344 5061 nam
3379 4985 3536 5061 uenit,

1955 5073 2003 5116 et
2030 5056 2168 5132 quod
2201 5061 2357 5116 semet
2402 5074 2601 5130 gestant
2627 5073 2722 5126 est,
2754 5062 2987 5132 quotidie
3013 5076 3180 5132 agnus
3213 5056 3535 5132 immolatur.

2026 5125 2053 5172 ιί
2074 5132 2261 5187 lnrod.
2280 5125 2447 5187 Laub.
2477 5125 2901 5203 hicincipit'cap.
2930 5125 3067 5193 VIII,
3086 5145 3209 5186 cum
3229 5130 3333 5186 hoc
3347 5125 3533 5184 titulo:

1957 5203 2110 5270 Quod
2142 5205 2309 5258 omnis
2344 5205 2517 5273 ﬁgura
2539 5206 2604 5259 sit
2634 5202 2817 5259 umbra
2848 5202 2927 5273 uel
2954 5203 3181 5272 falsitas.

2034 5275 2047 5315 ί
2097 5273 2151 5327 In
2176 5272 2359 5330 codice
2388 5272 2537 5343 regio
2563 5276 2780 5331 additur
2812 5292 2825 5328 :
2851 5272 3005 5327 Sedet
3037 5274 3104 5326 ad
3132 5274 3402 5327 dexteram
3423 5284 3543 5327 tua

1949 5346 2160 5416 jestatis
2186 5347 2241 5401 in
2266 5347 2502 5401 excelsis.
3098 5415 3119 5416 ὲ
3210 5376 3213 5377 ν
3452 5411 3466 5416 _
3518 5346 3526 5363 ι

2036 5415 2050 5466 i
2102 5416 2200 5481 Hic
2229 5420 2439 5472 variant
2496 5417 2624 5472 editi
2651 5425 2707 5471 et
2732 5431 2861 5471 mss.
2890 5416 3061 5471 Lauh.
3095 5415 3390 5475 Puteanus,
3432 5411 3542 5479 duo

1962 5487 2020 5543 S.
2050 5488 2302 5543 Germani
2328 5488 3044 5557 legunt,consubstantialem
3065 5486 3335 5555 pra’dicat.
3360 5481 3534 5557 Vatis.

1960 5568 2010 5613 et
2041 5559 2213 5623 Flam,
2263 5552 2523 5613 divinitati
2576 5552 3073 5613 consubstantialem
3125 5552 3538 5627 pra'dicatmlt,

1960 5631 2279 5683 divinitatem
2308 5630 2800 5684 consubstantialem
2836 5624 3302 5699 pra'dical.’E:iiti,
3347 5624 3539 5683 divini-

1958 5704 2080 5759 tatis
2102 5700 2691 5755 consubstantialitatem
2736 5701 3008 5768 prtrdirat.
