4078 6348
530 313 669 372 1279

528 443 723 486 sensus
748 403 804 484 et
831 424 1274 496 intelligentiam;
1312 425 1391 493 sic
1429 439 1497 478 ex
1533 421 1874 476 humanitate
1907 418 2116 474 Christi
2141 421 2197 481 Α

529 526 595 580 ad
618 522 963 579 Divinitatem
985 518 1163 574 Patris
1189 517 1536 588 pervenitur;
1571 524 1626 571 et
1647 515 1766 570 ideo
1788 511 1910 582 jure
1943 512 2114 582 ﬁgura

528 615 613 671 vel
639 615 921 670 character
962 610 1278 667 substantiae
1322 609 1466 664 illius
1502 616 1746 662 vocatur.
1790 604 1930 672 Quid
1970 604 2116 659 enim
2185 621 2192 626 '

529 707 671 761 aliud
721 712 849 759 sunt
876 702 1061 773 ﬁgurae
1096 700 1397 756 litterarum
1433 715 1598 769 quam
1647 697 1992 752 characteres
2019 711 2116 750 ea-

528 796 796 858 rumdem,
815 805 874 848 ut
897 809 994 865 per
1017 807 1113 848 eas
1136 792 1218 846 vis
1245 799 1301 846 et
1326 799 1588 862 potestas,
1617 804 1679 843 ac
1709 788 1911 858 spritus
1933 786 2114 857 prola-

529 887 605 942 tio
635 898 661 926 ι
687 884 859 940 oculis
881 881 1322 939 demonstretur?
1350 880 1440 936 Sic
1473 880 1656 950 itaque
1686 878 1950 933 formatur
1977 878 2114 932 Ver-

529 975 656 1030 bum
683 990 831 1039 caro,
862 988 921 1029 ut
945 988 1044 1044 per
1062 987 1282 1029 carnem
1312 980 1496 1026 nostra
1521 969 1746 1024 infantia
1775 969 1841 1024 ad
1865 968 2118 1023 divinita-

531 1069 601 1122 tis
667 1067 1073 1135 intelligentiam
1141 1065 1433 1120 nutriatur.
1485 1061 1866 1118 Verumtamen
1945 1074 2118 1130 neque

531 1161 870 1216 characteres
908 1160 1228 1220 litterarum,
1263 1157 1498 1222 falsitas,
1543 1170 1718 1225 neque
1764 1155 1906 1209 aliud
1953 1169 2116 1225 quam

529 1249 724 1307 littera:
749 1263 984 1320 :‘neque
1021 1248 1271 1305 Christus
1321 1248 1484 1302 homo
1527 1245 1734 1301 falsitas
1777 1245 1880 1299 dici
1919 1252 2114 1314 potest,

531 1359 707 1414 neque
737 1345 880 1400 aliud
908 1359 1067 1414 quam
1095 1343 1267 1407 Deus,
1301 1342 1428 1398 licet
1466 1342 1636 1408 ﬁgura
1659 1383 1673 1406 ,
1703 1341 1752 1396 id
1792 1349 1893 1406 est,
1920 1342 2116 1395 chara-

530 1445 650 1491 cter
695 1435 1009 1491 substantiae
1053 1433 1360 1490 Divinitatis
1395 1434 1518 1503 iure
1558 1434 1796 1497 dicatur;
1849 1432 1975 1502 quia
2022 1446 2119 1486 no-

531 1535 699 1581 stram
728 1525 1006 1580 infantiam
1031 1539 1128 1593 per
1161 1541 1220 1580 se
1248 1525 1314 1580 ad
1348 1524 1611 1596 spiritalia
1653 1525 1882 1579 interius
1915 1523 2115 1578 intelli-

530 1621 701 1690 genda
731 1620 980 1690 provehit
1005 1628 1061 1674 et
1084 1619 1334 1674 sensibus
1365 1617 1565 1673 nostris
1588 1659 1602 1682 ,
1634 1627 1692 1671 ut
1713 1633 1776 1672 ea
1801 1632 1921 1686 quae
1947 1617 1998 1670 in
2025 1615 2117 1669 illo

531 1722 658 1766 sunt
685 1711 992 1780 capiamus,
1021 1710 1288 1766 visibilem
1321 1725 1380 1764 se
1400 1709 1654 1764 ostendit.
1685 1707 1790 1763 Sed
1819 1708 1941 1778 quia
1964 1707 2115 1762 illum

1318 309 1376 366 S.
1415 306 1772 364 PASCHASII
1813 303 2162 373 BADBERTI
2200 302 2495 359 ABBATIS
2534 299 2986 360 CORBEIENSIS

3675 296 3815 355 1280

2812 413 3038 471 CAPUT
3070 414 3113 470 V
3147 416 3185 468 ί.

2221 528 2362 596 Quid
2383 531 2450 586 sit
2476 531 2612 584 inter
2641 529 3026 584 immolationes
3067 537 3296 601 veterum
3337 528 3645 601 ﬁgurasque
3672 528 3816 601 lega-

2289 601 2441 664 lium,
2469 611 2535 684 et.
2565 604 2700 656 inter
2752 610 3137 655 sacramentum
3180 598 3446 655 Dominici
3485 598 3740 656 corporis
3768 611 3817 656 et

2289 690 2583 744 sangutnts.

2293 789 2345 842 l.
2385 785 2810 842 lmmolationem
2844 787 2992 841 illam
3041 787 3164 858 agni
3199 786 3426 859 ﬁguram
3464 785 3635 841 fuisse
3685 799 3818 856 pas-

2185 881 2388 937 ‘sionis
2425 881 2624 937 Chriin
2664 889 2718 937 et
2762 890 2961 937 nostra:
3001 881 3402 936 communionis
3442 890 3593 936 recte
3633 879 3818 937 nullus

2221 975 2456 1030 ﬁdelium
2491 975 2722 1046 ignorat.
2753 973 2858 1031 Sed
2887 984 3150 1045 quantum
3182 977 3253 1030 sit
3285 977 3429 1031 inter
3475 975 3607 1030 illud
3631 984 3688 1030 et
3713 976 3818 1031 hoc

2220 1077 2642 1133 sacramentum,
2671 1084 2765 1123 seu
2802 1067 2945 1124 inter
2973 1068 3153 1124 cibum
3198 1069 3289 1138 qui
3319 1068 3383 1122 de
3414 1066 3554 1122 caelo
3583 1068 3818 1122 descen-

2223 1162 2320 1227 dit,
2355 1175 2562 1216 necnon
2589 1168 2644 1215 et
2670 1175 2863 1230 aquam
2904 1175 3025 1231 qua:
3055 1160 3121 1215 de
3149 1169 3301 1229 petra
3322 1159 3502 1224 illuxit,
3539 1168 3705 1228 atque
3735 1160 3821 1213 in-

2223 1263 2306 1309 ter
2330 1255 2472 1308 istud
2494 1252 2734 1323 spiritale
2755 1252 3105 1322 divinumque
3125 1251 3539 1316 commercium,
3563 1265 3821 1322 quatren-

2221 1346 2347 1401 dum
2396 1346 2649 1410 arbitror,
2683 1346 2984 1415 praesertim
3015 1361 3137 1400 cum
3165 1345 3356 1400 beatus
3383 1345 3668 1414 apostolus
3697 1343 3822 1399 cla-

2223 1448 2333 1494 met
2366 1456 2378 1492 :
2415 1438 2568 1505 Quod
2596 1456 2772 1493 omnes
2795 1449 2968 1509 patres
2992 1437 3157 1493 nostri
3187 1438 3422 1492 eamdem
3449 1452 3625 1491 escam
3659 1434 3828 1505 spiri-

2221 1532 2377 1586 talem
2399 1533 2868 1597 manducaverunt,
2891 1543 2940 1587 et
2971 1549 3148 1586 omnes
3174 1531 3411 1586 eumdem
3449 1542 3628 1602 potum
3660 1530 3827 1602 spiri-

2219 1624 2378 1680 talem
2400 1625 2633 1678 biberunt
2657 1623 2710 1692 (I
2733 1624 2856 1678 Cor.
2889 1641 2944 1689 Χ,
2976 1623 3052 1695 3).
3081 1622 3184 1679 Ubi
3209 1623 3256 1678 si
3283 1623 3527 1678 eamdem
3553 1635 3826 1692 percepe-

2222 1727 2344 1771 rant
2375 1733 2579 1783 escam,
2623 1725 2680 1772 et
2715 1717 2965 1772 eumdem
3022 1724 3230 1787 potum,
3281 1716 3410 1786 quid
3453 1730 3679 1770 necesse
3721 1713 3831 1770 fuit

529 1802 827 1859 secundum
854 1815 1073 1857 carnem
1101 1800 1270 1856 caelos
1298 1799 1538 1870 oportuit
1579 1808 1864 1869 penetrare
1882 1840 1896 1863 ,
1935 1806 1992 1852 ut
2019 1813 2116 1868 per

2223 1807 2497 1864 immutari
2529 1808 2672 1878 quod
2722 1808 2897 1878 ipsum
2948 1816 3090 1875 erat,
3117 1816 3213 1862 aut
3237 1807 3350 1861 dari
3379 1807 3535 1880 quasi
3571 1806 3740 1867 aliud,
3775 1805 3827 1862 si

532 1897 691 1952 ﬁdem
715 1896 840 1951 illuc
875 1895 928 1950 in
959 1894 1051 1949 illo
1079 1894 1276 1958 renati,
1302 1891 1661 1948 conﬁdentius
1703 1892 1731 1931 δ
1779 1899 2116 1962 appeterent,

532 1989 751 2059 reliquit
776 1987 930 2043 nobis
956 1987 1059 2042 hoc
1083 1993 1483 2042 sacramentum
1511 1984 1723 2039 visibile
1753 1994 1774 2022 ο
1810 1985 1862 2038 in
1889 1985 2115 2053 ﬁguram

529 2086 584 2132 et
607 2077 975 2132 characterem
1007 2075 1186 2130 carnis
1215 2082 1270 2128 et
1293 2074 1592 2145 sanguinis,
1619 2082 1678 2127 ut
1698 2089 1794 2144 per
1818 2075 1933 2128 haec
1963 2089 2116 2129 mens

533 2178 718 2222 nostra
745 2177 799 2223 et
827 2183 956 2223 caro
986 2177 1169 2222 nostra
1205 2167 1272 2221 ad
1308 2165 1594 2220 invisibilia
1638 2174 1692 2220 et
1719 2163 1985 2234 spiritalia
2029 2181 2118 2219 ca-

513 2260 798 2330 .pescenda
834 2274 931 2329 per
957 2259 1116 2314 (idem
1150 2259 1368 2314 uberius
1397 2258 1692 2314 nutriatur.
1741 2257 1836 2311 Est
1878 2265 2057 2311 autem
2087 2256 2114 2296 ιι

532 2351 706 2422 ﬁgura
740 2351 822 2407 vel
860 2351 1141 2406 character
1167 2356 1268 2406 hoc
1297 2352 1440 2420 quod
1475 2350 1717 2406 exterius
1740 2351 1991 2413 sentitur,
2024 2349 2117 2405 sed

531 2454 704 2501 totum
735 2445 938 2501 veritas
962 2454 1020 2500 et
1047 2444 1191 2499 nulla
1221 2443 1562 2499 adumbratio
1601 2455 1649 2508 ο,
1689 2443 1832 2512 quod
1863 2443 2120 2497 intrinse-

529 2551 628 2593 cus
656 2536 970 2608 percipitur,
1002 2551 1066 2591 ac
1086 2551 1182 2606 per
1197 2536 1302 2591 hoc
1325 2534 1454 2590 nihil
1487 2534 1630 2590 aliud
1652 2535 1780 2592 hinc
1803 2534 1925 2588 inde
1954 2547 2118 2604 quam

530 2628 730 2684 veritas
753 2637 808 2684 et
834 2637 1235 2683 sacramentum
1271 2626 1438 2698 ipsius
1464 2626 1645 2681 carnis
1675 2626 1944 2696 aperitur.

605 2729 660 2783 ὅ.
699 2729 839 2784 Vera
885 2729 1070 2798 utique
1110 2727 1310 2784 Christi
1365 2743 1514 2795 caro,
1561 2744 1680 2798 quae
1733 2729 1992 2784 cruciﬁxa
2038 2736 2121 2784 est

527 2828 583 2874 et
646 2819 892 2890 sepulta,
967 2834 1095 2875 vere
1166 2819 1186 2858 τ
1247 2819 1390 2876 illius
1440 2820 1621 2875 carnis
1676 2829 2117 2887 sacramentum,

527 2912 671 2983 quod
701 2928 794 2982 per
824 2913 1159 2968 sacerdotem
1206 2928 1369 2984 super
1397 2913 1566 2968 altare
1611 2915 1664 2968 in
1707 2915 1874 2969 verbo
1915 2907 2119 2968 Christi

527 3021 624 3075 per
651 3004 911 3075 Spiritum
952 3017 1199 3060 sanctum
1243 3007 1504 3063 divinitus
1543 3019 1935 3065 consecratur:
1981 3011 2119 3065 unde

530 3095 643 3165 ipse
667 3095 926 3150 Dominus
941 3096 1168 3151 clamat:
1191 3095 1306 3152 Hoc
1325 3108 1399 3152 est
1419 3115 1605 3169 corpus
1620 3117 1792 3154 meum
1811 3100 1961 3171 (Luc.
1983 3117 2115 3168 χχιι,

531 3189 641 3250 l9).
664 3189 728 3244 Et
757 3205 825 3245 ne
848 3191 1083 3256 mireris,
1111 3193 1138 3232 ⁸
1162 3207 1195 3246 o
1222 3192 1405 3257 homo,
1436 3207 1610 3263 neque
1643 3195 1889 3263 requiras
1913 3203 2118 3249 natura:

526 3281 810 3345 ordinem;
849 3282 941 3336 sed
972 3281 1018 3337 si
1045 3295 1264 3338 carnem
1309 3283 1454 3338 illam
1486 3300 1612 3341 vere
1651 3283 1829 3342 credis
1853 3286 1919 3340 de
1951 3286 2118 3341 Maria

528 3371 738 3442 virgine
767 3371 821 3426 in
847 3381 1004 3427 utero
1026 3373 1142 3428 sine
1169 3375 1374 3430 semine
1397 3383 1666 3445 poteState
1687 3376 1919 3446 Spiritus
1945 3377 2116 3431 sancti

531 3473 788 3529 creatam,
833 3473 892 3520 ut
918 3465 1154 3521 Verbum
1189 3482 1317 3522 caro
1357 3467 1540 3530 ﬁeret,
1571 3483 1697 3523 vere
1718 3468 1879 3523 crede
1923 3478 1977 3524 et
2015 3469 2117 3524 hoc

529 3558 674 3628 quod
702 3557 988 3613 conﬁcitur
1019 3559 1267 3614 in'verbo
1304 3559 1507 3614 Christi
1554 3576 1650 3630 per
1697 3561 1960 3630 Spiritum
1994 3576 2120 3615 san-

509 3657 678 3704 .ctum
709 3663 902 3720 corpus
934 3651 1100 3722 ipsius
1127 3666 1248 3707 esse
1272 3667 1340 3707 ex
1368 3650 1612 3723 Virgine.
1640 3651 1742 3707 Ubi
1779 3653 1822 3706 si
1855 3652 2118 3706 rationem

534 3741 754 3812 quaeris,
768 3743 890 3811 quis
910 3742 1182 3813 explicare
1209 3744 1410 3814 poterit
1438 3754 1532 3798 aut
1559 3744 1740 3800 verbis
1765 3745 2120 3814 comprehen-

535 3833 696 3890 dere?
717 3835 827 3890 imo
847 3835 1009 3897 scias.
1038 3849 1244 3904 quaeso,
1273 3837 1399 3904 quia
1431 3836 1572 3890 ratio
1600 3837 1652 3889 in
1696 3835 1893 3889 virtute
1918 3833 2120 3890 Christi

533 3933 639 3991 est,
665 3924 890 3981 scientia
926 3925 980 3981 in
1008 3925 1131 3990 ﬁde,
1163 3926 1397 3982 causain
1423 3935 1707 3997 potestate,
1737 3925 1960 3982 effectus
1991 3941 2120 3982 vero

534 4016 588 4073 in
624 4019 940 4083 voluntate;
973 4020 1098 4088 quia
1121 4019 1364 4088 potentia
1405 4019 1710 4073 Divinitatis
1743 4026 1930 4073 contra
1966 4028 2122 4073 natu-

533 4121 652 4164 ram
675 4109 814 4163 ultra
839 4119 1034 4164 nostra:
1057 4109 1284 4165 rationis
1305 4110 1662 4179 capacitatem
1688 4108 1974 4167 efﬁcaciter
1993 4125 2122 4179 ope-

536 4210 708 4256 ratur.
740 4200 946 4257 Idcirco
973 4202 1237 4257 habeatur
1279 4201 1503 4255 scientia
1532 4201 1585 4254 in
1621 4199 1864 4254 doctrina
1907 4200 2116 4264 salutis,

534 4301 787 4348 teneatur
811 4294 948 4349 ﬁdes
978 4293 1031 4348 in
1074 4293 1334 4364 mysterio
1359 4293 1634 4358 veritatis,
1665 4292 1920 4362 quoniam
1951 4293 2005 4347 in
2039 4294 2121 4348 bis

535 4386 786 4442 omnibus
814 4401 910 4458 per
934 4385 1094 4442 ﬁdem
1111 4385 1450 4442 ambulamus
1474 4395 1530 4442 et
1557 4400 1661 4441 non
1691 4400 1788 4456 per
1809 4386 2043 4456 speciem
2066 4387 2117 4441 ιι.

613 4573 641 4602 ι
667 4560 742 4616 Ita
771 4560 990 4618 Ulimm.
1023 4573 1079 4616 et
1103 4559 1385 4628 Sirm.,,at
1418 4573 1548 4615 mss.
1598 4558 1782 4630 legunt
1808 4556 2120 4628 prolatione.

609 4631 640 4674 ι
675 4633 838 4716 Editi,
858 4633 1002 4756 agili
1028 4641 1342 4715 appeterent.

616 4715 638 4743 ο
678 4704 850 4757 Vattc.
937 4719 1100 4757 alorts
1128 4702 1337 4756 Monast

616 4715 638 4743 ο
678 4703 850 4757 Vatic.

535 4775 905 4848 regiusiunus,
933 4771 1041 4848 duo
1067 4773 1218 4828 Colb.
1250 4772 1717 4848 PuteanJlamer.
1749 4779 1803 4848 et
1837 4771 2000 4826 Ulitn.
2036 4771 2116 4826 le-

535 4842 668 4918 gunt
693 4846 942 4918 visibilem
964 4847 1186 4918 figuram
1219 4859 1237 4896 :
1271 4843 1462 4910 Sirtn.,
1492 4843 1712 4906 visibile,
1757 4842 2004 4913 ﬁgurant.

609 4915 638 4957 ἀ
672 4917 781 4981 ΑΙ.,
806 4916 1048 4986 ﬁguralis
1071 4923 1323 4986 caracter.

611 4998 636 5028 ο
671 4987 786 5042 Duo
808 4985 967 5049 mss”
992 4985 1339 5040 obumbratio.

613 5058 634 5098 ί
661 5059 854 5123 Sirm.,
884 5073 1061 5112 verum
1083 5055 1224 5110 illius
1253 5057 1428 5112 carnis
1456 5063 1862 5111 sacramentum.

610 5130 639 5172 ⁸
664 5129 818 5186 Anic.
857 5147 871 5184 :
907 5127 973 5181 Et
1005 5143 1068 5181 ne
1095 5128 1314 5182 moreris
1335 5132 1510 5183 homo.

605 5201 636 5242 ιι
674 5202 756 5256 Ad
783 5199 982 5257 calcem
1012 5197 1405 5268 hujuscapituli
1439 5197 1759 5268 Sirmondus
1778 5197 1919 5268 hanc
1960 5211 2124 5267 appo-

531 5273 616 5330 nit
663 5266 1095 5329 observationem
1127 5266 1306 5324 :Solet
1355 5270 1615 5324 interdum
1678 5266 2008 5321 Paschasius
2034 5266 2125 5320 ita

535 5342 698 5416 loqui,
728 5355 782 5398 ut
823 5343 991 5398 creari
1020 5356 1224 5416 corpus
1267 5352 1314 5394 et
1349 5340 1655 5416 sanguinem
1711 5338 1920 5416 Domini
1952 5346 2125 5416 sumat

532 5408 629 5488 pro
649 5417 872 5488 incipere
885 5429 995 5467 esse
1012 5414 1067 5488 in
1077 5408 1433 5488 sacramento,
1449 5408 1510 5464 ἐι
1533 5408 2121 5488 ita-tra_nssttbstttntiari

535 5479 782 5557 'panemet
806 5483 1267 5557 uiuunt.Alioquin
1312 5483 1504 5536 scimus
1527 5498 1558 5534 a
1580 5480 1864 5557 theologia,
1898 5479 2122 5557 aldi/fe-

535 5551 654 5612 rant
694 5551 1215 5612 transsubstantiatio
1249 5563 1296 5606 et
1339 5556 1556 5616 creatio,
1588 5552 1795 5605 tametsi
1841 5551 1896 5604 in
1941 5553 2118 5620 aliqua

537 5631 861 5682 conueniant.
891 5625 1010 5680 Vid.
1042 5625 1098 5679 ὃ.
1130 5624 1322 5679 Thom.
1362 5641 1443 5679 ιιι.
1481 5641 1532 5696 p.
1563 5639 1616 5696 q.
1653 5622 1739 5676 75.
1772 5638 1823 5696 a.
1848 5621 1900 5675 8.

613 5700 629 5738 ί
677 5699 787 5753 Hoc
817 5706 999 5767 caput,
1027 5697 1168 5764 quod
1221 5711 1420 5758 nonum
1443 5765 1455 5767 _
1479 5689 1564 5767 est
1583 5689 1678 5767 'inA
1708 5695 1893 5767 codice
1922 5689 2117 5767 Laub.,

537 5768 681 5832 hunc
711 5769 764 5825 in
792 5784 858 5826 eo
883 5761 1103 5839 praefert
1136 5767 1350 5822 titulum
1378 5785 1392 5823 :
1422 5765 1560 5832 Quid
1581 5765 1800 5820 sitinter
1826 5763 2024 5834 ﬁguras
2050 5761 2122 5814 le-

2151 4523 2203 4584 D

2220 1901 2352 1954 nihil
2399 1899 2631 1970 amplius
2657 1899 2785 1956 est?
2831 1899 2909 1955 Ex
2965 1915 3073 1970 quo
3123 1898 3424 1964 fatendum,
3452 1899 3533 1954 sic
3561 1898 3823 1952 eamdem

2221 1992 2385 2049 fuisse
2423 2010 2584 2066 quam
2614 2011 2758 2050 nunc
2805 1994 3157 2066 percipimus,
3191 2007 3394 2055 escam,
3450 1991 3828 2059 eamdemque

2219 2095 2426 2156 potum,
2477 2087 2617 2142 sicut
2642 2087 2889 2142 eamdem
2944 2085 3110 2142 fuisse
3134 2094 3347 2156 petram
3391 2084 3456 2138 de
3487 2099 3595 2154 qua
3629 2098 3827 2136 mana-

2219 2186 2345 2230 runt
2375 2192 2548 2246 aqum,
2574 2177 2662 2231 ubi
2709 2175 2958 2232 Christus
2983 2177 3241 2248 Apostolo
3273 2185 3409 2232 teste
3463 2175 3822 2247 praedicatur.

2219 2267 2420 2323 Eadem
2485 2270 2682 2340 quippe
2729 2268 2828 2323 fuit
2871 2284 3020 2335 esca,
3081 2269 3206 2340 quia
3265 2282 3463 2322 manna
3493 2265 3827 2336 spiritaliter

2219 2361 2640 2430 percipientibns
2687 2370 2844 2432 typus
2892 2361 2992 2416 fuit
3042 2375 3182 2416 esca:
3226 2360 3471 2430 corporis
3496 2358 3728 2420 Christi,
3765 2367 3824 2411 et

2220 2467 2357 2522 aqua
2386 2453 2473 2508 illa
2503 2467 2622 2522 qua:
2651 2453 2717 2508 de
2745 2463 2896 2522 petra
2924 2451 3175 2517 ﬂuxerat,
3205 2461 3366 2523 potus
3396 2463 3452 2506 et
3478 2454 3653 2523 ﬁgura
3686 2467 3826 2504 san-

2221 2545 2415 2615 guinis.
2445 2545 2501 2600 Si
2537 2543 2550 2595 i
2591 2545 2806 2614 quidem
2842 2545 2895 2598 in
2919 2543 3358 2616 przeﬁguratione
3385 2543 3527 2598 idem
3544 2541 3825 2596 etumbra

2221 2639 2465 2707 corporis
2503 2647 2664 2708 atque
2710 2638 3040 2709 exemplaria
3099 2646 3276 2701 erant,
3313 2636 3407 2692 sed
3436 2651 3542 2690 non
3576 2636 3719 2690 idem
3766 2636 3826 2690 in

2223 2731 2606 2803 adimpletione
2637 2731 2886 2787 veritatis
2925 2749 2938 2785 :
2969 2731 3095 2801 quia
3127 2731 3268 2800 quod
3301 2738 3427 2784 tunc
3449 2727 3828 2783 adumbraba-

2221 2831 2309 2877 tur
2373 2823 2424 2878 in
2481 2823 2852 2894 designatione
2888 2822 3191 2878 futurorum
3252 2823 3428 2892 imago
3461 2821 3486 2860 ιι
3532 2820 3823 2886 veritatis;

2221 2933 2365 2972 nunc
2413 2927 2594 2972 autem
2655 2917 2972 2988 mysterium
3021 2915 3253 2986 impleta:
3290 2914 3554 2976 veritatis.
3584 2922 3642 2968 et
3672 2912 3825 2969 facta

2220 3021 2303 3064 est
2337 3009 2671 3064 Eucharistia
2719 3024 2783 3063 ex
2831 3007 3231 3062 resurrectione
3277 3007 3404 3062 caro
3437 3004 3666 3068 Christi,
3693 3020 3829 3074 quas

2173 3087 2188 3173 ς
2223 3102 2374 3173 Prius
2405 3117 2501 3170 Per
2527 3117 2724 3171 θεηιιηι
2757 3100 2840 3173 νβι
2876 3089 2972 3170 per
2995 3088 3242 3155 eamdem
3279 3097 3297 3136 ι
3332 3097 3622 3154 ecclesiam
3674 3097 3824 3168 ﬁgu-

2224 3185 2446 3248 rabatnr
2471 3193 2821 3247 credentibus
2844 3191 3117 3246 adfutura.
3146 3191 3221 3246 De
3257 3192 3360 3246 hoc
3391 3207 3520 3245 vero
3539 3207 3684 3260 pane
3712 3190 3829 3246 Da-

2220 3285 2310 3339 vid
2337 3286 2607 3340 cecinerat
2638 3285 2688 3338 in
2720 3283 2991 3354 parabolis
3019 3301 3031 3312 ·
3064 3281 3265 3337 Panem
3315 3281 3614 3353 angelorum
3663 3298 3832 3336 man-

2220 3376 2426 3430 ducavit
2440 3376 2592 3429 homo
2607 3372 2780 3446 (Psal.
2799 3390 3003 3439 Lxxvn,
3019 3373 3132 3443 25).
3151 3371 3401 3443 Alioquin
3417 3386 3538 3426 esca
3555 3369 3645 3425 illa
3658 3413 3672 3436 ,
3688 3371 3832 3426 licet

2222 3471 2288 3526 de
2316 3469 2454 3524 caelo
2499 3467 2734 3532 venerit,
2771 3475 2826 3521 et
2849 3476 3025 3537 potus,
3062 3467 3188 3536 quia
3219 3479 3511 3536 corporeus
3540 3475 3681 3528 erat,
3722 3481 3828 3520 an-

2221 3559 2354 3630 griis
2402 3573 2507 3612 non
2538 3556 2890 3627 congruebat,
2921 3556 3014 3611 sed
3041 3556 3229 3625 utique
3259 3555 3348 3610 ille
3373 3555 3532 3625 panis
3569 3562 3626 3610 et
3659 3564 3824 3625 potus

2222 3651 2313 3722 qui
2339 3666 2436 3720 per
2464 3651 2579 3704 htcc
2607 3649 3019 3720 przesagabatur
3040 3647 3366 3705 “.Christus
3394 3663 3522 3719 ergo
3552 3648 3709 3702 cibus
3737 3654 3827 3702 est

2224 3742 2562 3813 angelorum,
2616 3752 2669 3796 et
2697 3741 3097 3796 sacramentum
3134 3739 3236 3795 hoc
3268 3754 3392 3793 vera
3425 3749 3453 3776 ιι
3485 3748 3620 3793 caro
3651 3737 3824 3809 ipsius

2223 3843 2278 3888 et
2311 3834 2574 3905 sanguis,_
2605 3848 2726 3902 qum
2781 3829 3097 3902 spiritaliter
3147 3829 3436 3885 manducat
3460 3837 3514 3883 et
3548 3829 3687 3884 bibit
3725 3829 3825 3883 ho-

2225 3942 2314 3982 mo
2333 3933 2378 3981 ο.
2410 3927 2487 3980 Ac
2513 3941 2611 3995 per
2637 3925 2740 3978 hoc
2767 3923 2909 3977 unde
2931 3923 3121 3977 vivunt
3152 3920 3352 3990 angeli,
3384 3919 3518 3974 vivit
3543 3928 3600 3974 et
3630 3920 3822 3984 homo,

2223 4025 2348 4095 quia
2382 4032 2552 4078 totum
2579 4020 2821 4091 spiritale
2850 4028 2933 4074 cst
2953 4028 3007 4074 et
3030 4018 3269 4074 divinum
3295 4016 3349 4071 in
3381 4031 3447 4071 eo
3471 4014 3620 4085 quod
3646 4011 3828 4085 perci-

2266 4117 2306 4170 it
2328 4117 2509 4171 homo.

2266 4133 2306 4170 ιι
2328 4133 2509 4171 nomo.

2225 4133 2260 4187 Ρ
2291 4211 2348 4263 ‘2.
2390 4208 2546 4262 Patet
2566 4207 2728 4278 igitur
2759 4204 2904 4274 quod
2920 4212 2973 4260 et
3004 4218 3176 4276 agnus
3198 4201 3287 4257 ille
3309 4201 3496 4272 legalis
3519 4209 3576 4255 et
3594 4214 3823 4264 manna,

2223 4311 2278 4358 et
2306 4303 2485 4357 omnia
2515 4299 2818 4371 hujnsmodi
2861 4313 2982 4369 quae
3013 4297 3238 4366 ﬁguram
3295 4302 3584 4366 gesserunt
3638 4291 3828 4348 carnis

2225 4411 2289 4451 ac
2317 4393 2595 4464 sanguinis
2645 4390 2870 4457 Christi,
2924 4389 3067 4460 quod
3102 4402 3295 4459 passus
3328 4383 3498 4441 semel
3528 4383 3584 4438 in
3614 4383 3827 4454 pascha

2229 4561 2426 4643 galium
2469 4569 2758 4623 hostiarum
2782 4575 2829 4621 et
2859 4565 3116 4643 Dominict
3172 4564 3407 4634 corporis
3448 4572 3496 4616 et
3543 4562 3829 4643 sanguinis

2228 4633 2634 4700 iacramentum,
2660 4648 2708 4692 et
2745 4637 2884 4704 quod
2912 4653 3078 4705 agnus
3104 4645 3152 4689 et
3177 4633 3371 4689 manna
3420 4643 3470 4687 et
3500 4635 3679 4705 omnia
3711 4633 3829 4705 [tu-

937 4699 1104 4783 εξῙΟΓίΞ
1128 4702 1354 4783 ῃοηεξει.
1390 4701 1448 4757 S-
1473 4700 1736 4783 ῥὶιδοθηίν
1777 4699 2120 4783 δ’,ᾖθῐηίείίν
2216 4713 2456 4783 jusmodi
2487 4699 2713 4783 ﬁguram
2739 4699 3251 4783 gesserintejusdem
3267 4705 3605 4783 sacramenti.
3625 4704 3679 4757 In
3711 4702 3827 4783 Va:

2226 4774 2405 4865 ticano
2439 4801 2451 4836 :
2485 4774 2623 4848 Quid
2645 4774 2805 4833 distat
2832 4779 2968 4832 inter
2992 4775 3400 4830 immolationem
3427 4776 3611 4829 veteris
3629 4785 3677 4828 et
3704 4774 3829 4827 nari

2223 4870 2586 4999 agi“.Eiliti_et
2614 4920 2830 4999 quidam
2875 4933 3008 4999 mss.
3054 4917 3136 4999 sic
3184 4914 3713 4999 leguntismlut'dem
3767 4914 3830 4966 in

2226 4987 2646 5066 pra'signatione'
2658 4991 2817 5066 idem,
2841 4990 2932 5044 sed
2957 5005 3059 5066 non
3083 4989 3223 5066 idem
3249 4987 3303 5041 in
3334 4987 3716 5066 adimpletione.
3737 5000 3830 5038 ee-

2226 5056 2406 5121 ritatis'
2431 5083 2443 5118 :
2473 5065 2596 5136 quia
2618 5063 2757 5133 quod
2788 5071 2911 5136 tunc
2945 5058 3427 5136 adumbrabaturin
3451 5056 3826 5136 designatione

2226 5125 2546 5207 futurorum,
2586 5125 2760 5203 imago
2799 5130 3030 5187 veritatis
3055 5139 3103 5182 et
3141 5128 3324 5183 umbra
3352 5125 3612 5196 corporis,
3666 5137 3831 5197 atque

2227 5207 2544 5278 exemplaria
2573 5214 2744 5278 erant.

2303 5278 2329 5318 ιι
2359 5269 2414 5331 1ἠ
2445 5293 2544 5331 ms.
2571 5273 2875 5330 Turonensi
2899 5269 2959 5327 S.
2992 5271 3208 5328 Martini
3263 5271 3608 5329 desideratur
3630 5275 3680 5322 et
3703 5281 3831 5320 sm-

2177 5407 2183 5414 ,
2233 5349 2325 5404 bra
2355 5349 2606 5402 veritatis.

2309 5419 2325 5458 ι
2363 5418 2501 5472 Ειιίιί
2537 5427 2590 5472 et
2612 5415 2785 5480 Flor.,
2815 5432 2907 5484 per
2934 5414 3166 5469 eamdem
3195 5430 3223 5467 e
3243 5411 3383 5468 caelis
3421 5427 3616 5484 escam.

2301 5503 2339 5530 ω
2383 5489 2525 5550 Edit,
2557 5483 2985 5558 prtrsagiebatur,
3014 5493 3202 5540 contra
3231 5484 3389 5538 ﬁdem
3411 5483 3657 5537 omnium
3687 5494 3824 5537 mss.

2301 5572 2328 5600 ιι
2370 5560 2506 5614 Editi
2529 5575 2650 5614 cum
2678 5558 3000 5626 quibusdam
3025 5571 3178 5626 mss.,
3219 5571 3336 5608 vere
3352 5570 3496 5626 caro.

2302 5641 2326 5668 ο
2367 5632 2497 5698 Quae
2527 5621 2825 5692 sequimur
2854 5641 3024 5698 usque
3057 5625 3388 5698 Patetigitur
3408 5625 3614 5698 desunt
3637 5622 3691 5677 in
3715 5621 3821 5675 Pu-

2302 5644 2326 5668 ⁰
2367 5644 2497 5698 una:
2527 5644 2825 5692 SCIlllllll‘Ul‘
2854 5644 2916 5680 llS
2959 5644 3024 5680 ne
3057 5644 3204 5680 t’lllﬂ
3226 5644 3388 5696 τριημ-
3414 5644 3544 5678 nesu

2232 5715 2393 5761 teano
2425 5712 2478 5758 et
2508 5702 2560 5756 in
2587 5697 2880 5754 Rhemensi
2996 5696 3225 5768 Remigii
3248 5696 3546 5751 codicibus.
