4078 6348
513 385 650 443 1283

1333 378 1390 436 S.
1428 374 1785 434 PASCHASII
1822 364 2170 427 RADBERTI
2207 361 2497 420 ABBATIS
2535 357 2984 418 CORBEIENSIS

3657 355 3795 414 ηει

510 501 872 573 sumptionem
923 496 1189 568 judicium
1245 508 1270 536 α
1323 505 1507 548 reatus
1567 490 1888 560 duplicatur,
1955 485 2094 539 unde
2123 487 2172 545 Α
2200 487 2510 548 superatus,
2542 491 2704 531 voces
2748 474 3001 531 emittere
3029 473 3239 544 absque
3283 470 3630 528 sermonibus
3680 486 3797 528 non

510 572 806 665 Apostolus
838 605 852 643 :
884 587 1076 642 Probet
1106 603 1160 640 se
1186 585 1338 638 homo
1363 583 1529 653 prius,
1566 591 1613 634 et
1647 580 1720 632 sic
1750 577 1814 631 de
1841 591 1975 643 pane
2002 572 2093 625 illo

516 686 662 750 edat,
686 683 829 740 etde
856 680 1017 735 calice
1060 678 1197 731 bibat
1249 674 1437 745 (lbid.,
1487 672 1601 741 ‘27).
1636 668 1840 737 Quibus
1889 665 2096 719 duobus

513 774 770 837 servatis,
800 772 985 827 videat
1006 777 1185 823 utrum
1215 767 1376 837 digne
1402 764 1652 833 accipere
1692 758 1883 829 possit,
1907 754 2092 810 videli-

511 876 600 924 cet
628 874 686 920 ut
715 864 974 933 dijudicet
1003 875 1201 929 corpus
1238 858 1475 918 Domini,
1506 854 1635 923 quid
1661 861 1745 906 est
1767 857 2099 920 quantumve

512 966 935 1023 sacramentum,
960 954 1243 1024 qualisque
1269 951 1440 1005 virtus
1465 945 1817 1006 sacramenti,
1848 943 1975 1012 quia
2019 940 2101 995 di-

512 1054 699 1106 vinum
743 1062 809 1105 ac
856 1046 1100 1117 spiritale
1141 1052 1246 1100 est.
1281 1041 1485 1097 Deinde
1520 1037 1871 1105 semetipsum
1908 1032 2102 1103 probet

513 1159 696 1205 utrum
729 1146 844 1216 ipse
869 1144 941 1199 sit
964 1142 1016 1196 in
1041 1152 1266 1207 corpore
1296 1132 1522 1196 Christi,
1550 1130 1634 1185 vel
1677 1128 1722 1183 si
1769 1126 2019 1182 Christus
2047 1123 2101 1177 in

514 1257 580 1297 eo
607 1246 845 1304 maneat,
866 1234 1106 1305 alioquin
1131 1231 1237 1285 nisi
1257 1227 1455 1283 etillud
1477 1224 1799 1295 spiritaliter
1814 1219 2023 1290 judicet
2048 1218 2101 1283 δ,

513 1342 572 1388 et
597 1330 954 1398 semetipsum
979 1326 1047 1381 ad
1060 1320 1468 1396 percipiendum
1500 1316 1751 1372 idoneum
1774 1313 1987 1383 probet,
2013 1323 2102 1377 ju-

520 1422 727 1479 dicium
757 1420 861 1476 sibi
892 1417 1203 1479 manducat,
1232 1414 1357 1483 quia
1387 1412 1529 1466 bono
1556 1408 1695 1464 male
1722 1406 1893 1460 utitur
1919 1421 1932 1458 :
1963 1402 2105 1457 unde

514 1527 623 1575 non
648 1511 780 1567 illud
805 1509 873 1566 ad
894 1509 1086 1573 vitam,
1118 1505 1211 1562 sed
1239 1505 1293 1559 iu
1314 1518 1379 1559 eo
1398 1500 1663 1572 judicium
1685 1497 1753 1552 ad
1780 1510 1993 1567 poenam
2017 1509 2107 1548 su-

513 1606 615 1663 mit
637 1616 688 1661 α.

582 1696 638 1753 5.
680 1696 749 1752 Et
781 1703 844 1751 ut
878 1709 942 1751 ea
967 1708 1089 1764 quae
1118 1692 1354 1747 diximus
1378 1686 1707 1743 certioribus
1734 1680 2000 1750 exemplis
2019 1692 2107 1748 ap-

511 1789 828 1860 probemus,
874 1783 1172 1841 referemus
1201 1781 1267 1836 de
1302 1777 1536 1848 quodam
1578 1772 1805 1837 inﬁdeli,
1851 1771 1943 1841 qui
1999 1783 2107 1823 non

511 1885 820 1955 dijudicans
855 1898 1054 1954 corpus
1095 1878 1332 1949 Domini,
1377 1892 1479 1932 nec
1522 1875 1758 1944 seipsum
1805 1869 2102 1927 secundum

512 1976 833 2047 Apostolum
856 1976 1116 2046 probans,
1149 1973 1265 2026 haec
1309 1968 1570 2039 mysteria
1600 1965 1816 2035 indigne
1842 1974 2103 2032 praesum-

511 2069 622 2139 psit
648 2067 914 2138 accipere,
936 2064 1066 2135 quid
1092 2064 1196 2118 sibi
1212 2061 1336 2116 inde
1350 2057 1661 2128 contigerit.
1678 2056 1844 2110 Beato
1868 2066 2104 2121 namque

514 2158 654 2231 Syro
671 2158 1039 2216 Ticiuensium
1055 2157 1231 2228 primo
1245 2155 1500 2226 episcopo
1523 2152 1813 2207 missarum
1840 2146 2103 2203 solemnia

513 2250 822 2307 celebrante
849 2249 903 2303 in
932 2247 1177 2303 Ecclesia
1208 2247 1491 2301 beatorum
1524 2251 1827 2313 martyrtun
1855 2235 2104 2294 Gcrvasii

512 2350 568 2397 et
597 2342 856 2407 Protasii,
890 2355 1053 2411 quam
1081 2340 1197 2409 ipse
1233 2338 1600 2399 dedicaverat,
1635 2335 1762 2390 dum
1789 2332 1945 2402 copia
1968 2330 2107 2385 ﬁlio-

513 2448 636 2488 rum
676 2430 814 2500 ejus,
849 2446 988 2502 quos
1029 2430 1174 2485 verbi
1202 2430 1408 2485 semine
1438 2428 1594 2498 juxta
1634 2423 1953 2495 Apostolum
1998 2422 2107 2475 Deo

515 2536 802 2596 genuerat,
840 2524 1034 2579 devote
1072 2521 1277 2578 sanctis
1308 2519 1585 2591 mysteriis
1631 2518 1939 2577 interesset,
1987 2514 2110 2583 qui-

514 2614 641 2671 dam
668 2615 888 2670 Judteus
914 2615 1179 2669 audenter
1204 2613 1506 2683 ingressus,
1544 2608 1783 2681 maligno
1814 2607 2110 2676 instigante

516 2706 733 2777 spiritu,
765 2722 962 2777 corpus
985 2706 1324 2761 Dominicum
1355 2718 1593 2766 sumere,
1625 2716 1864 2771 cumque
1894 2700 1947 2752 in
1971 2707 2110 2751 ster-

515 2796 804 2870 quiliuium
831 2797 1099 2867 projicere
1116 2796 1335 2849 molitus
1350 2804 1454 2848 est.
1474 2790 1576 2860 Qui
1596 2793 1737 2846 inter
1763 2791 1949 2844 turbas
1976 2789 2109 2843 ﬁde-

515 2887 653 2945 lium
690 2903 900 2943 sacram
928 2885 1330 2941 Eucharistiam
1357 2872 1615 2937 demauu
1639 2881 1914 2954 pontiﬁcis
1940 2878 2114 2950 perci-

516 2966 807 3055 pientium,
837 2980 905 3034 ad
927 2996 1120 3034 manus
1141 2978 1243 3032 viri
1279 2976 1373 3032 Dei
1400 2976 1750 3048 perveniens,
1782 2990 1917 3028 ausu
1959 2971 2113 3027 nefa-

519 3068 625 3139 rio,
657 3071 937 3128 immundo
959 3087 1054 3126 ore
1081 3085 1291 3145 corpus
1314 3071 1553 3145 suscepit
1585 3068 1947 3131 Dominicum,
1972 3065 2113 3136 quod

520 3176 583 3222 ut
606 3163 889 3235 rejiciendi
922 3161 1133 3237 [causa]
1168 3162 1229 3219 os
1255 3142 1511 3234 operuit;
1559 3161 1721 3231 digna
1754 3160 1956 3214 ultione
1972 3174 2109 3235 per-

522 3257 729 3323 culsus,
786 3257 904 3312 sine
944 3254 1139 3311 effectu
1169 3256 1483 3320 verborum,
1518 3254 1729 3309 cunctis
1765 3250 2114 3306 audientibus

520 3359 577 3406 et
605 3350 914 3405 videntibus
949 3348 1186 3405 clamare
1208 3348 1395 3419 coepit.
1428 3345 1655 3402 Volebat
1697 3344 1839 3400 labia
1862 3344 2111 3416 jungere,

522 3459 625 3501 nec
653 3441 900 3507 valebat;
925 3443 1179 3514 cupiebat
1202 3443 1369 3498 verba
1393 3441 1577 3506 edere,
1609 3441 1703 3496 sed
1735 3439 1917 3511 lingua
1946 3438 2115 3511 rigida

521 3528 779 3605 loquendi
808 3533 1045 3591 oﬁicium
1071 3548 1176 3590 non
1198 3534 1495 3605 prmbebat,
1523 3542 1577 3589 et
1606 3533 1762 3604 quasi
1784 3533 2012 3602 ignitum
2032 3528 2117 3599 ja-

524 3627 706 3685 culum
732 3627 785 3682 in
817 3644 912 3685 ore
941 3638 1190 3700 portans,
1214 3627 1498 3683 immensis
1529 3626 1885 3696 torquebatur
1916 3622 2119 3679 dolori-

522 3718 655 3791 bus;
690 3725 982 3780 resonabat
1017 3722 1196 3779 omnis
1225 3721 1314 3777 illa
1342 3720 1573 3778 ecclesia
1600 3720 1795 3790 ineptm
1824 3717 1974 3774 vocis
1997 3715 2115 3772 cla-

525 3816 791 3882 moribus,
821 3812 972 3872 etde
1006 3824 1115 3870 tam
1156 3814 1359 3885 egregii
1388 3813 1587 3867 virtute
1627 3810 1874 3866 miraculi
1915 3807 2120 3865 Christi

527 3900 787 3963 ﬁdelium
816 3906 1100 3963 laetabatur
1146 3913 1467 3969 conventus,
1522 3902 1886 3973 impleturque
1939 3899 2111 3955 illud:

526 4000 803 4055 Derisores
832 4000 943 4071 ipse
962 3998 1168 4053 deridet
1201 3994 1381 4070 (Psat.
1414 3995 1588 4068 Lvnt);
1624 4005 1679 4050 et
1704 3995 1848 4065 quod
1888 3993 2123 4063 Aposto-

528 4090 616 4146 lus
639 4092 708 4145 ad
737 4088 959 4145 Galatas
994 4089 1241 4145 scribens
1262 4089 1339 4142 ait
1365 4105 1377 4141 :
1410 4085 1591 4141 Nolite
1615 4102 1815 4151 errare,
1847 4084 1988 4138 Deus
2017 4099 2121 4138 non

528 4182 787 4236 irridetur
812 4195 830 4233 :
861 4198 980 4253 qua:
1010 4181 1147 4234 enim
1174 4179 1506 4234 seminaverit
1534 4178 1711 4244 homo,
1753 4180 1863 4232 lucc
1892 4186 1941 4231 et
1970 4185 2120 4230 metet

528 4270 703 4347 (Psat.
732 4288 808 4337 vt,
837 4273 914 4343 '7);
964 4271 1092 4327 illud
1136 4287 1354 4343 quoque
1378 4275 1523 4342 quod
1565 4270 1619 4325 in
1665 4269 1956 4341 Evangelio
2006 4269 2123 4339 ipsa

529 4363 750 4419 Veritas
770 4364 1039 4436 promittit
1070 4363 1254 4418 dicens
1282 4382 1294 4416 :
1330 4362 1451 4428 Qua
1478 4378 1724 4416 mensura
1756 4360 1919 4413 mensi
1960 4358 2124 4428 [ueri-

529 4459 618 4524 tis,
649 4457 948 4513 retnetietur
970 4456 1111 4510 vobis
1141 4455 1337 4529 (Marc.
1375 4472 1449 4520 tv,
1490 4455 1605 4527 24).
1637 4453 1856 4508 ,Ιυάωυε
1878 4468 2006 4524 ergo
2038 4453 2125 4508 hic

529 4540 842 4606 incredulus
887 4564 987 4604 nec
1015 4550 1264 4604 audierat
1312 4565 1415 4604 nec
1465 4549 1673 4619 legerat
1715 4547 1815 4600 ista
1848 4546 2118 4617 praeconia

530 4628 959 4710 Scripturarum,
988 4630 1083 4711 qui
1117 4641 1329 4711 putavit
1353 4640 1573 4695 Christo
1603 4650 1899 4709 sanctoque
1943 4637 2116 4709 Spiri-

530 4728 609 4783 tui
645 4731 924 4800 stropham
982 4732 1258 4786 inducere.
1302 4731 1473 4798 Quem
1518 4730 1602 4783 vir
1632 4729 1724 4783 Dei
1767 4746 1864 4784 suo
1891 4746 2121 4800 conspe—

532 4823 645 4877 ctui
694 4825 1017 4894 praesentari
1055 4825 1336 4896 praecepit,
1376 4824 1537 4893 eique
1582 4824 1893 4879 advenienti
1946 4825 2117 4879 dixit:

530 4912 813 4969 lncreJula
841 4924 895 4970 et
918 4917 1160 4986 perﬁdiae
1191 4932 1345 4971 mens
1372 4915 1549 4987 plena,
1586 4931 1759 4985 quare
1812 4923 1922 4969 tam
1952 4915 2122 4986 iniqui

511 4991 707 5062 'bostis
731 5007 965 5079 implesti
991 5006 1301 5075 consilium,
1331 5018 1388 5063 ut
1415 5010 1719 5064 aestimares
1748 5024 1946 5078 corpus
1973 5008 2128 5064 Chri-

535 5096 604 5149 sti
627 5096 985 5153 vilissiinum?
1020 5100 1158 5155 Ecce
1180 5101 1302 5170 quis
1342 5100 1711 5155 clandestinus
1759 5115 2047 5171 pcrsuasor
2077 5108 2127 5154 te

534 5190 796 5246 miserum
841 5191 1015 5248 illexit
1068 5202 1129 5248 ut
1184 5193 1416 5265 faceres,
1449 5194 1663 5249 cunctis
1716 5191 1969 5248 ﬁdelibus
2015 5192 2128 5247 suis

536 5282 719 5338 divina
749 5283 926 5339 virtus
964 5285 1224 5341 ostendit.
1255 5284 1474 5353 Judaeus
1504 5293 1720 5350 autem,
1749 5283 1917 5338 nhnio
1943 5282 2129 5338 dolore

614 5429 639 5459 ι
678 5416 813 5474 Tres
838 5434 969 5474 mss.
994 5420 1193 5490 judicii
1221 5430 1422 5476 reatus.

611 5515 640 5554 δ
676 5515 787 5581 AL,
825 5516 1099 5586 dijudicet.

510 5622 517 5627 ’
549 5598 805 5692 ,νξηΟιιω
834 5619 1133 5692 Spqutur
1154 5609 1406 5691 eruimus
1436 5624 1503 5692 es
1524 5607 1915 5692 Optimjenoue
1947 5606 2133 5692 codice

542 5678 704 5745 1554,
733 5678 955 5750 reginae
1008 5679 1238 5745 Suecitc,
1290 5690 1344 5736 et
1386 5678 1573 5737 codice
1615 5679 1756 5734 4070
1790 5679 2134 5735 bibliothecae

542 5751 686 5821 regis
712 5749 1184 5807 Christianissimi.

613 5841 639 5881 α
680 5842 739 5899 In
768 5844 889 5900 cod.
917 5843 1209 5901 Laubieusi
1244 5862 1255 5899 :
1288 5854 1451 5913 caput
1479 5844 1592 5900 ΧΠ.

2199 573 2470 637 cessabat,
2501 571 2709 627 habens
2733 571 2786 625 in
2821 579 3042 641 gutture
3071 567 3293 622 malitia:
3325 583 3436 623 sua:
3462 567 3799 632 cruciatum,

2200 666 2323 736 quia
2350 667 2643 721 secundum
2668 662 2996 719 sanctissimi
3013 662 3328 716 vaticinium
3344 660 3641 723 Simeonis,
3656 660 3804 714 sicut

2202 758 2495 813 incredulis
2519 766 2600 811 est
2630 756 2898 827 pernicies
2931 770 2995 809 ac
3038 756 3193 808 ruina
3214 795 3229 818 ,
3275 754 3353 808 ita
3399 751 3653 806 ﬁdelibus
3682 751 3806 809 suis

2202 852 2311 905 vita
2358 858 2410 904 et
2459 848 2719 904 exultatio
2762 856 2846 901 est
2889 846 3116 901 verbum
3167 844 3287 899 Dei.
3341 843 3473 897 Nam
3523 842 3808 898 subtiliter

2203 942 2592 1015 aSpicientibus
2608 940 2903 996 miserabili
2928 939 3217 994 libratione
3233 951 3431 1005 corpus
3452 935 3803 990 Dominicum

2204 1035 2258 1089 in
2286 1049 2379 1088 ore
2409 1034 2693 1087 videbatur
2713 1029 2884 1085 Judaei
2918 1028 3244 1100 dependere,
3286 1027 3359 1080 ita
3389 1035 3447 1080 ut
3474 1041 3576 1080 nec
3600 1025 3799 1095 lingua

2204 1123 2389 1180 subter
2438 1108 2684 1192 compagi
2730 1120 3010 1197 insideret,
3064 1132 3164 1172 nec
3210 1118 3445 1187 desuper
3502 1111 3801 1168 immundo

2206 1214 2506 1269 adhaereret
2531 1210 2732 1283 palato.
2770 1208 3180 1271 Postulantibus
3209 1216 3392 1261 autem
3416 1205 3630 1259 cunctis
3666 1201 3806 1256 ﬁde-

2206 1305 2348 1360 libus
2385 1320 2485 1376 pro
2534 1303 2650 1373 ejus
2698 1302 2940 1368 miseria,
2983 1300 3065 1353 vir
3105 1299 3317 1354 Domini
3357 1297 3527 1369 Syrus
3573 1311 3804 1351 manum

2206 1398 2480 1468 propriam
2503 1394 2762 1456 tetendit,
2791 1402 2846 1448 et
2871 1401 3070 1447 sancta:
3101 1390 3455 1445 Eucharistize
3481 1388 3806 1460 mysterium

2209 1502 2239 1542 a
2271 1486 2534 1555 sacrilego
2562 1484 2827 1539 abstraxit
2854 1499 2970 1547 ore,
3004 1483 3188 1537 dicens
3219 1500 3231 1535 :
3265 1480 3404 1535 Ecce
3425 1496 3583 1539 nunc,
3622 1479 3810 1533 incre-

2210 1576 2355 1642 dule,
2393 1577 2653 1631 liberatus
2688 1590 2768 1641 es,
2802 1576 2866 1629 de
2900 1582 3099 1629 caetero
3127 1587 3259 1627 cave
3286 1570 3596 1641 hujusmodi
3622 1568 3811 1625 simile

2211 1686 2280 1727 ne
2325 1670 2515 1737 facias,
2554 1679 2610 1724 et
2646 1685 2715 1724 ne
2751 1667 2977 1722 ulterius
3026 1676 3293 1737 repetere,
3332 1680 3398 1719 ne
3428 1665 3669 1720 deterius
3701 1665 3807 1718 tibi

2211 1764 2415 1835 aliquid
2452 1762 2630 1819 simile
2656 1762 2953 1831 contingat.
2992 1757 3208 1813 Judaeus
3250 1772 3379 1826 ergo
3411 1756 3640 1826 pedibus
3686 1754 3810 1823 ejus

2133 1846 2178 1909 Β
2207 1856 2514 1920 advolutus,
2544 1871 2602 1909 se
2629 1854 2847 1910 Christo
2877 1851 3105 1907 Domino
3154 1849 3510 1912 crediturum,
3563 1847 3610 1902 si
3661 1845 3810 1901 sacri

2204 1964 2329 2006 eum
2355 1947 2702 2019 baptismatis
2731 1945 2874 1999 unda
2901 1941 3276 2013 perfunderet,
3306 1954 3370 1993 ac
3395 1939 3485 2008 pio
3514 1936 3635 2007 ejus
3675 1952 3810 1992 con-

2206 2039 2389 2095 ventui
2406 2054 2530 2093 eum
2553 2035 2847 2108 copularet,
2877 2033 3348 2100 conﬁtebaturque
3370 2045 3478 2101 qua
3504 2028 3811 2083 intentione

2206 2131 2549 2186 Dominicum
2572 2146 2771 2201 corpus
2800 2128 3081 2199 percipere
3114 2133 3319 2178 temere
3342 2122 3807 2194 pmsumpsisset.

2206 2226 2411 2280 Prioris
2434 2226 2596 2280 etiam
2623 2224 2834 2293 culpant
2860 2218 3278 2282 inrredulitatis,
3308 2233 3372 2273 ac
3389 2216 3643 2285 deinceps
3666 2230 3813 2270 verae

2207 2316 2331 2371 ﬁdei
2369 2315 2682 2369 firmitatem
2724 2329 2783 2368 se
2831 2313 3163 2367 habiturum.
3213 2308 3356 2374 Tibi,
3400 2309 3575 2379 inquit
3614 2308 3812 2362 beatus

2208 2403 2450 2478 pontifex
2477 2402 2671 2476 Syrus,
2701 2405 2842 2459 Deus
2866 2404 3215 2472 onmipotens
3246 2399 3433 2465 Pater,
3459 2398 3636 2455 refero
3678 2414 3811 2470 gra-

2214 2499 2336 2562 tias,
2360 2498 2451 2567 qui
2469 2494 2747 2551 Jndaieant
2764 2496 2924 2551 etiam
2953 2492 3233 2564 perﬁdiam
3251 2509 3355 2546 non
3369 2491 3680 2561 dedignaris
3692 2506 3811 2546 coro

2210 2589 2507 2660 rigere,sed
2534 2587 2599 2642 ad
2633 2589 2705 2642 tui
2735 2587 3009 2657 Unigeniti
3035 2586 3194 2641 ﬁdem
3225 2585 3401 2656 ampla
3433 2586 3637 2654 pietate
3658 2583 3814 2638 illam

2211 2666 2501 2735 convertis.
2530 2679 2811 2749 Baptizato
2828 2678 3137 2742 antemillo,
3167 2676 3319 2732 multi
3346 2674 3814 2731 etiamexJudzcis

2213 2772 2266 2827 in
2287 2770 2560 2826 Christum
2590 2771 2874 2826 credentes
2896 2786 3018 2824 cum
3063 2785 3128 2823 eo
3151 2784 3308 2823 sacro
3334 2776 3461 2822 sunt
3490 2765 3667 2821 renati
3712 2766 3816 2821 ba-

2212 2864 2484 2936 ptismate,
2520 2880 2584 2918 ac
2608 2863 2808 2917 Christi
2841 2860 3087 2917 ﬁdelibus
3111 2859 3451 2930 spiritalique
3480 2859 3649 2913 coetui
3683 2867 3816 2913 sunt

2213 2957 2374 3011 uniti.
2400 2956 2551 3011 [inite
2574 2966 2755 3009 autem
2784 2955 3045 3009 ultionem
3083 2953 3294 3008 cunctis
3322 2952 3589 3007 divinitus
3625 2959 3816 3006 osten-

2216 3066 2330 3105 sam
2372 3050 2498 3103 huic
2538 3056 2725 3103 nostro
2749 3034 3011 3117 opusculo
3051 3046 3171 3101 ideo
3202 3044 3556 3106 inscruimus,
3589 3057 3657 3096 ne
3690 3042 3817 3111 quis

2216 3140 2449 3196 inﬁdelis
2475 3149 2765 3210 antequam
2797 3153 2993 3208 corpus
3022 3136 3236 3193 Domini
3272 3133 3531 3204 dijudicet
3560 3133 3693 3203 quid
3744 3132 3818 3187 sit

2219 3242 2310 3287 aut
2343 3230 2558 3287 mortali
2590 3231 2820 3285 crimine
2866 3244 3012 3294 reus,
3062 3227 3381 3298 priusquam
3426 3224 3671 3288 Christo,
3718 3239 3818 3294 per

2217 3322 2596 3397 paenitentiam
2623 3338 2681 3376 se
2713 3322 2886 3393 ipsum
2916 3321 3177 3391 probans,
3218 3318 3273 3372 in
3310 3332 3442 3388 pace
3485 3315 3821 3371 reconcilie-

2218 3426 2327 3481 tur,
2367 3417 2432 3471 de
2467 3417 2571 3470 hoc
2608 3428 2747 3485 pane
2790 3412 2954 3469 edere
2997 3421 3054 3467 et
3084 3412 3152 3467 de
3180 3411 3352 3467 calice
3389 3407 3571 3464 bibere
3604 3415 3822 3462 temere

2219 3524 2284 3565 ac
2316 3508 2653 3580 negligenter
2680 3514 2991 3578 praesumat.
3022 3498 3151 3560 Haec
3188 3519 3288 3575 pro
3315 3502 3616 3558 assertione
3646 3516 3821 3557 sacra:

2222 3600 2625 3657 communionis
2664 3599 2807 3654 dicta
2855 3596 3147 3661 sufﬁciant,
3179 3611 3324 3651 nunc
3366 3595 3435 3651 ad
3477 3580 3820 3665 propositum

2221 3696 2524 3751 redeamus.

2796 3801 3027 3859 CAPUT
3065 3800 3155 3857 Vli
3186 3800 3233 3855 δ.

2475 3936 2677 4004 Quibus
2708 3937 2879 3992 modis
2900 3924 3101 3991 dicitur
3126 3951 3315 4007 corpus
3345 3933 3568 3990 Christi.

2297 4074 2350 4127 1.
2380 4070 2575 4128 Tribus
2606 4087 2736 4127 sane
2778 4071 2955 4127 modis
2984 4072 3038 4127 in
3091 4070 3391 4143 Scripturis
3421 4073 3602 4129 sacris
3629 4088 3828 4145 corpus

2226 4164 2428 4223 Christi
2473 4164 2807 4235 appellatur;
2854 4165 3099 4234 profecto
3147 4163 3274 4234 quia
3306 4164 3581 4235 generalis
3620 4163 3828 4220 Christi

2226 4253 2471 4310 Ecclesia
2500 4269 2697 4324 corpus
2724 4252 2843 4321 ejus
2871 4263 2975 4318 est,
3004 4253 3095 4308 ubi
3117 4252 3366 4309 Christus
3394 4263 3579 4323 caput,
3616 4264 3673 4309 et
3706 4268 3827 4308 om-

2228 4361 2326 4402 nes
2356 4346 2513 4400 electi
2559 4345 2802 4400 membra
2837 4345 3109 4408 dicuntur,
3138 4360 3205 4398 ex
3231 4345 3431 4414 quibus
3460 4361 3633 4399 unum
3670 4344 3831 4400 colli-

2229 4438 2373 4509 gitur
2398 4436 2644 4508 quotidie
2672 4451 2870 4507 corpus
2912 4437 2964 4490 in
2988 4437 3163 4490 virum
3190 4436 3494 4505 perfectum
3522 4437 3578 4491 in
3609 4447 3635 4476 ο
3675 4453 3834 4492 men-

2231 4547 2413 4587 suram
2454 4530 2809 4601 plenitudinis
2848 4529 3074 4587 Christi.
3110 4530 3321 4600 Corpus
3360 4538 3542 4587 autem
3594 4528 3829 4597 Christi,

2227 4639 2424 4694 sponsa
2450 4622 2707 4678 videlicet
2735 4622 2828 4677 Dei
2855 4620 3093 4677 Ecclesia
3114 4620 3238 4689 jure
3259 4621 3457 4676 dicitur
3481 4641 3497 4674 :
3519 4620 3831 4689 juxtaiiiud

2227 4715 2370 4788 quod
2399 4714 2691 4786 Apostolus
2731 4713 2881 4784 ait(I
2910 4712 3034 4767 Cor.
3058 4729 3132 4778 vr,
3166 4713 3254 4786 16)
3288 4730 3304 4769 :
3340 4713 3405 4768 Et
3434 4724 3588 4769 erunt
3632 4714 3745 4768 duo
3772 4715 3831 4768 in

2228 4826 2389 4863 carne
2404 4826 2530 4863 una.
2556 4807 2693 4870 Hoc,
2720 4807 2913 4877 inquit,
2939 4815 3329 4859 sacramentum
3349 4822 3597 4875 magnum
3614 4815 3691 4859 est
3728 4806 3746 4844 ί
3777 4808 3833 4861 in

2230 4903 2439 4958 Christo
2462 4912 2510 4957 et
2540 4904 2595 4956 in
2616 4900 2874 4955 Ecclesia.
2897 4900 3050 4967 Quod
3076 4900 3119 4954 si
3145 4898 3396 4954 Christus
3426 4908 3480 4954 et
3503 4898 3751 4954 Ecclesia
3777 4901 3833 4954 in

2232 5011 2395 5051 carne
2423 4998 2447 5036 8
2470 5011 2575 5049 una
2602 5003 2751 5059 sunt,
2777 4993 2962 5064 utique
2985 5008 3150 5046 unum
3173 5008 3371 5061 corpus
3394 4993 3444 5055 ιι,
3480 4991 3571 5047 ubi
3597 5007 3836 5063 sponsus

2235 5101 2416 5162 caput,
2442 5088 2637 5161 singuli
2662 5097 2840 5143 autem
2869 5087 3030 5142 electi
3056 5086 3197 5140 alter
3222 5086 3445 5140 alterius
3460 5086 3732 5163 membra.
3754 5085 3832 5141 Ex

2234 5202 2343 5257 quo
2358 5185 2612 5241 videlicet
2631 5183 2880 5255 quisquis
2897 5182 3036 5237 tollit
3056 5183 3364 5237 membrum
3380 5179 3591 5234 Christi
3618 5188 3674 5234 et
3701 5180 3839 5235 facit

2238 5277 2540 5334 membrum
2574 5275 2903 5339 meretricis,
2927 5282 3019 5327 aut
3046 5281 3194 5329 certe
3221 5286 3319 5343 per
3341 5270 3627 5342 quodlibet
3661 5280 3841 5344 gravo

2315 5429 2339 5456 ο
2378 5415 2544 5480 Editi,
2572 5422 2620 5467 et
2644 5428 2963 5468 mensuram.
3010 5410 3137 5465 Mss.
3185 5408 3385 5477 regina:
3419 5405 3655 5473 Suecite,
3680 5405 3842 5462 Flor.

2238 5497 2290 5543 et
2327 5487 2509 5556 regius
2532 5500 2695 5546 unus,
2729 5485 2782 5537 in
2808 5498 3108 5556 mensuram
3132 5481 3325 5556 (etatis.

2315 5558 2334 5598 τ
2378 5547 2510 5612 Cod.
2537 5556 2716 5626 regius
2743 5554 2889 5626 addit
2920 5571 2933 5605 :
2962 5551 3078 5626 Ego
3098 5549 3414 5626 autern‘dico
3448 5547 3615 5626 vobis.

2315 5632 2339 5671 8
2375 5629 2506 5683 Cod.
2543 5619 2760 5695 Majoris
2781 5624 2923 5678 Mon.
2951 5638 2965 5676 :
2999 5619 3154 5689 Quod
3180 5624 3224 5676 si
3250 5619 3493 5676 Christus
3513 5630 3562 5675 et
3592 5619 3847 5673 Ecclesia

2240 5720 2346 5756 una
2370 5708 2514 5762 sunt,
2541 5700 2744 5752 omisso
2772 5697 2825 5747 in
2849 5711 3026 5749 carne.

2312 5774 2336 5811 b
2380 5772 2434 5823 In
2488 5760 2673 5823 eodem
2712 5767 2898 5822 codice
2937 5774 2991 5817 ct
3030 5763 3203 5819 altero
3242 5761 3552 5818 Coloniensi
3602 5760 3849 5816 fratrum

2242 5842 2689 5904 Pratdicatorum,
2720 5856 2855 5893 imas
2879 5854 3123 5909 sponsus,
3152 5834 3522 5905 prastermisso
3554 5833 3670 5888 ubi.
