4078 6348
277 330 417 388 1285

1201 335 1327 391 LIB.
1368 336 1457 390 DE
1495 332 1817 389 CORPOBE
1852 335 1941 391 ET
1982 337 2333 397 SANGUINE
2370 341 2627 400 DOMINI.

3417 337 3557 398 i286

276 442 532 498 delictum
560 441 861 499 membrum
885 444 1187 501 otabdlihic
1215 445 1458 517 profecto
1478 447 1591 518 jam
1631 464 1738 505 non
1781 436 1943 522 est
1969 468 2037 508 ex
2093 455 2345 511 omnibus
2396 457 2739 527 perﬁciatur,
2789 457 2915 528 quia
2971 457 3087 515 haec
3153 466 3280 516 sunt
3315 459 3552 533 dotalia,

279 537 335 592 in
350 551 580 607 corpore
598 535 825 603 Christi,
850 538 974 608 quia
991 537 1168 594 factus
1187 548 1272 594 est
1290 540 1516 596 alterius
1538 544 1862 601 membrum.

275 625 483 682 Idcirco
503 627 552 681 ei
570 627 693 697 jure
720 643 825 681 non
854 627 979 682 licet
994 629 1156 684 edere
1172 629 1238 685 de
1257 631 1359 686 hoc
1383 633 1612 703 mystico
1635 623 1866 706 corpore

276 717 485 775 Christi
509 734 523 784 ;
555 719 698 789 quod
722 734 853 774 sane
879 734 1092 790 corpus,
1125 730 1181 775 ut
1205 736 1334 777 vera
1377 738 1507 779 caro
1535 724 1607 781 sit
1634 724 1864 794 Christi,

275 823 377 880 pro
398 810 586 864 mundi
621 809 720 864 vita
751 812 991 880 quotidie
1015 827 1112 881 per
1156 811 1420 882 Spiritum
1448 826 1696 873 sanctum
1736 834 1869 875 con—

276 910 560 966 secratur;
585 918 651 956 ex
674 918 779 972 qua
818 918 925 957 non
956 904 1156 987 habent
1182 915 1510 975 potestatem
1557 910 1717 965 edere
1766 912 1860 983 qui

275 1006 341 1047 ex
366 992 594 1046 adverso
617 1000 762 1048 sunt.
796 1004 820 1032 ει
848 991 1157 1049 Vescuntur
1192 996 1219 1035 ιι
1258 1008 1438 1052 autem
1478 1015 1543 1055 eo
1589 1001 1860 1074 condigne

274 1080 367 1152 qui
395 1090 520 1136 sunt
547 1082 600 1137 in
622 1098 849 1153 corpore
870 1083 1032 1151 illius,
1062 1095 1120 1140 ut
1142 1086 1315 1143 solum
1348 1104 1546 1160 corpus
1581 1092 1783 1149 Christi
1811 1105 1858 1161 ο,

276 1173 405 1229 dum
428 1182 507 1229 est
538 1174 591 1229 in
622 1174 729 1242 via,
760 1175 928 1247 ipsius
959 1193 1123 1233 carne
1157 1181 1451 1249 reliciatur,
1481 1194 1537 1239 et
1568 1186 1745 1243 discat
1784 1188 1867 1242 ni-

274 1262 350 1317 hil
389 1263 533 1319 aliud
573 1265 785 1320 esurire
825 1280 987 1336 quam
1018 1267 1318 1337 Christum,
1358 1274 1492 1328 nihil
1529 1274 1593 1328 sit
1645 1278 1725 1331 ire
1761 1277 1865 1333 nisi

275 1350 575 1422 Christum,
605 1356 738 1411 nihil
766 1357 909 1412 aliud
942 1374 1133 1430 sapere
1160 1361 1186 1400 ἀ
1217 1377 1381 1431 quam
1427 1363 1726 1434 Christum,
1756 1384 1863 1423 non

273 1443 494 1500 aliunde
523 1444 705 1502 vivere
734 1457 757 1485 θ
781 1462 889 1502 non
921 1447 1067 1504 a‘liud
1088 1465 1230 1517 esse,
1264 1467 1426 1522 quam
1474 1470 1673 1524 corpus
1708 1456 1864 1513 Chri-

274 1528 345 1590 sti
375 1535 418 1588 ί.

344 1618 396 1680 2.
439 1625 706 1681 Caaterum
732 1624 861 1684 illud
882 1644 1077 1699 corpus
1103 1632 1247 1700 quod
1276 1642 1459 1705 natum
1488 1644 1569 1691 est
1599 1636 1664 1691 de
1694 1635 1859 1692 Maria

272 1700 482 1787 virgine
501 1757 516 1782 ,
546 1717 599 1772 in
628 1718 772 1789 quod
808 1712 951 1775 istud
983 1720 1325 1791 transfertur,
1355 1700 1497 1796 quod
1521 1729 1775 1798 pependit
1802 1729 1857 1784 in

271 1825 472 1876 cruce‘,
502 1810 768 1882 sepultura
811 1821 895 1867 est
932 1813 985 1867 in
1028 1815 1296 1883 sepulcro,
1337 1820 1637 1873 resurrexit
1661 1835 1692 1873 a
1716 1836 1858 1876 mor-
1887 1824 1936 1883 B

271 1903 410 1971 tuis,
439 1908 745 1977 penetravit
788 1908 988 1973 caelos,
1036 1922 1092 1964 et
1137 1926 1279 1966 nunc
1306 1912 1551 1983 pontifex
1598 1914 1773 1971 factus
1804 1903 1860 1973 in

268 2007 531 2051 aeternum
550 2039 565 2065 ,
601 1999 841 2070 quotidie
871 2001 1183 2072 interpellat
1204 2006 1229 2043 ⁸
1253 2019 1353 2074 pro
1378 2006 1567 2073 nobis;
1600 2008 1669 2062 ad
1696 2024 1861 2081 quem

268 2090 313 2145 si
346 2099 493 2146 recte
523 2093 1020 2161 communicamus,
1055 2105 1290 2152 mentem
1324 2099 1642 2171 dirigimus,
1690 2110 1750 2157 ut
1792 2118 1860 2158 ex

266 2178 420 2250 ipso,
466 2190 521 2236 et
554 2182 621 2236 ah
664 2182 781 2254 ipso
809 2199 908 2240 nos
940 2200 1138 2256 corpus
1183 2188 1336 2258 ejus,
1386 2206 1610 2247 carnem
1658 2194 1857 2265 ipsius,

266 2272 362 2328 illo
392 2283 646 2328 manente
674 2275 916 2346 integro,
950 2292 1230 2335 sumamus
1257 2298 1268 2334 :
1296 2296 1415 2351 quae
1449 2283 1705 2339 nimirum
1733 2298 1860 2343 caro

264 2365 427 2437 ipseh
456 2376 541 2422 est
569 2377 623 2423 et
670 2367 881 2425 fructus
913 2371 1081 2440 ipsius
1120 2366 1334 2439 carnis,
1375 2383 1434 2429 ut
1465 2375 1608 2431 idem
1644 2394 1859 2450 semper

264 2471 512 2530 maneat,
547 2472 602 2541 et
646 2465 930 2522 universos
975 2467 1067 2538 qui
1097 2478 1223 2522 sunt
1252 2469 1305 2525 in
1334 2485 1560 2539 corpore
1599 2474 1613 2513 ί
1650 2483 1856 2543 pascat.

267 2550 327 2635 Si
356 2554 503 2610 enim
543 2538 732 2627 hydria
779 2555 969 2612 farina:
996 2558 1080 2614 vel
1119 2559 1329 2631 lecytus
1372 2538 1512 2630 olei,
1556 2538 1664 2620 seut
1693 2580 1859 2635 panes

264 2628 540 2711 secundoi
582 2661 872 2720 crescunt,
899 2663 953 2709 et
980 2671 1085 2710 non
1116 2658 1439 2713 minuuntur
1469 2661 1595 2715 dum
1633 2663 1854 2730 satiant,

265 2737 398 2808 quid
438 2750 596 2810 putas
634 2740 762 2796 facit
804 2758 934 2799 caro
978 2743 1220 2801 Christi?
1254 2748 1431 2805 Arbor
1468 2751 1683 2821 quidem
1728 2748 1856 2826 ligni

262 2828 393 2885 vita:
418 2829 666 2889 Christus
700 2850 845 2891 nunc
890 2836 941 2891 in
991 2837 1232 2895 Ecclesia
1264 2851 1379 2909 est,
1413 2844 1568 2914 cujus
1597 2845 1773 2917 imago
1804 2847 1855 2901 in

263 2922 522 3010 paradiso
547 2924 711 2980 arbor
732 2926 820 2980 illa
844 2925 966 2982 fuit.
994 2927 1206 2986 Idcirco
1229 2934 1369 2989 scire
1395 2937 1681 3003 convenit,
1713 2939 1855 3008 quod

265 3011 470 3066 veritas
497 3011 623 3069 hinc
645 3016 967 3086 completur,
996 3034 1157 3089 quam
1188 3023 1341 3093 prius
1368 3024 1540 3096 ﬁgura
1570 3029 1853 3098 prmmisit.

262 3099 402 3158 Nam
426 3102 471 3158 si
493 3104 695 3160 homini
724 3122 789 3161 ex
813 3107 901 3162 illa
927 3125 1165 3182 semper,
1189 3112 1283 3168 Dei
1307 3116 1537 3172 servatis
1559 3119 1853 3187 mandatis,

1970 546 2088 603 haec
2113 548 2371 619 mystica,
2407 559 2467 604 ut
2494 548 2741 604 Christus
2772 559 2827 604 et
2869 550 3114 606 Ecclesia
3146 567 3313 608 unum
3358 568 3556 626 corpus

1970 641 2197 698 solidius
2241 641 2626 709 confirmetur;
2690 643 2929 714 alioquin
3000 647 3272 715 quomodo
3333 650 3557 705 auderet

1969 732 2248 801 apostolus
2272 733 2475 789 Christi
2503 734 2806 791 Ecclesium
2837 736 2904 791 de
2939 752 3103 792 carne
3129 748 3188 794 et
3235 738 3306 796 de
3334 742 3557 798 ossibus

1968 819 2085 890 ejus
2115 825 2403 879 constare?
2431 826 2620 896 utique
2660 826 2763 881 hoc
2813 841 3212 884 sacramentum
3250 830 3419 886 velint
3460 848 3547 888 no-

1971 913 2075 969 lint
2103 915 2345 982 inimici,
2376 931 2627 986 magnum
2655 926 2737 973 est
2769 918 2826 974 in
2855 918 3075 975 Christo
3104 932 3160 975 et
3191 920 3246 977 in
3273 922 3517 981 Ecclesia
3538 965 3554 991 ,

1975 1005 2117 1076 quod
2146 1016 2296 1061 erunt
2336 1006 2442 1062 duo
2473 1009 2527 1062 in
2556 1025 2714 1083 carne
2753 1026 2860 1065 una
2882 1050 2897 1075 ,
2924 1020 2979 1065 et
3008 1010 3053 1066 si
3087 1028 3193 1067 una
3233 1029 3365 1071 caro
3394 1015 3556 1073 Chri-
3603 1003 3626 1041 ί

1974 1104 2091 1153 stus
2117 1107 2173 1154 et
2218 1087 2492 1165 Ecclesia,
2519 1101 2632 1171 jam
2660 1102 2842 1156 unitas
2886 1112 3096 1160 natura)
3135 1104 3415 1162 amborum
3445 1108 3560 1179 ple-

1970 1193 2095 1248 nius
2142 1195 2574 1249 commendatur.
2622 1195 2961 1267 Quapropter
2990 1196 3082 1253 illo
3121 1198 3557 1277 integrom,Agni

1969 1299 2195 1351 carnes,
2229 1295 2413 1340 nostra
2438 1295 2497 1340 ut
2526 1286 2678 1342 tollat
2698 1296 2954 1358 peccata,
2986 1291 3170 1346 mundi
3194 1291 3554 1361 accipiamus;

1968 1384 2239 1446 quatenus
2264 1377 2368 1433 hoc
2411 1376 2663 1436 Christus
2709 1379 2765 1434 in
2796 1380 2953 1436 nobis
2981 1391 3231 1449 maneat,
3274 1391 3332 1438 et
3373 1399 3473 1440 nos
3502 1383 3557 1439 iu

1966 1466 2085 1537 ipso
2113 1470 2288 1523 renati
2312 1485 2475 1525 unum
2499 1468 2815 1527 efﬁciamur.

2528 1641 2756 1699 CAPUT
2805 1642 2917 1702 Vlll
2941 1658 2990 1702 ιι.

1966 1773 2119 1841 Quod
2150 1778 2203 1829 in
2226 1776 2323 1831 hac
2352 1779 2715 1833 communione
2740 1788 2829 1862 aut
2851 1780 3116 1850 judicium
3143 1784 3447 1854 percipitur,
3465 1792 3557 1840 aut

2616 1866 2912 1919 prwmtum.

2035 1993 2084 2047 1.
2143 1991 2288 2048 Nihil
2335 1995 2817 2066 imprresentiarum
2864 2000 3219 2070 periculosius
3267 2019 3429 2074 quam
3478 2005 3571 2069 le-,

1965 2070 2183 2139 thaliter
2211 2098 2462 2154 peccare,
2492 2097 2549 2142 et
2582 2103 2611 2142 a
2639 2085 2840 2146 Christi
2863 2106 3090 2162 corpore
3131 2070 3311 2149 coram
3354 2095 3555 2153 interni

1956 2175 2157 2247 judicis
2209 2179 2382 2235 oculis
2428 2182 2699 2239 decidere.
2746 2184 2950 2243 Deinde
2988 2188 3123 2243 nihil
3172 2190 3557 2260 damnabilius,

1962 2277 2253 2338 antequam
2286 2271 2410 2341 quis
2444 2273 2769 2345 corrigatur,
2799 2287 3022 2348 propter
3047 2281 3331 2350 perﬁdiam
3360 2283 3554 2347 huma-

1963 2376 2122 2428 nam,
2166 2377 2290 2417 cum
2343 2363 2483 2419 Juda
2530 2381 2561 2421 a
2606 2372 2864 2439 mysterio
2900 2379 3106 2427 Sancta:
3156 2377 3558 2433 communionis
3639 2413 3646 2422 -

1958 2450 2149 2523 pedem
2186 2469 2289 2508 non
2319 2457 2623 2511 retrahere.
2660 2456 2813 2514 Unde
2838 2475 2867 2515 a
2897 2462 3198 2532 primordio
3227 2464 3387 2536 hujus
3418 2467 3558 2524 cele-
3600 2472 3633 2549 ’ἒ

1960 2544 2174 2601 hritatis
2195 2543 2463 2614 judicium
2493 2549 2634 2605 male
2681 2552 3075 2623 accipientibus
3122 2557 3385 2626 minatur,
3426 2558 3553 2615 dum

1961 2641 2217 2703 continuo
2238 2651 2358 2711 post
2382 2643 2677 2699 buccellam
2702 2645 2768 2701 de
2790 2662 2955 2701 manu
2979 2647 3190 2721 Domini
3219 2657 3553 2722 perceptam,

1958 2728 2149 2785 Jndam
2191 2732 2435 2788 diabolus
2465 2735 2723 2804 pervasit.
2771 2734 2873 2792 Ubi
2919 2752 3042 2792 mox
3073 2739 3378 2795 ostenditur
3408 2739 3553 2797 futu-

1961 2836 2080 2876 rum
2123 2822 2175 2877 in
2222 2822 2467 2880 Ecclesia
2493 2824 2794 2895 judicium,
2841 2830 2967 2903 quia
3001 2830 3201 2886 Sancta
3241 2840 3556 2887 sanctorum

1959 2924 2119 2982 sunt;
2152 2916 2197 2971 si
2241 2918 2363 2987 quis
2405 2934 2490 2984 ea,
2538 2918 2724 2991 lapsus
2770 2921 2837 2977 de
2867 2938 3093 2995 corpore
3133 2923 3335 2981 Christi
3379 2924 3557 2982 factus

1960 3009 2329 3066 membrorum
2375 3015 2680 3070 meretricis
2727 3015 2814 3071 vel
2862 3017 3081 3089 diaboli,
3117 3021 3552 3090 priesumpserit;

1959 3114 2061 3155 nec
2105 3101 2326 3157 dubium
2373 3104 2505 3175 quin
2550 3106 2620 3160 ob
2655 3106 2708 3160 id
2739 3104 3304 3180 judiciumexcipiat,
3337 3121 3394 3166 et
3428 3127 3551 3167 cum

263 3188 430 3252 edere
459 3186 733 3267 licuisset,
779 3205 1098 3275 nunquamk
1129 3207 1372 3263 mortalis
1417 3220 1561 3265 esset
1596 3229 1607 3265 :
1647 3212 1726 3267 sic
1754 3212 1853 3267 ita-
1882 3200 1927 3263 C
1960 3189 2122 3258 λυάδν
2157 3193 2329 3266 ευίρευ
2382 3197 2622 3253 δοοίθίυτ
2670 3200 2971 3265 οῧηοκίυδὲ
3019 3210 3131 3255 ωιτη
3166 3203 3291 3272 quia
3327 3204 3553 3270 εοπυίίν

261 3303 369 3373 que
392 3305 457 3345 ex
483 3291 585 3347 hoc
615 3292 759 3364 ligno
805 3298 1051 3374 corporis
1080 3299 1391 3371 quicunque
1422 3304 1737 3374 spiritaliter
1762 3321 1851 3361 co-

262 3370 515 3451 medunt;
540 3387 583 3441 si
611 3372 867 3444 mandala
896 3391 1341 3460 observaveriut,
1366 3412 1639 3469 nunquam
1662 3399 1716 3453 in
1744 3400 1855 3471 spi-

261 3476 370 3531 ritu
398 3477 651 3534 mortales
694 3489 855 3537 erunt
902 3501 916 3537 :
967 3483 1203 3556 alioquin
1249 3488 1578 3557 praecidendi
1607 3497 1765 3556 sunt,
1794 3498 1853 3545 ut

258 3569 457 3625 melius
485 3571 876 3639 reinserantur,
909 3577 1051 3633 unde
1093 3575 1111 3616 ι
1150 3588 1205 3634 et
1231 3578 1435 3650 lignum
1472 3581 1597 3637 vitae
1619 3583 1743 3651 jure
1770 3584 1852 3638 di-

259 3661 428 3729 citur,
462 3663 587 3734 quia
611 3665 754 3721 sicut
777 3667 908 3729 illud
934 3670 1395 3729 immortalitatem
1426 3677 1673 3747 corporis
1699 3693 1843 3733 sum-

258 3760 413 3823 ptum
438 3755 820 3826 praestitisset,
848 3758 919 3813 ita
950 3760 1093 3817 istud
1124 3763 1233 3819 imo
1264 3764 1489 3822 solidius
1509 3768 1679 3821 vitam
1709 3784 1849 3839 prae-

260 3853 371 3899 Stat
394 3861 517 3900 cum
544 3847 923 3906 observatione
945 3853 1323 3910 mandatorum
1345 3857 1441 3913 Dei
1466 3869 1747 3917 :eternam.
1775 3863 1849 3919 De

260 3950 370 4007 quo
395 3935 449 3991 in
479 3935 633 4026 laude
660 3941 939 4011 sapientiae
967 3961 981 3997 :
1012 3943 1235 4015 Lignum
1274 3947 1389 4004 viae
1416 3959 1493 4004 est
1526 3952 1607 4007 his
1634 3955 1724 4025 qui
1751 3972 1847 4026 ap-

256 4018 625 4107 prehenderini
660 4048 796 4085 eam.
848 4032 913 4087 Et
951 4032 1006 4088 in
1044 4035 1367 4110 Apocalypsi
1415 4018 1656 4100 Joannes
1690 4063 1702 4100 :
1746 4018 1849 4113 Qui

256 4112 445 4201 ‘ricerit
462 4161 477 4185 ,
503 4119 638 4175 dabo
665 4123 711 4176 ei
738 4125 887 4179 edere
913 4126 977 4180 de
1000 4126 1140 4198 ligno
1175 4128 1291 4185 vine
1308 4173 1323 4198 ,
1345 4135 1485 4204 quod
1509 4146 1583 4191 est
1612 4139 1667 4193 in
1689 4156 1850 4210 para-

258 4209 375 4267 diso
411 4212 506 4267 Dei
532 4215 632 4269 mei
665 4231 684 4268 :
721 4218 846 4288 quia
875 4221 1119 4292 profecto
1148 4240 1254 4281 non
1283 4228 1404 4284 aliis
1427 4229 1657 4303 largitur
1683 4233 1849 4290 etiam

258 4300 313 4356 in
342 4306 609 4386 mysterio
640 4324 802 4378 quam
826 4312 1194 4386 vincentibus.

264 4474 273 4479 ’
332 4382 386 4450 3.
444 4382 862 4468 Sedvquoniam
924 4406 991 4460 de
1044 4408 1219 4465 tribus
1263 4404 1541 4471 vocabulis
1602 4419 1849 4488 corporis

260 4483 461 4541 Christi
491 4488 757 4559 diximus,
788 4505 956 4551 restat
991 4500 1154 4555 etiam
1193 4503 1491 4578 intelligere
1537 4483 1849 4581 Scripinras

254 4568 508 4645 Sanctas,
552 4580 966 4658 doctrinamque
999 4589 1235 4659 Christi,
1282 4568 1441 4664 quam
1485 4614 1628 4668 smpe
1660 4568 1845 4672 Itypice

255 4683 458 4739 corpus
486 4670 686 4730 Christi
724 4677 1072 4750 interpretari
1102 4685 1327 4752 debere,
1373 4697 1432 4742 ut
1458 4706 1621 4745 uuutn
1645 4670 1843 4765 corpus

326 4795 356 4869 π
396 4781 496 4866 Hic
520 4784 711 4869 incipit
730 4790 785 4845 in
809 4793 994 4849 codice
1015 4794 1186 4852 Laub.
1234 4813 1354 4869 cap.
1384 4799 1497 4856 Xlll
1525 4821 1539 4857 :
1579 4803 1733 4869 Quod
1762 4805 1843 4859 illi

253 4852 356 4943 soli
382 4856 557 4943 quire
580 4852 734 4929 digne
756 4876 1055 4943 uescuntur,
1085 4852 1529 4943 {nminem—jam
1549 4852 1685 4943 (fus.

326 4925 357 4965 ιι
393 4925 669 5013 Puteanus
687 4933 878 5013 codex,
913 4925 1058 4991 Flor.
1096 4936 1265 4994 Laub.
1309 4925 1732 5013 Colbert.itnus,
1758 4964 1843 5002 ve-

252 5005 477 5069 scuntur
500 5011 615 5069 eam
638 5017 657 5053 .'
687 5000 880 5069 Sirm.,
908 5019 1185 5062 vescuntur
1208 5026 1290 5064 ea.

328 5075 355 5151 ξ
391 5063 598 5151 βθδξυε
630 5085 769 5151 unus
793 5063 960 5151 codex
987 5078 1160 5144 addit,
1183 5063 1322 5151 quod
1346 5094 1422 5138 est
1442 5083 1702 5142 Ecclesia.

322 5133 590 5229 dLLaubq
627 5144 838 5229 sentire.
882 5133 1016 5202 Tres
1044 5133 1174 5204 mss.
1194 5133 1843 5229 'esp'unguhi'sequentia

249 5206 442 5270 verba,
472 5221 631 5276 quam
656 5210 943 5269 Christum.

328 5289 357 5354 ξ
378 5278 527 5354 Ires
541 5294 669 5335 mss.
698 5285 937 5354 addunt,
965 5290 1068 5345 nisi
1087 5290 1152 5345 de
1175 5292 1404 5349 Christo.

252 5348 351 5436 ,μί
376 5349 490 5408 noc
508 5351 567 5436 _i_n
590 5354 773 5410 codice
789 5348 1176 5436 Lauh._incipit
1198 5348 1319 5435 cap.
1348 5348 1497 5424 Χίης
1528 5369 1683 5436 Quod
1705 5371 1841 5429 illud

251 5420 319 5502 sit
346 5425 599 5505 ueraciter
621 5440 809 5494 corpus
838 5426 976 5497 quod
1005 5420 1186 5488 natum
1212 5420 1286 5490 es}
1315 5437 1378 5492 de
1402 5420 1839 5498 iiatéiaéiaidiir:

251 5492 375 5561 gine
399 5492 586 5549 Maria.
713 5492 720 5494 “
848 5492 860 5497 ⁷

326 5560 488 5634 βᾼιη
524 5563 885 5634 interpellans.

322 5632 519 5721 fgditi
549 5632 670 5690 cum
698 5637 943 5718 pluribus
967 5657 1127 5721 mss.,_
1156 5661 1281 5703 caro
1300 5650 1414 5721 ipsa
1435 5665 1529 5709 est.

332 5703 349 5743 ί
380 5702 720 5795 Tresmmssg
757 5708 812 5764 in
836 5727 1050 5782 corpore
1075 5702 1224 5787 eius;
1248 5702 1762 5795 cedi—Sivdudoeni,
1789 5731 1846 5787 in

253 5787 475 5845 corpore
502 5774 721 5835 Christi.

1872 4563 1925 4622 D

1959 3301 2119 3355 quam
2150 3289 2275 3359 quia
2325 3289 2379 3344 in
2428 3293 2760 3348 conscientia
2809 3295 3096 3363 damnatus
3123 3312 3288 3353 ausus
3324 3306 3408 3354 est
3437 3298 3557 3355 sine

1957 3375 2278 3446 poenitentia
2310 3387 2365 3433 et
2384 3381 2742 3438 correctionis
2756 3383 2936 3450 venia,
2962 3393 3150 3455 sancta
3184 3387 3441 3458 mysteria
3480 3396 3556 3441 te-

1957 3480 2193 3534 merare,
2233 3484 2335 3525 nec
2371 3472 2718 3540 praesentiam
2758 3472 2953 3530 divina:
2990 3473 3289 3553 majestatis
3325 3477 3554 3544 veritus,

1957 3559 2084 3613 dum
2134 3560 2338 3632 cegitat
2388 3562 2524 3617 nihil
2573 3564 2838 3638 amplius,
2887 3583 3051 3640 quam
3098 3584 3221 3640 quae
3267 3569 3548 3637 videntur;

1954 3664 2057 3704 nec
2105 3648 2356 3722 intelligit
2398 3653 2587 3722 miser,
2634 3657 2791 3733 quod.
2828 3674 3109 3733 nunquam
3151 3676 3280 3717 caro
3314 3660 3549 3729 Christi,
3606 3694 3610 3699 »

1958 3740 2064 3795 nisi
2096 3741 2161 3797 de
2190 3757 2354 3798 manu
2384 3743 2502 3813 ejus
2529 3754 2583 3802 et
2629 3746 2845 3821 sublimi
2892 3764 2985 3805 ara
3015 3750 3108 3808 ubi
3139 3751 3387 3808 Christus
3413 3769 3551 3826 pon-

1952 3831 2093 3899 tifex
2148 3834 2457 3892 futurorum
2507 3832 2773 3895 bonorum
2820 3856 2920 3919 pro
2969 3843 3227 3919 omnibus
3254 3845 3545 3912 'assistit,

1949 3922 2073 3995 jure
2111 3927 2398 3997 accipitur.
2428 3929 2583 3986 Unde
2611 3918 2867 4009 sacerdos
2898 3920 3022 4009 cum
3067 3934 3181 3990 haec
3209 3918 3400 4009 incipit
3445 3936 3551 3992 im-

1957 4018 2185 4087 molare,
2215 4020 2360 4076 inter
2388 4031 2582 4079 caetera
2612 4043 2623 4077 :
2651 4023 2810 4092 lube,
2841 4026 3033 4099 inquit,
3062 4028 3173 4103 Ιιωρ
3206 4020 3429 4101 perferri
3457 4046 3553 4100 per

1958 4125 2148 4165 manus
2192 4112 2364 4167 sancti
2397 4106 2570 4184 angeli
2609 4114 2687 4169 tui
2723 4115 2777 4170 in
2819 4117 3041 4173 sublime
3068 4119 3250 4195 altare
3289 4129 3460 4193 tuum,
3496 4121 3551 4176 in
3618 4144 3621 4145 ν

1956 4211 2231 4271 conspectu
2262 4202 2455 4257 divina:
2480 4205 2770 4277 majestatis
2797 4216 2921 4265 tuar.
2965 4209 3032 4267 Et
3057 4210 3283 4287 cogitas,
3309 4227 3343 4268 0
3367 4212 3549 4280 homo,

1955 4295 2174 4353 aliunde
2211 4298 2342 4354 illud
2373 4301 2622 4371 accipere
2650 4318 2810 4375 quam
2841 4305 2907 4361 de
2936 4292 3121 4375 altari,
3148 4308 3238 4364 ubi
3265 4309 3551 4366 sublimius

1956 4389 2345 4459 transpositum
2377 4401 2735 4448 consecratur
2771 4396 2795 4447 Ἰ

2022 4519 2077 4572 2.
2117 4519 2223 4574 Sed
2250 4520 2498 4578 fortassis
2528 4523 2596 4579 ad
2623 4525 2739 4581 haec
2765 4536 2907 4583 caeca
2933 4526 3190 4600 cogitatio
3226 4533 3356 4589 dicit
3378 4546 3406 4586 Ρ
3431 4553 3444 4590 :
3474 4518 3546 4592 Et

1949 4613 2223 4680 quomodo
2255 4614 2310 4668 in
2342 4614 2539 4670 emtum
2589 4626 2717 4673 ante
2765 4620 3114 4691 censpectum
3148 4612 3343 4682 divinae
3382 4628 3545 4699 maje-

1948 4705 2108 4760 statis
2137 4714 2247 4760 tam
2287 4708 2470 4765 subito
2507 4708 2749 4779 elfertur,
2778 4723 2806 4764 ιι
2829 4730 2954 4769 cum
2985 4716 3074 4772 hic
3118 4727 3212 4772 aut
3255 4721 3412 4789 panis
3451 4730 3547 4777 aut

2022 4817 2037 4868 i
2072 4820 2271 4886 Vatic.,
2302 4822 2502 4878 edendo
2533 4826 2791 4882 crescunt.

2019 4888 2311 4976 l‘jgtiatuur
2341 4909 2493 4977 mss.”
2522 4898 2808 4979 mori_non
2845 4911 3036 4979 posset.
3068 4898 3243 4971 Editi,
3278 4920 3545 4979 nunquam

1944 4963 2387 5044 moripotuisset,
2413 4967 2551 5044 sive,
2587 4979 2656 5044 ut
2671 4963 3033 5044 habet-Flor”
3064 4963 3255 5044 posset:

2030 5030 2148 5118 lin.
2189 5036 2315 5118 cod.
2366 5036 2661 5094 Laubiensi
2711 5040 2866 5099 deest
2903 5030 3128 5099 unde'et
3169 5043 3369 5118 lignum
3424 5050 3544 5109 siti
3642 5084 3659 5103 ι

1941 5101 2066 5172 jure
2092 5104 2309 5160 dicitur.

1946 5241 1966 5295 ι
2002 5182 2059 5295 ι’
2095 5173 2325 5295 Vlatic._:
2370 5178 2531 5235 Illam
2586 5183 2841 5254 integram
2887 5188 3013 5258 agni
3065 5200 3274 5243 carnem
3323 5190 3381 5244 ut
3438 5186 3541 5247 tol-

1969 5261 1999 5295 α
2037 5285 2052 5295 .
2083 5259 2114 5295 Ω
2141 5261 2186 5295 Ο.

1969 5253 2052 5310 at,
2083 5256 2186 5301 etc.

2019 5316 2251 5397 uulgaub.
2282 5338 2295 5375 :
2325 5336 2441 5376 car.
2469 5321 2587 5377 XV.
2607 5323 2774 5397 ‘Nihil
2796 5326 2851 5380 in
2887 5329 3136 5397 prwsenti
3162 5329 3355 5387 saeculo
3390 5335 3545 5392 dam-

1944 5386 2172 5473 nobilius
2199 5407 2356 5472 gnam
2382 5409 2570 5463 corpus
2597 5392 2809 5473 Domini
2836 5386 3049 5469 indigne
3070 5403 3355 5473 percipere.

2025 5464 2049 5491 ο
2082 5457 2283 5533 ljcgius
2312 5478 2440 5526 ms.,
2463 5457 2558 5533 pro
2588 5466 2904 5521 hominibus.

2024 5538 2051 5577 P
2079 5528 2411 5617 Cod..l.attb.
2438 5528 2473 5587 ;’
2500 5548 2618 5588 car.
2650 5534 2787 5591 XVI.
2817 5536 2958 5604 Quid
2996 5558 3135 5597 cceca
3171 5542 3416 5617 cogitatio
3441 5541 3545 5602 sibi

1947 5597 2170 5655 interius
2197 5603 2357 5656 dicat.

2021 5681 2047 5720 ει
2072 5671 2147 5758 Ita
2167 5684 2373 5758 septem
2395 5676 2612 5758 optima:
2632 5688 2773 5758 notae
2797 5697 2925 5738 mss.
2942 5684 3094 5753 editi,
3112 5687 3352 5758 offertur.
3368 5682 3542 5751 Flor.»
3596 5690 3601 5695 ’

1951 5743 2286 5813 transfertur.
2316 5743 2512 5815 νείκη
2544 5751 2908 5821 transferat”
3081 5743 3091 5753 .
3143 5743 3171 5758 ..
3339 5743 3392 5747 -_
3414 5743 3515 5779 ---ᾖ
