4078 6348
483 296 623 354 1287
1219 274 1228 281 ’
1269 296 1327 354 S.
1369 296 1728 354 PASCHASII
1766 295 2114 354 RADBERTI
2147 293 2441 350 ABBATIS
2477 293 2924 352 CORBEIENSIS
3620 296 3760 354 1288

481 427 611 472 caro
640 411 766 467 licet
813 410 1027 465 dicatur
1055 421 1108 476 ι,
1138 410 1192 465 ἰιι
1242 425 1405 465 manu
1451 412 1750 466 sacerdotis
1779 410 2065 466 visihiliter
2093 413 2144 474 Α
2169 407 2410 478 pontifex
2436 409 2644 464 assistit
2678 425 2840 480 quam
2879 424 3074 479 corpus
3103 424 3280 475 suum,
3321 424 3420 480 per
3444 413 3589 482 quod
3621 423 3678 468 et
3709 415 3761 468 in

482 521 700 578 semper
730 512 996 560 teneatur.
1040 503 1152 559 Hoc
1181 504 1379 574 quippe
1408 513 1508 568 est,
1538 520 1570 558 ο
1600 504 1785 559 infelix
1813 505 1842 544 ιι
1880 504 2062 569 homo,
2165 516 2273 571 quo
2305 502 2413 554 Deo
2457 500 2603 554 Patri
2634 509 2756 553 vota
2789 499 3023 554 ﬁdelium
3066 509 3121 554 et
3167 500 3325 555 ﬁdem
3359 500 3762 556 dcredcntium

483 597 626 671 quod
662 603 1056 652 sacramentum
1085 594 1168 649 vel
1206 596 1519 666 mysterium
1552 604 1794 649 vocatur.
1831 595 1886 649 Si
1921 595 2064 649 enim
2168 590 2352 655 oﬁert;
2383 593 2526 662 quod
2565 593 2610 645 si
2649 591 2916 644 veraciter
2956 606 3156 660 corpus
3185 591 3390 646 Christi
3422 591 3596 646 altare
3633 593 3769 647 illud

484 701 657 748 totum
689 687 898 742 visibile
947 687 1122 750 ﬁeret,
1155 686 1359 740 nullum
1402 688 1452 741 in
1499 703 1565 742 eo
1618 688 1933 758 mysterium
1983 685 2070 741 vel
2168 684 2392 738 caeleste
2421 683 2682 747 creditur,
2723 683 2835 752 iam
2870 697 2974 736 non
3015 683 3230 737 aliunde
3274 699 3500 739 carnem
3538 693 3595 738 et
3637 702 3770 739 san-

483 791 753 841 secretum
776 790 940 841 esset,
970 777 1115 833 nulla
1146 777 1300 842 ﬁdes,
1329 778 1474 832 nulla
1502 780 1584 833 vis
1613 777 1895 849 spiritalis,
1925 776 2069 831 nulla
2169 778 2386 848 guinem
2416 792 2577 847 quam
2603 776 2673 831 de
2703 776 2818 846 ipso
2847 775 3052 832 Christi
3081 793 3310 848 corpore
3335 793 3553 833 sumere
3587 787 3638 833 te
3672 793 3771 848 pu-

483 876 589 931 alia
643 888 763 939 res,
811 887 975 942 quam
1030 886 1152 940 quae
1200 869 1373 925 oculis
1405 879 1460 925 et
1509 871 1687 941 gustui
1743 871 2067 939 subiaceret.

437 971 440 974 ’
483 966 638 1020 Nunc
663 970 844 1016 autem
888 960 1045 1032 longe
1069 960 1228 1014 aliter
1259 959 1433 1014 virtus
1457 959 1636 1013 divina
1688 959 1916 1013 interius
1945 974 2073 1028 ope-

475 1066 664 1118 ratur,
703 1054 829 1124 quia
875 1069 974 1125 per
1008 1053 1168 1107 ﬁdem
1199 1051 1565 1116 ambulamus,
1605 1060 1660 1106 et
1693 1067 1798 1106 non
1829 1067 1924 1120 per
1954 1041 2074 1119 spe-

483 1150 664 1204 ciem:
699 1146 863 1202 habet
906 1145 1049 1199 enim
1101 1144 1234 1199 ﬁdes
1281 1143 1564 1214 praemium
1614 1143 1962 1204 meritorum,
2015 1150 2074 1194 ut

484 1236 749 1311 quidquid
776 1252 874 1307 per
901 1235 1060 1291 ﬁdem
1091 1234 1185 1289 tibi
1213 1235 1477 1304 sapuerit,
1509 1234 1610 1288 hoc
1637 1233 1868 1287 interius
1900 1241 2074 1286 totum

484 1329 764 1401 praebeat;
805 1325 948 1380 unde
988 1325 1247 1396 scriptum
1289 1324 1514 1396 legimus
1549 1340 1562 1377 :
1596 1324 1798 1378 Dedisti
1846 1325 1940 1389 eis,
1969 1323 2077 1377 Do-

483 1421 648 1486 mine,
685 1435 873 1490 panem
910 1417 974 1472 de
1020 1418 1179 1482 calo,
1214 1417 1485 1471 habentem
1526 1433 1678 1470 omne
1727 1415 2076 1470 delectamen-

485 1524 614 1574 tum,
642 1523 690 1568 et
721 1527 924 1566 onmem
952 1527 1193 1581 saporem
1221 1509 1376 1580 (Sap.
1403 1526 1513 1572 xw,
1543 1508 1657 1579 20).
1685 1509 1938 1579 Alioquin
1971 1507 2076 1562 nisi

483 1620 584 1677 per
616 1604 776 1659 ﬁdem
823 1612 879 1657 et
933 1601 1339 1672 intelligentiam
1384 1600 1512 1670 quid
1558 1608 1756 1670 praeter
1787 1614 1978 1669 panem
2023 1606 2080 1652 et

485 1699 669 1754 vinum
706 1698 761 1752 in
787 1697 869 1752 eis
897 1696 1242 1767 gustantibus
1270 1696 1444 1764 sapit?
1477 1694 1542 1749 Et
1580 1693 1702 1748 ideo
1731 1693 1957 1764 p0pulns
1989 1692 2077 1760 ille

2172 870 2333 926 tabis.

2244 966 2300 1019 5.
2337 964 2604 1019 Caeterum
2658 976 2682 1003 θ
2726 963 2791 1018 de
2818 963 3133 1034 angelorum
3180 964 3470 1034 praesentia
3521 963 3774 1031 dubitare

2173 1057 2394 1111 omnino
2424 1073 2530 1110 non
2557 1056 2743 1119 debes,
2776 1056 2904 1126 quia
2941 1056 3008 1109 ad
3060 1056 3162 1110 hoc
3209 1055 3507 1110 secundum
3555 1066 3775 1126 aposto-

2175 1148 2284 1202 lum
2319 1147 2541 1201 Paulum
2593 1145 3038 1201 administratorii
3090 1147 3312 1218 spiritus
3347 1147 3508 1217 positi
3558 1148 3773 1200 suntin

2177 1238 2475 1292 ministerio
2506 1252 2604 1308 pro
2637 1236 2655 1276 ί
2687 1238 2772 1291 his
2803 1237 2896 1307 qui
2923 1237 3317 1298 ,h:creditatem
3367 1238 3641 1308 accipiunt
3689 1253 3778 1292 sa-

2177 1328 2326 1385 lutis.
2376 1331 2580 1384 Idcirco
2629 1330 2772 1384 inter
2817 1330 3134 1398 angelorum
3169 1329 3555 1400 frequentiam,
3609 1345 3776 1400 quam

2180 1421 2419 1475 terribile
2449 1423 2520 1475 sit
2547 1421 2764 1492 indigne
2805 1423 2872 1476 ad
2910 1422 3344 1477 communionem
3378 1423 3638 1476 accedere
3684 1422 3778 1476 de-

2179 1513 2270 1566 bet
2315 1513 2544 1581 quisque
2573 1513 2848 1582 cogitare;
2885 1513 2994 1567 itno
3024 1529 3185 1582 quam
3220 1513 3463 1568 terribile
3494 1515 3565 1568 sit
3595 1515 3778 1583 ipsum

2179 1605 2424 1674 corporis
2449 1621 2512 1659 ac
2556 1605 2836 1674 sanguinis
2874 1614 3295 1670 sacramentum,
3327 1607 3416 1660 ubi
3456 1606 3778 1676 plenissime

2182 1699 2352 1752 virtus
2381 1697 2580 1752 Christi
2625 1699 2914 1768 accipitur,
2959 1707 3012 1752 et
3059 1713 3236 1770 neque
3277 1701 3345 1755 ab
3373 1699 3479 1754 alio
3510 1715 3677 1768 quam
3708 1700 3782 1755 ab

483 1791 724 1850 carnalis
749 1805 948 1846 manna
981 1788 1265 1852 fastidivit,
1297 1788 1424 1858 quia
1456 1785 1588 1840 inibi
1619 1802 1725 1841 non
1753 1786 1855 1841 nisi
1887 1800 2080 1840 carna-
2108 1777 2156 1837 Β
2184 1789 2300 1859 ipso
2342 1789 2560 1844 Christo
2597 1790 2856 1860 pontiﬁce
2886 1791 3198 1862 porrigitur,
3233 1792 3361 1846 licet
3408 1791 3639 1846 visibilis
3686 1806 3784 1846 sa-

484 1880 556 1936 lia
600 1879 868 1952 quaesivit.
909 1879 1180 1934 Caeterum
1222 1877 1421 1946 quibus
1474 1891 1690 1930 omnem
1745 1890 1992 1944 saporem
2025 1883 2082 1929 et

484 1987 648 2032 anne
678 1971 1130 2026 delectamentum
1173 1969 1426 2039 praebuit,
1458 1967 1703 2022 eamdem
1733 1967 1798 2022 de
1828 1966 1969 2022 caelo
1995 1982 2082 2022 es-

484 2079 628 2126 eam,
656 2077 818 2132 quam
863 2076 1007 2116 nunc
1033 2059 1384 2130 percipimus,
1412 2057 1673 2128 spiritalis
1697 2067 1753 2112 et
1780 2059 1961 2129 typica
1991 2057 2082 2112 illa

484 2155 761 2228 perceptio
785 2154 837 2209 in
859 2167 955 2208 ore
980 2151 1178 2223 sapuit,
1202 2151 1330 2206 hinc
1355 2150 1634 2222 apostolus
1661 2159 1843 2220 patres
1866 2159 2082 2206 nostros

488 2244 679 2300 eadem
711 2243 1014 2299 comedisse
1038 2256 1220 2297 escam
1249 2239 1548 2312 spiritalem
1577 2248 1828 2304 testatur,
1854 2240 1949 2295 sed
1974 2254 2082 2295 non

488 2337 544 2394 in
574 2335 820 2407 pluribus
848 2350 1034 2391 eorum
1065 2335 1201 2389 bene
1236 2333 1493 2403 placitum
1520 2332 1688 2388 fuisse
1720 2333 1828 2388 Deo
1851 2333 2032 2404 (Aug.)
2064 2350 2079 2387 :

486 2428 732 2500 profecto
769 2427 895 2498 quia
921 2425 1262 2481 fastidientes
1293 2423 1554 2496 spiritalia
1584 2423 1873 2479 carnaliter
1909 2425 2082 2494 sapie-

486 2520 639 2586 bant,
666 2535 774 2574 non
803 2519 1018 2589 quidem
1050 2526 1234 2589 patres
1260 2516 1430 2572 nostri
1456 2515 1720 2586 spiritalia
1749 2524 2084 2587 praegustau-

487 2620 590 2677 tes,
619 2609 716 2666 sed
743 2608 986 2664 inﬁdeles
1015 2607 1173 2679 plane
1201 2616 1385 2678 patres
1412 2605 1835 2671 Pharisaeorum,
1869 2606 1935 2660 de
1965 2606 2084 2676 qui-

487 2701 591 2757 bus
634 2701 895 2756 Dominus
935 2700 1151 2755 dicebat
1182 2717 1195 2752 :
1229 2698 1384 2765 Quod
1416 2699 1609 2752 mortui
1637 2699 1742 2752 sint
1773 2698 1828 2752 in
1857 2699 2080 2753 deserto.

485 2789 565 2846 Illi
595 2791 782 2861 utique
810 2791 1008 2845 mortui
1039 2798 1167 2845 sunt
1208 2789 1262 2844 in
1312 2791 1510 2860 quibus
1541 2789 1937 2861 beneplaeitum
1975 2806 2083 2845 non

488 2879 592 2936 fuit
620 2882 751 2947 Deo,
777 2881 866 2936 isti
894 2896 1024 2937 vero
1048 2882 1184 2936 mori
1208 2897 1314 2936 non
1348 2891 1640 2953 potuerunt
1662 2883 1978 2952 spiritaliter
2001 2898 2087 2938 co-

486 2973 786 3038 medentes,
819 2974 946 3043 quia
978 2974 1060 3029 eis
1089 2989 1212 3030 esca
1241 2973 1329 3029 illa
1361 2974 1603 3030 cmlestis
1629 2991 1878 3045 saporem
1911 2983 1966 3030 et
1992 2976 2087 3030 de-

487 3065 872 3122 Iectamentum
924 3065 1352 3120 immortalitatis
1401 3066 1648 3137 praabuit.
1692 3066 1867 3120 Simili
1904 3067 2086 3136 itaque

2181 1881 2374 1936 cerdos
2403 1881 2658 1936 assistere
2700 1892 2756 1937 et
2801 1883 3030 1954 singulis
3063 1885 3300 1939 tribuere
3324 1884 3603 1948 videatur;
3650 1885 3784 1955 quia

2181 1974 2322 2044 quod
2376 1975 2476 2029 iste
2523 1989 2622 2044 per
2675 1974 3034 2045 ignorantiam
3095 1977 3348 2040 omnibus
3403 1975 3786 2031 indill‘erenter

2184 2067 2388 2131 tribuit,
2420 2065 2671 2122 Christus
2706 2068 2907 2122 virtute
2943 2066 3243 2135 maiestatis
3271 2081 3381 2122 suae
3409 2067 3659 2130 interius,
3692 2069 3786 2123 cui

2183 2161 2250 2216 ad
2289 2161 2610 2225 remedium,
2671 2160 2865 2230 cuique
2907 2159 2975 2214 ad
3015 2157 3282 2228 judicium
3319 2158 3610 2222 tribuatur,
3645 2158 3787 2212 divi-

2182 2253 2331 2309 nitus
2368 2255 2393 2293 ⁶
2421 2252 2702 2309 discernit.
2736 2252 2868 2319 Quis
2913 2252 3058 2306 enim
3089 2265 3310 2306 carnem
3348 2250 3517 2320 ipsius
3553 2258 3609 2305 et
3652 2264 3785 2304 san-

2183 2345 2421 2416 guinem,
2454 2344 2559 2399 nisi
2600 2345 2668 2399 ab
2700 2344 2817 2414 ipso
2843 2343 2967 2414 iure
3002 2341 3252 2414 percipit,
3282 2341 3438 2412 cujus
3484 2349 3572 2396 est
3617 2341 3785 2396 caro?

2183 2440 2252 2495 Et
2282 2421 2403 2495 ideo
2441 2439 2580 2494 alius
2616 2438 2814 2509 accipit
2850 2437 3168 2509 mysterium
3213 2436 3281 2490 ad
3315 2435 3581 2506 judicium
3628 2435 3788 2489 dam-

2185 2532 2439 2596 nationis,
2488 2531 2626 2586 alius
2675 2546 2808 2586 vero
2852 2531 3109 2586 virtutem
3142 2529 3387 2600 mysterii
3416 2527 3482 2583 ad
3527 2527 3783 2583 salutem.

2143 2663 2146 2666 .
2182 2623 2213 2665 ιι
2242 2623 2376 2679 Nam
2427 2624 2473 2678 is
2501 2624 2593 2694 qui
2621 2639 2745 2678 cum
2774 2621 2912 2678 Juda
2950 2637 3050 2692 pro
3086 2629 3400 2690 contemptu
3430 2635 3528 2674 suo
3555 2628 3612 2674 et
3649 2619 3789 2674 vitio

2186 2717 2433 2774 criminis
2465 2733 2593 2773 rens
2626 2725 2860 2780 tenetur,
2893 2730 3016 2770 cum
3047 2713 3183 2770 Juda
3223 2713 3411 2783 utique
3455 2711 3789 2768 condemna-

2186 2821 2296 2878 tur,
2329 2815 2346 2855 ι
2377 2822 2431 2869 et
2460 2813 2551 2882 qui
2581 2827 2704 2866 cum
2743 2809 2906 2865 Petro
2935 2824 2998 2864 ac
3042 2825 3166 2865 eum
3195 2809 3410 2864 caeteris
3455 2806 3694 2885 ﬁdeliter
3721 2822 3789 2862 ac

2187 2907 2380 2961 devote
2407 2905 2783 2976 participatur,
2813 2900 2827 2952 i
2869 2916 2992 2957 cum
3020 2898 3180 2955 Petro
3207 2913 3424 2969 quoque
3451 2909 3505 2953 et
3532 2914 3658 2953 eum
3687 2911 3792 2952 ea!b

2188 2995 2323 3050 teris
2353 2994 2612 3065 apostolis
2658 2993 2711 3047 in
2758 3007 2987 3062 corpore
3035 2997 3408 3046 consecratur.
3436 2987 3622 3060 (Isid.)
3671 2987 3788 3044 [Ioc

2187 3101 2317 3157 ergo
2340 3086 2602 3158 judicium
2627 3085 2682 3140 in
2705 3085 2868 3139 natali
2893 3085 2919 3123 κ
2943 3082 3129 3138 ealicis
3148 3097 3272 3137 mox
3295 3081 3582 3151 excipitur,
3607 3091 3666 3134 ut
3687 3081 3789 3136 do-

486 3155 649 3250 mqqo
674 3171 816 3250 ηιιηο
838 3156 891 3210 in
919 3154 1164 3211 ECCIeSia
1183 3155 1337 3212 Cibus
1363 3155 1466 3250 me
1487 3156 1810 3225 quibus‘la'“
1838 3157 1948 3250 νίίέ
1974 3166 2078 3222 es"
2108 3154 2155 3218 (δ
2187 3154 2376 3236 οεξιιυί
2405 3179 2533 3250 quid
2563 3177 3024 3249 contemptoribus
3055 3177 3357 3241 immineat,
3387 3175 3433 3230 si
3470 3176 3722 3231 damnari
3753 3189 3789 3231 a

487 3248 811 3319 quibusdam
839 3265 970 3306 vero
1014 3263 1171 3321 poena
1196 3258 1251 3304 et
1280 3249 1602 3320 supplicium
1649 3250 1879 3320 peccati.
1911 3248 2082 3304 Porro

488 3339 597 3396 illis
618 3340 728 3396 vita
750 3351 855 3406 est,
878 3341 1076 3413 quibus
1097 3341 1346 3397 Christus
1366 3350 1449 3396 est
1467 3342 1610 3407 vita;
1635 3341 1743 3396 illis
1759 3357 1886 3397 vero
1913 3358 2080 3410 mors,

489 3433 579 3503 qui
612 3448 709 3504 per
734 3448 954 3490 carnem
975 3442 1032 3490 et
1055 3433 1420 3506 ignorantiam
1446 3435 1688 3489 membra
1711 3444 1836 3489 sunt
1861 3434 2079 3489 diaboli.

489 3527 665 3594 Unde,
709 3530 894 3596 homo,
934 3530 1084 3585 disce
1123 3529 1266 3584 aliud
1317 3540 1556 3598 gustare.
1586 3545 1750 3600 quam
1799 3530 1942 3600 quod
1988 3544 2084 3584 ore

488 3619 675 3676 carnis
723 3621 985 3687 sentitur;
1035 3619 1180 3675 aliud
1224 3619 1410 3676 videre
1438 3631 1487 3686 ε,
1525 3636 1688 3690 quam
1731 3621 1875 3690 quod
1913 3620 2084 3675 oculis

490 3713 609 3770 istis
653 3713 869 3768 carneis
897 3721 1251 3768 monstratur.
1298 3713 1456 3768 Disce
1495 3713 1622 3783 quia
1670 3711 1814 3767 Dens
1860 3712 2084 3782 spiritus

491 3790 780 3863 illocaliter
827 3804 1027 3877 ubique
1061 3813 1165 3861 est.
1209 3803 1452 3876 Intellige
1482 3805 1610 3876 quia
1657 3804 1920 3876 spiritalia
1969 3805 2085 3859 base

491 3897 633 3952 sicut
663 3885 765 3952 nee-
799 3896 1069 3963 localiter,
1117 3897 1197 3953 sic
1241 3897 1429 3968 utique
1475 3913 1578 3954 nec
1627 3898 1921 3952 carnaliter
1959 3907 2086 3954 ante

491 3999 844 4059 conspectum
873 3990 1073 4045 divina:
1103 3990 1405 4061 maiestatis
1435 3991 1488 4044 in
1539 3990 1769 4046 sublime
1814 3991 2081 4045 feruntur.

494 4079 686 4152 Cogita
736 4081 904 4152 igitur
945 4081 991 4137 si
1043 4081 1319 4153 quippiam
1369 4097 1692 4153 corporeum
1737 4092 1916 4154 potest
1963 4098 2086 4139 esse

494 4171 802 4238 sublimius,
845 4188 968 4227 cum
1013 4173 1322 4227 substantia
1367 4173 1522 4242 panis
1555 4182 1609 4228 et
1638 4173 1746 4228 vini
1792 4174 1844 4228 in
1883 4173 2086 4228 Christi

495 4276 718 4318 carnem
765 4270 822 4316 et
861 4263 1181 4334 sanguinem
1225 4261 1516 4318 eﬂicaciter
1564 4264 1795 4318 interius
1839 4280 2084 4318 commu-

496 4361 671 4420 tatur;
703 4353 777 4408 ita
808 4362 870 4408 ut
898 4353 1154 4426 deinceps
1181 4364 1304 4425 post
1328 4355 1793 4410 consecrationem
1818 4353 1930 4424 iam
1959 4370 2088 4410 vera

497 4445 702 4503 Christi
733 4461 863 4502 caro
905 4453 961 4501 et
1004 4447 1226 4518 sanguis
1256 4447 1527 4502 veraciter
1574 4447 1846 4509 credatur,
1878 4457 1932 4503 et
1977 4463 2086 4502 non

497 4535 642 4590 aliud
676 4552 839 4608 quam
884 4513 1138 4592 Christus
1181 4538 1339 4608 panis
1381 4538 1448 4593 de
1490 4537 1630 4593 coelo
1667 4555 1697 4592 a
1739 4538 2088 4595 credentibus
2116 4513 2166 4574 Β

496 4630 814 4686 aestimetur.
853 4629 1091 4686 Putasne
1137 4630 1284 4686 aliud
1326 4645 1448 4687 esse
1492 4631 1665 4686 altare
1710 4631 1802 4687 ubi
1840 4632 2088 4688 Christus

571 4845 597 4874 ι
629 4831 762 4903 Cod.
791 4831 1009 4903 Maioris
1050 4830 1386 4903 Monasterii,
1435 4829 1494 4886 S.
1537 4831 1816 4894 Andoeni,
1860 4839 1916 4887 et
1950 4845 2089 4903 unus

500 4904 699 4972 regius,
727 4902 841 4957 licet
870 4901 1128 4958 uideatur.
1159 4901 1446 4956 Vaticanus
1479 4917 1606 4956 vero
1637 4903 1779 4957 hunc
1807 4903 1980 4957 locum
2010 4901 2091 4956 sic

498 4971 663 5046 legit:
698 4973 838 5046 Licet
866 4974 1078 5046 dicatur
1109 4983 1198 5026 aut
1231 4989 1355 5046 caro
1378 4972 1620 5027 videatur
1645 4975 1700 5027 in
1725 4989 1886 5026 manu
1913 4987 2089 5026 sacer-

500 5042 657 5107 dotis,
684 5053 730 5098 et
759 5043 1029 5098 visibiliter
1053 5059 1206 5112 super
1234 5042 1402 5096 altare
1432 5054 1689 5096 teneatur.

570 5115 600 5155 ιι
633 5114 770 5170 Editi
801 5130 922 5169 cum
952 5111 1156 5184 aliquot
1183 5129 1336 5179 mss.,
1357 5113 1486 5183 felix
1509 5114 1682 5167 homo.
1710 5111 1878 5177 Flor.,
1909 5112 2084 5178 homo,

499 5187 700 5241 omisso
724 5183 871 5241 felix.

575 5269 595 5295 ο
629 5252 762 5312 Cod.
807 5255 1024 5325 Maioris
1055 5254 1409 5321 Monasterii,
1455 5254 1606 5308 aliud
1651 5253 1786 5308 vide.
1836 5252 2083 5318 litamen,

501 5328 643 5382 disce
672 5326 817 5379 aliud
843 5326 1032 5380 ridere.

570 5398 596 5436 ἀ
629 5397 816 5452 Plures
852 5412 981 5452 mss.
1012 5414 1134 5453 cum
1178 5398 1339 5453 editis
1371 5397 1574 5469 legunt,
1608 5393 1676 5450 Et
1708 5395 1840 5466 fides
1872 5395 2088 5450 creden-

529 5469 630 5522 ium
655 5469 889 5538 oﬁ'ertur.
1710 5537 1713 5538 ν

500 5478 630 5522 tium
655 5478 889 5522 oll'ertur.

580 5552 602 5578 ε
619 5538 674 5610 In
692 5538 811 5592 eod.
830 5537 996 5594 Laub.
1018 5538 1308 5610 hicineipit
1323 5554 1441 5610 cap.
1458 5538 1622 5595 XVIII
1645 5553 1660 5592 :
1680 5537 1834 5605 Quod
1847 5537 2088 5592 dubitare

503 5626 608 5680 non
634 5609 876 5680 debemus
898 5610 961 5662 de
986 5609 1288 5680 angelorum
1316 5613 1614 5680 praesentia.

582 5678 599 5717 τ
636 5679 798 5741 Editi,
843 5678 1208 5750 propter‘eos;
1247 5678 1341 5737 sed
1382 5682 1622 5738 melioris
1664 5690 1806 5738 notae
1845 5695 1976 5736 mss.
2006 5679 2088 5736 le-

503 5761 641 5821 gunt
666 5766 760 5820 pro
785 5749 884 5804 his.

2182 3271 2514 3326 conscientia
2543 3271 2734 3342 pedem
2759 3272 2824 3326 de
2847 3286 3032 3326 mensa
3061 3269 3274 3324 Domini
3298 3284 3402 3324 non
3429 3269 3786 3322 retraxerint.

2185 3362 2338 3419 Unde
2379 3363 2636 3418 Dominus
2680 3364 2732 3417 in
2757 3363 3001 3419 Levitico
3026 3365 3091 3418 ad
3120 3361 3338 3434 Moysen
3368 3380 3382 3416 :
3411 3360 3661 3432 Loquere,
3702 3364 3793 3418 in-

2183 3456 2318 3525 quit,
2345 3457 2414 3510 ad
2443 3456 2620 3510 Aaron
2646 3467 2694 3512 et
2720 3458 2789 3510 ad
2818 3457 2956 3527 ﬁlios
2981 3457 3115 3527 ejus,
3145 3467 3200 3510 ut
3227 3466 3438 3511 caveant
3467 3455 3530 3508 ab
3556 3456 3637 3509 his
3662 3474 3789 3527 qua:

2183 3562 2485 3605 consecrata
2529 3561 2650 3605 sunt
2698 3550 2931 3620 ﬁliorum
2962 3549 3155 3615 Israel,
3189 3559 3238 3604 et
3279 3567 3384 3603 non
3423 3550 3788 3603 contaminent

2184 3660 2372 3698 nomen
2416 3643 2866 3712 sanctiﬁcatorum
2905 3642 3052 3696 mihi.
3100 3641 3214 3713 Ego
3241 3641 3500 3696 Dominus
3524 3655 3543 3694 :
3583 3639 3684 3694 Dic
3714 3641 3787 3693 ad

2183 3750 2290 3799 eos,
2317 3735 2513 3804 inquit,
2539 3743 2587 3788 et
2618 3734 2687 3787 ad
2728 3745 2963 3804 posteros
2993 3749 3171 3788 eorum
3219 3749 3237 3787 :
3268 3731 3453 3788 Omnis
3490 3733 3646 3786 homo
3693 3733 3785 3802 qui

2184 3829 2461 3882 accesserit
2491 3831 2555 3880 de
2585 3827 2746 3896 stirpe
2776 3837 2942 3881 vestra
2966 3825 3035 3879 ad
3061 3842 3122 3879 ea
3149 3841 3268 3895 qui:
3297 3833 3603 3878 consecrata
3634 3833 3782 3891 sunt,

2183 3937 2302 3985 qua:
2333 3919 2628 3974 obtulerunt
2675 3917 2775 3987 ﬁlii
2823 3917 2993 3972 Israel
3044 3917 3293 3982 Domino,
3344 3917 3399 3970 in
3428 3934 3530 3987 quo
3563 3926 3638 3970 est
3683 3917 3786 3969 im-

2185 4013 2471 4077 munditia,
2516 4013 2700 4081 peribit
2737 4029 2917 4065 coram
2963 4010 3210 4065 Domino.
3243 4009 3359 4081 Ego
3393 4027 3546 4075 sum,
3582 4011 3784 4080 inquit,

2188 4105 2443 4159 Dominus
2471 4103 2658 4176 (Leuit.
2684 4119 2819 4169 xxu,
2847 4103 2927 4174 2).
2958 4101 3061 4158 Ubi
3104 4117 3210 4158 non
3257 4102 3429 4158 solum
3466 4103 3789 4158 sacerdotes

2188 4198 2360 4268 tangit
2387 4207 2441 4253 et
2489 4198 2770 4252 ministros
2798 4197 3004 4262 altaris,
3039 4212 3227 4252 verum
3257 4198 3424 4252 etiam
3450 4212 3669 4252 omnem
3715 4197 3789 4254 de

2189 4289 2359 4359 stirpe
2387 4304 2530 4344 verte
2561 4289 2682 4345 ﬁdei
2719 4288 2848 4344 licet
2874 4289 3097 4344 ultimus
3123 4289 3176 4343 in
3203 4287 3446 4343 Ecclesia
3492 4288 3786 4354 habeatur,

2188 4391 2249 4435 ut
2278 4382 2418 4437 hanc
2459 4381 2596 4453 legis
2642 4381 2982 4438 sanctionem
3017 4380 3071 4434 in
3115 4395 3405 4436 commune
3446 4380 3786 4435 custodiant.

2190 4471 2342 4532 Alius
2371 4475 2569 4544 quippe
2613 4473 2777 4528 Israel
2808 4471 3047 4528 carnalis
3085 4472 3304 4526 nomine
3334 4478 3494 4526 tenus
3538 4471 3791 4542 appella-

2192 4575 2300 4630 tur,
2330 4565 2468 4620 alius
2497 4582 2627 4621 vero
2659 4581 2786 4621 vere
2819 4563 2836 4604 ι
2869 4564 3055 4620 videns
3101 4563 3292 4628 Deum,
3323 4563 3390 4617 de
3430 4563 3587 4632 cuius
3617 4564 3789 4618 nimi-

2193 4672 2312 4711 rum
2359 4657 2528 4728 stirpe
2573 4672 2734 4712 nemo
2764 4655 3074 4711 immundus
3101 4655 3260 4710 debet
3299 4653 3561 4710 accedere
3605 4656 3675 4710 ad
3721 4673 3790 4712 ea

2269 4839 2293 4877 8
2323 4836 2598 4890 Puteanus
2639 4833 2786 4898 cod.,
2827 4833 3074 4887 divinitas
3117 4831 3379 4896 decernit;
3408 4835 3594 4901 plures
3626 4846 3789 4894 mss.,

2191 4907 2440 4963 divinitus
2468 4905 2716 4959 decernit.

2264 4979 2290 5018 ιι
2323 4977 2421 5031 Ilie
2460 4978 2512 5030 in
2539 4976 2722 5030 codice
2746 4973 2913 5028 Lanb.
2944 4972 3130 5042 incipit
3154 4987 3276 5042 cap.
3305 4969 3427 5026 XIX
3454 4987 3468 5024 :
3498 4970 3576 5042 De
3612 4969 3762 5023 Jttii'c'

2190 5059 2238 5103 et
2266 5048 2405 5119 quod
2430 5057 2732 5119 consecrata
2765 5045 2986 5119 Domino
3007 5041 3111 5119 non
3129 5041 3458 5119 aliorumsit
3484 5041 3648 5119 ribus,
3688 5061 3783 5119 ιιπἒς

2189 5111 2288 5190 qui
2319 5127 2439 5172 sunt
2480 5118 2535 5172 in
2566 5117 2810 5181 Domino,
2837 5116 2962 5186 quia
2997 5114 3050 5166 hi
3091 5111 3188 5167 solt
3233 5111 3396 5167 visuri
3438 5120 3563 5165 sunt
3597 5111 3791 5164 Domi-

2189 5206 2334 5244 num.

2266 5262 2282 5300 ί
2318 5259 2502 5323 Mam.,
2534 5266 2916 5313 contenmatur.

2264 5329 2277 5379 i
2314 5328 2482 5393 Flor.,
2505 5329 2806 5399 participat.
2832 5327 2986 5399 Apud
3011 5325 3378 5399 Mameranum
3403 5323 3797 5399 desiderantur

2189 5401 2304 5455 haec
2334 5393 2538 5454 verba':
2568 5393 2826 5453 Fideliter
2850 5393 2898 5453 ei
2921 5398 3100 5452 devote
3127 5397 3498 5466 participatur,
3530 5411 3651 5448 cum
3685 5393 3798 5449 Pe-

2189 5482 2584 5624 ηοξξᾳξῗξξῖιῗέι
2625 5539 2770 5596 Flor.
2805 5557 2818 5594 :
2866 5539 2934 5594 In
2966 5540 3245 5595 Dominica
3275 5537 3444 5604 caena;
3470 5537 3526 5591 in
3565 5535 3796 5592 exordio

2191 5612 2394 5736 calltclttsa.
2434 5699 2528 5738 sex
2563 5699 2693 5736 mss.
2733 5683 2896 5742 editi.
2939 5683 3078 5737 alius
3111 5683 3190 5736 vir
3217 5681 3392 5735 videns
3432 5681 3622 5735 Deum.
3670 5679 3798 5737 Duo

2191 5772 2347 5818 mss.,
2375 5754 2512 5808 alius
2539 5771 2654 5809 vero
2682 5753 2858 5808 videns
2892 5753 3080 5820 Deum,
3108 5755 3310 5809 omisso
3337 5771 3468 5808 rere.
