  <div class='ocr_page' id='page_1' title='image "/cluster/home/n/w/nwhite01/storage/ocr_20150623/120/hvd.32044015466923/651.png"; bbox 0 0 4078 6348; ppageno 0'>
   <div class='ocr_carea' id='block_1_1' title="bbox 487 329 3768 396">
    <p class='ocr_par' dir='ltr' id='par_1_1' title="bbox 487 329 3768 396">
     <span class='ocr_line' id='line_1_1' title="bbox 487 329 3768 396; baseline 0.002 -5"><span class='ocrx_word' id='word_1_1' title='bbox 487 333 614 391; x_wconf 64' lang='grc'><strong>1291</strong></span> <span class='ocrx_word' id='word_1_2' title='bbox 1281 336 1339 392; x_wconf 91' lang='lat' dir='ltr'><strong>S.</strong></span> <span class='ocrx_word' id='word_1_3' title='bbox 1376 333 1732 392; x_wconf 78' lang='lat' dir='ltr'><strong>PASCHASII</strong></span> <span class='ocrx_word' id='word_1_4' title='bbox 1772 333 2116 389; x_wconf 78' lang='lat' dir='ltr'><strong>RADBEBTI</strong></span> <span class='ocrx_word' id='word_1_5' title='bbox 2152 331 2445 389; x_wconf 80' lang='lat' dir='ltr'><strong>ABBATIS</strong></span> <span class='ocrx_word' id='word_1_6' title='bbox 2482 329 2931 388; x_wconf 81' lang='lat' dir='ltr'><strong>CORBEIENSIS</strong></span> <span class='ocrx_word' id='word_1_7' title='bbox 3618 339 3768 396; x_wconf 66' lang='lat'><strong>1292</strong></span> 
     </span>
    </p>
   </div>
   <div class='ocr_carea' id='block_1_2' title="bbox 484 443 3767 518">
    <p class='ocr_par' dir='ltr' id='par_1_2' title="bbox 484 443 3767 518">
     <span class='ocr_line' id='line_1_2' title="bbox 484 443 3767 518; baseline 0 -16"><span class='ocrx_word' id='word_1_8' title='bbox 484 449 732 518; x_wconf 87' lang='lat' dir='ltr'><strong>ingressu</strong></span> <span class='ocrx_word' id='word_1_9' title='bbox 761 461 1045 516; x_wconf 78' lang='lat' dir='ltr'><strong>possumus</strong></span> <span class='ocrx_word' id='word_1_10' title='bbox 1088 447 1334 512; x_wconf 80' lang='lat' dir='ltr'><strong>introire,</strong></span> <span class='ocrx_word' id='word_1_11' title='bbox 1368 448 1649 503; x_wconf 87' lang='lat' dir='ltr'><strong>verissima</strong></span> <span class='ocrx_word' id='word_1_12' title='bbox 1690 462 1818 501; x_wconf 87' lang='lat' dir='ltr'><strong>caro</strong></span> <span class='ocrx_word' id='word_1_13' title='bbox 1867 445 2070 501; x_wconf 91' lang='lat' dir='ltr'><strong>Christi</strong></span> <span class='ocrx_word' id='word_1_14' title='bbox 2097 449 2148 510; x_wconf 82' lang='grc' dir='ltr'>Α</span> <span class='ocrx_word' id='word_1_15' title='bbox 2173 454 2393 516; x_wconf 88' lang='lat' dir='ltr'><strong>putares</strong></span> <span class='ocrx_word' id='word_1_16' title='bbox 2413 446 2531 500; x_wconf 84' lang='lat' dir='ltr'><strong>sine</strong></span> <span class='ocrx_word' id='word_1_17' title='bbox 2553 458 2714 499; x_wconf 88' lang='lat' dir='ltr'><strong>causa</strong></span> <span class='ocrx_word' id='word_1_18' title='bbox 2738 445 2894 515; x_wconf 82' lang='lat' dir='ltr'><strong>juxta</strong></span> <span class='ocrx_word' id='word_1_19' title='bbox 2935 443 3106 498; x_wconf 88' lang='lat' dir='ltr'><strong>altare</strong></span> <span class='ocrx_word' id='word_1_20' title='bbox 3159 445 3392 510; x_wconf 80' lang='lat' dir='ltr'><strong>stetisse,</strong></span> <span class='ocrx_word' id='word_1_21' title='bbox 3443 445 3506 501; x_wconf 93' lang='lat' dir='ltr'><strong>ﬁt</strong></span> <span class='ocrx_word' id='word_1_22' title='bbox 3549 449 3618 504; x_wconf 89' lang='lat' dir='ltr'><strong>ad</strong></span> <span class='ocrx_word' id='word_1_23' title='bbox 3669 467 3767 508; x_wconf 87' lang='lat' dir='ltr'><strong>eos</strong></span> 
     </span>
    </p>
   </div>
   <div class='ocr_carea' id='block_1_3' title="bbox 484 537 2066 609">
    <p class='ocr_par' dir='ltr' id='par_1_3' title="bbox 484 537 2066 609">
     <span class='ocr_line' id='line_1_3' title="bbox 484 537 2066 609; baseline -0.001 -15"><span class='ocrx_word' id='word_1_24' title='bbox 484 549 539 594; x_wconf 89' lang='lat' dir='ltr'><strong>et</strong></span> <span class='ocrx_word' id='word_1_25' title='bbox 571 537 794 609; x_wconf 88' lang='lat' dir='ltr'><strong>sanguis</strong></span> <span class='ocrx_word' id='word_1_26' title='bbox 829 537 1074 607; x_wconf 83' lang='lat' dir='ltr'><strong>quotidie</strong></span> <span class='ocrx_word' id='word_1_27' title='bbox 1113 538 1474 593; x_wconf 83' lang='lat' dir='ltr'><strong>ministratur.</strong></span> <span class='ocrx_word' id='word_1_28' title='bbox 1525 538 1734 594; x_wconf 82' lang='lat' dir='ltr'><strong>Idcirco</strong></span> <span class='ocrx_word' id='word_1_29' title='bbox 1791 538 2066 608; x_wconf 86' lang='lat' dir='ltr'><strong>signanter</strong></span> 
     </span>
    </p>
   </div>
   <div class='ocr_carea' id='block_1_4' title="bbox 476 629 2071 704">
    <p class='ocr_par' dir='ltr' id='par_1_4' title="bbox 476 629 2071 704">
     <span class='ocr_line' id='line_1_4' title="bbox 476 629 2071 704; baseline -0.003 -16"><span class='ocrx_word' id='word_1_30' title='bbox 476 629 635 700; x_wconf 80' lang='lat' dir='ltr'><strong>juxta</strong></span> <span class='ocrx_word' id='word_1_31' title='bbox 670 629 802 688; x_wconf 87' lang='lat' dir='ltr'><strong>illud</strong></span> <span class='ocrx_word' id='word_1_32' title='bbox 827 645 1062 697; x_wconf 69' lang='lat' dir='ltr'><strong>aeneum,</strong></span> <span class='ocrx_word' id='word_1_33' title='bbox 1104 632 1247 701; x_wconf 90' lang='lat' dir='ltr'><strong>quod</strong></span> <span class='ocrx_word' id='word_1_34' title='bbox 1287 640 1406 686; x_wconf 84' lang='lat' dir='ltr'><strong>erat</strong></span> <span class='ocrx_word' id='word_1_35' title='bbox 1445 632 1498 685; x_wconf 94' lang='lat' dir='ltr'><strong>in</strong></span> <span class='ocrx_word' id='word_1_36' title='bbox 1527 631 1690 704; x_wconf 89' lang='lat' dir='ltr'><strong>atrio,</strong></span> <span class='ocrx_word' id='word_1_37' title='bbox 1723 630 1940 685; x_wconf 83' lang='lat' dir='ltr'><strong>stetisse</strong></span> <span class='ocrx_word' id='word_1_38' title='bbox 1993 630 2071 684; x_wconf 87' lang='lat' dir='ltr'><strong>di-</strong></span> 
     </span>
    </p>
   </div>
   <div class='ocr_carea' id='block_1_5' title="bbox 481 721 2069 795">
    <p class='ocr_par' dir='ltr' id='par_1_5' title="bbox 481 721 2069 795">
     <span class='ocr_line' id='line_1_5' title="bbox 481 721 2069 795; baseline -0.004 -13"><span class='ocrx_word' id='word_1_39' title='bbox 481 733 698 791; x_wconf 81' lang='lat' dir='ltr'><strong>cuntur,</strong></span> <span class='ocrx_word' id='word_1_40' title='bbox 723 724 850 795; x_wconf 88' lang='lat' dir='ltr'><strong>quia</strong></span> <span class='ocrx_word' id='word_1_41' title='bbox 873 723 940 779; x_wconf 87' lang='lat' dir='ltr'><strong>ad</strong></span> <span class='ocrx_word' id='word_1_42' title='bbox 982 723 1113 780; x_wconf 89' lang='lat' dir='ltr'><strong>illud</strong></span> <span class='ocrx_word' id='word_1_43' title='bbox 1141 724 1369 779; x_wconf 88' lang='lat' dir='ltr'><strong>interius</strong></span> <span class='ocrx_word' id='word_1_44' title='bbox 1417 724 1509 793; x_wconf 89' lang='lat' dir='ltr'><strong>qui</strong></span> <span class='ocrx_word' id='word_1_45' title='bbox 1539 722 1706 778; x_wconf 87' lang='lat' dir='ltr'><strong>semel</strong></span> <span class='ocrx_word' id='word_1_46' title='bbox 1762 721 2069 789; x_wconf 87' lang='lat' dir='ltr'><strong>intraverit,</strong></span> 
     </span>
    </p>
   </div>
   <div class='ocr_carea' id='block_1_6' title="bbox 481 814 2070 889">
    <p class='ocr_par' dir='ltr' id='par_1_6' title="bbox 481 814 2070 889">
     <span class='ocr_line' id='line_1_6' title="bbox 481 814 2070 889; baseline -0.004 -13"><span class='ocrx_word' id='word_1_47' title='bbox 481 832 758 889; x_wconf 75' lang='lat' dir='ltr'><strong>nunquam</strong></span> <span class='ocrx_word' id='word_1_48' title='bbox 791 817 1016 872; x_wconf 84' lang='lat' dir='ltr'><strong>ulterius</strong></span> <span class='ocrx_word' id='word_1_49' title='bbox 1044 824 1274 872; x_wconf 90' lang='lat' dir='ltr'><strong>mortem</strong></span> <span class='ocrx_word' id='word_1_50' title='bbox 1315 816 1582 885; x_wconf 88' lang='lat' dir='ltr'><strong>patietur;</strong></span> <span class='ocrx_word' id='word_1_51' title='bbox 1619 828 1643 855; x_wconf 77' lang='grc' dir='ltr'>ιι</span> <span class='ocrx_word' id='word_1_52' title='bbox 1683 814 1749 868; x_wconf 86' lang='lat' dir='ltr'><strong>ad</strong></span> <span class='ocrx_word' id='word_1_53' title='bbox 1780 814 1920 868; x_wconf 89' lang='lat' dir='ltr'><strong>istud</strong></span> <span class='ocrx_word' id='word_1_54' title='bbox 1943 827 2070 870; x_wconf 84' lang='lat' dir='ltr'><strong>vero</strong></span> 
     </span>
    </p>
   </div>
   <div class='ocr_carea' id='block_1_7' title="bbox 482 906 2071 981">
    <p class='ocr_par' dir='ltr' id='par_1_7' title="bbox 482 906 2071 981">
     <span class='ocr_line' id='line_1_7' title="bbox 482 906 2071 981; baseline -0.001 -17"><span class='ocrx_word' id='word_1_55' title='bbox 482 911 625 981; x_wconf 86' lang='lat' dir='ltr'><strong>quod</strong></span> <span class='ocrx_word' id='word_1_56' title='bbox 647 911 700 966; x_wconf 92' lang='lat' dir='ltr'><strong>in</strong></span> <span class='ocrx_word' id='word_1_57' title='bbox 729 913 867 966; x_wconf 88' lang='lat' dir='ltr'><strong>atrio</strong></span> <span class='ocrx_word' id='word_1_58' title='bbox 895 918 1002 975; x_wconf 88' lang='lat' dir='ltr'><strong>est,</strong></span> <span class='ocrx_word' id='word_1_59' title='bbox 1025 907 1076 963; x_wconf 89' lang='lat' dir='ltr'><strong>id</strong></span> <span class='ocrx_word' id='word_1_60' title='bbox 1106 918 1190 964; x_wconf 91' lang='lat' dir='ltr'><strong>est</strong></span> <span class='ocrx_word' id='word_1_61' title='bbox 1221 909 1274 963; x_wconf 91' lang='lat' dir='ltr'><strong>in</strong></span> <span class='ocrx_word' id='word_1_62' title='bbox 1315 908 1567 980; x_wconf 80' lang='lat' dir='ltr'><strong>praesenti</strong></span> <span class='ocrx_word' id='word_1_63' title='bbox 1599 908 1816 974; x_wconf 59' lang='lat' dir='ltr'><strong>saeculo,</strong></span> <span class='ocrx_word' id='word_1_64' title='bbox 1855 908 1898 961; x_wconf 94' lang='lat' dir='ltr'><strong>si</strong></span> <span class='ocrx_word' id='word_1_65' title='bbox 1949 906 2071 976; x_wconf 89' lang='lat' dir='ltr'><strong>quis</strong></span> 
     </span>
    </p>
   </div>
   <div class='ocr_carea' id='block_1_8' title="bbox 483 1001 2070 1075">
    <p class='ocr_par' dir='ltr' id='par_1_8' title="bbox 483 1001 2070 1075">
     <span class='ocr_line' id='line_1_8' title="bbox 483 1001 2070 1075; baseline -0.003 -15"><span class='ocrx_word' id='word_1_66' title='bbox 483 1004 700 1075; x_wconf 76' lang='lat' dir='ltr'><strong>indigne</strong></span> <span class='ocrx_word' id='word_1_67' title='bbox 729 1005 1042 1068; x_wconf 87' lang='lat' dir='ltr'><strong>accesserit,</strong></span> <span class='ocrx_word' id='word_1_68' title='bbox 1072 1002 1332 1072; x_wconf 79' lang='lat' dir='ltr'><strong>judicium</strong></span> <span class='ocrx_word' id='word_1_69' title='bbox 1364 1004 1726 1059; x_wconf 85' lang='lat' dir='ltr'><strong>damnationis</strong></span> <span class='ocrx_word' id='word_1_70' title='bbox 1746 1001 1966 1072; x_wconf 76' lang='lat' dir='ltr'><strong>excipit.</strong></span> <span class='ocrx_word' id='word_1_71' title='bbox 1987 1001 2070 1056; x_wconf 84' lang='lat' dir='ltr'><strong>Ad</strong></span> 
     </span>
    </p>
   </div>
   <div class='ocr_carea' id='block_1_9' title="bbox 481 1097 2071 1169">
    <p class='ocr_par' dir='ltr' id='par_1_9' title="bbox 481 1097 2071 1169">
     <span class='ocr_line' id='line_1_9' title="bbox 481 1097 2071 1169; baseline -0.002 -15"><span class='ocrx_word' id='word_1_72' title='bbox 481 1099 585 1154; x_wconf 81' lang='lat' dir='ltr'><strong>hoc</strong></span> <span class='ocrx_word' id='word_1_73' title='bbox 615 1114 744 1169; x_wconf 88' lang='lat' dir='ltr'><strong>ergo</strong></span> <span class='ocrx_word' id='word_1_74' title='bbox 778 1099 1150 1168; x_wconf 81' lang='lat' dir='ltr'><strong>unusquisque</strong></span> <span class='ocrx_word' id='word_1_75' title='bbox 1179 1099 1393 1155; x_wconf 92' lang='lat' dir='ltr'><strong>illorum</strong></span> <span class='ocrx_word' id='word_1_76' title='bbox 1423 1099 1476 1153; x_wconf 91' lang='lat' dir='ltr'><strong>in</strong></span> <span class='ocrx_word' id='word_1_77' title='bbox 1509 1115 1669 1154; x_wconf 86' lang='lat' dir='ltr'><strong>manu</strong></span> <span class='ocrx_word' id='word_1_78' title='bbox 1700 1114 1794 1152; x_wconf 84' lang='lat' dir='ltr'><strong>sua</strong></span> <span class='ocrx_word' id='word_1_79' title='bbox 1841 1113 1936 1151; x_wconf 84' lang='lat' dir='ltr'><strong>vas</strong></span> <span class='ocrx_word' id='word_1_80' title='bbox 1988 1097 2071 1151; x_wconf 89' lang='lat' dir='ltr'><strong>in-</strong></span> 
     </span>
    </p>
   </div>
   <div class='ocr_carea' id='block_1_10' title="bbox 482 1191 2069 1264">
    <p class='ocr_par' dir='ltr' id='par_1_10' title="bbox 482 1191 2069 1264">
     <span class='ocr_line' id='line_1_10' title="bbox 482 1191 2069 1264; baseline 0 -16"><span class='ocrx_word' id='word_1_81' title='bbox 482 1191 816 1248; x_wconf 79' lang='lat' dir='ltr'><strong>terfectionis</strong></span> <span class='ocrx_word' id='word_1_82' title='bbox 846 1192 1033 1249; x_wconf 84' lang='lat' dir='ltr'><strong>tulisse</strong></span> <span class='ocrx_word' id='word_1_83' title='bbox 1068 1193 1345 1249; x_wconf 85' lang='lat' dir='ltr'><strong>scribitur.</strong></span> <span class='ocrx_word' id='word_1_84' title='bbox 1387 1193 1589 1264; x_wconf 83' lang='lat' dir='ltr'><strong>(llier.)</strong></span> <span class='ocrx_word' id='word_1_85' title='bbox 1619 1192 1772 1247; x_wconf 89' lang='lat' dir='ltr'><strong>Unde</strong></span> <span class='ocrx_word' id='word_1_86' title='bbox 1817 1201 1872 1247; x_wconf 89' lang='lat' dir='ltr'><strong>et</strong></span> <span class='ocrx_word' id='word_1_87' title='bbox 1900 1192 2069 1264; x_wconf 90' lang='lat' dir='ltr'><strong>gloria</strong></span> 
     </span>
    </p>
   </div>
   <div class='ocr_carea' id='block_1_11' title="bbox 385 1285 2071 1364">
    <p class='ocr_par' dir='ltr' id='par_1_11' title="bbox 385 1285 2071 1364">
     <span class='ocr_line' id='line_1_11' title="bbox 385 1285 2071 1364; baseline -0.001 -22"><span class='ocrx_word' id='word_1_88' title='bbox 385 1357 393 1364; x_wconf 33' lang='lat'><em>.</em></span> <span class='ocrx_word' id='word_1_89' title='bbox 481 1285 716 1350; x_wconf 88' lang='lat' dir='ltr'><strong>Domini,</strong></span> <span class='ocrx_word' id='word_1_90' title='bbox 753 1301 874 1357; x_wconf 72' lang='lat' dir='ltr'><strong>qua:</strong></span> <span class='ocrx_word' id='word_1_91' title='bbox 897 1296 1171 1357; x_wconf 85' lang='lat' dir='ltr'><strong>assumpta</strong></span> <span class='ocrx_word' id='word_1_92' title='bbox 1198 1286 1376 1342; x_wconf 79' lang='lat' dir='ltr'><strong>fuerat</strong></span> <span class='ocrx_word' id='word_1_93' title='bbox 1404 1287 1470 1340; x_wconf 89' lang='lat' dir='ltr'><strong>dc</strong></span> <span class='ocrx_word' id='word_1_94' title='bbox 1513 1286 1747 1349; x_wconf 88' lang='lat' dir='ltr'><strong>Cherub,</strong></span> <span class='ocrx_word' id='word_1_95' title='bbox 1801 1286 1948 1340; x_wconf 89' lang='lat' dir='ltr'><strong>stetit</strong></span> <span class='ocrx_word' id='word_1_96' title='bbox 2003 1285 2071 1340; x_wconf 89' lang='lat' dir='ltr'><strong>ad</strong></span> 
     </span>
    </p>
   </div>
   <div class='ocr_carea' id='block_1_12' title="bbox 480 1378 2064 1453">
    <p class='ocr_par' dir='ltr' id='par_1_12' title="bbox 480 1378 2064 1453">
     <span class='ocr_line' id='line_1_12' title="bbox 480 1378 2064 1453; baseline -0.001 -20"><span class='ocrx_word' id='word_1_97' title='bbox 480 1378 642 1435; x_wconf 85' lang='lat' dir='ltr'><strong>limen</strong></span> <span class='ocrx_word' id='word_1_98' title='bbox 678 1379 890 1446; x_wconf 87' lang='lat' dir='ltr'><strong>domus,</strong></span> <span class='ocrx_word' id='word_1_99' title='bbox 915 1389 971 1435; x_wconf 91' lang='lat' dir='ltr'><strong>ut</strong></span> <span class='ocrx_word' id='word_1_100' title='bbox 1021 1380 1386 1452; x_wconf 75' lang='lat' dir='ltr'><strong>ingredientes</strong></span> <span class='ocrx_word' id='word_1_101' title='bbox 1427 1380 1638 1438; x_wconf 80' lang='lat' dir='ltr'><strong>plenius</strong></span> <span class='ocrx_word' id='word_1_102' title='bbox 1685 1381 2064 1453; x_wconf 83' lang='lat' dir='ltr'><strong>dignosceret:</strong></span> 
     </span>
    </p>
   </div>
   <div class='ocr_carea' id='block_1_13' title="bbox 480 1471 2066 1544">
    <p class='ocr_par' dir='ltr' id='par_1_13' title="bbox 480 1471 2066 1544">
     <span class='ocr_line' id='line_1_13' title="bbox 480 1471 2066 1544; baseline -0.003 -16"><span class='ocrx_word' id='word_1_103' title='bbox 480 1472 550 1528; x_wconf 80' lang='lat' dir='ltr'><strong>Et</strong></span> <span class='ocrx_word' id='word_1_104' title='bbox 574 1473 817 1528; x_wconf 79' lang='lat' dir='ltr'><strong>clamauit</strong></span> <span class='ocrx_word' id='word_1_105' title='bbox 839 1474 908 1528; x_wconf 86' lang='lat' dir='ltr'><strong>ad</strong></span> <span class='ocrx_word' id='word_1_106' title='bbox 928 1476 1116 1538; x_wconf 73' lang='lat' dir='ltr'><strong>virum,</strong></span> <span class='ocrx_word' id='word_1_107' title='bbox 1145 1490 1235 1544; x_wconf 79' lang='lat' dir='ltr'><strong>qui</strong></span> <span class='ocrx_word' id='word_1_108' title='bbox 1260 1473 1475 1527; x_wconf 82' lang='lat' dir='ltr'><strong>indutus</strong></span> <span class='ocrx_word' id='word_1_109' title='bbox 1503 1481 1614 1526; x_wconf 87' lang='lat' dir='ltr'><strong>erat</strong></span> <span class='ocrx_word' id='word_1_110' title='bbox 1644 1471 1815 1536; x_wconf 77' lang='lat' dir='ltr'><strong>lineis,</strong></span> <span class='ocrx_word' id='word_1_111' title='bbox 1847 1479 1893 1526; x_wconf 88' lang='lat' dir='ltr'><strong>et</strong></span> <span class='ocrx_word' id='word_1_112' title='bbox 1919 1481 2066 1524; x_wconf 86' lang='lat' dir='ltr'><strong>atra-</strong></span> 
     </span>
    </p>
   </div>
   <div class='ocr_carea' id='block_1_14' title="bbox 478 1564 2066 1636">
    <p class='ocr_par' dir='ltr' id='par_1_14' title="bbox 478 1564 2066 1636">
     <span class='ocr_line' id='line_1_14' title="bbox 478 1564 2066 1636; baseline -0.001 -16"><span class='ocrx_word' id='word_1_113' title='bbox 478 1567 792 1620; x_wconf 78' lang='lat' dir='ltr'><strong>mentarium</strong></span> <span class='ocrx_word' id='word_1_114' title='bbox 819 1566 1091 1636; x_wconf 78' lang='lat' dir='ltr'><strong>scriptoris</strong></span> <span class='ocrx_word' id='word_1_115' title='bbox 1117 1566 1412 1620; x_wconf 80' lang='lat' dir='ltr'><strong>habebatin</strong></span> <span class='ocrx_word' id='word_1_116' title='bbox 1469 1564 1660 1620; x_wconf 85' lang='lat' dir='ltr'><strong>lumbis</strong></span> <span class='ocrx_word' id='word_1_117' title='bbox 1705 1566 1858 1619; x_wconf 85' lang='lat' dir='ltr'><strong>suis:</strong></span> <span class='ocrx_word' id='word_1_118' title='bbox 1906 1577 2066 1634; x_wconf 86' lang='lat' dir='ltr'><strong>quem</strong></span> 
     </span>
    </p>
   </div>
   <div class='ocr_carea' id='block_1_15' title="bbox 479 1654 2068 1728">
    <p class='ocr_par' dir='ltr' id='par_1_15' title="bbox 479 1654 2068 1728">
     <span class='ocr_line' id='line_1_15' title="bbox 479 1654 2068 1728; baseline -0.003 -15"><span class='ocrx_word' id='word_1_119' title='bbox 479 1657 724 1728; x_wconf 78' lang='lat' dir='ltr'><strong>profecto</strong></span> <span class='ocrx_word' id='word_1_120' title='bbox 749 1657 927 1712; x_wconf 83' lang='lat' dir='ltr'><strong>virum</strong></span> <span class='ocrx_word' id='word_1_121' title='bbox 977 1656 1254 1712; x_wconf 85' lang='lat' dir='ltr'><strong>Christum</strong></span> <span class='ocrx_word' id='word_1_122' title='bbox 1306 1655 1656 1726; x_wconf 80' lang='lat' dir='ltr'><strong>intelligimus</strong></span> <span class='ocrx_word' id='word_1_123' title='bbox 1706 1656 1958 1710; x_wconf 85' lang='lat' dir='ltr'><strong>vestitum</strong></span> <span class='ocrx_word' id='word_1_124' title='bbox 2011 1654 2068 1708; x_wconf 79' lang='lat' dir='ltr'><strong>in‘</strong></span> 
     </span>
    </p>
   </div>
   <div class='ocr_carea' id='block_1_16' title="bbox 478 1747 2066 1820">
    <p class='ocr_par' dir='ltr' id='par_1_16' title="bbox 478 1747 2066 1820">
     <span class='ocr_line' id='line_1_16' title="bbox 478 1747 2066 1820; baseline -0.003 -16"><span class='ocrx_word' id='word_1_125' title='bbox 478 1749 669 1804; x_wconf 88' lang='lat' dir='ltr'><strong>habitu</strong></span> <span class='ocrx_word' id='word_1_126' title='bbox 696 1749 986 1820; x_wconf 90' lang='lat' dir='ltr'><strong>pontiﬁcis,</strong></span> <span class='ocrx_word' id='word_1_127' title='bbox 1020 1751 1085 1804; x_wconf 90' lang='lat' dir='ltr'><strong>de</strong></span> <span class='ocrx_word' id='word_1_128' title='bbox 1123 1765 1230 1818; x_wconf 87' lang='lat' dir='ltr'><strong>quo</strong></span> <span class='ocrx_word' id='word_1_129' title='bbox 1261 1749 1528 1819; x_wconf 86' lang='lat' dir='ltr'><strong>scriptum</strong></span> <span class='ocrx_word' id='word_1_130' title='bbox 1566 1757 1692 1803; x_wconf 89' lang='lat' dir='ltr'><strong>est:</strong></span> <span class='ocrx_word' id='word_1_131' title='bbox 1750 1747 1826 1800; x_wconf 87' lang='lat' dir='ltr'><strong>Tu</strong></span> <span class='ocrx_word' id='word_1_132' title='bbox 1874 1763 1928 1800; x_wconf 89' lang='lat' dir='ltr'><strong>es</strong></span> <span class='ocrx_word' id='word_1_133' title='bbox 1974 1763 2066 1800; x_wconf 90' lang='lat' dir='ltr'><strong>sa-</strong></span> 
     </span>
    </p>
   </div>
   <div class='ocr_carea' id='block_1_17' title="bbox 2172 534 3763 609">
    <p class='ocr_par' dir='ltr' id='par_1_17' title="bbox 2172 534 3763 609">
     <span class='ocr_line' id='line_1_17' title="bbox 2172 534 3763 609; baseline 0.005 -19"><span class='ocrx_word' id='word_1_134' title='bbox 2172 551 2277 592; x_wconf 81' lang='lat' dir='ltr'><strong>vox</strong></span> <span class='ocrx_word' id='word_1_135' title='bbox 2302 536 2508 603; x_wconf 87' lang='lat' dir='ltr'><strong>divina,</strong></span> <span class='ocrx_word' id='word_1_136' title='bbox 2539 551 2658 607; x_wconf 70' lang='lat' dir='ltr'><strong>quae</strong></span> <span class='ocrx_word' id='word_1_137' title='bbox 2690 536 2899 590; x_wconf 81' lang='lat' dir='ltr'><strong>utinam</strong></span> <span class='ocrx_word' id='word_1_138' title='bbox 2946 534 3000 588; x_wconf 90' lang='lat' dir='ltr'><strong>in</strong></span> <span class='ocrx_word' id='word_1_139' title='bbox 3033 535 3190 590; x_wconf 89' lang='lat' dir='ltr'><strong>nobis</strong></span> <span class='ocrx_word' id='word_1_140' title='bbox 3223 553 3330 592; x_wconf 91' lang='lat' dir='ltr'><strong>non</strong></span> <span class='ocrx_word' id='word_1_141' title='bbox 3373 539 3715 609; x_wconf 79' lang='lat' dir='ltr'><strong>compleatur</strong></span> <span class='ocrx_word' id='word_1_142' title='bbox 3746 558 3763 599; x_wconf 89' lang='lat'><strong>:</strong></span> 
     </span>
    </p>
   </div>
   <div class='ocr_carea' id='block_1_18' title="bbox 2174 625 3764 704">
    <p class='ocr_par' dir='ltr' id='par_1_18' title="bbox 2174 625 3764 704">
     <span class='ocr_line' id='line_1_18' title="bbox 2174 625 3764 704; baseline 0.004 -20"><span class='ocrx_word' id='word_1_143' title='bbox 2174 627 2536 685; x_wconf 85' lang='lat' dir='ltr'><strong>Contaminate</strong></span> <span class='ocrx_word' id='word_1_144' title='bbox 2562 629 2796 694; x_wconf 81' lang='lat' dir='ltr'><strong>domum,</strong></span> <span class='ocrx_word' id='word_1_145' title='bbox 2818 635 2869 681; x_wconf 90' lang='lat' dir='ltr'><strong>et</strong></span> <span class='ocrx_word' id='word_1_146' title='bbox 2893 625 3100 695; x_wconf 77' lang='lat' dir='ltr'><strong>implete</strong></span> <span class='ocrx_word' id='word_1_147' title='bbox 3119 628 3262 682; x_wconf 87' lang='lat' dir='ltr'><strong>atria</strong></span> <span class='ocrx_word' id='word_1_148' title='bbox 3291 629 3612 700; x_wconf 74' lang='lat' dir='ltr'><strong>interfectis,</strong></span> <span class='ocrx_word' id='word_1_149' title='bbox 3627 635 3764 704; x_wconf 84' lang='lat' dir='ltr'><strong>quia</strong></span> 
     </span>
    </p>
   </div>
   <div class='ocr_carea' id='block_1_19' title="bbox 2173 720 3768 796">
    <p class='ocr_par' dir='ltr' id='par_1_19' title="bbox 2173 720 3768 796">
     <span class='ocr_line' id='line_1_19' title="bbox 2173 720 3768 796; baseline 0.003 -16"><span class='ocrx_word' id='word_1_150' title='bbox 2173 723 2316 780; x_wconf 90' lang='lat' dir='ltr'><strong>nulla</strong></span> <span class='ocrx_word' id='word_1_151' title='bbox 2353 733 2435 780; x_wconf 88' lang='lat' dir='ltr'><strong>est</strong></span> <span class='ocrx_word' id='word_1_152' title='bbox 2474 724 2644 796; x_wconf 91' lang='lat' dir='ltr'><strong>regio,</strong></span> <span class='ocrx_word' id='word_1_153' title='bbox 2681 721 2746 796; x_wconf 70' lang='grc' dir='ltr'><strong>[ί.</strong></span> <span class='ocrx_word' id='word_1_154' title='bbox 2772 720 2986 794; x_wconf 87' lang='lat' dir='ltr'><strong>religio]</strong></span> <span class='ocrx_word' id='word_1_155' title='bbox 3017 722 3108 778; x_wconf 91' lang='lat' dir='ltr'><strong>ubi</strong></span> <span class='ocrx_word' id='word_1_156' title='bbox 3133 721 3360 779; x_wconf 79' lang='lat' dir='ltr'><strong>oﬁ&#39;ensio</strong></span> <span class='ocrx_word' id='word_1_157' title='bbox 3381 728 3592 795; x_wconf 81' lang='lat' dir='ltr'><strong>peccati</strong></span> <span class='ocrx_word' id='word_1_158' title='bbox 3632 725 3768 784; x_wconf 74' lang='lat' dir='ltr'><strong>bﬂ&#39;e-</strong></span> 
     </span>
    </p>
   </div>
   <div class='ocr_carea' id='block_1_20' title="bbox 2173 811 3766 886">
    <p class='ocr_par' dir='ltr' id='par_1_20' title="bbox 2173 811 3766 886">
     <span class='ocr_line' id='line_1_20' title="bbox 2173 811 3766 886; baseline 0.003 -15"><span class='ocrx_word' id='word_1_159' title='bbox 2173 825 2356 872; x_wconf 78' lang='lat' dir='ltr'><strong>rentes</strong></span> <span class='ocrx_word' id='word_1_160' title='bbox 2379 815 2716 872; x_wconf 84' lang='lat' dir='ltr'><strong>contaminat</strong></span> <span class='ocrx_word' id='word_1_161' title='bbox 2736 832 2750 869; x_wconf 88' lang='lat'><strong>:</strong></span> <span class='ocrx_word' id='word_1_162' title='bbox 2774 822 2832 870; x_wconf 90' lang='lat' dir='ltr'><strong>et</strong></span> <span class='ocrx_word' id='word_1_163' title='bbox 2857 813 2982 869; x_wconf 88' lang='lat' dir='ltr'><strong>ideo</strong></span> <span class='ocrx_word' id='word_1_164' title='bbox 2993 811 3119 884; x_wconf 87' lang='lat' dir='ltr'><strong>jure</strong></span> <span class='ocrx_word' id='word_1_165' title='bbox 3137 814 3280 869; x_wconf 89' lang='lat' dir='ltr'><strong>unde</strong></span> <span class='ocrx_word' id='word_1_166' title='bbox 3301 825 3612 886; x_wconf 85' lang='lat' dir='ltr'><strong>peccatum,</strong></span> <span class='ocrx_word' id='word_1_167' title='bbox 3638 819 3766 876; x_wconf 86' lang='lat' dir='ltr'><strong>inde</strong></span> 
     </span>
    </p>
   </div>
   <div class='ocr_carea' id='block_1_21' title="bbox 2167 905 3768 976">
    <p class='ocr_par' dir='ltr' id='par_1_21' title="bbox 2167 905 3768 976">
     <span class='ocr_line' id='line_1_21' title="bbox 2167 905 3768 976; baseline 0.002 -15"><span class='ocrx_word' id='word_1_168' title='bbox 2167 905 2430 976; x_wconf 84' lang='lat' dir='ltr'><strong>judicium</strong></span> <span class='ocrx_word' id='word_1_169' title='bbox 2459 906 2670 976; x_wconf 79' lang='lat' dir='ltr'><strong>incipit,</strong></span> <span class='ocrx_word' id='word_1_170' title='bbox 2701 905 2826 976; x_wconf 88' lang='lat' dir='ltr'><strong>quia</strong></span> <span class='ocrx_word' id='word_1_171' title='bbox 2846 914 3071 974; x_wconf 88' lang='lat' dir='ltr'><strong>peccato</strong></span> <span class='ocrx_word' id='word_1_172' title='bbox 3125 914 3372 962; x_wconf 87' lang='lat' dir='ltr'><strong>mortuus</strong></span> <span class='ocrx_word' id='word_1_173' title='bbox 3423 910 3768 972; x_wconf 78' lang='lat' dir='ltr'><strong>contaminat</strong></span> 
     </span>
    </p>
   </div>
   <div class='ocr_carea' id='block_1_22' title="bbox 2173 994 3776 1068">
    <p class='ocr_par' dir='ltr' id='par_1_22' title="bbox 2173 994 3776 1068">
     <span class='ocr_line' id='line_1_22' title="bbox 2173 994 3776 1068; baseline 0.004 -18"><span class='ocrx_word' id='word_1_174' title='bbox 2173 996 2322 1068; x_wconf 84' lang='lat' dir='ltr'><strong>prius</strong></span> <span class='ocrx_word' id='word_1_175' title='bbox 2343 996 2481 1051; x_wconf 73' lang='lat' dir='ltr'><strong>atria</strong></span> <span class='ocrx_word' id='word_1_176' title='bbox 2504 994 2713 1067; x_wconf 81' lang='lat' dir='ltr'><strong>templi,</strong></span> <span class='ocrx_word' id='word_1_177' title='bbox 2737 1004 2792 1051; x_wconf 88' lang='lat' dir='ltr'><strong>et</strong></span> <span class='ocrx_word' id='word_1_178' title='bbox 2811 994 3060 1066; x_wconf 78' lang='lat' dir='ltr'><strong>profanat</strong></span> <span class='ocrx_word' id='word_1_179' title='bbox 3087 995 3116 1035; x_wconf 79' lang='grc' dir='ltr'><strong>ιι</strong></span> <span class='ocrx_word' id='word_1_180' title='bbox 3160 1004 3364 1062; x_wconf 89' lang='lat' dir='ltr'><strong>sancta,</strong></span> <span class='ocrx_word' id='word_1_181' title='bbox 3389 997 3518 1053; x_wconf 89' lang='lat' dir='ltr'><strong>dum</strong></span> <span class='ocrx_word' id='word_1_182' title='bbox 3540 999 3776 1056; x_wconf 85' lang='lat' dir='ltr'><strong>immun-</strong></span> 
     </span>
    </p>
   </div>
   <div class='ocr_carea' id='block_1_23' title="bbox 2173 1088 3773 1163">
    <p class='ocr_par' dir='ltr' id='par_1_23' title="bbox 2173 1088 3773 1163">
     <span class='ocr_line' id='line_1_23' title="bbox 2173 1088 3773 1163; baseline 0.003 -19"><span class='ocrx_word' id='word_1_183' title='bbox 2173 1091 2274 1145; x_wconf 90' lang='lat' dir='ltr'><strong>dus</strong></span> <span class='ocrx_word' id='word_1_184' title='bbox 2297 1104 2359 1143; x_wconf 84' lang='lat' dir='ltr'><strong>ea</strong></span> <span class='ocrx_word' id='word_1_185' title='bbox 2383 1089 2680 1162; x_wconf 87' lang='lat' dir='ltr'><strong>contingit;</strong></span> <span class='ocrx_word' id='word_1_186' title='bbox 2719 1104 2894 1160; x_wconf 89' lang='lat' dir='ltr'><strong>neque</strong></span> <span class='ocrx_word' id='word_1_187' title='bbox 2917 1088 2980 1144; x_wconf 87' lang='lat' dir='ltr'><strong>ﬁt</strong></span> <span class='ocrx_word' id='word_1_188' title='bbox 3015 1104 3172 1144; x_wconf 88' lang='lat' dir='ltr'><strong>error</strong></span> <span class='ocrx_word' id='word_1_189' title='bbox 3211 1089 3428 1158; x_wconf 84' lang='lat' dir='ltr'><strong>judicii,</strong></span> <span class='ocrx_word' id='word_1_190' title='bbox 3462 1092 3556 1146; x_wconf 92' lang='lat' dir='ltr'><strong>uhi</strong></span> <span class='ocrx_word' id='word_1_191' title='bbox 3604 1092 3773 1163; x_wconf 79' lang='lat' dir='ltr'><strong>judex</strong></span> 
     </span>
    </p>
   </div>
   <div class='ocr_carea' id='block_1_24' title="bbox 2170 1180 3773 1254">
    <p class='ocr_par' dir='ltr' id='par_1_24' title="bbox 2170 1180 3773 1254">
     <span class='ocr_line' id='line_1_24' title="bbox 2170 1180 3773 1254; baseline 0.001 -16"><span class='ocrx_word' id='word_1_192' title='bbox 2170 1191 2257 1239; x_wconf 91' lang='lat' dir='ltr'><strong>est</strong></span> <span class='ocrx_word' id='word_1_193' title='bbox 2282 1192 2337 1238; x_wconf 92' lang='lat' dir='ltr'><strong>et</strong></span> <span class='ocrx_word' id='word_1_194' title='bbox 2365 1183 2667 1254; x_wconf 87' lang='lat' dir='ltr'><strong>descriptor</strong></span> <span class='ocrx_word' id='word_1_195' title='bbox 2687 1197 2908 1238; x_wconf 89' lang='lat' dir='ltr'><strong>suorum</strong></span> <span class='ocrx_word' id='word_1_196' title='bbox 2937 1181 3171 1237; x_wconf 89' lang='lat' dir='ltr'><strong>militum</strong></span> <span class='ocrx_word' id='word_1_197' title='bbox 3215 1180 3436 1238; x_wconf 79' lang='lat' dir='ltr'><strong>Verbum</strong></span> <span class='ocrx_word' id='word_1_198' title='bbox 3460 1182 3556 1237; x_wconf 90' lang='lat' dir='ltr'><strong>Dei</strong></span> <span class='ocrx_word' id='word_1_199' title='bbox 3583 1182 3773 1240; x_wconf 86' lang='lat' dir='ltr'><strong>Patris</strong></span> 
     </span>
    </p>
   </div>
   <div class='ocr_carea' id='block_1_25' title="bbox 2173 1274 3777 1347">
    <p class='ocr_par' dir='ltr' id='par_1_25' title="bbox 2173 1274 3777 1347">
     <span class='ocr_line' id='line_1_25' title="bbox 2173 1274 3777 1347; baseline 0.001 -17"><span class='ocrx_word' id='word_1_200' title='bbox 2173 1274 2411 1331; x_wconf 76' lang='lat' dir='ltr'><strong>Christus</strong></span> <span class='ocrx_word' id='word_1_201' title='bbox 2440 1275 2810 1347; x_wconf 85' lang='lat' dir='ltr'><strong>penetrabilior</strong></span> <span class='ocrx_word' id='word_1_202' title='bbox 2856 1277 2999 1330; x_wconf 88' lang='lat' dir='ltr'><strong>omni</strong></span> <span class='ocrx_word' id='word_1_203' title='bbox 3023 1274 3202 1347; x_wconf 81' lang='lat' dir='ltr'><strong>gladio</strong></span> <span class='ocrx_word' id='word_1_204' title='bbox 3245 1277 3484 1347; x_wconf 80' lang='lat' dir='ltr'><strong>ancipiti,</strong></span> <span class='ocrx_word' id='word_1_205' title='bbox 3514 1277 3777 1332; x_wconf 85' lang='lat' dir='ltr'><strong>discretor</strong></span> 
     </span>
    </p>
   </div>
   <div class='ocr_carea' id='block_1_26' title="bbox 2172 1369 3777 1443">
    <p class='ocr_par' dir='ltr' id='par_1_26' title="bbox 2172 1369 3777 1443">
     <span class='ocr_line' id='line_1_26' title="bbox 2172 1369 3777 1443; baseline 0.001 -19"><span class='ocrx_word' id='word_1_206' title='bbox 2172 1387 2373 1442; x_wconf 85' lang='lat' dir='ltr'><strong>quoque</strong></span> <span class='ocrx_word' id='word_1_207' title='bbox 2385 1371 2758 1441; x_wconf 84' lang='lat' dir='ltr'><strong>cogitationum</strong></span> <span class='ocrx_word' id='word_1_208' title='bbox 2779 1378 2830 1426; x_wconf 91' lang='lat' dir='ltr'><strong>et</strong></span> <span class='ocrx_word' id='word_1_209' title='bbox 2871 1369 3227 1426; x_wconf 73' lang='lat' dir='ltr'><strong>medullarum</strong></span> <span class='ocrx_word' id='word_1_210' title='bbox 3247 1411 3263 1438; x_wconf 87' lang='lat'><strong>,</strong></span> <span class='ocrx_word' id='word_1_211' title='bbox 3287 1371 3586 1442; x_wconf 74' lang='lat' dir='ltr'><strong>pertingens</strong></span> <span class='ocrx_word' id='word_1_212' title='bbox 3609 1389 3777 1443; x_wconf 81' lang='lat' dir='ltr'><strong>usque</strong></span> 
     </span>
    </p>
   </div>
   <div class='ocr_carea' id='block_1_27' title="bbox 2171 1460 3772 1533">
    <p class='ocr_par' dir='ltr' id='par_1_27' title="bbox 2171 1460 3772 1533">
     <span class='ocr_line' id='line_1_27' title="bbox 2171 1460 3772 1533; baseline 0.001 -17"><span class='ocrx_word' id='word_1_213' title='bbox 2171 1462 2242 1516; x_wconf 88' lang='lat' dir='ltr'><strong>ad</strong></span> <span class='ocrx_word' id='word_1_214' title='bbox 2293 1461 2600 1517; x_wconf 78' lang='lat' dir='ltr'><strong>divisionem</strong></span> <span class='ocrx_word' id='word_1_215' title='bbox 2644 1462 2836 1516; x_wconf 63' lang='lat' dir='ltr'><strong>animi:</strong></span> <span class='ocrx_word' id='word_1_216' title='bbox 2878 1471 2928 1516; x_wconf 90' lang='lat' dir='ltr'><strong>et</strong></span> <span class='ocrx_word' id='word_1_217' title='bbox 2983 1461 3200 1532; x_wconf 78' lang='lat' dir='ltr'><strong>spiritus</strong></span> <span class='ocrx_word' id='word_1_218' title='bbox 3259 1460 3460 1533; x_wconf 86' lang='lat' dir='ltr'><strong>(Hebr.</strong></span> <span class='ocrx_word' id='word_1_219' title='bbox 3509 1478 3596 1528; x_wconf 81' lang='lat' dir='ltr'><strong>tv,</strong></span> <span class='ocrx_word' id='word_1_220' title='bbox 3646 1463 3772 1533; x_wconf 69' lang='lat' dir='ltr'><strong>l2).</strong></span> 
     </span>
    </p>
   </div>
   <div class='ocr_carea' id='block_1_28' title="bbox 2178 1552 3778 1626">
    <p class='ocr_par' dir='ltr' id='par_1_28' title="bbox 2178 1552 3778 1626">
     <span class='ocr_line' id='line_1_28' title="bbox 2178 1552 3778 1626; baseline 0.001 -18"><span class='ocrx_word' id='word_1_221' title='bbox 2178 1555 2197 1594; x_wconf 73' lang='grc' dir='ltr'><strong>ί</strong></span> <span class='ocrx_word' id='word_1_222' title='bbox 2223 1552 2374 1609; x_wconf 92' lang='lat' dir='ltr'><strong>Unde</strong></span> <span class='ocrx_word' id='word_1_223' title='bbox 2400 1553 2690 1623; x_wconf 79' lang='lat' dir='ltr'><strong>Apostolus</strong></span> <span class='ocrx_word' id='word_1_224' title='bbox 2713 1554 2780 1610; x_wconf 91' lang='lat' dir='ltr'><strong>de</strong></span> <span class='ocrx_word' id='word_1_225' title='bbox 2801 1554 2888 1611; x_wconf 88' lang='lat' dir='ltr'><strong>bis</strong></span> <span class='ocrx_word' id='word_1_226' title='bbox 2917 1555 3010 1626; x_wconf 87' lang='lat' dir='ltr'><strong>qui</strong></span> <span class='ocrx_word' id='word_1_227' title='bbox 3039 1553 3255 1626; x_wconf 82' lang='lat' dir='ltr'><strong>indigne</strong></span> <span class='ocrx_word' id='word_1_228' title='bbox 3288 1563 3526 1622; x_wconf 88' lang='lat' dir='ltr'><strong>sumunt,</strong></span> <span class='ocrx_word' id='word_1_229' title='bbox 3558 1571 3671 1611; x_wconf 80' lang='lat' dir='ltr'><strong>non</strong></span> <span class='ocrx_word' id='word_1_230' title='bbox 3696 1558 3778 1610; x_wconf 88' lang='lat' dir='ltr'><strong>di-</strong></span> 
     </span>
    </p>
   </div>
   <div class='ocr_carea' id='block_1_29' title="bbox 2165 1645 3776 1718">
    <p class='ocr_par' dir='ltr' id='par_1_29' title="bbox 2165 1645 3776 1718">
     <span class='ocr_line' id='line_1_29' title="bbox 2165 1645 3776 1718; baseline 0.004 -20"><span class='ocrx_word' id='word_1_231' title='bbox 2165 1645 2475 1717; x_wconf 88' lang='lat' dir='ltr'><strong>judicantes</strong></span> <span class='ocrx_word' id='word_1_232' title='bbox 2504 1661 2703 1717; x_wconf 90' lang='lat' dir='ltr'><strong>corpus</strong></span> <span class='ocrx_word' id='word_1_233' title='bbox 2735 1647 2984 1714; x_wconf 89' lang='lat' dir='ltr'><strong>Domini;</strong></span> <span class='ocrx_word' id='word_1_234' title='bbox 3019 1655 3329 1718; x_wconf 88' lang='lat' dir='ltr'><strong>propterea,</strong></span> <span class='ocrx_word' id='word_1_235' title='bbox 3362 1648 3557 1717; x_wconf 89' lang='lat' dir='ltr'><strong>inquit,</strong></span> <span class='ocrx_word' id='word_1_236' title='bbox 3612 1649 3776 1704; x_wconf 84' lang='lat' dir='ltr'><strong>imbe-</strong></span> 
     </span>
    </p>
   </div>
   <div class='ocr_carea' id='block_1_30' title="bbox 2172 1735 3775 1811">
    <p class='ocr_par' dir='ltr' id='par_1_30' title="bbox 2172 1735 3775 1811">
     <span class='ocr_line' id='line_1_30' title="bbox 2172 1735 3775 1811; baseline 0.004 -23"><span class='ocrx_word' id='word_1_237' title='bbox 2172 1735 2314 1789; x_wconf 85' lang='lat' dir='ltr'><strong>cilles</strong></span> <span class='ocrx_word' id='word_1_238' title='bbox 2349 1737 2480 1805; x_wconf 79' lang='lat' dir='ltr'><strong>ﬁunt</strong></span> <span class='ocrx_word' id='word_1_239' title='bbox 2513 1747 2560 1791; x_wconf 89' lang='lat' dir='ltr'><strong>et</strong></span> <span class='ocrx_word' id='word_1_240' title='bbox 2587 1737 2855 1792; x_wconf 86' lang='lat' dir='ltr'><strong>dormiunt</strong></span> <span class='ocrx_word' id='word_1_241' title='bbox 2888 1736 3041 1791; x_wconf 87' lang='lat' dir='ltr'><strong>multi</strong></span> <span class='ocrx_word' id='word_1_242' title='bbox 3073 1735 3126 1811; x_wconf 85' lang='grc' dir='ltr'><strong>(Ι</strong></span> <span class='ocrx_word' id='word_1_243' title='bbox 3154 1736 3277 1792; x_wconf 83' lang='lat' dir='ltr'><strong>Cor.</strong></span> <span class='ocrx_word' id='word_1_244' title='bbox 3333 1739 3433 1809; x_wconf 70' lang='grc' dir='ltr'><strong>ιι).</strong></span> <span class='ocrx_word' id='word_1_245' title='bbox 3485 1739 3775 1795; x_wconf 90' lang='lat' dir='ltr'><strong>Dormiunt</strong></span> 
     </span>
    </p>
   </div>
   <div class='ocr_carea' id='block_1_31' title="bbox 477 1822 2066 1900">
    <p class='ocr_par' dir='ltr' id='par_1_31' title="bbox 477 1822 2064 1896">
     <span class='ocr_line' id='line_1_31' title="bbox 477 1822 2064 1896; baseline -0.003 -2"><span class='ocrx_word' id='word_1_246' title='bbox 477 1839 660 1896; x_wconf 81' lang='lat' dir='ltr'><strong>cerdos</strong></span> <span class='ocrx_word' id='word_1_247' title='bbox 683 1841 741 1894; x_wconf 86' lang='lat' dir='ltr'><strong>in</strong></span> <span class='ocrx_word' id='word_1_248' title='bbox 761 1849 1014 1894; x_wconf 70' lang='lat' dir='ltr'><strong>teternum</strong></span> <span class='ocrx_word' id='word_1_249' title='bbox 1060 1838 1348 1894; x_wconf 83' lang='lat' dir='ltr'><strong>secundum</strong></span> <span class='ocrx_word' id='word_1_250' title='bbox 1403 1839 1639 1893; x_wconf 79' lang='lat' dir='ltr'><strong>ordinem</strong></span> <span class='ocrx_word' id='word_1_251' title='bbox 1688 1822 2064 1891; x_wconf 77' lang='lat' dir='ltr'><strong>Melchisedech</strong></span> 
     </span>
    </p>
   </div>
   <div class='ocr_carea' id='block_1_32' title="bbox 2174 1822 3777 1900">
    <p class='ocr_par' dir='ltr' id='par_1_32' title="bbox 2174 1827 3777 1900">
     <span class='ocr_line' id='line_1_32' title="bbox 2174 1827 3777 1900; baseline 0.001 -18"><span class='ocrx_word' id='word_1_252' title='bbox 2174 1842 2301 1899; x_wconf 86' lang='lat' dir='ltr'><strong>ergo</strong></span> <span class='ocrx_word' id='word_1_253' title='bbox 2329 1829 2451 1884; x_wconf 87' lang='lat' dir='ltr'><strong>inde</strong></span> <span class='ocrx_word' id='word_1_254' title='bbox 2481 1827 2495 1878; x_wconf 83' lang='lat' dir='ltr'><strong>i</strong></span> <span class='ocrx_word' id='word_1_255' title='bbox 2539 1827 2715 1896; x_wconf 89' lang='lat' dir='ltr'><strong>multi,</strong></span> <span class='ocrx_word' id='word_1_256' title='bbox 2747 1844 2852 1884; x_wconf 89' lang='lat' dir='ltr'><strong>non</strong></span> <span class='ocrx_word' id='word_1_257' title='bbox 2882 1843 3073 1884; x_wconf 91' lang='lat' dir='ltr'><strong>somno</strong></span> <span class='ocrx_word' id='word_1_258' title='bbox 3101 1828 3274 1900; x_wconf 89' lang='lat' dir='ltr'><strong>pacis,</strong></span> <span class='ocrx_word' id='word_1_259' title='bbox 3297 1830 3391 1884; x_wconf 89' lang='lat' dir='ltr'><strong>sed</strong></span> <span class='ocrx_word' id='word_1_260' title='bbox 3420 1845 3611 1885; x_wconf 88' lang='lat' dir='ltr'><strong>somno</strong></span> <span class='ocrx_word' id='word_1_261' title='bbox 3634 1846 3777 1885; x_wconf 85' lang='lat' dir='ltr'><strong>mor-</strong></span> 
     </span>
    </p>
   </div>
   <div class='ocr_carea' id='block_1_33' title="bbox 477 1929 2068 2001">
    <p class='ocr_par' dir='ltr' id='par_1_33' title="bbox 477 1929 2068 2001">
     <span class='ocr_line' id='line_1_33' title="bbox 477 1929 2068 2001; baseline -0.001 -15"><span class='ocrx_word' id='word_1_262' title='bbox 477 1930 650 2001; x_wconf 77' lang='lat' dir='ltr'><strong>(Psal.</strong></span> <span class='ocrx_word' id='word_1_263' title='bbox 683 1948 795 1996; x_wconf 73' lang='grc' dir='ltr'><strong>(ιιι,</strong></span> <span class='ocrx_word' id='word_1_264' title='bbox 840 1932 931 2001; x_wconf 69' lang='grc' dir='ltr'><strong>ι);</strong></span> <span class='ocrx_word' id='word_1_265' title='bbox 985 1940 1042 1987; x_wconf 90' lang='lat' dir='ltr'><strong>et</strong></span> <span class='ocrx_word' id='word_1_266' title='bbox 1084 1931 1247 1987; x_wconf 84' lang='lat' dir='ltr'><strong>habet</strong></span> <span class='ocrx_word' id='word_1_267' title='bbox 1299 1931 1746 1986; x_wconf 89' lang='lat' dir='ltr'><strong>atramentarium</strong></span> <span class='ocrx_word' id='word_1_268' title='bbox 1789 1929 2068 1998; x_wconf 89' lang='lat' dir='ltr'><strong>scriptoris</strong></span> 
     </span>
    </p>
   </div>
   <div class='ocr_carea' id='block_1_34' title="bbox 477 2021 2068 2092">
    <p class='ocr_par' dir='ltr' id='par_1_34' title="bbox 477 2021 2068 2092">
     <span class='ocr_line' id='line_1_34' title="bbox 477 2021 2068 2092; baseline -0.003 -14"><span class='ocrx_word' id='word_1_269' title='bbox 477 2021 546 2078; x_wconf 82' lang='lat' dir='ltr'><strong>ad</strong></span> <span class='ocrx_word' id='word_1_270' title='bbox 591 2036 746 2078; x_wconf 89' lang='lat' dir='ltr'><strong>renes</strong></span> <span class='ocrx_word' id='word_1_271' title='bbox 797 2037 952 2086; x_wconf 89' lang='lat' dir='ltr'><strong>suos,</strong></span> <span class='ocrx_word' id='word_1_272' title='bbox 1007 2030 1064 2076; x_wconf 93' lang='lat' dir='ltr'><strong>ut</strong></span> <span class='ocrx_word' id='word_1_273' title='bbox 1115 2023 1355 2078; x_wconf 89' lang='lat' dir='ltr'><strong>omnium</strong></span> <span class='ocrx_word' id='word_1_274' title='bbox 1416 2031 1636 2092; x_wconf 89' lang='lat' dir='ltr'><strong>peccata</strong></span> <span class='ocrx_word' id='word_1_275' title='bbox 1672 2021 1965 2084; x_wconf 88' lang='lat' dir='ltr'><strong>describat,</strong></span> <span class='ocrx_word' id='word_1_276' title='bbox 2013 2029 2068 2074; x_wconf 88' lang='lat' dir='ltr'><strong>et</strong></span> 
     </span>
    </p>
   </div>
   <div class='ocr_carea' id='block_1_35' title="bbox 478 2116 2065 2186">
    <p class='ocr_par' dir='ltr' id='par_1_35' title="bbox 478 2116 2065 2186">
     <span class='ocr_line' id='line_1_35' title="bbox 478 2116 2065 2186; baseline -0.001 -17"><span class='ocrx_word' id='word_1_277' title='bbox 478 2121 787 2170; x_wconf 85' lang='lat' dir='ltr'><strong>sanctorum</strong></span> <span class='ocrx_word' id='word_1_278' title='bbox 810 2130 841 2170; x_wconf 89' lang='lat' dir='ltr'><strong>a</strong></span> <span class='ocrx_word' id='word_1_279' title='bbox 869 2116 1249 2185; x_wconf 84' lang='lat' dir='ltr'><strong>peccatoribus</strong></span> <span class='ocrx_word' id='word_1_280' title='bbox 1272 2131 1558 2172; x_wconf 88' lang='lat' dir='ltr'><strong>numerum</strong></span> <span class='ocrx_word' id='word_1_281' title='bbox 1589 2125 1858 2186; x_wconf 80' lang='lat' dir='ltr'><strong>segreget.</strong></span> <span class='ocrx_word' id='word_1_282' title='bbox 1892 2116 2065 2169; x_wconf 75' lang='lat' dir='ltr'><strong>maxi-</strong></span> 
     </span>
    </p>
   </div>
   <div class='ocr_carea' id='block_1_36' title="bbox 479 2205 2066 2275">
    <p class='ocr_par' dir='ltr' id='par_1_36' title="bbox 479 2205 2066 2275">
     <span class='ocr_line' id='line_1_36' title="bbox 479 2205 2066 2275; baseline -0.002 -13"><span class='ocrx_word' id='word_1_283' title='bbox 479 2221 566 2262; x_wconf 91' lang='lat' dir='ltr'><strong>me</strong></span> <span class='ocrx_word' id='word_1_284' title='bbox 608 2206 734 2262; x_wconf 90' lang='lat' dir='ltr'><strong>dum</strong></span> <span class='ocrx_word' id='word_1_285' title='bbox 776 2207 842 2262; x_wconf 91' lang='lat' dir='ltr'><strong>ad</strong></span> <span class='ocrx_word' id='word_1_286' title='bbox 907 2207 1078 2263; x_wconf 86' lang='lat' dir='ltr'><strong>altare</strong></span> <span class='ocrx_word' id='word_1_287' title='bbox 1119 2209 1362 2273; x_wconf 85' lang='lat' dir='ltr'><strong>veniunt,</strong></span> <span class='ocrx_word' id='word_1_288' title='bbox 1405 2218 1460 2263; x_wconf 90' lang='lat' dir='ltr'><strong>et</strong></span> <span class='ocrx_word' id='word_1_289' title='bbox 1512 2208 1633 2263; x_wconf 88' lang='lat' dir='ltr'><strong>ideo</strong></span> <span class='ocrx_word' id='word_1_290' title='bbox 1663 2205 1968 2275; x_wconf 82' lang='lat' dir='ltr'><strong>henejuxta</strong></span> <span class='ocrx_word' id='word_1_291' title='bbox 2001 2206 2066 2261; x_wconf 87' lang='lat' dir='ltr'><strong>il-</strong></span> 
     </span>
    </p>
   </div>
   <div class='ocr_carea' id='block_1_37' title="bbox 477 2295 2069 2368">
    <p class='ocr_par' dir='ltr' id='par_1_37' title="bbox 477 2295 2069 2368">
     <span class='ocr_line' id='line_1_37' title="bbox 477 2295 2069 2368; baseline -0.002 -15"><span class='ocrx_word' id='word_1_292' title='bbox 477 2296 569 2353; x_wconf 83' lang='lat' dir='ltr'><strong>lud</strong></span> <span class='ocrx_word' id='word_1_293' title='bbox 618 2305 764 2354; x_wconf 82' lang='lat' dir='ltr'><strong>stare</strong></span> <span class='ocrx_word' id='word_1_294' title='bbox 814 2298 1150 2368; x_wconf 87' lang='lat' dir='ltr'><strong>perhibetur,</strong></span> <span class='ocrx_word' id='word_1_295' title='bbox 1206 2308 1267 2353; x_wconf 94' lang='lat' dir='ltr'><strong>ut</strong></span> <span class='ocrx_word' id='word_1_296' title='bbox 1313 2298 1513 2354; x_wconf 88' lang='lat' dir='ltr'><strong>milites</strong></span> <span class='ocrx_word' id='word_1_297' title='bbox 1559 2298 1626 2352; x_wconf 91' lang='lat' dir='ltr'><strong>ad</strong></span> <span class='ocrx_word' id='word_1_298' title='bbox 1678 2295 1946 2367; x_wconf 89' lang='lat' dir='ltr'><strong>stipendia</strong></span> <span class='ocrx_word' id='word_1_299' title='bbox 1995 2296 2069 2350; x_wconf 91' lang='lat' dir='ltr'><strong>vi-</strong></span> 
     </span>
    </p>
   </div>
   <div class='ocr_carea' id='block_1_38' title="bbox 481 2387 2066 2460">
    <p class='ocr_par' dir='ltr' id='par_1_38' title="bbox 481 2387 2066 2460">
     <span class='ocr_line' id='line_1_38' title="bbox 481 2387 2066 2460; baseline -0.003 -14"><span class='ocrx_word' id='word_1_300' title='bbox 481 2398 550 2446; x_wconf 69' lang='lat' dir='ltr'><strong>tae</strong></span> <span class='ocrx_word' id='word_1_301' title='bbox 596 2389 941 2460; x_wconf 87' lang='lat' dir='ltr'><strong>percipienda</strong></span> <span class='ocrx_word' id='word_1_302' title='bbox 991 2391 1309 2447; x_wconf 80' lang='lat' dir='ltr'><strong>accedentes</strong></span> <span class='ocrx_word' id='word_1_303' title='bbox 1338 2390 1598 2446; x_wconf 87' lang='lat' dir='ltr'><strong>divinitus</strong></span> <span class='ocrx_word' id='word_1_304' title='bbox 1627 2389 1919 2444; x_wconf 87' lang='lat' dir='ltr'><strong>discernat.</strong></span> <span class='ocrx_word' id='word_1_305' title='bbox 1969 2387 2066 2443; x_wconf 86' lang='lat' dir='ltr'><strong>Cui</strong></span> 
     </span>
    </p>
   </div>
   <div class='ocr_carea' id='block_1_39' title="bbox 480 2481 2070 2542">
    <p class='ocr_par' dir='ltr' id='par_1_39' title="bbox 480 2481 2070 2542">
     <span class='ocr_line' id='line_1_39' title="bbox 480 2481 2070 2542; baseline -0.001 -6"><span class='ocrx_word' id='word_1_306' title='bbox 480 2497 602 2538; x_wconf 87' lang='lat' dir='ltr'><strong>cum</strong></span> <span class='ocrx_word' id='word_1_307' title='bbox 650 2484 702 2538; x_wconf 89' lang='lat' dir='ltr'><strong>in</strong></span> <span class='ocrx_word' id='word_1_308' title='bbox 761 2484 938 2540; x_wconf 88' lang='lat' dir='ltr'><strong>medio</strong></span> <span class='ocrx_word' id='word_1_309' title='bbox 993 2485 1446 2542; x_wconf 84' lang='lat' dir='ltr'><strong>candelabrorum</strong></span> <span class='ocrx_word' id='word_1_310' title='bbox 1509 2497 1796 2538; x_wconf 88' lang='lat' dir='ltr'><strong>aureorum</strong></span> <span class='ocrx_word' id='word_1_311' title='bbox 1850 2481 2070 2537; x_wconf 85' lang='lat' dir='ltr'><strong>assiste-</strong></span> 
     </span>
    </p>
   </div>
   <div class='ocr_carea' id='block_1_40' title="bbox 485 2571 2069 2644">
    <p class='ocr_par' dir='ltr' id='par_1_40' title="bbox 485 2571 2069 2644">
     <span class='ocr_line' id='line_1_40' title="bbox 485 2571 2069 2644; baseline -0.003 -15"><span class='ocrx_word' id='word_1_312' title='bbox 485 2583 582 2639; x_wconf 76' lang='lat' dir='ltr'><strong>cet,</strong></span> <span class='ocrx_word' id='word_1_313' title='bbox 623 2574 825 2630; x_wconf 87' lang='lat' dir='ltr'><strong>dictum</strong></span> <span class='ocrx_word' id='word_1_314' title='bbox 857 2585 976 2630; x_wconf 86' lang='lat' dir='ltr'><strong>est:</strong></span> <span class='ocrx_word' id='word_1_315' title='bbox 1037 2574 1225 2630; x_wconf 81' lang='lat' dir='ltr'><strong>Transi</strong></span> <span class='ocrx_word' id='word_1_316' title='bbox 1261 2592 1353 2644; x_wconf 86' lang='lat' dir='ltr'><strong>per</strong></span> <span class='ocrx_word' id='word_1_317' title='bbox 1392 2575 1618 2629; x_wconf 87' lang='lat' dir='ltr'><strong>mediam</strong></span> <span class='ocrx_word' id='word_1_318' title='bbox 1660 2571 1978 2636; x_wconf 80' lang='lat' dir='ltr'><strong>Jerusalem,</strong></span> <span class='ocrx_word' id='word_1_319' title='bbox 2021 2581 2069 2627; x_wconf 87' lang='lat' dir='ltr'><strong>et</strong></span> 
     </span>
    </p>
   </div>
   <div class='ocr_carea' id='block_1_41' title="bbox 481 2666 2069 2738">
    <p class='ocr_par' dir='ltr' id='par_1_41' title="bbox 481 2666 2069 2738">
     <span class='ocr_line' id='line_1_41' title="bbox 481 2666 2069 2738; baseline -0.002 -18"><span class='ocrx_word' id='word_1_320' title='bbox 481 2666 632 2736; x_wconf 81' lang='lat' dir='ltr'><strong>signa</strong></span> <span class='ocrx_word' id='word_1_321' title='bbox 682 2667 811 2722; x_wconf 88' lang='lat' dir='ltr'><strong>thau</strong></span> <span class='ocrx_word' id='word_1_322' title='bbox 862 2684 1017 2737; x_wconf 82' lang='lat' dir='ltr'><strong>super</strong></span> <span class='ocrx_word' id='word_1_323' title='bbox 1069 2668 1264 2737; x_wconf 75' lang='lat' dir='ltr'><strong>frontes</strong></span> <span class='ocrx_word' id='word_1_324' title='bbox 1326 2667 1638 2738; x_wconf 76' lang='lat' dir='ltr'><strong>gementium</strong></span> <span class='ocrx_word' id='word_1_325' title='bbox 1685 2675 1732 2720; x_wconf 90' lang='lat' dir='ltr'><strong>et</strong></span> <span class='ocrx_word' id='word_1_326' title='bbox 1783 2666 2069 2720; x_wconf 83' lang='lat' dir='ltr'><strong>dolentium</strong></span> 
     </span>
    </p>
   </div>
   <div class='ocr_carea' id='block_1_42' title="bbox 483 2757 2070 2829">
    <p class='ocr_par' dir='ltr' id='par_1_42' title="bbox 483 2757 2070 2829">
     <span class='ocr_line' id='line_1_42' title="bbox 483 2757 2070 2829; baseline -0.001 -18"><span class='ocrx_word' id='word_1_327' title='bbox 483 2773 636 2827; x_wconf 80' lang='lat' dir='ltr'><strong>super</strong></span> <span class='ocrx_word' id='word_1_328' title='bbox 673 2767 886 2813; x_wconf 83' lang='lat' dir='ltr'><strong>cunctas</strong></span> <span class='ocrx_word' id='word_1_329' title='bbox 921 2759 1333 2813; x_wconf 85' lang='lat' dir='ltr'><strong>abominationes</strong></span> <span class='ocrx_word' id='word_1_330' title='bbox 1362 2777 1478 2829; x_wconf 80' lang='lat' dir='ltr'><strong>qua:</strong></span> <span class='ocrx_word' id='word_1_331' title='bbox 1502 2759 1636 2827; x_wconf 75' lang='lat' dir='ltr'><strong>ﬁunt</strong></span> <span class='ocrx_word' id='word_1_332' title='bbox 1669 2758 1723 2812; x_wconf 88' lang='lat' dir='ltr'><strong>in</strong></span> <span class='ocrx_word' id='word_1_333' title='bbox 1753 2757 1923 2812; x_wconf 85' lang='lat' dir='ltr'><strong>medio</strong></span> <span class='ocrx_word' id='word_1_334' title='bbox 1957 2758 2070 2826; x_wconf 85' lang='lat' dir='ltr'><strong>ejus</strong></span> 
     </span>
    </p>
   </div>
   <div class='ocr_carea' id='block_1_43' title="bbox 484 2849 2073 2922">
    <p class='ocr_par' dir='ltr' id='par_1_43' title="bbox 484 2849 2073 2922">
     <span class='ocr_line' id='line_1_43' title="bbox 484 2849 2073 2922; baseline -0.001 -18"><span class='ocrx_word' id='word_1_335' title='bbox 484 2849 701 2922; x_wconf 72' lang='lat' dir='ltr'><strong>(Bacch.</strong></span> <span class='ocrx_word' id='word_1_336' title='bbox 729 2867 805 2915; x_wconf 81' lang='lat' dir='ltr'><strong>ix,</strong></span> <span class='ocrx_word' id='word_1_337' title='bbox 828 2851 906 2922; x_wconf 73' lang='grc'><strong>4).</strong></span> <span class='ocrx_word' id='word_1_338' title='bbox 941 2850 1078 2906; x_wconf 83' lang='lat' dir='ltr'><strong>Hinc</strong></span> <span class='ocrx_word' id='word_1_339' title='bbox 1127 2867 1342 2921; x_wconf 91' lang='lat' dir='ltr'><strong>quoque</strong></span> <span class='ocrx_word' id='word_1_340' title='bbox 1393 2851 1519 2907; x_wconf 85' lang='lat' dir='ltr'><strong>alibi</strong></span> <span class='ocrx_word' id='word_1_341' title='bbox 1549 2853 1616 2908; x_wconf 90' lang='lat' dir='ltr'><strong>de</strong></span> <span class='ocrx_word' id='word_1_342' title='bbox 1665 2852 1821 2920; x_wconf 83' lang='lat' dir='ltr'><strong>ipso:</strong></span> <span class='ocrx_word' id='word_1_343' title='bbox 1864 2850 1931 2905; x_wconf 86' lang='lat' dir='ltr'><strong>Et</strong></span> <span class='ocrx_word' id='word_1_344' title='bbox 1961 2867 2073 2904; x_wconf 87' lang='lat' dir='ltr'><strong>am-</strong></span> 
     </span>
    </p>
   </div>
   <div class='ocr_carea' id='block_1_44' title="bbox 482 2940 2071 3011">
    <p class='ocr_par' dir='ltr' id='par_1_44' title="bbox 482 2940 2071 3011">
     <span class='ocr_line' id='line_1_44' title="bbox 482 2940 2071 3011; baseline 0.001 -17"><span class='ocrx_word' id='word_1_345' title='bbox 482 2940 701 3006; x_wconf 80' lang='lat' dir='ltr'><strong>bulabo,</strong></span> <span class='ocrx_word' id='word_1_346' title='bbox 744 2941 950 3011; x_wconf 87' lang='lat' dir='ltr'><strong>inquit,</strong></span> <span class='ocrx_word' id='word_1_347' title='bbox 1007 2944 1142 2998; x_wconf 87' lang='lat' dir='ltr'><strong>inter</strong></span> <span class='ocrx_word' id='word_1_348' title='bbox 1176 2960 1290 3004; x_wconf 80' lang='lat' dir='ltr'><strong>eos,</strong></span> <span class='ocrx_word' id='word_1_349' title='bbox 1332 2952 1379 2998; x_wconf 85' lang='lat' dir='ltr'><strong>et</strong></span> <span class='ocrx_word' id='word_1_350' title='bbox 1420 2960 1507 2998; x_wconf 90' lang='lat' dir='ltr'><strong>ero</strong></span> <span class='ocrx_word' id='word_1_351' title='bbox 1553 2942 1763 2997; x_wconf 85' lang='lat' dir='ltr'><strong>illorum</strong></span> <span class='ocrx_word' id='word_1_352' title='bbox 1817 2943 2071 2997; x_wconf 86' lang='lat' dir='ltr'><strong>Dominus</strong></span> 
     </span>
    </p>
   </div>
   <div class='ocr_carea' id='block_1_45' title="bbox 482 3030 2071 3106">
    <p class='ocr_par' dir='ltr' id='par_1_45' title="bbox 482 3030 2071 3106">
     <span class='ocr_line' id='line_1_45' title="bbox 482 3030 2071 3106; baseline 0.001 -20"><span class='ocrx_word' id='word_1_353' title='bbox 482 3030 669 3102; x_wconf 75' lang='lat' dir='ltr'><strong>(Leuit.</strong></span> <span class='ocrx_word' id='word_1_354' title='bbox 687 3032 942 3097; x_wconf 61' lang='lat'><strong>1311,12,</strong></span> <span class='ocrx_word' id='word_1_355' title='bbox 983 3049 1020 3087; x_wconf 86' lang='lat' dir='ltr'><strong>Il</strong></span> <span class='ocrx_word' id='word_1_356' title='bbox 1053 3033 1177 3088; x_wconf 87' lang='lat' dir='ltr'><strong>Cor.</strong></span> <span class='ocrx_word' id='word_1_357' title='bbox 1219 3050 1294 3099; x_wconf 82' lang='lat' dir='ltr'><strong>vr,</strong></span> <span class='ocrx_word' id='word_1_358' title='bbox 1321 3035 1429 3106; x_wconf 82' lang='lat' dir='ltr'><strong>I6).</strong></span> <span class='ocrx_word' id='word_1_359' title='bbox 1463 3034 1834 3101; x_wconf 80' lang='lat' dir='ltr'><strong>Quorumvis?</strong></span> <span class='ocrx_word' id='word_1_360' title='bbox 1859 3033 2071 3089; x_wconf 89' lang='lat' dir='ltr'><strong>illorum</strong></span> 
     </span>
    </p>
   </div>
   <div class='ocr_carea' id='block_1_46' title="bbox 484 3126 2071 3200">
    <p class='ocr_par' dir='ltr' id='par_1_46' title="bbox 484 3126 2071 3200">
     <span class='ocr_line' id='line_1_46' title="bbox 484 3126 2071 3200; baseline 0.003 -20"><span class='ocrx_word' id='word_1_361' title='bbox 484 3126 666 3197; x_wconf 90' lang='lat' dir='ltr'><strong>utique</strong></span> <span class='ocrx_word' id='word_1_362' title='bbox 695 3143 857 3198; x_wconf 86' lang='lat' dir='ltr'><strong>super</strong></span> <span class='ocrx_word' id='word_1_363' title='bbox 901 3144 1036 3198; x_wconf 87' lang='lat' dir='ltr'><strong>quos</strong></span> <span class='ocrx_word' id='word_1_364' title='bbox 1087 3129 1358 3200; x_wconf 81' lang='lat' dir='ltr'><strong>signatum</strong></span> <span class='ocrx_word' id='word_1_365' title='bbox 1421 3130 1559 3186; x_wconf 70' lang='lat' dir='ltr'><strong>estb</strong></span> <span class='ocrx_word' id='word_1_366' title='bbox 1608 3130 1820 3200; x_wconf 90' lang='lat' dir='ltr'><strong>signum</strong></span> <span class='ocrx_word' id='word_1_367' title='bbox 1870 3129 2071 3193; x_wconf 85' lang='lat' dir='ltr'><strong>crucis,</strong></span> 
     </span>
    </p>
   </div>
   <div class='ocr_carea' id='block_1_47' title="bbox 2175 1922 3777 1995">
    <p class='ocr_par' dir='ltr' id='par_1_47' title="bbox 2175 1922 3777 1995">
     <span class='ocr_line' id='line_1_47' title="bbox 2175 1922 3777 1995; baseline 0 -18"><span class='ocrx_word' id='word_1_368' title='bbox 2175 1922 2273 1988; x_wconf 90' lang='lat' dir='ltr'><strong>tis;</strong></span> <span class='ocrx_word' id='word_1_369' title='bbox 2303 1923 2431 1993; x_wconf 91' lang='lat' dir='ltr'><strong>quia</strong></span> <span class='ocrx_word' id='word_1_370' title='bbox 2459 1923 2766 1979; x_wconf 87' lang='lat' dir='ltr'><strong>ministerio</strong></span> <span class='ocrx_word' id='word_1_371' title='bbox 2800 1938 2989 1979; x_wconf 86' lang='lat' dir='ltr'><strong>eorum</strong></span> <span class='ocrx_word' id='word_1_372' title='bbox 3041 1923 3134 1994; x_wconf 90' lang='lat' dir='ltr'><strong>qui</strong></span> <span class='ocrx_word' id='word_1_373' title='bbox 3164 1923 3256 1978; x_wconf 84' lang='lat' dir='ltr'><strong>ad</strong></span> <span class='ocrx_word' id='word_1_374' title='bbox 3291 1923 3393 1978; x_wconf 89' lang='lat' dir='ltr'><strong>hoc</strong></span> <span class='ocrx_word' id='word_1_375' title='bbox 3439 1924 3606 1995; x_wconf 89' lang='lat' dir='ltr'><strong>positi</strong></span> <span class='ocrx_word' id='word_1_376' title='bbox 3648 1934 3777 1980; x_wconf 86' lang='lat' dir='ltr'><strong>sunt</strong></span> 
     </span>
    </p>
   </div>
   <div class='ocr_carea' id='block_1_48' title="bbox 2171 2014 3772 2087">
    <p class='ocr_par' dir='ltr' id='par_1_48' title="bbox 2171 2014 3772 2087">
     <span class='ocr_line' id='line_1_48' title="bbox 2171 2014 3772 2087; baseline 0 -18"><span class='ocrx_word' id='word_1_377' title='bbox 2171 2032 2484 2085; x_wconf 69' lang='lat' dir='ltr'><strong>angeiorum</strong></span> <span class='ocrx_word' id='word_1_378' title='bbox 2525 2016 2886 2086; x_wconf 89' lang='lat' dir='ltr'><strong>perimuntur.</strong></span> <span class='ocrx_word' id='word_1_379' title='bbox 2922 2015 3225 2072; x_wconf 75' lang='lat' dir='ltr'><strong>Imbecillos</strong></span> <span class='ocrx_word' id='word_1_380' title='bbox 3254 2030 3384 2072; x_wconf 88' lang='lat' dir='ltr'><strong>vero</strong></span> <span class='ocrx_word' id='word_1_381' title='bbox 3405 2014 3610 2071; x_wconf 88' lang='lat' dir='ltr'><strong>ﬁebant</strong></span> <span class='ocrx_word' id='word_1_382' title='bbox 3641 2017 3772 2087; x_wconf 87' lang='lat' dir='ltr'><strong>quia</strong></span> 
     </span>
    </p>
   </div>
   <div class='ocr_carea' id='block_1_49' title="bbox 2169 2106 3776 2178">
    <p class='ocr_par' dir='ltr' id='par_1_49' title="bbox 2169 2106 3776 2178">
     <span class='ocr_line' id='line_1_49' title="bbox 2169 2106 3776 2178; baseline 0.001 -20"><span class='ocrx_word' id='word_1_383' title='bbox 2169 2107 2338 2162; x_wconf 86' lang='lat' dir='ltr'><strong>variis</strong></span> <span class='ocrx_word' id='word_1_384' title='bbox 2392 2106 2744 2177; x_wconf 78' lang='lat' dir='ltr'><strong>languoribus</strong></span> <span class='ocrx_word' id='word_1_385' title='bbox 2794 2107 2914 2162; x_wconf 90' lang='lat' dir='ltr'><strong>ideo</strong></span> <span class='ocrx_word' id='word_1_386' title='bbox 2968 2109 3355 2162; x_wconf 88' lang='lat' dir='ltr'><strong>cruciabantur</strong></span> <span class='ocrx_word' id='word_1_387' title='bbox 3401 2109 3646 2178; x_wconf 84' lang='lat' dir='ltr'><strong>quidam,</strong></span> <span class='ocrx_word' id='word_1_388' title='bbox 3716 2117 3776 2160; x_wconf 91' lang='lat' dir='ltr'><strong>ut</strong></span> 
     </span>
    </p>
   </div>
   <div class='ocr_carea' id='block_1_50' title="bbox 2171 2201 3776 2272">
    <p class='ocr_par' dir='ltr' id='par_1_50' title="bbox 2171 2201 3776 2272">
     <span class='ocr_line' id='line_1_50' title="bbox 2171 2201 3776 2272; baseline -0.002 -14"><span class='ocrx_word' id='word_1_389' title='bbox 2171 2204 2590 2272; x_wconf 85' lang='lat' dir='ltr'><strong>corrigerentur,</strong></span> <span class='ocrx_word' id='word_1_390' title='bbox 2624 2202 2846 2272; x_wconf 91' lang='lat' dir='ltr'><strong>quidam</strong></span> <span class='ocrx_word' id='word_1_391' title='bbox 2890 2217 3022 2258; x_wconf 81' lang='lat' dir='ltr'><strong>vero</strong></span> <span class='ocrx_word' id='word_1_392' title='bbox 3061 2210 3119 2255; x_wconf 93' lang='lat' dir='ltr'><strong>ut</strong></span> <span class='ocrx_word' id='word_1_393' title='bbox 3155 2201 3268 2272; x_wconf 90' lang='lat' dir='ltr'><strong>jam</strong></span> <span class='ocrx_word' id='word_1_394' title='bbox 3316 2201 3621 2271; x_wconf 89' lang='lat' dir='ltr'><strong>inciperent</strong></span> <span class='ocrx_word' id='word_1_395' title='bbox 3661 2210 3776 2255; x_wconf 88' lang='lat' dir='ltr'><strong>tor-</strong></span> 
     </span>
    </p>
   </div>
   <div class='ocr_carea' id='block_1_51' title="bbox 2171 2294 3773 2368">
    <p class='ocr_par' dir='ltr' id='par_1_51' title="bbox 2171 2294 3773 2368">
     <span class='ocr_line' id='line_1_51' title="bbox 2171 2294 3773 2368; baseline -0.002 -16"><span class='ocrx_word' id='word_1_396' title='bbox 2171 2298 2343 2368; x_wconf 90' lang='lat' dir='ltr'><strong>queri,</strong></span> <span class='ocrx_word' id='word_1_397' title='bbox 2377 2308 2430 2352; x_wconf 93' lang='lat' dir='ltr'><strong>et</strong></span> <span class='ocrx_word' id='word_1_398' title='bbox 2469 2305 2612 2352; x_wconf 91' lang='lat' dir='ltr'><strong>metu</strong></span> <span class='ocrx_word' id='word_1_399' title='bbox 2657 2311 2846 2352; x_wconf 86' lang='lat' dir='ltr'><strong>eorum</strong></span> <span class='ocrx_word' id='word_1_400' title='bbox 2895 2296 3078 2352; x_wconf 62' lang='lat' dir='ltr'><strong>caeteri</strong></span> <span class='ocrx_word' id='word_1_401' title='bbox 3121 2303 3464 2351; x_wconf 87' lang='lat' dir='ltr'><strong>sanarentur.</strong></span> <span class='ocrx_word' id='word_1_402' title='bbox 3515 2294 3773 2364; x_wconf 79' lang='lat' dir='ltr'><strong>Alioquin</strong></span> 
     </span>
    </p>
   </div>
   <div class='ocr_carea' id='block_1_52' title="bbox 2170 2387 3775 2463">
    <p class='ocr_par' dir='ltr' id='par_1_52' title="bbox 2170 2387 3775 2463">
     <span class='ocr_line' id='line_1_52' title="bbox 2170 2387 3775 2463; baseline -0.001 -18"><span class='ocrx_word' id='word_1_403' title='bbox 2170 2392 2339 2463; x_wconf 65' lang='lat' dir='ltr'><strong>plagae</strong></span> <span class='ocrx_word' id='word_1_404' title='bbox 2365 2401 2422 2447; x_wconf 91' lang='lat' dir='ltr'><strong>et</strong></span> <span class='ocrx_word' id='word_1_405' title='bbox 2441 2390 2783 2446; x_wconf 86' lang='lat' dir='ltr'><strong>inﬁrmitates</strong></span> <span class='ocrx_word' id='word_1_406' title='bbox 2806 2405 3083 2459; x_wconf 87' lang='lat' dir='ltr'><strong>nunquam</strong></span> <span class='ocrx_word' id='word_1_407' title='bbox 3106 2388 3162 2444; x_wconf 91' lang='lat' dir='ltr'><strong>in</strong></span> <span class='ocrx_word' id='word_1_408' title='bbox 3193 2387 3392 2462; x_wconf 93' lang='lat' dir='ltr'><strong>populo</strong></span> <span class='ocrx_word' id='word_1_409' title='bbox 3417 2387 3619 2444; x_wconf 89' lang='lat' dir='ltr'><strong>Christi</strong></span> <span class='ocrx_word' id='word_1_410' title='bbox 3654 2398 3775 2444; x_wconf 83' lang='lat' dir='ltr'><strong>tan-</strong></span> 
     </span>
    </p>
   </div>
   <div class='ocr_carea' id='block_1_53' title="bbox 2174 2479 3776 2553">
    <p class='ocr_par' dir='ltr' id='par_1_53' title="bbox 2174 2479 3776 2553">
     <span class='ocr_line' id='line_1_53' title="bbox 2174 2479 3776 2553; baseline -0.001 -16"><span class='ocrx_word' id='word_1_411' title='bbox 2174 2492 2286 2537; x_wconf 86' lang='lat' dir='ltr'><strong>tum</strong></span> <span class='ocrx_word' id='word_1_412' title='bbox 2315 2483 2742 2548; x_wconf 82' lang='lat' dir='ltr'><strong>crcbrescerent,</strong></span> <span class='ocrx_word' id='word_1_413' title='bbox 2765 2480 3070 2553; x_wconf 66' lang='lat' dir='ltr'><strong>praesertim</strong></span> <span class='ocrx_word' id='word_1_414' title='bbox 3123 2496 3246 2534; x_wconf 91' lang='lat' dir='ltr'><strong>cum</strong></span> <span class='ocrx_word' id='word_1_415' title='bbox 3298 2481 3351 2534; x_wconf 94' lang='lat' dir='ltr'><strong>in</strong></span> <span class='ocrx_word' id='word_1_416' title='bbox 3403 2479 3488 2534; x_wconf 88' lang='lat' dir='ltr'><strong>his</strong></span> <span class='ocrx_word' id='word_1_417' title='bbox 3551 2480 3646 2550; x_wconf 86' lang='lat' dir='ltr'><strong>qui</strong></span> <span class='ocrx_word' id='word_1_418' title='bbox 3705 2496 3776 2535; x_wconf 76' lang='lat' dir='ltr'><strong>ex</strong></span> 
     </span>
    </p>
   </div>
   <div class='ocr_carea' id='block_1_54' title="bbox 2171 2575 3774 2651">
    <p class='ocr_par' dir='ltr' id='par_1_54' title="bbox 2171 2575 3774 2651">
     <span class='ocr_line' id='line_1_54' title="bbox 2171 2575 3774 2651; baseline -0.004 -17"><span class='ocrx_word' id='word_1_419' title='bbox 2171 2576 2405 2651; x_wconf 71' lang='lat' dir='ltr'><strong>Egypto</strong></span> <span class='ocrx_word' id='word_1_420' title='bbox 2427 2578 2480 2634; x_wconf 88' lang='lat' dir='ltr'><strong>in</strong></span> <span class='ocrx_word' id='word_1_421' title='bbox 2511 2577 2681 2649; x_wconf 84' lang='lat' dir='ltr'><strong>ﬁgura</strong></span> <span class='ocrx_word' id='word_1_422' title='bbox 2712 2585 2914 2632; x_wconf 72' lang='lat' dir='ltr'><strong>sancta:</strong></span> <span class='ocrx_word' id='word_1_423' title='bbox 2938 2576 3032 2632; x_wconf 87' lang='lat' dir='ltr'><strong>Dei</strong></span> <span class='ocrx_word' id='word_1_424' title='bbox 3050 2575 3304 2630; x_wconf 68' lang='lat' dir='ltr'><strong>Ecclesiae</strong></span> <span class='ocrx_word' id='word_1_425' title='bbox 3329 2575 3774 2646; x_wconf 77' lang='lat' dir='ltr'><strong>egrediebantur,</strong></span> 
     </span>
    </p>
   </div>
   <div class='ocr_carea' id='block_1_55' title="bbox 2173 2663 3774 2738">
    <p class='ocr_par' dir='ltr' id='par_1_55' title="bbox 2173 2663 3774 2738">
     <span class='ocr_line' id='line_1_55' title="bbox 2173 2663 3774 2738; baseline -0.001 -16"><span class='ocrx_word' id='word_1_426' title='bbox 2173 2667 2368 2725; x_wconf 90' lang='lat' dir='ltr'><strong>lectum</strong></span> <span class='ocrx_word' id='word_1_427' title='bbox 2393 2669 2482 2734; x_wconf 89' lang='lat' dir='ltr'><strong>sit,</strong></span> <span class='ocrx_word' id='word_1_428' title='bbox 2515 2667 2720 2722; x_wconf 84' lang='lat' dir='ltr'><strong>nullum</strong></span> <span class='ocrx_word' id='word_1_429' title='bbox 2775 2668 2940 2737; x_wconf 78' lang='lat' dir='ltr'><strong>fuisse</strong></span> <span class='ocrx_word' id='word_1_430' title='bbox 2989 2666 3256 2736; x_wconf 73' lang='lat' dir='ltr'><strong>inﬁrmum</strong></span> <span class='ocrx_word' id='word_1_431' title='bbox 3317 2663 3494 2738; x_wconf 88' lang='lat' dir='ltr'><strong>(Psal.</strong></span> <span class='ocrx_word' id='word_1_432' title='bbox 3519 2681 3626 2731; x_wconf 80' lang='lat' dir='ltr'><strong>CIV,</strong></span> <span class='ocrx_word' id='word_1_433' title='bbox 3657 2665 3774 2734; x_wconf 76' lang='lat'><strong>37).</strong></span> 
     </span>
    </p>
   </div>
   <div class='ocr_carea' id='block_1_56' title="bbox 2243 2759 3772 2833">
    <p class='ocr_par' dir='ltr' id='par_1_56' title="bbox 2243 2759 3772 2833">
     <span class='ocr_line' id='line_1_56' title="bbox 2243 2759 3772 2833; baseline -0.001 -17"><span class='ocrx_word' id='word_1_434' title='bbox 2243 2763 2292 2816; x_wconf 89' lang='lat'><strong>7.</strong></span> <span class='ocrx_word' id='word_1_435' title='bbox 2327 2761 2461 2818; x_wconf 87' lang='lat' dir='ltr'><strong>Nam</strong></span> <span class='ocrx_word' id='word_1_436' title='bbox 2482 2771 2537 2816; x_wconf 90' lang='lat' dir='ltr'><strong>ct</strong></span> <span class='ocrx_word' id='word_1_437' title='bbox 2571 2761 2692 2818; x_wconf 87' lang='lat' dir='ltr'><strong>ideo</strong></span> <span class='ocrx_word' id='word_1_438' title='bbox 2730 2761 2937 2833; x_wconf 79' lang='lat' dir='ltr'><strong>lignum</strong></span> <span class='ocrx_word' id='word_1_439' title='bbox 2969 2759 3096 2820; x_wconf 61' lang='lat' dir='ltr'><strong>vitae</strong></span> <span class='ocrx_word' id='word_1_440' title='bbox 3153 2759 3372 2823; x_wconf 88' lang='lat' dir='ltr'><strong>dicitur,</strong></span> <span class='ocrx_word' id='word_1_441' title='bbox 3427 2760 3572 2831; x_wconf 87' lang='lat' dir='ltr'><strong>quod</strong></span> <span class='ocrx_word' id='word_1_442' title='bbox 3628 2760 3772 2814; x_wconf 85' lang='lat' dir='ltr'><strong>hanc</strong></span> 
     </span>
    </p>
   </div>
   <div class='ocr_carea' id='block_1_57' title="bbox 2173 2850 3777 2922">
    <p class='ocr_par' dir='ltr' id='par_1_57' title="bbox 2173 2850 3777 2922">
     <span class='ocr_line' id='line_1_57' title="bbox 2173 2850 3777 2922; baseline -0.002 -14"><span class='ocrx_word' id='word_1_443' title='bbox 2173 2853 2714 2910; x_wconf 88' lang='lat' dir='ltr'><strong>virtutem-divinitus</strong></span> <span class='ocrx_word' id='word_1_444' title='bbox 2740 2851 3040 2922; x_wconf 90' lang='lat' dir='ltr'><strong>acceperit,</strong></span> <span class='ocrx_word' id='word_1_445' title='bbox 3073 2858 3134 2905; x_wconf 92' lang='lat' dir='ltr'><strong>ut</strong></span> <span class='ocrx_word' id='word_1_446' title='bbox 3168 2850 3214 2905; x_wconf 90' lang='lat' dir='ltr'><strong>si</strong></span> <span class='ocrx_word' id='word_1_447' title='bbox 3256 2850 3378 2921; x_wconf 90' lang='lat' dir='ltr'><strong>quis</strong></span> <span class='ocrx_word' id='word_1_448' title='bbox 3403 2865 3470 2904; x_wconf 77' lang='lat' dir='ltr'><strong>ex</strong></span> <span class='ocrx_word' id='word_1_449' title='bbox 3501 2864 3568 2905; x_wconf 88' lang='lat' dir='ltr'><strong>eo</strong></span> <span class='ocrx_word' id='word_1_450' title='bbox 3621 2866 3777 2904; x_wconf 84' lang='lat' dir='ltr'><strong>man-</strong></span> 
     </span>
    </p>
   </div>
   <div class='ocr_carea' id='block_1_58' title="bbox 2174 2939 3777 3014">
    <p class='ocr_par' dir='ltr' id='par_1_58' title="bbox 2174 2939 3777 3014">
     <span class='ocr_line' id='line_1_58' title="bbox 2174 2939 3777 3014; baseline -0.004 -13"><span class='ocrx_word' id='word_1_451' title='bbox 2174 2946 2417 3011; x_wconf 87' lang='lat' dir='ltr'><strong>ducaret,</strong></span> <span class='ocrx_word' id='word_1_452' title='bbox 2444 2945 2678 3000; x_wconf 83' lang='lat' dir='ltr'><strong>sanitate</strong></span> <span class='ocrx_word' id='word_1_453' title='bbox 2709 2942 2954 3014; x_wconf 90' lang='lat' dir='ltr'><strong>corporis</strong></span> <span class='ocrx_word' id='word_1_454' title='bbox 2981 2942 3048 2997; x_wconf 90' lang='lat' dir='ltr'><strong>ad</strong></span> <span class='ocrx_word' id='word_1_455' title='bbox 3095 2939 3562 2998; x_wconf 85' lang='lat' dir='ltr'><strong>immortalitatem</strong></span> <span class='ocrx_word' id='word_1_456' title='bbox 3589 2941 3777 2995; x_wconf 81' lang='lat' dir='ltr'><strong>ﬁrma-</strong></span> 
     </span>
    </p>
   </div>
   <div class='ocr_carea' id='block_1_59' title="bbox 2176 3035 3772 3110">
    <p class='ocr_par' dir='ltr' id='par_1_59' title="bbox 2176 3035 3772 3110">
     <span class='ocr_line' id='line_1_59' title="bbox 2176 3035 3772 3110; baseline -0.003 -16"><span class='ocrx_word' id='word_1_457' title='bbox 2176 3048 2344 3096; x_wconf 87' lang='lat' dir='ltr'><strong>retur.</strong></span> <span class='ocrx_word' id='word_1_458' title='bbox 2378 3038 2593 3108; x_wconf 86' lang='lat' dir='ltr'><strong>Quanto</strong></span> <span class='ocrx_word' id='word_1_459' title='bbox 2621 3037 2796 3110; x_wconf 88' lang='lat' dir='ltr'><strong>magis</strong></span> <span class='ocrx_word' id='word_1_460' title='bbox 2825 3051 2890 3090; x_wconf 79' lang='lat' dir='ltr'><strong>ex</strong></span> <span class='ocrx_word' id='word_1_461' title='bbox 2918 3035 3020 3091; x_wconf 91' lang='lat' dir='ltr'><strong>hoc</strong></span> <span class='ocrx_word' id='word_1_462' title='bbox 3051 3042 3360 3108; x_wconf 59' lang='lat' dir='ltr'><strong>praestatur,</strong></span> <span class='ocrx_word' id='word_1_463' title='bbox 3399 3049 3510 3090; x_wconf 89' lang='lat' dir='ltr'><strong>non</strong></span> <span class='ocrx_word' id='word_1_464' title='bbox 3549 3049 3617 3089; x_wconf 88' lang='lat' dir='ltr'><strong>ne</strong></span> <span class='ocrx_word' id='word_1_465' title='bbox 3648 3049 3772 3089; x_wconf 90' lang='lat' dir='ltr'><strong>mo-</strong></span> 
     </span>
    </p>
   </div>
   <div class='ocr_carea' id='block_1_60' title="bbox 2178 3127 3769 3199">
    <p class='ocr_par' dir='ltr' id='par_1_60' title="bbox 2178 3127 3769 3199">
     <span class='ocr_line' id='line_1_60' title="bbox 2178 3127 3769 3199; baseline -0.004 -13"><span class='ocrx_word' id='word_1_466' title='bbox 2178 3133 2350 3189; x_wconf 88' lang='lat' dir='ltr'><strong>riatur</strong></span> <span class='ocrx_word' id='word_1_467' title='bbox 2374 3132 2430 3186; x_wconf 91' lang='lat' dir='ltr'><strong>in</strong></span> <span class='ocrx_word' id='word_1_468' title='bbox 2469 3146 2656 3197; x_wconf 90' lang='lat' dir='ltr'><strong>carne,</strong></span> <span class='ocrx_word' id='word_1_469' title='bbox 2689 3131 2784 3186; x_wconf 89' lang='lat' dir='ltr'><strong>sed</strong></span> <span class='ocrx_word' id='word_1_470' title='bbox 2825 3145 2892 3184; x_wconf 92' lang='lat' dir='ltr'><strong>ne</strong></span> <span class='ocrx_word' id='word_1_471' title='bbox 2913 3128 3142 3184; x_wconf 64' lang='lat' dir='ltr'><strong>laedatur</strong></span> <span class='ocrx_word' id='word_1_472' title='bbox 3187 3128 3416 3199; x_wconf 88' lang='lat' dir='ltr'><strong>quisque</strong></span> <span class='ocrx_word' id='word_1_473' title='bbox 3447 3143 3478 3181; x_wconf 92' lang='lat' dir='ltr'><strong>a</strong></span> <span class='ocrx_word' id='word_1_474' title='bbox 3525 3127 3769 3193; x_wconf 88' lang='lat' dir='ltr'><strong>diabolo,</strong></span> 
     </span>
    </p>
   </div>
   <div class='ocr_carea' id='block_1_61' title="bbox 483 3207 3777 3294">
    <p class='ocr_par' dir='ltr' id='par_1_61' title="bbox 483 3207 3777 3294">
     <span class='ocr_line' id='line_1_61' title="bbox 483 3207 3777 3294; baseline -0 -21"><span class='ocrx_word' id='word_1_475' title='bbox 483 3219 955 3276; x_wconf 73' lang='lat' dir='ltr'><strong>mortificationem</strong></span> <span class='ocrx_word' id='word_1_476' title='bbox 985 3220 1192 3276; x_wconf 86' lang='lat' dir='ltr'><strong>scilicet</strong></span> <span class='ocrx_word' id='word_1_477' title='bbox 1227 3220 1356 3279; x_wconf 78' lang='lat' dir='ltr'><strong>Jesu</strong></span> <span class='ocrx_word' id='word_1_478' title='bbox 1381 3220 1434 3276; x_wconf 93' lang='lat' dir='ltr'><strong>in</strong></span> <span class='ocrx_word' id='word_1_479' title='bbox 1458 3235 1686 3290; x_wconf 87' lang='lat' dir='ltr'><strong>corpore</strong></span> <span class='ocrx_word' id='word_1_480' title='bbox 1704 3236 1803 3278; x_wconf 89' lang='lat' dir='ltr'><strong>suo</strong></span> <span class='ocrx_word' id='word_1_481' title='bbox 1837 3221 2071 3276; x_wconf 87' lang='lat' dir='ltr'><strong>circum-</strong></span> <span class='ocrx_word' id='word_1_482' title='bbox 2099 3207 2145 3272; x_wconf 91' lang='lat' dir='ltr'><strong>C</strong></span> <span class='ocrx_word' id='word_1_483' title='bbox 2177 3224 2302 3280; x_wconf 84' lang='lat' dir='ltr'><strong>dum</strong></span> <span class='ocrx_word' id='word_1_484' title='bbox 2329 3239 2450 3278; x_wconf 93' lang='lat' dir='ltr'><strong>eum</strong></span> <span class='ocrx_word' id='word_1_485' title='bbox 2498 3223 2671 3277; x_wconf 88' lang='lat' dir='ltr'><strong>virtus</strong></span> <span class='ocrx_word' id='word_1_486' title='bbox 2704 3221 2729 3261; x_wconf 74' lang='grc' dir='ltr'><strong>ιι</strong></span> <span class='ocrx_word' id='word_1_487' title='bbox 2763 3220 3040 3294; x_wconf 82' lang='lat' dir='ltr'><strong>sanguinis</strong></span> <span class='ocrx_word' id='word_1_488' title='bbox 3092 3219 3394 3278; x_wconf 80' lang='lat' dir='ltr'><strong>defenderit</strong></span> <span class='ocrx_word' id='word_1_489' title='bbox 3428 3218 3488 3274; x_wconf 80' lang='lat'><strong>1?</strong></span> <span class='ocrx_word' id='word_1_490' title='bbox 3546 3218 3656 3275; x_wconf 87' lang='lat' dir='ltr'><strong>Sed</strong></span> <span class='ocrx_word' id='word_1_491' title='bbox 3707 3234 3777 3274; x_wconf 87' lang='lat' dir='ltr'><strong>ne</strong></span> 
     </span>
    </p>
   </div>
   <div class='ocr_carea' id='block_1_62' title="bbox 484 3311 2069 3382">
    <p class='ocr_par' dir='ltr' id='par_1_62' title="bbox 484 3311 2069 3382">
     <span class='ocr_line' id='line_1_62' title="bbox 484 3311 2069 3382; baseline 0.001 -17"><span class='ocrx_word' id='word_1_492' title='bbox 484 3311 740 3376; x_wconf 81' lang='lat' dir='ltr'><strong>ferentes,</strong></span> <span class='ocrx_word' id='word_1_493' title='bbox 779 3313 870 3382; x_wconf 81' lang='lat' dir='ltr'><strong>qui</strong></span> <span class='ocrx_word' id='word_1_494' title='bbox 905 3327 1010 3368; x_wconf 88' lang='lat' dir='ltr'><strong>non</strong></span> <span class='ocrx_word' id='word_1_495' title='bbox 1035 3312 1208 3368; x_wconf 87' lang='lat' dir='ltr'><strong>solum</strong></span> <span class='ocrx_word' id='word_1_496' title='bbox 1236 3329 1356 3378; x_wconf 81' lang='lat' dir='ltr'><strong>sua,</strong></span> <span class='ocrx_word' id='word_1_497' title='bbox 1409 3314 1505 3370; x_wconf 86' lang='lat' dir='ltr'><strong>sed</strong></span> <span class='ocrx_word' id='word_1_498' title='bbox 1545 3313 1774 3370; x_wconf 80' lang='lat' dir='ltr'><strong>aliorum</strong></span> <span class='ocrx_word' id='word_1_499' title='bbox 1829 3313 2069 3382; x_wconf 88' lang='lat' dir='ltr'><strong>quotidie</strong></span> 
     </span>
    </p>
   </div>
   <div class='ocr_carea' id='block_1_63' title="bbox 485 3403 2065 3475">
    <p class='ocr_par' dir='ltr' id='par_1_63' title="bbox 485 3403 2065 3475">
     <span class='ocr_line' id='line_1_63' title="bbox 485 3403 2065 3475; baseline -0.001 -15"><span class='ocrx_word' id='word_1_500' title='bbox 485 3403 678 3460; x_wconf 89' lang='lat' dir='ltr'><strong>delicta</strong></span> <span class='ocrx_word' id='word_1_501' title='bbox 703 3403 908 3475; x_wconf 87' lang='lat' dir='ltr'><strong>lugent,</strong></span> <span class='ocrx_word' id='word_1_502' title='bbox 954 3416 1008 3458; x_wconf 89' lang='lat' dir='ltr'><strong>et</strong></span> <span class='ocrx_word' id='word_1_503' title='bbox 1038 3417 1056 3443; x_wconf 77' lang='grc' dir='ltr'>ε</span> <span class='ocrx_word' id='word_1_504' title='bbox 1093 3414 1318 3474; x_wconf 87' lang='lat' dir='ltr'><strong>possunt</strong></span> <span class='ocrx_word' id='word_1_505' title='bbox 1362 3406 1546 3462; x_wconf 87' lang='lat' dir='ltr'><strong>dicere</strong></span> <span class='ocrx_word' id='word_1_506' title='bbox 1596 3422 1720 3463; x_wconf 90' lang='lat' dir='ltr'><strong>cum</strong></span> <span class='ocrx_word' id='word_1_507' title='bbox 1746 3405 2018 3475; x_wconf 86' lang='lat' dir='ltr'><strong>Propheta</strong></span> <span class='ocrx_word' id='word_1_508' title='bbox 2051 3423 2065 3459; x_wconf 88' lang='lat'><strong>:</strong></span> 
     </span>
    </p>
   </div>
   <div class='ocr_carea' id='block_1_64' title="bbox 484 3491 2066 3569">
    <p class='ocr_par' dir='ltr' id='par_1_64' title="bbox 484 3491 2066 3569">
     <span class='ocr_line' id='line_1_64' title="bbox 484 3491 2066 3569; baseline 0 -19"><span class='ocrx_word' id='word_1_509' title='bbox 484 3491 704 3565; x_wconf 84' lang='lat' dir='ltr'><strong>Signum</strong></span> <span class='ocrx_word' id='word_1_510' title='bbox 723 3504 796 3550; x_wconf 87' lang='lat' dir='ltr'><strong>est</strong></span> <span class='ocrx_word' id='word_1_511' title='bbox 820 3512 976 3565; x_wconf 83' lang='lat' dir='ltr'><strong>super</strong></span> <span class='ocrx_word' id='word_1_512' title='bbox 998 3512 1092 3552; x_wconf 86' lang='lat' dir='ltr'><strong>nos</strong></span> <span class='ocrx_word' id='word_1_513' title='bbox 1116 3496 1289 3553; x_wconf 84' lang='lat' dir='ltr'><strong>lumen</strong></span> <span class='ocrx_word' id='word_1_514' title='bbox 1316 3497 1489 3552; x_wconf 77' lang='lat' dir='ltr'><strong>uultus</strong></span> <span class='ocrx_word' id='word_1_515' title='bbox 1514 3500 1612 3564; x_wconf 82' lang='lat' dir='ltr'><strong>tui,</strong></span> <span class='ocrx_word' id='word_1_516' title='bbox 1645 3496 1867 3554; x_wconf 62' lang='lat' dir='ltr'><strong>Domine</strong></span> <span class='ocrx_word' id='word_1_517' title='bbox 1893 3496 2066 3569; x_wconf 87' lang='lat' dir='ltr'><strong>(Psal.</strong></span> 
     </span>
    </p>
   </div>
   <div class='ocr_carea' id='block_1_65' title="bbox 487 3584 2068 3661">
    <p class='ocr_par' dir='ltr' id='par_1_65' title="bbox 487 3584 2068 3661">
     <span class='ocr_line' id='line_1_65' title="bbox 487 3584 2068 3661; baseline 0.005 -23"><span class='ocrx_word' id='word_1_518' title='bbox 487 3600 558 3649; x_wconf 83' lang='lat' dir='ltr'><strong>tv,</strong></span> <span class='ocrx_word' id='word_1_519' title='bbox 591 3585 664 3655; x_wconf 84' lang='lat'><strong>7).</strong></span> <span class='ocrx_word' id='word_1_520' title='bbox 691 3584 959 3641; x_wconf 69' lang='lat' dir='ltr'><strong>Caeterum</strong></span> <span class='ocrx_word' id='word_1_521' title='bbox 1013 3588 1080 3642; x_wconf 90' lang='lat' dir='ltr'><strong>ad</strong></span> <span class='ocrx_word' id='word_1_522' title='bbox 1127 3603 1222 3646; x_wconf 89' lang='lat' dir='ltr'><strong>eos</strong></span> <span class='ocrx_word' id='word_1_523' title='bbox 1259 3589 1310 3643; x_wconf 92' lang='lat' dir='ltr'><strong>in</strong></span> <span class='ocrx_word' id='word_1_524' title='bbox 1359 3604 1589 3661; x_wconf 91' lang='lat' dir='ltr'><strong>quorum</strong></span> <span class='ocrx_word' id='word_1_525' title='bbox 1641 3591 1889 3648; x_wconf 85' lang='lat' dir='ltr'><strong>manibus</strong></span> <span class='ocrx_word' id='word_1_526' title='bbox 1941 3605 2068 3646; x_wconf 85' lang='lat' dir='ltr'><strong>vasa</strong></span> 
     </span>
    </p>
   </div>
   <div class='ocr_carea' id='block_1_66' title="bbox 485 3677 2064 3754">
    <p class='ocr_par' dir='ltr' id='par_1_66' title="bbox 485 3677 2064 3754">
     <span class='ocr_line' id='line_1_66' title="bbox 485 3677 2064 3754; baseline 0.003 -22"><span class='ocrx_word' id='word_1_527' title='bbox 485 3677 878 3735; x_wconf 82' lang='lat' dir='ltr'><strong>interfectionis</strong></span> <span class='ocrx_word' id='word_1_528' title='bbox 899 3689 1076 3747; x_wconf 89' lang='lat' dir='ltr'><strong>erant,</strong></span> <span class='ocrx_word' id='word_1_529' title='bbox 1101 3681 1158 3738; x_wconf 84' lang='lat' dir='ltr'><strong>ﬁt</strong></span> <span class='ocrx_word' id='word_1_530' title='bbox 1185 3682 1327 3738; x_wconf 89' lang='lat' dir='ltr'><strong>illico</strong></span> <span class='ocrx_word' id='word_1_531' title='bbox 1348 3698 1476 3749; x_wconf 81' lang='lat' dir='ltr'><strong>vox,</strong></span> <span class='ocrx_word' id='word_1_532' title='bbox 1496 3683 1762 3754; x_wconf 81' lang='lat' dir='ltr'><strong>propheta</strong></span> <span class='ocrx_word' id='word_1_533' title='bbox 1786 3684 2064 3740; x_wconf 86' lang='lat' dir='ltr'><strong>audiente:</strong></span> 
     </span>
    </p>
   </div>
   <div class='ocr_carea' id='block_1_67' title="bbox 492 3767 2061 3853">
    <p class='ocr_par' dir='ltr' id='par_1_67' title="bbox 492 3767 2061 3853">
     <span class='ocr_line' id='line_1_67' title="bbox 492 3767 2061 3853; baseline 0.004 -31"><span class='ocrx_word' id='word_1_534' title='bbox 492 3767 731 3825; x_wconf 85' lang='lat' dir='ltr'><strong>Transite</strong></span> <span class='ocrx_word' id='word_1_535' title='bbox 807 3782 918 3842; x_wconf 87' lang='lat' dir='ltr'><strong>post</strong></span> <span class='ocrx_word' id='word_1_536' title='bbox 976 3789 1095 3826; x_wconf 81' lang='lat' dir='ltr'><strong>eum</strong></span> <span class='ocrx_word' id='word_1_537' title='bbox 1149 3791 1240 3842; x_wconf 85' lang='lat' dir='ltr'><strong>per</strong></span> <span class='ocrx_word' id='word_1_538' title='bbox 1315 3773 1573 3830; x_wconf 80' lang='lat' dir='ltr'><strong>civitatem</strong></span> <span class='ocrx_word' id='word_1_539' title='bbox 1663 3785 1710 3830; x_wconf 89' lang='lat' dir='ltr'><strong>et</strong></span> <span class='ocrx_word' id='word_1_540' title='bbox 1791 3777 2061 3853; x_wconf 65' lang='lat' dir='ltr'><strong>percptite.</strong></span> 
     </span>
    </p>
   </div>
   <div class='ocr_carea' id='block_1_68' title="bbox 489 3859 2064 3938">
    <p class='ocr_par' dir='ltr' id='par_1_68' title="bbox 489 3859 2064 3938">
     <span class='ocr_line' id='line_1_68' title="bbox 489 3859 2064 3938; baseline 0.004 -24"><span class='ocrx_word' id='word_1_541' title='bbox 489 3859 612 3916; x_wconf 83' lang='lat' dir='ltr'><strong>Non</strong></span> <span class='ocrx_word' id='word_1_542' title='bbox 633 3874 813 3932; x_wconf 89' lang='lat' dir='ltr'><strong>parcat</strong></span> <span class='ocrx_word' id='word_1_543' title='bbox 845 3864 1028 3920; x_wconf 85' lang='lat' dir='ltr'><strong>oculus</strong></span> <span class='ocrx_word' id='word_1_544' title='bbox 1048 3876 1232 3932; x_wconf 81' lang='lat' dir='ltr'><strong>uester,</strong></span> <span class='ocrx_word' id='word_1_545' title='bbox 1264 3882 1426 3938; x_wconf 76' lang='lat' dir='ltr'><strong>neque</strong></span> <span class='ocrx_word' id='word_1_546' title='bbox 1449 3868 1803 3925; x_wconf 75' lang='lat' dir='ltr'><strong>misereamiui</strong></span> <span class='ocrx_word' id='word_1_547' title='bbox 1821 3885 1994 3924; x_wconf 87' lang='lat' dir='ltr'><strong>senem</strong></span> <span class='ocrx_word' id='word_1_548' title='bbox 2013 3867 2064 3933; x_wconf 73' lang='grc' dir='ltr'><strong>ἀ,</strong></span> 
     </span>
    </p>
   </div>
   <div class='ocr_carea' id='block_1_69' title="bbox 494 3953 2067 4030">
    <p class='ocr_par' dir='ltr' id='par_1_69' title="bbox 494 3953 2067 4030">
     <span class='ocr_line' id='line_1_69' title="bbox 494 3953 2067 4030; baseline 0.006 -24"><span class='ocrx_word' id='word_1_549' title='bbox 494 3953 937 4012; x_wconf 75' lang='lat' dir='ltr'><strong>adolescentulum</strong></span> <span class='ocrx_word' id='word_1_550' title='bbox 988 3968 1036 4014; x_wconf 89' lang='lat' dir='ltr'><strong>et</strong></span> <span class='ocrx_word' id='word_1_551' title='bbox 1083 3959 1362 4030; x_wconf 80' lang='lat' dir='ltr'><strong>virginem,</strong></span> <span class='ocrx_word' id='word_1_552' title='bbox 1403 3959 1680 4029; x_wconf 80' lang='lat' dir='ltr'><strong>paruulum</strong></span> <span class='ocrx_word' id='word_1_553' title='bbox 1725 3971 1772 4016; x_wconf 89' lang='lat' dir='ltr'><strong>et</strong></span> <span class='ocrx_word' id='word_1_554' title='bbox 1825 3961 2067 4016; x_wconf 83' lang='lat' dir='ltr'><strong>mulieres</strong></span> 
     </span>
    </p>
   </div>
   <div class='ocr_carea' id='block_1_70' title="bbox 489 4043 2064 4124">
    <p class='ocr_par' dir='ltr' id='par_1_70' title="bbox 489 4043 2064 4124">
     <span class='ocr_line' id='line_1_70' title="bbox 489 4043 2064 4124; baseline 0.008 -27"><span class='ocrx_word' id='word_1_555' title='bbox 489 4043 762 4114; x_wconf 83' lang='lat' dir='ltr'><strong>interﬁcite</strong></span> <span class='ocrx_word' id='word_1_556' title='bbox 789 4063 810 4086; x_wconf 77' lang='grc' dir='ltr'><strong><em>ο</em></strong></span> <span class='ocrx_word' id='word_1_557' title='bbox 843 4066 1004 4120; x_wconf 86' lang='lat' dir='ltr'><strong>usque</strong></span> <span class='ocrx_word' id='word_1_558' title='bbox 1028 4050 1097 4104; x_wconf 86' lang='lat' dir='ltr'><strong>ad</strong></span> <span class='ocrx_word' id='word_1_559' title='bbox 1119 4051 1539 4107; x_wconf 84' lang='lat' dir='ltr'><strong>internecionem.</strong></span> <span class='ocrx_word' id='word_1_560' title='bbox 1574 4051 1815 4119; x_wconf 86' lang='lat' dir='ltr'><strong>Omnem,</strong></span> <span class='ocrx_word' id='word_1_561' title='bbox 1869 4054 2064 4124; x_wconf 88' lang='lat' dir='ltr'><strong>inquit,</strong></span> 
     </span>
    </p>
   </div>
   <div class='ocr_carea' id='block_1_71' title="bbox 490 4139 2067 4208">
    <p class='ocr_par' dir='ltr' id='par_1_71' title="bbox 490 4139 2067 4208">
     <span class='ocr_line' id='line_1_71' title="bbox 490 4139 2067 4208; baseline 0.007 -20"><span class='ocrx_word' id='word_1_562' title='bbox 490 4149 649 4204; x_wconf 84' lang='lat' dir='ltr'><strong>super</strong></span> <span class='ocrx_word' id='word_1_563' title='bbox 679 4153 828 4206; x_wconf 79' lang='lat' dir='ltr'><strong>quem</strong></span> <span class='ocrx_word' id='word_1_564' title='bbox 859 4139 1088 4194; x_wconf 81' lang='lat' dir='ltr'><strong>videritis</strong></span> <span class='ocrx_word' id='word_1_565' title='bbox 1113 4141 1238 4195; x_wconf 91' lang='lat' dir='ltr'><strong>thau</strong></span> <span class='ocrx_word' id='word_1_566' title='bbox 1263 4158 1363 4196; x_wconf 88' lang='lat' dir='ltr'><strong>non</strong></span> <span class='ocrx_word' id='word_1_567' title='bbox 1383 4143 1663 4208; x_wconf 87' lang='lat' dir='ltr'><strong>occidatis;</strong></span> <span class='ocrx_word' id='word_1_568' title='bbox 1698 4154 1746 4198; x_wconf 89' lang='lat' dir='ltr'><strong>et</strong></span> <span class='ocrx_word' id='word_1_569' title='bbox 1769 4156 2067 4202; x_wconf 82' lang='lat' dir='ltr'><strong>asanctua-</strong></span> 
     </span>
    </p>
   </div>
   <div class='ocr_carea' id='block_1_72' title="bbox 485 4229 2062 4310">
    <p class='ocr_par' dir='ltr' id='par_1_72' title="bbox 485 4229 2062 4310">
     <span class='ocr_line' id='line_1_72' title="bbox 485 4229 2062 4310; baseline 0.008 -30"><span class='ocrx_word' id='word_1_570' title='bbox 485 4229 567 4281; x_wconf 89' lang='lat' dir='ltr'><strong>rio</strong></span> <span class='ocrx_word' id='word_1_571' title='bbox 588 4245 700 4284; x_wconf 91' lang='lat' dir='ltr'><strong>meo</strong></span> <span class='ocrx_word' id='word_1_572' title='bbox 731 4232 940 4302; x_wconf 87' lang='lat' dir='ltr'><strong>incipite</strong></span> <span class='ocrx_word' id='word_1_573' title='bbox 969 4232 1185 4303; x_wconf 79' lang='lat' dir='ltr'><strong>(Ezech.</strong></span> <span class='ocrx_word' id='word_1_574' title='bbox 1239 4251 1315 4302; x_wconf 84' lang='lat' dir='ltr'><strong>Ix,</strong></span> <span class='ocrx_word' id='word_1_575' title='bbox 1355 4233 1433 4305; x_wconf 84' lang='lat'><strong>5),</strong></span> <span class='ocrx_word' id='word_1_576' title='bbox 1463 4236 1577 4291; x_wconf 87' lang='lat' dir='ltr'><strong>sive</strong></span> <span class='ocrx_word' id='word_1_577' title='bbox 1606 4247 1667 4290; x_wconf 91' lang='lat' dir='ltr'><strong>ut</strong></span> <span class='ocrx_word' id='word_1_578' title='bbox 1689 4237 2062 4310; x_wconf 84' lang='lat' dir='ltr'><strong>Septuaginta,</strong></span> 
     </span>
    </p>
   </div>
   <div class='ocr_carea' id='block_1_73' title="bbox 488 4319 2067 4390">
    <p class='ocr_par' dir='ltr' id='par_1_73' title="bbox 488 4319 2067 4390">
     <span class='ocr_line' id='line_1_73' title="bbox 488 4319 2067 4390; baseline 0.007 -17"><span class='ocrx_word' id='word_1_579' title='bbox 488 4319 506 4358; x_wconf 74' lang='grc' dir='ltr'>ί</span> <span class='ocrx_word' id='word_1_580' title='bbox 533 4337 566 4373; x_wconf 86' lang='lat' dir='ltr'><strong>a</strong></span> <span class='ocrx_word' id='word_1_581' title='bbox 597 4323 791 4377; x_wconf 87' lang='lat' dir='ltr'><strong>sanctis</strong></span> <span class='ocrx_word' id='word_1_582' title='bbox 821 4325 969 4390; x_wconf 85' lang='lat' dir='ltr'><strong>meis,</strong></span> <span class='ocrx_word' id='word_1_583' title='bbox 997 4325 1050 4380; x_wconf 91' lang='lat' dir='ltr'><strong>id</strong></span> <span class='ocrx_word' id='word_1_584' title='bbox 1099 4333 1184 4380; x_wconf 89' lang='lat' dir='ltr'><strong>est</strong></span> <span class='ocrx_word' id='word_1_585' title='bbox 1213 4342 1243 4380; x_wconf 88' lang='lat' dir='ltr'><strong>a</strong></span> <span class='ocrx_word' id='word_1_586' title='bbox 1292 4327 1664 4383; x_wconf 87' lang='lat' dir='ltr'><strong>sacerdotibus</strong></span> <span class='ocrx_word' id='word_1_587' title='bbox 1709 4337 1765 4382; x_wconf 86' lang='lat' dir='ltr'><strong>et</strong></span> <span class='ocrx_word' id='word_1_588' title='bbox 1803 4329 2067 4384; x_wconf 86' lang='lat' dir='ltr'><strong>ministris</strong></span> 
     </span>
    </p>
   </div>
   <div class='ocr_carea' id='block_1_74' title="bbox 480 4411 2064 4492">
    <p class='ocr_par' dir='ltr' id='par_1_74' title="bbox 480 4411 2064 4492">
     <span class='ocr_line' id='line_1_74' title="bbox 480 4411 2064 4492; baseline 0.007 -26"><span class='ocrx_word' id='word_1_589' title='bbox 480 4411 666 4466; x_wconf 85' lang='lat' dir='ltr'><strong>altaris</strong></span> <span class='ocrx_word' id='word_1_590' title='bbox 705 4433 716 4467; x_wconf 87' lang='lat'><strong>:</strong></span> <span class='ocrx_word' id='word_1_591' title='bbox 742 4431 846 4470; x_wconf 91' lang='lat' dir='ltr'><strong>non</strong></span> <span class='ocrx_word' id='word_1_592' title='bbox 879 4419 1017 4486; x_wconf 90' lang='lat' dir='ltr'><strong>quod</strong></span> <span class='ocrx_word' id='word_1_593' title='bbox 1052 4419 1225 4474; x_wconf 88' lang='lat' dir='ltr'><strong>sancti</strong></span> <span class='ocrx_word' id='word_1_594' title='bbox 1250 4419 1380 4485; x_wconf 91' lang='lat' dir='ltr'><strong>sint,</strong></span> <span class='ocrx_word' id='word_1_595' title='bbox 1407 4420 1500 4476; x_wconf 90' lang='lat' dir='ltr'><strong>sed</strong></span> <span class='ocrx_word' id='word_1_596' title='bbox 1531 4420 1656 4491; x_wconf 88' lang='lat' dir='ltr'><strong>quia</strong></span> <span class='ocrx_word' id='word_1_597' title='bbox 1688 4436 1788 4492; x_wconf 92' lang='lat' dir='ltr'><strong>pro</strong></span> <span class='ocrx_word' id='word_1_598' title='bbox 1818 4422 2064 4477; x_wconf 89' lang='lat' dir='ltr'><strong>ministe-</strong></span> 
     </span>
    </p>
   </div>
   <div class='ocr_carea' id='block_1_75' title="bbox 480 4505 2063 4582">
    <p class='ocr_par' dir='ltr' id='par_1_75' title="bbox 480 4505 2063 4582">
     <span class='ocr_line' id='line_1_75' title="bbox 480 4505 2063 4582; baseline 0.007 -25"><span class='ocrx_word' id='word_1_599' title='bbox 480 4505 560 4558; x_wconf 93' lang='lat' dir='ltr'><strong>rio</strong></span> <span class='ocrx_word' id='word_1_600' title='bbox 587 4506 809 4561; x_wconf 59' lang='lat' dir='ltr'><strong>sancti“</strong></span> <span class='ocrx_word' id='word_1_601' title='bbox 838 4517 1102 4564; x_wconf 88' lang='lat' dir='ltr'><strong>vocantur</strong></span> <span class='ocrx_word' id='word_1_602' title='bbox 1148 4511 1202 4566; x_wconf 92' lang='lat' dir='ltr'><strong>in</strong></span> <span class='ocrx_word' id='word_1_603' title='bbox 1231 4511 1447 4582; x_wconf 90' lang='lat' dir='ltr'><strong>populo,</strong></span> <span class='ocrx_word' id='word_1_604' title='bbox 1498 4521 1559 4566; x_wconf 88' lang='lat' dir='ltr'><strong>ut</strong></span> <span class='ocrx_word' id='word_1_605' title='bbox 1611 4513 1700 4582; x_wconf 91' lang='lat' dir='ltr'><strong>qui</strong></span> <span class='ocrx_word' id='word_1_606' title='bbox 1751 4522 1875 4570; x_wconf 92' lang='lat' dir='ltr'><strong>sunt</strong></span> <span class='ocrx_word' id='word_1_607' title='bbox 1901 4528 2063 4568; x_wconf 88' lang='lat' dir='ltr'><strong>causa</strong></span> 
     </span>
    </p>
   </div>
   <div class='ocr_carea' id='block_1_76' title="bbox 2175 3312 3777 3388">
    <p class='ocr_par' dir='ltr' id='par_1_76' title="bbox 2175 3312 3777 3388">
     <span class='ocr_line' id='line_1_76' title="bbox 2175 3312 3777 3388; baseline -0.003 -17"><span class='ocrx_word' id='word_1_608' title='bbox 2175 3316 2312 3371; x_wconf 83' lang='lat' dir='ltr'><strong>forte</strong></span> <span class='ocrx_word' id='word_1_609' title='bbox 2333 3328 2372 3356; x_wconf 82' lang='grc' dir='ltr'>ω</span> <span class='ocrx_word' id='word_1_610' title='bbox 2405 3316 2470 3371; x_wconf 88' lang='lat' dir='ltr'><strong>ad</strong></span> <span class='ocrx_word' id='word_1_611' title='bbox 2490 3315 2606 3370; x_wconf 83' lang='lat' dir='ltr'><strong>haec</strong></span> <span class='ocrx_word' id='word_1_612' title='bbox 2627 3323 2923 3387; x_wconf 81' lang='lat' dir='ltr'><strong>quaeratur.</strong></span> <span class='ocrx_word' id='word_1_613' title='bbox 2971 3312 3029 3368; x_wconf 92' lang='lat' dir='ltr'><strong>Si</strong></span> <span class='ocrx_word' id='word_1_614' title='bbox 3055 3321 3343 3388; x_wconf 87' lang='lat' dir='ltr'><strong>propterea</strong></span> <span class='ocrx_word' id='word_1_615' title='bbox 3371 3322 3400 3350; x_wconf 76' lang='grc' dir='ltr'><strong>ιι</strong></span> <span class='ocrx_word' id='word_1_616' title='bbox 3424 3313 3777 3368; x_wconf 90' lang='lat' dir='ltr'><strong>inﬁrmantur</strong></span> 
     </span>
    </p>
   </div>
   <div class='ocr_carea' id='block_1_77' title="bbox 2173 3404 3771 3478">
    <p class='ocr_par' dir='ltr' id='par_1_77' title="bbox 2173 3404 3771 3478">
     <span class='ocr_line' id='line_1_77' title="bbox 2173 3404 3771 3478; baseline -0.004 -15"><span class='ocrx_word' id='word_1_617' title='bbox 2173 3417 2227 3464; x_wconf 90' lang='lat' dir='ltr'><strong>et</strong></span> <span class='ocrx_word' id='word_1_618' title='bbox 2253 3407 2526 3463; x_wconf 88' lang='lat' dir='ltr'><strong>dormiunt</strong></span> <span class='ocrx_word' id='word_1_619' title='bbox 2553 3405 2729 3471; x_wconf 91' lang='lat' dir='ltr'><strong>multi,</strong></span> <span class='ocrx_word' id='word_1_620' title='bbox 2768 3422 2864 3461; x_wconf 89' lang='lat' dir='ltr'><strong>cur</strong></span> <span class='ocrx_word' id='word_1_621' title='bbox 2894 3421 3004 3460; x_wconf 90' lang='lat' dir='ltr'><strong>non</strong></span> <span class='ocrx_word' id='word_1_622' title='bbox 3035 3406 3254 3475; x_wconf 88' lang='lat' dir='ltr'><strong>aperte?</strong></span> <span class='ocrx_word' id='word_1_623' title='bbox 3293 3404 3591 3478; x_wconf 61' lang='lat' dir='ltr'><strong>praesertim</strong></span> <span class='ocrx_word' id='word_1_624' title='bbox 3638 3419 3771 3458; x_wconf 88' lang='lat' dir='ltr'><strong>cum</strong></span> 
     </span>
    </p>
   </div>
   <div class='ocr_carea' id='block_1_78' title="bbox 2172 3491 3770 3570">
    <p class='ocr_par' dir='ltr' id='par_1_78' title="bbox 2172 3491 3770 3570">
     <span class='ocr_line' id='line_1_78' title="bbox 2172 3491 3770 3570; baseline -0.004 -15"><span class='ocrx_word' id='word_1_625' title='bbox 2172 3499 2343 3570; x_wconf 88' lang='lat' dir='ltr'><strong>magis</strong></span> <span class='ocrx_word' id='word_1_626' title='bbox 2385 3498 2460 3553; x_wconf 92' lang='lat' dir='ltr'><strong>illi</strong></span> <span class='ocrx_word' id='word_1_627' title='bbox 2507 3498 2826 3568; x_wconf 89' lang='lat' dir='ltr'><strong>puniantur,</strong></span> <span class='ocrx_word' id='word_1_628' title='bbox 2869 3497 2960 3569; x_wconf 85' lang='lat' dir='ltr'><strong>qui</strong></span> <span class='ocrx_word' id='word_1_629' title='bbox 2995 3496 3090 3551; x_wconf 93' lang='lat' dir='ltr'><strong>Dei</strong></span> <span class='ocrx_word' id='word_1_630' title='bbox 3145 3496 3489 3567; x_wconf 88' lang='lat' dir='ltr'><strong>correptione</strong></span> <span class='ocrx_word' id='word_1_631' title='bbox 3511 3491 3770 3562; x_wconf 84' lang='lat' dir='ltr'><strong>judican-</strong></span> 
     </span>
    </p>
   </div>
   <div class='ocr_carea' id='block_1_79' title="bbox 2172 3585 3770 3663">
    <p class='ocr_par' dir='ltr' id='par_1_79' title="bbox 2172 3585 3770 3663">
     <span class='ocr_line' id='line_1_79' title="bbox 2172 3585 3770 3663; baseline -0.006 -17"><span class='ocrx_word' id='word_1_632' title='bbox 2172 3601 2260 3648; x_wconf 92' lang='lat' dir='ltr'><strong>tur</strong></span> <span class='ocrx_word' id='word_1_633' title='bbox 2279 3591 2516 3663; x_wconf 89' lang='lat' dir='ltr'><strong>indigni:</strong></span> <span class='ocrx_word' id='word_1_634' title='bbox 2552 3590 2806 3644; x_wconf 91' lang='lat' dir='ltr'><strong>nimirum</strong></span> <span class='ocrx_word' id='word_1_635' title='bbox 2827 3589 2952 3660; x_wconf 87' lang='lat' dir='ltr'><strong>quia</strong></span> <span class='ocrx_word' id='word_1_636' title='bbox 2980 3587 3112 3642; x_wconf 88' lang='lat' dir='ltr'><strong>ﬁdes</strong></span> <span class='ocrx_word' id='word_1_637' title='bbox 3129 3596 3444 3643; x_wconf 87' lang='lat' dir='ltr'><strong>renatorum</strong></span> <span class='ocrx_word' id='word_1_638' title='bbox 3460 3585 3770 3641; x_wconf 77' lang='lat' dir='ltr'><strong>exercenda</strong></span> 
     </span>
    </p>
   </div>
   <div class='ocr_carea' id='block_1_80' title="bbox 2171 3677 3771 3753">
    <p class='ocr_par' dir='ltr' id='par_1_80' title="bbox 2171 3677 3771 3753">
     <span class='ocr_line' id='line_1_80' title="bbox 2171 3677 3771 3753; baseline -0.005 -17"><span class='ocrx_word' id='word_1_639' title='bbox 2171 3691 2226 3736; x_wconf 91' lang='lat' dir='ltr'><strong>et</strong></span> <span class='ocrx_word' id='word_1_640' title='bbox 2251 3681 2548 3753; x_wconf 88' lang='lat' dir='ltr'><strong>probanda,</strong></span> <span class='ocrx_word' id='word_1_641' title='bbox 2578 3694 2788 3734; x_wconf 91' lang='lat' dir='ltr'><strong>necnon</strong></span> <span class='ocrx_word' id='word_1_642' title='bbox 2829 3686 2882 3734; x_wconf 89' lang='lat' dir='ltr'><strong>et</strong></span> <span class='ocrx_word' id='word_1_643' title='bbox 2914 3678 3157 3734; x_wconf 91' lang='lat' dir='ltr'><strong>doctrina</strong></span> <span class='ocrx_word' id='word_1_644' title='bbox 3182 3686 3577 3748; x_wconf 64' lang='lat' dir='ltr'><strong>praeceptorum</strong></span> <span class='ocrx_word' id='word_1_645' title='bbox 3606 3677 3771 3730; x_wconf 91' lang='lat' dir='ltr'><strong>homo</strong></span> 
     </span>
    </p>
   </div>
   <div class='ocr_carea' id='block_1_81' title="bbox 2171 3770 3767 3842">
    <p class='ocr_par' dir='ltr' id='par_1_81' title="bbox 2171 3770 3767 3842">
     <span class='ocr_line' id='line_1_81' title="bbox 2171 3770 3767 3842; baseline -0.006 -11"><span class='ocrx_word' id='word_1_646' title='bbox 2171 3776 2520 3832; x_wconf 89' lang='lat' dir='ltr'><strong>erudiendus.</strong></span> <span class='ocrx_word' id='word_1_647' title='bbox 2553 3774 2758 3829; x_wconf 88' lang='lat' dir='ltr'><strong>Tamen</strong></span> <span class='ocrx_word' id='word_1_648' title='bbox 2802 3787 2903 3830; x_wconf 90' lang='lat' dir='ltr'><strong>nec</strong></span> <span class='ocrx_word' id='word_1_649' title='bbox 2943 3773 3164 3828; x_wconf 88' lang='lat' dir='ltr'><strong>dubium</strong></span> <span class='ocrx_word' id='word_1_650' title='bbox 3194 3772 3323 3842; x_wconf 89' lang='lat' dir='ltr'><strong>quin</strong></span> <span class='ocrx_word' id='word_1_651' title='bbox 3362 3770 3539 3826; x_wconf 88' lang='lat' dir='ltr'><strong>ﬁdelis</strong></span> <span class='ocrx_word' id='word_1_652' title='bbox 3575 3770 3767 3834; x_wconf 85' lang='lat' dir='ltr'><strong>vitam,</strong></span> 
     </span>
    </p>
   </div>
   <div class='ocr_carea' id='block_1_82' title="bbox 2169 3863 3764 3940">
    <p class='ocr_par' dir='ltr' id='par_1_82' title="bbox 2169 3863 3764 3940">
     <span class='ocr_line' id='line_1_82' title="bbox 2169 3863 3764 3940; baseline -0.007 -15"><span class='ocrx_word' id='word_1_653' title='bbox 2169 3877 2512 3940; x_wconf 87' lang='lat' dir='ltr'><strong>contemptor</strong></span> <span class='ocrx_word' id='word_1_654' title='bbox 2549 3883 2678 3923; x_wconf 89' lang='lat' dir='ltr'><strong>vero</strong></span> <span class='ocrx_word' id='word_1_655' title='bbox 2725 3875 2954 3922; x_wconf 91' lang='lat' dir='ltr'><strong>mortem</strong></span> <span class='ocrx_word' id='word_1_656' title='bbox 2983 3865 3231 3935; x_wconf 84' lang='lat' dir='ltr'><strong>accipiat.</strong></span> <span class='ocrx_word' id='word_1_657' title='bbox 3260 3863 3409 3920; x_wconf 84' lang='lat' dir='ltr'><strong>Alias</strong></span> <span class='ocrx_word' id='word_1_658' title='bbox 3443 3863 3489 3918; x_wconf 90' lang='lat' dir='ltr'><strong>si</strong></span> <span class='ocrx_word' id='word_1_659' title='bbox 3547 3876 3764 3932; x_wconf 83' lang='lat' dir='ltr'><strong>semper</strong></span> 
     </span>
    </p>
   </div>
   <div class='ocr_carea' id='block_1_83' title="bbox 2170 3955 3772 4031">
    <p class='ocr_par' dir='ltr' id='par_1_83' title="bbox 2170 3955 3772 4031">
     <span class='ocr_line' id='line_1_83' title="bbox 2170 3955 3772 4031; baseline -0.004 -16"><span class='ocrx_word' id='word_1_660' title='bbox 2170 3961 2225 4016; x_wconf 92' lang='lat' dir='ltr'><strong>in</strong></span> <span class='ocrx_word' id='word_1_661' title='bbox 2239 3959 2586 4031; x_wconf 88' lang='lat' dir='ltr'><strong>peccantibus</strong></span> <span class='ocrx_word' id='word_1_662' title='bbox 2600 3967 2785 4028; x_wconf 89' lang='lat' dir='ltr'><strong>aperta</strong></span> <span class='ocrx_word' id='word_1_663' title='bbox 2811 3957 2944 4012; x_wconf 88' lang='lat' dir='ltr'><strong>ultio</strong></span> <span class='ocrx_word' id='word_1_664' title='bbox 2964 3957 3138 4023; x_wconf 87' lang='lat' dir='ltr'><strong>ﬁeret,</strong></span> <span class='ocrx_word' id='word_1_665' title='bbox 3157 3964 3333 4010; x_wconf 89' lang='lat' dir='ltr'><strong>terror</strong></span> <span class='ocrx_word' id='word_1_666' title='bbox 3349 3955 3602 4010; x_wconf 88' lang='lat' dir='ltr'><strong>homines</strong></span> <span class='ocrx_word' id='word_1_667' title='bbox 3619 3969 3772 4009; x_wconf 86' lang='lat' dir='ltr'><strong>com-</strong></span> 
     </span>
    </p>
   </div>
   <div class='ocr_carea' id='block_1_84' title="bbox 2168 4049 3772 4128">
    <p class='ocr_par' dir='ltr' id='par_1_84' title="bbox 2168 4049 3772 4128">
     <span class='ocr_line' id='line_1_84' title="bbox 2168 4049 3772 4128; baseline -0.004 -20"><span class='ocrx_word' id='word_1_668' title='bbox 2168 4062 2439 4125; x_wconf 83' lang='lat' dir='ltr'><strong>pesceret,</strong></span> <span class='ocrx_word' id='word_1_669' title='bbox 2469 4067 2576 4108; x_wconf 91' lang='lat' dir='ltr'><strong>non</strong></span> <span class='ocrx_word' id='word_1_670' title='bbox 2606 4051 2739 4106; x_wconf 91' lang='lat' dir='ltr'><strong>ﬁdes</strong></span> <span class='ocrx_word' id='word_1_671' title='bbox 2761 4050 2846 4107; x_wconf 90' lang='lat' dir='ltr'><strong>vel</strong></span> <span class='ocrx_word' id='word_1_672' title='bbox 2872 4050 3060 4128; x_wconf 85' lang='lat' dir='ltr'><strong>religio</strong></span> <span class='ocrx_word' id='word_1_673' title='bbox 3085 4049 3155 4108; x_wconf 88' lang='lat' dir='ltr'><strong>ad</strong></span> <span class='ocrx_word' id='word_1_674' title='bbox 3181 4050 3504 4122; x_wconf 87' lang='lat' dir='ltr'><strong>probitatem</strong></span> <span class='ocrx_word' id='word_1_675' title='bbox 3554 4063 3772 4105; x_wconf 82' lang='lat' dir='ltr'><strong>morum</strong></span> 
     </span>
    </p>
   </div>
   <div class='ocr_carea' id='block_1_85' title="bbox 2169 4137 3769 4212">
    <p class='ocr_par' dir='ltr' id='par_1_85' title="bbox 2169 4137 3769 4212">
     <span class='ocr_line' id='line_1_85' title="bbox 2169 4137 3769 4212; baseline -0.005 -14"><span class='ocrx_word' id='word_1_676' title='bbox 2169 4144 2452 4201; x_wconf 85' lang='lat' dir='ltr'><strong>imbueret.</strong></span> <span class='ocrx_word' id='word_1_677' title='bbox 2512 4141 2665 4198; x_wconf 91' lang='lat' dir='ltr'><strong>Unde</strong></span> <span class='ocrx_word' id='word_1_678' title='bbox 2709 4143 3002 4198; x_wconf 90' lang='lat' dir='ltr'><strong>secundum</strong></span> <span class='ocrx_word' id='word_1_679' title='bbox 3057 4139 3371 4211; x_wconf 85' lang='lat' dir='ltr'><strong>Apostolum</strong></span> <span class='ocrx_word' id='word_1_680' title='bbox 3424 4137 3578 4212; x_wconf 72' lang='lat' dir='ltr'><strong>(lac.</strong></span> <span class='ocrx_word' id='word_1_681' title='bbox 3634 4155 3694 4192; x_wconf 61' lang='lat' dir='ltr'><strong>xv</strong></span> <span class='ocrx_word' id='word_1_682' title='bbox 3726 4145 3769 4204; x_wconf 75' lang='lat'><strong>),</strong></span> 
     </span>
    </p>
   </div>
   <div class='ocr_carea' id='block_1_86' title="bbox 2169 4229 3768 4305">
    <p class='ocr_par' dir='ltr' id='par_1_86' title="bbox 2169 4229 3768 4305">
     <span class='ocr_line' id='line_1_86' title="bbox 2169 4229 3768 4305; baseline -0.004 -15"><span class='ocrx_word' id='word_1_683' title='bbox 2169 4251 2290 4290; x_wconf 88' lang='lat' dir='ltr'><strong>cum</strong></span> <span class='ocrx_word' id='word_1_684' title='bbox 2317 4235 2511 4305; x_wconf 89' lang='lat' dir='ltr'><strong>aliquis</strong></span> <span class='ocrx_word' id='word_1_685' title='bbox 2541 4234 2867 4300; x_wconf 86' lang='lat' dir='ltr'><strong>inﬁrmatur,</strong></span> <span class='ocrx_word' id='word_1_686' title='bbox 2898 4233 3050 4305; x_wconf 90' lang='lat' dir='ltr'><strong>prius</strong></span> <span class='ocrx_word' id='word_1_687' title='bbox 3079 4231 3384 4287; x_wconf 89' lang='lat' dir='ltr'><strong>adhibenda</strong></span> <span class='ocrx_word' id='word_1_688' title='bbox 3416 4239 3502 4285; x_wconf 89' lang='lat' dir='ltr'><strong>est</strong></span> <span class='ocrx_word' id='word_1_689' title='bbox 3545 4229 3768 4284; x_wconf 80' lang='lat' dir='ltr'><strong>confes-</strong></span> 
     </span>
    </p>
   </div>
   <div class='ocr_carea' id='block_1_87' title="bbox 2168 4325 3775 4400">
    <p class='ocr_par' dir='ltr' id='par_1_87' title="bbox 2168 4325 3775 4400">
     <span class='ocr_line' id='line_1_87' title="bbox 2168 4325 3775 4400; baseline -0.002 -16"><span class='ocrx_word' id='word_1_690' title='bbox 2168 4331 2249 4385; x_wconf 91' lang='lat' dir='ltr'><strong>sio</strong></span> <span class='ocrx_word' id='word_1_691' title='bbox 2270 4329 2499 4400; x_wconf 91' lang='lat' dir='ltr'><strong>peccati,</strong></span> <span class='ocrx_word' id='word_1_692' title='bbox 2549 4328 2748 4384; x_wconf 91' lang='lat' dir='ltr'><strong>deinde</strong></span> <span class='ocrx_word' id='word_1_693' title='bbox 2789 4328 2970 4383; x_wconf 89' lang='lat' dir='ltr'><strong>oratio</strong></span> <span class='ocrx_word' id='word_1_694' title='bbox 2995 4327 3522 4398; x_wconf 72' lang='lat' dir='ltr'><strong>pluriatorum,post</strong></span> <span class='ocrx_word' id='word_1_695' title='bbox 3565 4325 3775 4384; x_wconf 77' lang='lat' dir='ltr'><strong>sancti-</strong></span> 
     </span>
    </p>
   </div>
   <div class='ocr_carea' id='block_1_88' title="bbox 2168 4418 3772 4490">
    <p class='ocr_par' dir='ltr' id='par_1_88' title="bbox 2168 4418 3772 4490">
     <span class='ocr_line' id='line_1_88' title="bbox 2168 4418 3772 4490; baseline -0.002 -16"><span class='ocrx_word' id='word_1_696' title='bbox 2168 4422 2352 4477; x_wconf 88' lang='lat' dir='ltr'><strong>ﬁcatio</strong></span> <span class='ocrx_word' id='word_1_697' title='bbox 2385 4429 2412 4458; x_wconf 86' lang='lat'><strong>°</strong></span> <span class='ocrx_word' id='word_1_698' title='bbox 2441 4421 2716 4475; x_wconf 88' lang='lat' dir='ltr'><strong>unctionis</strong></span> <span class='ocrx_word' id='word_1_699' title='bbox 2747 4438 2762 4474; x_wconf 90' lang='lat'>:</span> <span class='ocrx_word' id='word_1_700' title='bbox 2798 4421 2926 4490; x_wconf 87' lang='lat' dir='ltr'><strong>quia</strong></span> <span class='ocrx_word' id='word_1_701' title='bbox 2956 4419 3288 4490; x_wconf 81' lang='lat' dir='ltr'><strong>impossibile</strong></span> <span class='ocrx_word' id='word_1_702' title='bbox 3311 4428 3399 4475; x_wconf 88' lang='lat' dir='ltr'><strong>est</strong></span> <span class='ocrx_word' id='word_1_703' title='bbox 3417 4433 3519 4488; x_wconf 88' lang='lat' dir='ltr'><strong>per</strong></span> <span class='ocrx_word' id='word_1_704' title='bbox 3539 4418 3772 4472; x_wconf 85' lang='lat' dir='ltr'><strong>medici—</strong></span> 
     </span>
    </p>
   </div>
   <div class='ocr_carea' id='block_1_89' title="bbox 2169 4510 3764 4582">
    <p class='ocr_par' dir='ltr' id='par_1_89' title="bbox 2169 4510 3764 4582">
     <span class='ocr_line' id='line_1_89' title="bbox 2169 4510 3764 4582; baseline -0.003 -16"><span class='ocrx_word' id='word_1_705' title='bbox 2169 4527 2296 4567; x_wconf 91' lang='lat' dir='ltr'><strong>nam</strong></span> <span class='ocrx_word' id='word_1_706' title='bbox 2343 4513 2521 4567; x_wconf 90' lang='lat' dir='ltr'><strong>sanari</strong></span> <span class='ocrx_word' id='word_1_707' title='bbox 2554 4511 2717 4567; x_wconf 89' lang='lat' dir='ltr'><strong>ullius</strong></span> <span class='ocrx_word' id='word_1_708' title='bbox 2741 4512 2898 4578; x_wconf 89' lang='lat' dir='ltr'><strong>artis,</strong></span> <span class='ocrx_word' id='word_1_709' title='bbox 2947 4527 3105 4582; x_wconf 86' lang='lat' dir='ltr'><strong>quem</strong></span> <span class='ocrx_word' id='word_1_710' title='bbox 3131 4511 3312 4566; x_wconf 87' lang='lat' dir='ltr'><strong>divina</strong></span> <span class='ocrx_word' id='word_1_711' title='bbox 3333 4510 3472 4566; x_wconf 87' lang='lat' dir='ltr'><strong>ultio</strong></span> <span class='ocrx_word' id='word_1_712' title='bbox 3522 4510 3764 4581; x_wconf 84' lang='lat' dir='ltr'><strong>premit;</strong></span> 
     </span>
    </p>
   </div>
   <div class='ocr_carea' id='block_1_90' title="bbox 479 4573 3772 4675">
    <p class='ocr_par' dir='ltr' id='par_1_90' title="bbox 479 4573 3772 4675">
     <span class='ocr_line' id='line_1_90' title="bbox 479 4573 3772 4675; baseline 0.002 -24"><span class='ocrx_word' id='word_1_713' title='bbox 479 4597 689 4666; x_wconf 86' lang='lat' dir='ltr'><strong>peccati</strong></span> <span class='ocrx_word' id='word_1_714' title='bbox 723 4599 776 4652; x_wconf 92' lang='lat' dir='ltr'><strong>in</strong></span> <span class='ocrx_word' id='word_1_715' title='bbox 797 4599 971 4670; x_wconf 87' lang='lat' dir='ltr'><strong>plebe,</strong></span> <span class='ocrx_word' id='word_1_716' title='bbox 1000 4603 1158 4671; x_wconf 90' lang='lat' dir='ltr'><strong>primi</strong></span> <span class='ocrx_word' id='word_1_717' title='bbox 1203 4573 1475 4674; x_wconf 70' lang='lat' dir='ltr'><strong>excipiant</strong></span> <span class='ocrx_word' id='word_1_718' title='bbox 1525 4573 1844 4674; x_wconf 77' lang='lat' dir='ltr'><strong>supplicium</strong></span> <span class='ocrx_word' id='word_1_719' title='bbox 1879 4623 1892 4658; x_wconf 90' lang='lat'>:</span> <span class='ocrx_word' id='word_1_720' title='bbox 1935 4606 2065 4669; x_wconf 88' lang='lat' dir='ltr'><strong>quia</strong></span> <span class='ocrx_word' id='word_1_721' title='bbox 2088 4573 2145 4636; x_wconf 81' lang='lat' dir='ltr'><strong>D</strong></span> <span class='ocrx_word' id='word_1_722' title='bbox 2171 4612 2226 4658; x_wconf 91' lang='lat' dir='ltr'><strong>et</strong></span> <span class='ocrx_word' id='word_1_723' title='bbox 2246 4603 2291 4658; x_wconf 89' lang='lat' dir='ltr'><strong>si</strong></span> <span class='ocrx_word' id='word_1_724' title='bbox 2323 4604 2587 4660; x_wconf 88' lang='lat' dir='ltr'><strong>medicina</strong></span> <span class='ocrx_word' id='word_1_725' title='bbox 2616 4613 2700 4659; x_wconf 90' lang='lat' dir='ltr'><strong>est</strong></span> <span class='ocrx_word' id='word_1_726' title='bbox 2723 4573 3004 4670; x_wconf 74' lang='lat' dir='ltr'><strong>sectanda,</strong></span> <span class='ocrx_word' id='word_1_727' title='bbox 3055 4613 3234 4659; x_wconf 87' lang='lat' dir='ltr'><strong>tamen</strong></span> <span class='ocrx_word' id='word_1_728' title='bbox 3263 4603 3368 4660; x_wconf 88' lang='lat' dir='ltr'><strong>hoc</strong></span> <span class='ocrx_word' id='word_1_729' title='bbox 3398 4573 3550 4675; x_wconf 75' lang='lat' dir='ltr'><strong>prius</strong></span> <span class='ocrx_word' id='word_1_730' title='bbox 3600 4617 3772 4672; x_wconf 81' lang='lat' dir='ltr'><strong>agen-</strong></span> 
     </span>
    </p>
   </div>
   <div class='ocr_carea' id='block_1_91' title="bbox 422 4690 2065 4778">
    <p class='ocr_par' dir='ltr' id='par_1_91' title="bbox 422 4690 2065 4778">
     <span class='ocr_line' id='line_1_91' title="bbox 422 4690 2065 4778; baseline 0.009 -39"><span class='ocrx_word' id='word_1_731' title='bbox 422 4771 432 4778; x_wconf 30' lang='lat'><strong><em>.</em></strong></span> <span class='ocrx_word' id='word_1_732' title='bbox 476 4697 688 4756; x_wconf 90' lang='lat' dir='ltr'><strong>tempus</strong></span> <span class='ocrx_word' id='word_1_733' title='bbox 715 4697 799 4744; x_wconf 86' lang='lat' dir='ltr'><strong>est</strong></span> <span class='ocrx_word' id='word_1_734' title='bbox 822 4698 882 4744; x_wconf 92' lang='lat' dir='ltr'><strong>ut</strong></span> <span class='ocrx_word' id='word_1_735' title='bbox 902 4690 1164 4760; x_wconf 86' lang='lat' dir='ltr'><strong>judicium</strong></span> <span class='ocrx_word' id='word_1_736' title='bbox 1200 4709 1228 4746; x_wconf 91' lang='lat' dir='ltr'><strong>a</strong></span> <span class='ocrx_word' id='word_1_737' title='bbox 1256 4693 1416 4749; x_wconf 90' lang='lat' dir='ltr'><strong>domo</strong></span> <span class='ocrx_word' id='word_1_738' title='bbox 1447 4694 1542 4750; x_wconf 92' lang='lat' dir='ltr'><strong>Dei</strong></span> <span class='ocrx_word' id='word_1_739' title='bbox 1571 4695 1818 4767; x_wconf 82' lang='lat' dir='ltr'><strong>incipiat.</strong></span> <span class='ocrx_word' id='word_1_740' title='bbox 1858 4696 1964 4753; x_wconf 91' lang='lat' dir='ltr'><strong>Sed</strong></span> <span class='ocrx_word' id='word_1_741' title='bbox 1995 4713 2065 4754; x_wconf 88' lang='lat' dir='ltr'><strong>ne</strong></span> 
     </span>
    </p>
   </div>
   <div class='ocr_carea' id='block_1_92' title="bbox 552 4821 2063 4899">
    <p class='ocr_par' dir='ltr' id='par_1_92' title="bbox 552 4821 2063 4899">
     <span class='ocr_line' id='line_1_92' title="bbox 552 4821 2063 4899; baseline 0.009 -25"><span class='ocrx_word' id='word_1_742' title='bbox 552 4834 575 4861; x_wconf 61' lang='grc'><strong>³</strong></span> <span class='ocrx_word' id='word_1_743' title='bbox 602 4821 667 4899; x_wconf 80' lang='lat' dir='ltr'><strong>_ln</strong></span> <span class='ocrx_word' id='word_1_744' title='bbox 685 4823 818 4899; x_wconf 29' lang='lat' dir='ltr'><strong>Acod.</strong></span> <span class='ocrx_word' id='word_1_745' title='bbox 843 4823 1013 4899; x_wconf 80' lang='lat' dir='ltr'><strong>Laub.</strong></span> <span class='ocrx_word' id='word_1_746' title='bbox 1033 4827 1120 4899; x_wconf 89' lang='lat' dir='ltr'><strong>hic</strong></span> <span class='ocrx_word' id='word_1_747' title='bbox 1142 4827 1415 4882; x_wconf 82' lang='lat' dir='ltr'><strong>exhibitur</strong></span> <span class='ocrx_word' id='word_1_748' title='bbox 1435 4845 1553 4899; x_wconf 83' lang='lat' dir='ltr'><strong>cap.</strong></span> <span class='ocrx_word' id='word_1_749' title='bbox 1579 4829 1743 4885; x_wconf 77' lang='lat' dir='ltr'>XXIII</span> <span class='ocrx_word' id='word_1_750' title='bbox 1767 4850 1779 4886; x_wconf 92' lang='lat'><strong>:</strong></span> <span class='ocrx_word' id='word_1_751' title='bbox 1811 4830 1965 4897; x_wconf 81' lang='lat' dir='ltr'><strong>Quod</strong></span> <span class='ocrx_word' id='word_1_752' title='bbox 1994 4834 2063 4888; x_wconf 88' lang='lat' dir='ltr'><strong>ad</strong></span> 
     </span>
    </p>
   </div>
   <div class='ocr_carea' id='block_1_93' title="bbox 471 4891 2062 4978">
    <p class='ocr_par' dir='ltr' id='par_1_93' title="bbox 471 4891 2062 4978">
     <span class='ocr_line' id='line_1_93' title="bbox 471 4891 2062 4978; baseline 0.009 -35"><span class='ocrx_word' id='word_1_753' title='bbox 471 4891 612 4978; x_wconf 80' lang='lat' dir='ltr'><strong>istud</strong></span> <span class='ocrx_word' id='word_1_754' title='bbox 644 4892 811 4975; x_wconf 78' lang='lat' dir='ltr'><strong>altare</strong></span> <span class='ocrx_word' id='word_1_755' title='bbox 827 4897 1020 4978; x_wconf 42' lang='lat' dir='ltr'><strong>isi-quis</strong></span> <span class='ocrx_word' id='word_1_756' title='bbox 1047 4898 1257 4967; x_wconf 85' lang='lat' dir='ltr'><strong>indigne</strong></span> <span class='ocrx_word' id='word_1_757' title='bbox 1290 4891 1582 4964; x_wconf 70' lang='lat' dir='ltr'><strong>accesserit,</strong></span> <span class='ocrx_word' id='word_1_758' title='bbox 1617 4891 1879 4972; x_wconf 74' lang='lat' dir='ltr'><strong>judicium</strong></span> <span class='ocrx_word' id='word_1_759' title='bbox 1911 4905 2062 4958; x_wconf 88' lang='lat' dir='ltr'><strong>dam-</strong></span> 
     </span>
    </p>
   </div>
   <div class='ocr_carea' id='block_1_94' title="bbox 471 4969 935 5036">
    <p class='ocr_par' dir='ltr' id='par_1_94' title="bbox 471 4969 935 5036">
     <span class='ocr_line' id='line_1_94' title="bbox 471 4969 935 5036; baseline 0.011 -21"><span class='ocrx_word' id='word_1_760' title='bbox 471 4969 701 5019; x_wconf 83' lang='lat' dir='ltr'><strong>nationis</strong></span> <span class='ocrx_word' id='word_1_761' title='bbox 723 4969 935 5036; x_wconf 76' lang='lat' dir='ltr'><strong>excipit.</strong></span> 
     </span>
    </p>
   </div>
   <div class='ocr_carea' id='block_1_95' title="bbox 539 5052 2056 5148">
    <p class='ocr_par' dir='ltr' id='par_1_95' title="bbox 539 5052 2056 5148">
     <span class='ocr_line' id='line_1_95' title="bbox 539 5052 2056 5148; baseline 0.009 -41"><span class='ocrx_word' id='word_1_762' title='bbox 539 5052 567 5092; x_wconf 69' lang='lat' dir='ltr'><strong>h</strong></span> <span class='ocrx_word' id='word_1_763' title='bbox 598 5053 1078 5148; x_wconf 43' lang='lat' dir='ltr'><strong>Edigiqjsignatum</strong></span> <span class='ocrx_word' id='word_1_764' title='bbox 1108 5071 1180 5114; x_wconf 83' lang='lat' dir='ltr'><strong>est</strong></span> <span class='ocrx_word' id='word_1_765' title='bbox 1213 5062 1416 5148; x_wconf 75' lang='lat' dir='ltr'><strong>signum</strong></span> <span class='ocrx_word' id='word_1_766' title='bbox 1462 5063 1632 5127; x_wconf 78' lang='lat' dir='ltr'><strong>T/tau,</strong></span> <span class='ocrx_word' id='word_1_767' title='bbox 1663 5065 1724 5148; x_wconf 68' lang='lat' dir='ltr'><strong>id</strong></span> <span class='ocrx_word' id='word_1_768' title='bbox 1746 5076 1818 5118; x_wconf 82' lang='lat' dir='ltr'><strong>est</strong></span> <span class='ocrx_word' id='word_1_769' title='bbox 1851 5067 2056 5148; x_wconf 75' lang='lat' dir='ltr'><strong>signum</strong></span> 
     </span>
    </p>
   </div>
   <div class='ocr_carea' id='block_1_96' title="bbox 469 5124 2057 5207">
    <p class='ocr_par' dir='ltr' id='par_1_96' title="bbox 469 5124 2057 5207">
     <span class='ocr_line' id='line_1_96' title="bbox 469 5124 2057 5207; baseline 0.008 -29"><span class='ocrx_word' id='word_1_770' title='bbox 469 5124 801 5207; x_wconf 35' lang='lat' dir='ltr'><strong>gnatas-83w</strong></span> <span class='ocrx_word' id='word_1_771' title='bbox 859 5124 988 5184; x_wconf 79' lang='lat' dir='ltr'><strong>mss.</strong></span> <span class='ocrx_word' id='word_1_772' title='bbox 1037 5124 1348 5203; x_wconf 75' lang='lat' dir='ltr'><strong>cxpungunt</strong></span> <span class='ocrx_word' id='word_1_773' title='bbox 1400 5136 1510 5189; x_wconf 60' lang='lat' dir='ltr'>IITC</span> <span class='ocrx_word' id='word_1_774' title='bbox 1567 5124 1724 5189; x_wconf 78' lang='lat' dir='ltr'><strong>verba</strong></span> <span class='ocrx_word' id='word_1_775' title='bbox 1775 5153 1787 5188; x_wconf 90' lang='lat'>:</span> <span class='ocrx_word' id='word_1_776' title='bbox 1847 5124 2057 5207; x_wconf 65' lang='lat' dir='ltr'><strong>signum</strong></span> 
     </span>
    </p>
   </div>
   <div class='ocr_carea' id='block_1_97' title="bbox 473 5191 842 5258">
    <p class='ocr_par' dir='ltr' id='par_1_97' title="bbox 473 5191 842 5258">
     <span class='ocr_line' id='line_1_97' title="bbox 473 5191 842 5258; baseline 0.019 -13"><span class='ocrx_word' id='word_1_777' title='bbox 473 5191 644 5258; x_wconf 76' lang='lat' dir='ltr'><strong>Thais,</strong></span> <span class='ocrx_word' id='word_1_778' title='bbox 668 5195 724 5251; x_wconf 88' lang='lat' dir='ltr'><strong>id</strong></span> <span class='ocrx_word' id='word_1_779' title='bbox 746 5209 842 5252; x_wconf 86' lang='lat' dir='ltr'><strong>est.</strong></span> 
     </span>
    </p>
   </div>
   <div class='ocr_carea' id='block_1_98' title="bbox 541 5265 1261 5340">
    <p class='ocr_par' dir='ltr' id='par_1_98' title="bbox 541 5265 1261 5340">
     <span class='ocr_line' id='line_1_98' title="bbox 541 5265 1261 5340; baseline 0.013 -21"><span class='ocrx_word' id='word_1_780' title='bbox 541 5275 563 5304; x_wconf 73' lang='grc' dir='ltr'><strong>ο</strong></span> <span class='ocrx_word' id='word_1_781' title='bbox 605 5265 773 5334; x_wconf 87' lang='lat' dir='ltr'><strong>Editi,</strong></span> <span class='ocrx_word' id='word_1_782' title='bbox 799 5279 852 5323; x_wconf 88' lang='lat' dir='ltr'><strong>ut</strong></span> <span class='ocrx_word' id='word_1_783' title='bbox 876 5271 1036 5340; x_wconf 84' lang='lat' dir='ltr'><strong>possit</strong></span> <span class='ocrx_word' id='word_1_784' title='bbox 1066 5273 1261 5328; x_wconf 89' lang='lat' dir='ltr'><strong>dicere.</strong></span> 
     </span>
    </p>
   </div>
   <div class='ocr_carea' id='block_1_99' title="bbox 535 5354 2060 5438">
    <p class='ocr_par' dir='ltr' id='par_1_99' title="bbox 535 5354 2060 5438">
     <span class='ocr_line' id='line_1_99' title="bbox 535 5354 2060 5438; baseline 0.009 -27"><span class='ocrx_word' id='word_1_785' title='bbox 535 5354 562 5395; x_wconf 76' lang='grc' dir='ltr'>ἀ</span> <span class='ocrx_word' id='word_1_786' title='bbox 595 5355 758 5438; x_wconf 88' lang='lat' dir='ltr'><strong>Sirm.</strong></span> <span class='ocrx_word' id='word_1_787' title='bbox 792 5359 999 5428; x_wconf 85' lang='lat' dir='ltr'><strong>Semen,</strong></span> <span class='ocrx_word' id='word_1_788' title='bbox 1027 5375 1217 5420; x_wconf 87' lang='lat' dir='ltr'><strong>contra</strong></span> <span class='ocrx_word' id='word_1_789' title='bbox 1270 5364 1429 5420; x_wconf 84' lang='lat' dir='ltr'><strong>ﬁdem</strong></span> <span class='ocrx_word' id='word_1_790' title='bbox 1491 5366 1732 5420; x_wconf 87' lang='lat' dir='ltr'><strong>omnium</strong></span> <span class='ocrx_word' id='word_1_791' title='bbox 1794 5383 1923 5426; x_wconf 80' lang='lat' dir='ltr'><strong>mss.</strong></span> <span class='ocrx_word' id='word_1_792' title='bbox 1969 5369 2060 5438; x_wconf 91' lang='lat' dir='ltr'><strong>qui</strong></span> 
     </span>
    </p>
   </div>
   <div class='ocr_carea' id='block_1_100' title="bbox 467 5427 873 5496">
    <p class='ocr_par' dir='ltr' id='par_1_100' title="bbox 467 5427 873 5496">
     <span class='ocr_line' id='line_1_100' title="bbox 467 5427 873 5496; baseline 0.012 -16"><span class='ocrx_word' id='word_1_793' title='bbox 467 5427 654 5496; x_wconf 89' lang='lat' dir='ltr'><strong>legunt</strong></span> <span class='ocrx_word' id='word_1_794' title='bbox 680 5445 873 5484; x_wconf 87' lang='lat' dir='ltr'><strong>senem.</strong></span> 
     </span>
    </p>
   </div>
   <div class='ocr_carea' id='block_1_101' title="bbox 539 5499 1263 5573">
    <p class='ocr_par' dir='ltr' id='par_1_101' title="bbox 539 5499 1263 5573">
     <span class='ocr_line' id='line_1_101' title="bbox 539 5499 1263 5573; baseline 0.011 -22"><span class='ocrx_word' id='word_1_795' title='bbox 539 5515 557 5535; x_wconf 74' lang='grc' dir='ltr'><strong>ε</strong></span> <span class='ocrx_word' id='word_1_796' title='bbox 582 5499 692 5566; x_wconf 85' lang='grc' dir='ltr'><strong>ΑΙ.,</strong></span> <span class='ocrx_word' id='word_1_797' title='bbox 724 5501 965 5558; x_wconf 85' lang='lat' dir='ltr'><strong>mulieres</strong></span> <span class='ocrx_word' id='word_1_798' title='bbox 991 5507 1263 5573; x_wconf 86' lang='lat' dir='ltr'><strong>percutite.</strong></span> 
     </span>
    </p>
   </div>
   <div class='ocr_carea' id='block_1_102' title="bbox 544 5587 2049 5672">
    <p class='ocr_par' dir='ltr' id='par_1_102' title="bbox 544 5587 2049 5672">
     <span class='ocr_line' id='line_1_102' title="bbox 544 5587 2049 5672; baseline 0.007 -29"><span class='ocrx_word' id='word_1_799' title='bbox 544 5587 898 5672; x_wconf 23' lang='lat' dir='ltr'><strong>f-C0t|.Laud.</strong></span> <span class='ocrx_word' id='word_1_800' title='bbox 928 5595 1022 5672; x_wconf 72' lang='lat' dir='ltr'><strong>hic</strong></span> <span class='ocrx_word' id='word_1_801' title='bbox 1042 5606 1385 5672; x_wconf 54' lang='lat' dir='ltr'><strong>repraesentat</strong></span> <span class='ocrx_word' id='word_1_802' title='bbox 1413 5612 1530 5672; x_wconf 84' lang='lat' dir='ltr'><strong>cap.</strong></span> <span class='ocrx_word' id='word_1_803' title='bbox 1549 5597 1717 5672; x_wconf 70' lang='lat' dir='ltr'><strong>XXIV</strong></span> <span class='ocrx_word' id='word_1_804' title='bbox 1746 5618 1757 5653; x_wconf 72' lang='grc' dir='ltr'>ε</span> <span class='ocrx_word' id='word_1_805' title='bbox 1787 5600 1938 5672; x_wconf 79' lang='lat' dir='ltr'><strong>Quod</strong></span> <span class='ocrx_word' id='word_1_806' title='bbox 1965 5619 2049 5672; x_wconf 84' lang='lat' dir='ltr'><strong>qut</strong></span> 
     </span>
    </p>
   </div>
   <div class='ocr_carea' id='block_1_103' title="bbox 466 5666 2050 5784">
    <p class='ocr_par' dir='ltr' id='par_1_103' title="bbox 466 5666 2050 5784">
     <span class='ocr_line' id='line_1_103' title="bbox 466 5666 2050 5779; baseline 0.011 -71"><span class='ocrx_word' id='word_1_807' title='bbox 466 5670 766 5779; x_wconf 67' lang='lat' dir='ltr'><strong>suntlcnusa</strong></span> <span class='ocrx_word' id='word_1_808' title='bbox 787 5667 982 5732; x_wconf 83' lang='lat' dir='ltr'><strong>peccati</strong></span> <span class='ocrx_word' id='word_1_809' title='bbox 1009 5667 1061 5718; x_wconf 86' lang='lat' dir='ltr'><strong>in</strong></span> <span class='ocrx_word' id='word_1_810' title='bbox 1083 5666 1244 5734; x_wconf 87' lang='lat' dir='ltr'><strong>plebe,</strong></span> <span class='ocrx_word' id='word_1_811' title='bbox 1270 5669 1425 5735; x_wconf 89' lang='lat' dir='ltr'><strong>primi</strong></span> <span class='ocrx_word' id='word_1_812' title='bbox 1456 5670 1716 5738; x_wconf 88' lang='lat' dir='ltr'><strong>accipiunt</strong></span> <span class='ocrx_word' id='word_1_813' title='bbox 1738 5666 2050 5740; x_wconf 82' lang='lat' dir='ltr'><strong>supplicium</strong></span> 
     </span>
     <span class='ocr_line' id='line_1_104' title="bbox 467 5743 759 5784; baseline 0.017 -5"><span class='ocrx_word' id='word_1_814' title='bbox 467 5745 519 5780; x_wconf 65' lang='grc' dir='ltr'><strong>ιη</strong></span> <span class='ocrx_word' id='word_1_815' title='bbox 542 5745 574 5780; x_wconf 89' lang='lat' dir='ltr'><strong>u</strong></span> <span class='ocrx_word' id='word_1_816' title='bbox 602 5743 759 5784; x_wconf 77' lang='lat' dir='ltr'><strong>tione.</strong></span> 
     </span>
    </p>
   </div>
   <div class='ocr_carea' id='block_1_104' title="bbox 541 5799 1589 5878">
    <p class='ocr_par' dir='ltr' id='par_1_104' title="bbox 541 5799 1589 5878">
     <span class='ocr_line' id='line_1_105' title="bbox 541 5799 1589 5878; baseline 0.011 -26"><span class='ocrx_word' id='word_1_817' title='bbox 541 5801 566 5838; x_wconf 72' lang='grc'><strong><em>⁸</em></strong></span> <span class='ocrx_word' id='word_1_818' title='bbox 592 5799 691 5854; x_wconf 85' lang='lat' dir='ltr'><strong>Ms.</strong></span> <span class='ocrx_word' id='word_1_819' title='bbox 730 5801 946 5872; x_wconf 75' lang='lat' dir='ltr'><strong>Maioris</strong></span> <span class='ocrx_word' id='word_1_820' title='bbox 973 5805 1136 5870; x_wconf 56' lang='lat' dir='ltr'><strong>Motu,</strong></span> <span class='ocrx_word' id='word_1_821' title='bbox 1171 5810 1589 5878; x_wconf 76' lang='lat' dir='ltr'><strong>sanctiﬁcantur.</strong></span> 
     </span>
    </p>
   </div>
   <div class='ocr_carea' id='block_1_105' title="bbox 2171 4692 3771 4767">
    <p class='ocr_par' dir='ltr' id='par_1_105' title="bbox 2171 4692 3771 4767">
     <span class='ocr_line' id='line_1_106' title="bbox 2171 4692 3771 4767; baseline -0.001 -18"><span class='ocrx_word' id='word_1_822' title='bbox 2171 4694 2299 4749; x_wconf 92' lang='lat' dir='ltr'><strong>dum</strong></span> <span class='ocrx_word' id='word_1_823' title='bbox 2326 4693 2676 4762; x_wconf 83' lang='lat' dir='ltr'><strong>Christiano;</strong></span> <span class='ocrx_word' id='word_1_824' title='bbox 2699 4695 2958 4766; x_wconf 88' lang='lat' dir='ltr'><strong>quoniam</strong></span> <span class='ocrx_word' id='word_1_825' title='bbox 3003 4694 3048 4750; x_wconf 88' lang='lat' dir='ltr'><strong>si</strong></span> <span class='ocrx_word' id='word_1_826' title='bbox 3078 4695 3132 4749; x_wconf 92' lang='lat' dir='ltr'><strong>in</strong></span> <span class='ocrx_word' id='word_1_827' title='bbox 3161 4694 3366 4767; x_wconf 90' lang='lat' dir='ltr'><strong>angelis</strong></span> <span class='ocrx_word' id='word_1_828' title='bbox 3412 4692 3658 4763; x_wconf 86' lang='lat' dir='ltr'><strong>pravitas</strong></span> <span class='ocrx_word' id='word_1_829' title='bbox 3683 4702 3771 4749; x_wconf 89' lang='lat' dir='ltr'><strong>est</strong></span> 
     </span>
    </p>
   </div>
   <div class='ocr_carea' id='block_1_106' title="bbox 2239 4827 3768 4901">
    <p class='ocr_par' dir='ltr' id='par_1_106' title="bbox 2239 4827 3768 4901">
     <span class='ocr_line' id='line_1_107' title="bbox 2239 4827 3768 4901; baseline 0.001 -19"><span class='ocrx_word' id='word_1_830' title='bbox 2239 4831 2269 4870; x_wconf 84' lang='lat' dir='ltr'><strong>h</strong></span> <span class='ocrx_word' id='word_1_831' title='bbox 2294 4828 2454 4882; x_wconf 86' lang='lat' dir='ltr'><strong>Mam.</strong></span> <span class='ocrx_word' id='word_1_832' title='bbox 2487 4827 2651 4883; x_wconf 92' lang='lat' dir='ltr'><strong>Ulim.</strong></span> <span class='ocrx_word' id='word_1_833' title='bbox 2683 4837 2736 4883; x_wconf 92' lang='lat' dir='ltr'><strong>et</strong></span> <span class='ocrx_word' id='word_1_834' title='bbox 2769 4827 2961 4896; x_wconf 92' lang='lat' dir='ltr'><strong>Sirm.,</strong></span> <span class='ocrx_word' id='word_1_835' title='bbox 2994 4829 3217 4901; x_wconf 81' lang='lat' dir='ltr'><strong>profana</strong></span> <span class='ocrx_word' id='word_1_836' title='bbox 3247 4836 3453 4892; x_wconf 87' lang='lat' dir='ltr'><strong>sancta,</strong></span> <span class='ocrx_word' id='word_1_837' title='bbox 3485 4837 3672 4883; x_wconf 84' lang='lat' dir='ltr'><strong>contra</strong></span> <span class='ocrx_word' id='word_1_838' title='bbox 3703 4827 3768 4883; x_wconf 83' lang='lat' dir='ltr'><strong>ﬁ-</strong></span> 
     </span>
    </p>
   </div>
   <div class='ocr_carea' id='block_1_107' title="bbox 2172 4901 2728 4955">
    <p class='ocr_par' dir='ltr' id='par_1_107' title="bbox 2172 4901 2728 4955">
     <span class='ocr_line' id='line_1_108' title="bbox 2172 4901 2728 4955; baseline -0.005 0"><span class='ocrx_word' id='word_1_839' title='bbox 2172 4901 2292 4955; x_wconf 90' lang='lat' dir='ltr'><strong>dem</strong></span> <span class='ocrx_word' id='word_1_840' title='bbox 2325 4901 2566 4953; x_wconf 90' lang='lat' dir='ltr'><strong>omnium</strong></span> <span class='ocrx_word' id='word_1_841' title='bbox 2598 4915 2728 4955; x_wconf 90' lang='lat' dir='ltr'><strong>mss.</strong></span> 
     </span>
    </p>
   </div>
   <div class='ocr_carea' id='block_1_108' title="bbox 2244 4966 3766 5041">
    <p class='ocr_par' dir='ltr' id='par_1_108' title="bbox 2244 4966 3766 5041">
     <span class='ocr_line' id='line_1_109' title="bbox 2244 4966 3766 5041; baseline 0 -19"><span class='ocrx_word' id='word_1_842' title='bbox 2244 4971 2260 5010; x_wconf 79' lang='lat' dir='ltr'><strong>i</strong></span> <span class='ocrx_word' id='word_1_843' title='bbox 2303 4969 2402 5041; x_wconf 85' lang='lat' dir='ltr'><strong>Hic</strong></span> <span class='ocrx_word' id='word_1_844' title='bbox 2446 4970 2500 5023; x_wconf 92' lang='lat' dir='ltr'><strong>in</strong></span> <span class='ocrx_word' id='word_1_845' title='bbox 2533 4970 2718 5041; x_wconf 82' lang='lat' dir='ltr'><strong>codice</strong></span> <span class='ocrx_word' id='word_1_846' title='bbox 2748 4970 2918 5025; x_wconf 86' lang='lat' dir='ltr'><strong>Laub.</strong></span> <span class='ocrx_word' id='word_1_847' title='bbox 2949 4970 3276 5041; x_wconf 84' lang='lat' dir='ltr'><strong>incipitcap.</strong></span> <span class='ocrx_word' id='word_1_848' title='bbox 3305 4966 3452 5041; x_wconf 73' lang='lat' dir='ltr'><strong>XXV</strong></span> <span class='ocrx_word' id='word_1_849' title='bbox 3483 4987 3496 5024; x_wconf 92' lang='lat'>:</span> <span class='ocrx_word' id='word_1_850' title='bbox 3529 4970 3633 5036; x_wconf 79' lang='lat' dir='ltr'><strong>Qui</strong></span> <span class='ocrx_word' id='word_1_851' title='bbox 3657 4970 3766 5022; x_wconf 86' lang='lat' dir='ltr'><strong>sint</strong></span> 
     </span>
    </p>
   </div>
   <div class='ocr_carea' id='block_1_109' title="bbox 2164 5039 3765 5112">
    <p class='ocr_par' dir='ltr' id='par_1_109' title="bbox 2164 5039 3765 5112">
     <span class='ocr_line' id='line_1_110' title="bbox 2164 5039 3765 5112; baseline 0.001 -19"><span class='ocrx_word' id='word_1_852' title='bbox 2164 5039 2443 5094; x_wconf 84' lang='lat' dir='ltr'><strong>imbecilles</strong></span> <span class='ocrx_word' id='word_1_853' title='bbox 2458 5040 2628 5112; x_wconf 75' lang='lat' dir='ltr'><strong>multi,</strong></span> <span class='ocrx_word' id='word_1_854' title='bbox 2645 5052 2690 5094; x_wconf 88' lang='lat' dir='ltr'><strong>et</strong></span> <span class='ocrx_word' id='word_1_855' title='bbox 2706 5043 2793 5112; x_wconf 87' lang='lat' dir='ltr'><strong>qui</strong></span> <span class='ocrx_word' id='word_1_856' title='bbox 2815 5039 3098 5095; x_wconf 85' lang='lat' dir='ltr'><strong>secundum</strong></span> <span class='ocrx_word' id='word_1_857' title='bbox 3112 5039 3418 5112; x_wconf 78' lang='lat' dir='ltr'><strong>Apostolum</strong></span> <span class='ocrx_word' id='word_1_858' title='bbox 3431 5057 3529 5111; x_wconf 85' lang='lat' dir='ltr'><strong>pro</strong></span> <span class='ocrx_word' id='word_1_859' title='bbox 3542 5042 3765 5111; x_wconf 75' lang='lat' dir='ltr'><strong>indigno</strong></span> 
     </span>
    </p>
   </div>
   <div class='ocr_carea' id='block_1_110' title="bbox 2163 5110 2981 5179">
    <p class='ocr_par' dir='ltr' id='par_1_110' title="bbox 2163 5110 2981 5179">
     <span class='ocr_line' id='line_1_111' title="bbox 2163 5110 2981 5179; baseline 0.005 -17"><span class='ocrx_word' id='word_1_860' title='bbox 2163 5120 2370 5179; x_wconf 88' lang='lat' dir='ltr'><strong>sumpto</strong></span> <span class='ocrx_word' id='word_1_861' title='bbox 2411 5110 2672 5179; x_wconf 77' lang='lat' dir='ltr'><strong>sacriﬁcio</strong></span> <span class='ocrx_word' id='word_1_862' title='bbox 2693 5110 2981 5166; x_wconf 79' lang='lat' dir='ltr'><strong>dormiunt.</strong></span> 
     </span>
    </p>
   </div>
   <div class='ocr_carea' id='block_1_111' title="bbox 2239 5179 2876 5244">
    <p class='ocr_par' dir='ltr' id='par_1_111' title="bbox 2239 5179 2876 5244">
     <span class='ocr_line' id='line_1_112' title="bbox 2239 5179 2876 5244; baseline 0.011 -16"><span class='ocrx_word' id='word_1_863' title='bbox 2239 5179 2251 5228; x_wconf 83' lang='lat' dir='ltr'><strong>i</strong></span> <span class='ocrx_word' id='word_1_864' title='bbox 2292 5179 2492 5244; x_wconf 84' lang='lat' dir='ltr'><strong>Vatic.,</strong></span> <span class='ocrx_word' id='word_1_865' title='bbox 2518 5181 2571 5233; x_wconf 89' lang='lat' dir='ltr'><strong>in</strong></span> <span class='ocrx_word' id='word_1_866' title='bbox 2599 5181 2682 5233; x_wconf 89' lang='lat' dir='ltr'><strong>die</strong></span> <span class='ocrx_word' id='word_1_867' title='bbox 2707 5182 2876 5235; x_wconf 87' lang='lat' dir='ltr'><strong>multi.</strong></span> 
     </span>
    </p>
   </div>
   <div class='ocr_carea' id='block_1_112' title="bbox 2244 5250 3767 5324">
    <p class='ocr_par' dir='ltr' id='par_1_112' title="bbox 2244 5250 3767 5324">
     <span class='ocr_line' id='line_1_113' title="bbox 2244 5250 3767 5324; baseline 0.002 -20"><span class='ocrx_word' id='word_1_868' title='bbox 2244 5251 2269 5289; x_wconf 65' lang='grc' dir='ltr'>ι</span> <span class='ocrx_word' id='word_1_869' title='bbox 2293 5250 2522 5324; x_wconf 85' lang='lat' dir='ltr'><strong>Codices</strong></span> <span class='ocrx_word' id='word_1_870' title='bbox 2550 5252 2748 5320; x_wconf 79' lang='lat' dir='ltr'><strong>reginae</strong></span> <span class='ocrx_word' id='word_1_871' title='bbox 2769 5251 2975 5324; x_wconf 71' lang='lat' dir='ltr'><strong>Suecia;</strong></span> <span class='ocrx_word' id='word_1_872' title='bbox 2997 5261 3052 5306; x_wconf 89' lang='lat' dir='ltr'><strong>et</strong></span> <span class='ocrx_word' id='word_1_873' title='bbox 3065 5267 3203 5324; x_wconf 84' lang='lat' dir='ltr'><strong>unus</strong></span> <span class='ocrx_word' id='word_1_874' title='bbox 3230 5254 3444 5324; x_wconf 81' lang='lat' dir='ltr'><strong>regius:</strong></span> <span class='ocrx_word' id='word_1_875' title='bbox 3471 5253 3612 5309; x_wconf 55' lang='lat' dir='ltr'><strong>his</strong></span> <span class='ocrx_word' id='word_1_876' title='bbox 3641 5269 3767 5308; x_wconf 82' lang='lat' dir='ltr'><strong>eum</strong></span> 
     </span>
    </p>
   </div>
   <div class='ocr_carea' id='block_1_113' title="bbox 2171 5321 3495 5392">
    <p class='ocr_par' dir='ltr' id='par_1_113' title="bbox 2171 5321 3495 5392">
     <span class='ocr_line' id='line_1_114' title="bbox 2171 5321 3495 5392; baseline 0.002 -17"><span class='ocrx_word' id='word_1_877' title='bbox 2171 5321 2338 5392; x_wconf 68' lang='lat' dir='ltr'><strong>uirtus</strong></span> <span class='ocrx_word' id='word_1_878' title='bbox 2366 5321 2540 5375; x_wconf 88' lang='lat' dir='ltr'><strong>carnis</strong></span> <span class='ocrx_word' id='word_1_879' title='bbox 2569 5331 2616 5374; x_wconf 90' lang='lat' dir='ltr'><strong>et</strong></span> <span class='ocrx_word' id='word_1_880' title='bbox 2645 5324 2918 5392; x_wconf 83' lang='lat' dir='ltr'><strong>sanguinis</strong></span> <span class='ocrx_word' id='word_1_881' title='bbox 2943 5323 3157 5377; x_wconf 81' lang='lat' dir='ltr'><strong>Domini</strong></span> <span class='ocrx_word' id='word_1_882' title='bbox 3183 5321 3495 5392; x_wconf 72' lang='lat' dir='ltr'><strong>defenderit.</strong></span> 
     </span>
    </p>
   </div>
   <div class='ocr_carea' id='block_1_114' title="bbox 2245 5390 3771 5466">
    <p class='ocr_par' dir='ltr' id='par_1_114' title="bbox 2245 5390 3771 5466">
     <span class='ocr_line' id='line_1_115' title="bbox 2245 5390 3771 5466; baseline 0.002 -21"><span class='ocrx_word' id='word_1_883' title='bbox 2245 5390 2261 5434; x_wconf 74' lang='grc' dir='ltr'>ι</span> <span class='ocrx_word' id='word_1_884' title='bbox 2309 5391 2479 5446; x_wconf 84' lang='lat' dir='ltr'><strong>Hicin</strong></span> <span class='ocrx_word' id='word_1_885' title='bbox 2501 5392 2695 5466; x_wconf 78' lang='lat' dir='ltr'><strong>codice</strong></span> <span class='ocrx_word' id='word_1_886' title='bbox 2723 5390 3010 5466; x_wconf 81' lang='lat' dir='ltr'><strong>Laubicusi</strong></span> <span class='ocrx_word' id='word_1_887' title='bbox 3041 5394 3231 5463; x_wconf 89' lang='lat' dir='ltr'><strong>incipit</strong></span> <span class='ocrx_word' id='word_1_888' title='bbox 3251 5390 3379 5466; x_wconf 81' lang='lat' dir='ltr'><strong>cap.</strong></span> <span class='ocrx_word' id='word_1_889' title='bbox 3407 5394 3578 5451; x_wconf 82' lang='lat' dir='ltr'><strong>XXVI</strong></span> <span class='ocrx_word' id='word_1_890' title='bbox 3609 5413 3623 5449; x_wconf 89' lang='lat'><strong>:</strong></span> <span class='ocrx_word' id='word_1_891' title='bbox 3655 5394 3771 5466; x_wconf 79' lang='lat' dir='ltr'><strong>Cur</strong></span> 
     </span>
    </p>
   </div>
   <div class='ocr_carea' id='block_1_115' title="bbox 2165 5461 3764 5536">
    <p class='ocr_par' dir='ltr' id='par_1_115' title="bbox 2165 5461 3764 5536">
     <span class='ocr_line' id='line_1_116' title="bbox 2165 5461 3764 5536; baseline 0.001 -21"><span class='ocrx_word' id='word_1_892' title='bbox 2165 5480 2274 5536; x_wconf 78' lang='lat' dir='ltr'><strong>non</strong></span> <span class='ocrx_word' id='word_1_893' title='bbox 2297 5471 2474 5531; x_wconf 82' lang='lat' dir='ltr'><strong>aperte</strong></span> <span class='ocrx_word' id='word_1_894' title='bbox 2495 5461 2836 5536; x_wconf 80' lang='lat' dir='ltr'><strong>inﬁrmantur</strong></span> <span class='ocrx_word' id='word_1_895' title='bbox 2864 5474 2910 5518; x_wconf 88' lang='lat' dir='ltr'><strong>et</strong></span> <span class='ocrx_word' id='word_1_896' title='bbox 2945 5461 3214 5519; x_wconf 72' lang='lat' dir='ltr'><strong>dormiunt</strong></span> <span class='ocrx_word' id='word_1_897' title='bbox 3257 5461 3630 5536; x_wconf 62' lang='lat' dir='ltr'><strong>corporaliter,</strong></span> <span class='ocrx_word' id='word_1_898' title='bbox 3664 5465 3764 5534; x_wconf 72' lang='lat' dir='ltr'><strong>qui</strong></span> 
     </span>
    </p>
   </div>
   <div class='ocr_carea' id='block_1_116' title="bbox 2165 5533 2816 5604">
    <p class='ocr_par' dir='ltr' id='par_1_116' title="bbox 2165 5533 2816 5604">
     <span class='ocr_line' id='line_1_117' title="bbox 2165 5533 2816 5604; baseline 0.003 -20"><span class='ocrx_word' id='word_1_899' title='bbox 2165 5533 2377 5604; x_wconf 85' lang='lat' dir='ltr'><strong>indigne</strong></span> <span class='ocrx_word' id='word_1_900' title='bbox 2399 5534 2816 5604; x_wconf 84' lang='lat' dir='ltr'><strong>communicant.</strong></span> 
     </span>
    </p>
   </div>
   <div class='ocr_carea' id='block_1_117' title="bbox 2235 5603 3649 5676">
    <p class='ocr_par' dir='ltr' id='par_1_117' title="bbox 2235 5603 3649 5676">
     <span class='ocr_line' id='line_1_118' title="bbox 2235 5603 3649 5676; baseline -0.001 -16"><span class='ocrx_word' id='word_1_901' title='bbox 2235 5603 2447 5676; x_wconf 47' lang='grc' dir='ltr'><strong>ηιξ]ἀὶιὶ</strong></span> <span class='ocrx_word' id='word_1_902' title='bbox 2470 5617 2592 5655; x_wconf 88' lang='lat' dir='ltr'><strong>cum</strong></span> <span class='ocrx_word' id='word_1_903' title='bbox 2624 5605 2946 5676; x_wconf 84' lang='lat' dir='ltr'><strong>quibusdam</strong></span> <span class='ocrx_word' id='word_1_904' title='bbox 2968 5622 3126 5672; x_wconf 91' lang='lat' dir='ltr'><strong>mss.,</strong></span> <span class='ocrx_word' id='word_1_905' title='bbox 3147 5608 3240 5661; x_wconf 78' lang='lat' dir='ltr'><strong>sed</strong></span> <span class='ocrx_word' id='word_1_906' title='bbox 3264 5607 3402 5676; x_wconf 73' lang='lat' dir='ltr'><strong>forte</strong></span> <span class='ocrx_word' id='word_1_907' title='bbox 3420 5605 3496 5660; x_wconf 60' lang='lat' dir='ltr'><strong>at</strong></span> <span class='ocrx_word' id='word_1_908' title='bbox 3512 5606 3649 5660; x_wconf 65' lang='lat' dir='ltr'><strong>ltus.</strong></span> 
     </span>
    </p>
   </div>
   <div class='ocr_carea' id='block_1_118' title="bbox 2235 5673 3046 5758">
    <p class='ocr_par' dir='ltr' id='par_1_118' title="bbox 2235 5673 3046 5758">
     <span class='ocr_line' id='line_1_119' title="bbox 2235 5673 3046 5758; baseline 0.001 -30"><span class='ocrx_word' id='word_1_909' title='bbox 2235 5684 2262 5758; x_wconf 58' lang='grc' dir='ltr'><strong>ξι</strong></span> <span class='ocrx_word' id='word_1_910' title='bbox 2289 5673 2435 5758; x_wconf 51' lang='grc' dir='ltr'><strong>ξΓι-εξ</strong></span> <span class='ocrx_word' id='word_1_911' title='bbox 2463 5687 2595 5728; x_wconf 89' lang='lat' dir='ltr'><strong>mss.</strong></span> <span class='ocrx_word' id='word_1_912' title='bbox 2626 5674 2838 5758; x_wconf 70' lang='lat' dir='ltr'><strong>addunt</strong></span> <span class='ocrx_word' id='word_1_913' title='bbox 2861 5677 3046 5758; x_wconf 54' lang='lat' dir='ltr'><strong>inquit:</strong></span> 
     </span>
    </p>
   </div>
   <div class='ocr_carea' id='block_1_119' title="bbox 2235 5744 3763 5817">
    <p class='ocr_par' dir='ltr' id='par_1_119' title="bbox 2235 5744 3763 5817">
     <span class='ocr_line' id='line_1_120' title="bbox 2235 5744 3763 5817; baseline 0.004 -19"><span class='ocrx_word' id='word_1_914' title='bbox 2235 5752 2258 5780; x_wconf 92' lang='lat'><strong>°</strong></span> <span class='ocrx_word' id='word_1_915' title='bbox 2289 5744 2486 5817; x_wconf 82' lang='lat' dir='ltr'><strong>Laub.,</strong></span> <span class='ocrx_word' id='word_1_916' title='bbox 2516 5745 2690 5817; x_wconf 85' lang='lat' dir='ltr'><strong>unctio</strong></span> <span class='ocrx_word' id='word_1_917' title='bbox 2730 5744 3177 5816; x_wconf 71' lang='lat' dir='ltr'><strong>sanctificationis.</strong></span> <span class='ocrx_word' id='word_1_918' title='bbox 3211 5747 3340 5802; x_wconf 73' lang='lat' dir='ltr'><strong>Cod.</strong></span> <span class='ocrx_word' id='word_1_919' title='bbox 3375 5747 3569 5817; x_wconf 64' lang='lat' dir='ltr'><strong>regina:</strong></span> <span class='ocrx_word' id='word_1_920' title='bbox 3623 5746 3763 5804; x_wconf 78' lang='lat' dir='ltr'><strong>Suc-</strong></span> 
     </span>
    </p>
   </div>
   <div class='ocr_carea' id='block_1_120' title="bbox 2163 5814 2942 5883">
    <p class='ocr_par' dir='ltr' id='par_1_120' title="bbox 2163 5814 2942 5883">
     <span class='ocr_line' id='line_1_121' title="bbox 2163 5814 2942 5883; baseline 0.004 -15"><span class='ocrx_word' id='word_1_921' title='bbox 2163 5819 2277 5878; x_wconf 75' lang='lat' dir='ltr'><strong>eizc,</strong></span> <span class='ocrx_word' id='word_1_922' title='bbox 2308 5814 2634 5883; x_wconf 76' lang='lat' dir='ltr'><strong>sacriﬁcium</strong></span> <span class='ocrx_word' id='word_1_923' title='bbox 2667 5814 2942 5872; x_wconf 78' lang='lat' dir='ltr'><strong>unctionis.</strong></span> 
     </span>
    </p>
   </div>
  </div>
