4078 6348
302 381 441 442 1293

1224 395 1350 452 ιω.
1387 397 1476 454 DE
1514 397 1844 457 CORPORE
1884 400 1974 470 ET
2013 402 2360 461 SANGUINE
2396 405 2651 464 DOMINI.

3429 415 3571 474 1194

295 503 540 602 inventa,
572 511 628 559 et
656 513 803 602 astra
835 521 942 562 non
967 518 1093 564 sunt
1117 512 1318 566 munda
1352 528 1540 569 coram
1560 532 1646 583 eo,
1678 527 1886 588 quanto
1912 523 1968 585 Α
1988 520 2303 590 propitiatur
2343 523 2584 578 omnibus
2629 531 2668 555 ³
2721 527 3078 596 iniquitatibus
3127 532 3254 597 tuis,
3285 536 3376 602 qui
3417 547 3569 590 sanat

297 595 471 666 magis
498 595 660 650 homo
691 596 1001 654 immundus
1023 602 1303 669 probatur,
1333 604 1379 659 si
1403 621 1508 662 non
1537 606 1883 666 confessione

295 695 352 741 et
381 686 538 742 bonis
565 688 821 758 operibus
847 692 1085 760 quotidie
1114 696 1404 765 purgetur!

367 780 419 835 8.
456 790 484 819 ι
514 775 894 836 Verumtamen
929 783 1052 852 quia
1097 800 1238 855 saepe
1288 788 1506 858 gravius
1536 792 1885 858 peccantibus

231 934 238 938 _
296 870 479 926 divina
506 871 788 941 patientia,
830 873 957 930 licet
978 887 1309 944 praasumant
1333 879 1570 952 indigne,
1610 882 1788 952 parcit
1815 883 1882 938 ad

293 973 530 1034 tempus,
550 972 605 1020 et
631 974 909 1035 exspectat
940 968 1007 1023 ad
1037 970 1437 1039 paenitentiam,
1466 987 1573 1027 non
1616 975 1738 1032 ideo
1797 991 1883 1032 se—

292 1056 550 1111 curitasb
589 1056 882 1128 subripiat,
926 1059 1051 1128 quia
1111 1062 1443 1118 thesaurizat
1489 1063 1591 1120 sibi
1635 1074 1881 1121 contem-

292 1150 475 1206 nendo
499 1162 520 1191 ο
552 1151 690 1206 iram
719 1151 773 1206 in
803 1152 890 1208 die
910 1153 1029 1221 iraa,
1061 1165 1114 1210 et
1144 1165 1368 1226 peccata
1395 1158 1567 1232 magis
1615 1160 1670 1215 in
1709 1161 1879 1216 Deum

290 1242 621 1298 accumulat.
653 1243 846 1300 Certus
876 1245 948 1301 sit
965 1247 1131 1313 enim,
1165 1249 1289 1319 quia
1322 1250 1525 1307 ultores
1548 1252 1724 1322 angeli
1781 1269 1881 1309 nec

291 1337 462 1393 semel
493 1338 710 1409 indigne
749 1341 1168 1396 communicanti
1198 1353 1506 1412 parcerent,
1535 1345 1640 1399 nisi
1666 1346 1880 1401 bonitas

289 1425 518 1493 Christi,
541 1429 594 1483 in
620 1428 772 1497 cujus
792 1428 998 1497 judicio
1027 1431 1264 1502 pendent
1286 1433 1494 1499 omnia,
1514 1442 1569 1489 et
1600 1435 1686 1489 cui
1726 1451 1877 1490 com-

289 1518 518 1574 missum
542 1526 644 1585 est,
669 1528 728 1575 ut
755 1520 968 1590 signum
1010 1531 1176 1592 ponat
1202 1539 1420 1580 suorum
1451 1522 1476 1563 ἀ
1511 1524 1564 1578 in
1588 1524 1875 1589 frontibus,

285 1608 528 1681 gladium
575 1611 948 1682 suspenderet,
987 1621 1040 1668 et
1088 1624 1393 1670 removeret
1447 1615 1715 1670 interdum
1765 1632 1878 1671 mo-

287 1713 636 1759 mentaneam
661 1713 911 1762 mortem.
948 1703 1102 1762 Unde
1149 1717 1333 1777 postea
1385 1708 1828 1777 resipiscentibus
1853 1720 1875 1748 θ

289 1793 486 1866 duplex
516 1795 570 1848 in
593 1796 913 1866 ptenitentia
937 1797 1095 1853 debet
1114 1813 1238 1856 esse
1262 1799 1460 1864 luctus,
1484 1799 1569 1854 vel
1591 1799 1716 1870 quia
1740 1801 1877 1856 male

1991 629 2170 668 omnes
2198 614 2528 682 inﬁrmitates
2574 628 2694 673 tatas
2746 617 2921 690 (Psal.
2955 637 3029 687 οι,
3067 625 3086 678 l
3125 635 3172 679 et
3201 624 3277 697 5).
3329 626 3400 683 Et
3443 629 3565 684 ideo

1985 707 2110 775 quia
2143 708 2381 777 quotidie
2421 709 2674 776 labimur,
2721 715 2961 783 quotidie
3009 733 3107 786 pro
3141 719 3303 774 nobis
3321 720 3570 778 Christus

1985 797 2214 866 mystice
2261 799 2590 867 immolatur,
2638 811 2694 858 et
2741 805 2921 873 passio
2964 805 3166 865 Christi
3210 811 3264 866 in
3307 816 3567 884 mysterio

1986 889 2239 954 traditur,
2271 900 2328 946 ut
2365 894 2457 962 qui
2499 895 2667 954 semel
2707 897 2990 955 moriendo
3024 909 3251 957 mortem
3280 904 3488 960 vicerat
3516 918 3563 973 ιι,

1984 983 2224 1050 quotidie
2256 986 2489 1041 recidiva
2521 987 2841 1046 delictorum
2862 1006 2961 1060 per
2980 993 3101 1048 haec
3121 1007 3459 1052 saermta
3481 1000 3564 1054 sui

1981 1077 2226 1144 corporis
2262 1087 2316 1132 et
2341 1079 2622 1150 sanguinis
2644 1091 2866 1150 peccata
2894 1083 3119 1138 relaxet.

2053 1168 2106 1221 2.
2153 1177 2176 1202 ο
2223 1169 2401 1240 (Quod
2443 1179 2616 1228 totum
2666 1173 2726 1229 in
2771 1174 2927 1230 nobis
2975 1175 3252 1233 Christum
3297 1177 3563 1237 {actuum

1980 1262 2338 1332 prospiciens,
2389 1264 2478 1320 ille
2525 1281 2751 1335 magnus
2784 1267 3008 1324 lucerna
3031 1272 3230 1327 ardens
3270 1274 3561 1342 etlueens,

1974 1350 2218 1410 ioaunes
2241 1356 2491 1413 videlicet
2515 1357 2780 1428 Baptista,
2805 1377 2914 1432 quo
2939 1364 3076 1418 inter
3100 1375 3258 1426 natos
3279 1369 3561 1426 mulierum

1979 1445 2154 1514 major
2198 1462 2357 1505 nemo
2385 1451 2634 1516 arrexit,
2664 1461 2873 1507 mox-ut
2896 1470 3024 1509 eum
3062 1456 3130 1508 ad
3170 1473 3230 1512 se
3256 1459 3558 1518 venientem

1980 1539 2281 1607 conspexit,
2332 1541 2498 1611 digito
2527 1557 2652 1598 eum
2703 1543 3115 1613 demonstrans,
3167 1550 3348 1605 divino
3393 1561 3566 1610 tactus

1980 1626 2184 1695 Spiritu
2212 1631 2482 1686 exclamat
2512 1648 2526 1685 :
2552 1632 2689 1688 Ecce
2709 1636 2888 1705 Agnus
2912 1637 3025 1704 Dei,
3055 1656 3174 1694 ecce
3188 1642 3280 1712 qui
3299 1643 3437 1697 tollit
3447 1660 3566 1714 pee-

1979 1728 2095 1772 cata
2129 1718 2246 1790 [al.,
2275 1722 2564 1794 peceatum]
2594 1725 2775 1779 mundi
2799 1725 2984 1798 (lacn.
3010 1743 3050 1789 ι.
3075 1730 3188 1802 29).
3221 1732 3288 1786 Et
3306 1749 3406 1789 nos
3433 1749 3564 1805 ergo

1981 1810 2034 1864 in
2073 1826 2195 1866 eum
2248 1815 2416 1870 corde
2463 1817 2788 1883 credentes,
2838 1829 2892 1873 et
2937 1837 3032 1877 ore
3083 1823 3258 1894 ipsum
3304 1841 3424 1882 esse
3470 1844 3561 1898 qui

288 1883 412 1956 quis
437 1886 626 1990 gessit,
651 1885 734 1990 vel
758 1887 884 1958 quia
907 1887 1120 1990 demum
1154 1889 1220 1944 ad
1244 1889 1509 1990 judicium
1543 1889 1680 1990 male
1734 1906 1876 1990 praef
1906 1887 1953 1948 Β
1981 1912 2202 1970 peccata
2245 1905 2430 1960 mundi
2483 1905 2618 1961 tollit
2663 1909 3006 1977 conﬁtentes,
3056 1883 3177 1969 cum
3226 1918 3416 1972 eodem
3446 1883 3566 1990 plus

286 1980 522 2051 sumpsit
552 1995 566 2034 :
591 1982 736 2052 quod
769 1998 900 2038 sane
923 1983 1180 2040 delictum
1206 1985 1354 2041 nullo
1408 1986 1535 2052 alio,
1569 1986 1670 2041 nisi
1725 1985 1879 2042 Chri-

287 2080 375 2125 sto
402 2070 817 2140 interveniente,
843 2075 1152 2130 donabitur.
1187 2073 1342 2134 Unde
1371 2077 1426 2132 in
1464 2076 1581 2148 lege
1624 2092 1726 2148 pro
1775 2077 1877 2132 hoc

288 2163 416 2232 quia
443 2163 499 2218 in
524 2165 882 2222 sanctiﬁcatis
905 2167 1158 2238 deliquit,
1183 2169 1328 2224 aries
1380 2182 1478 2239 per
1507 2185 1672 2240 quem
1725 2169 1879 2226 intel-

290 2252 477 2325 ligitur
502 2254 754 2312 Christus
774 2257 958 2314 ollerri
993 2257 1235 2328 jubetur,
1276 2270 1336 2316 ut
1361 2261 1500 2332 apud
1554 2262 1722 2318 Deum
1776 2261 1877 2318 Pa-

295 2355 435 2402 trem
477 2346 620 2404 Deus
649 2350 814 2406 homo
840 2350 1083 2421 pontifex
1109 2351 1161 2406 in
1215 2360 1478 2408 aeternum
1531 2351 1876 2424 interpellare

287 2450 388 2508 per
414 2436 578 2492 ﬁdem
611 2441 883 2506 credatur,
908 2452 1070 2512 atque
1113 2441 1287 2512 ipsum
1318 2457 1497 2514 prose
1547 2443 1788 2498 moribus
1822 2451 1877 2498 et

285 2528 398 2583 vita
427 2529 668 2600 quotidie
696 2531 999 2586 reindutum
1035 2532 1054 2570 ί
1079 2547 1177 2604 per
1199 2532 1360 2588 ﬁdem
1387 2531 1609 2598 oll‘erat;
1636 2532 1873 2604 alioquin

285 2623 380 2693 qui
407 2622 463 2678 in
494 2623 662 2680 Deum
692 2625 956 2694 peccavit,
977 2626 1098 2695 quis
1127 2627 1306 2682 orabit
1334 2642 1431 2698 pro
1463 2642 1550 2695 eo,
1577 2627 1679 2682 nisi
1709 2626 1873 2692 Deus,

286 2714 380 2785 qui
409 2724 627 2771 nostras
655 2716 996 2772 inﬁrmitates
1033 2717 1153 2774 ideo
1187 2719 1502 2790 assumpsit,
1553 2726 1613 2774 ut
1659 2733 1875 2786 compa-

285 2806 454 2864 tiatur
481 2809 656 2875 nobis,
685 2817 740 2863 et
766 2826 864 2880 per
903 2825 1027 2865 eum
1069 2808 1234 2866 donet
1288 2811 1502 2866 veniam
1545 2825 1614 2866 ex
1665 2809 1874 2865 delictis

285 2899 454 2955 etiam
482 2900 535 2954 in
565 2900 732 2956 Deum
762 2900 1048 2956 admissis?
1075 2899 1186 2956 Nec
1217 2901 1321 2956 hoc
1362 2899 1614 2966 dicimus,
1671 2908 1730 2954 ut
1760 2899 1876 2954 ido-

286 3009 424 3049 neus
450 2992 644 3064 aliquis
665 3009 764 3064 pro
793 2993 947 3048 nobis
982 2993 1038 3046 in
1065 2995 1089 3032 ε
1120 2992 1238 3048 istis
1259 3007 1368 3047 non
1401 2992 1594 3050 debeat
1637 2991 1874 3046 interve-

286 3085 424 3149 nire,
455 3082 548 3139 sed
578 3082 794 3139 Christo
827 3091 998 3138 totum
1016 3081 1276 3158 debemus
1299 3079 1593 3145 ascribere,
1626 3079 1717 3150 qui
1748 3095 1873 3134 suas

193 3199 212 3205 ο
283 3178 450 3234 etiam
480 3175 706 3246 injurias
757 3176 987 3231 libenter
1029 3175 1278 3240 remittit,
1310 3181 1364 3230 et
1391 3188 1492 3244 pro
1549 3171 1870 3244 delinquen-

285 3271 432 3330 tibus
458 3271 515 3326 in
542 3285 622 3337 se,
657 3270 795 3325 sicut
851 3269 1002 3340 prius
1028 3269 1082 3323 in
1137 3283 1298 3324 cruce
1329 3265 1558 3333 fecerat,
1606 3267 1771 3323 etiam
1814 3282 1871 3322 se
1899 3253 1946 3318 C

284 3362 436 3420 Patri
487 3361 761 3418 oﬁ'erendo
790 3359 1017 3416 idoneus
1041 3369 1298 3416 exorator
1327 3358 1637 3414 intervenit.

851 3480 1079 3538 CAPUT
1120 3479 1190 3537 IX
1227 3483 1278 3534 ιλ.

289 3592 431 3660 Quid
461 3610 662 3648 necesse
688 3593 845 3662 fuerit
865 3594 1004 3663 quod
1033 3592 1190 3647 semel
1211 3555 1410 3663 gestuin
1436 3594 1589 3646 estin
1621 3609 1696 3658 re,
1720 3591 1874 3646 Chri-

359 3675 498 3720 stum
549 3664 780 3735 quotidie
821 3663 1104 3720 immolari.
1140 3666 1159 3705 ί
1205 3664 1292 3735 Vel
1335 3664 1464 3734 quid
1488 3663 1608 3719 boni
1639 3663 1871 3718 tribuant

360 3737 470 3789 [uec
499 3734 744 3806 mysteria
774 3735 928 3805 digne
958 3734 1346 3803 accipientibus.

367 3831 414 3884 l.
431 3829 661 3886 Iteratur
676 3836 854 3886 autem
873 3827 1112 3900 quotidie
1134 3829 1473 3895 haecoblatio,
1489 3827 1872 3887 licethristus

289 3922 460 3979 semel
489 3937 677 3993 passus
704 3921 762 3978 in
789 3937 971 3989 carne,
985 3921 1100 3992 'per
1120 3939 1286 3982 unam
1305 3923 1659 3994 eamdemque
1681 3923 1873 3979 mortis

285 4016 593 4086 passionem
621 4013 789 4071 semel
813 4013 1105 4070 salvaverit
1133 4015 1394 4070 mundum
1411 4057 1428 4080 ,
1456 4030 1526 4070 ex
1553 4029 1661 4085 qua
1695 4024 1870 4071 niorte

286 4110 428 4167 idem
463 4125 753 4182 resurgens
797 4109 866 4164 ad
913 4108 1098 4173 vitam,
1131 4124 1274 4164 more
1315 4106 1328 4156 i
1369 4108 1421 4170 ei
1453 4109 1596 4166 ultra
1634 4125 1740 4172 non
1781 4107 1873 4162 do~

285 4204 575 4259 minabitur
611 4217 631 4257 :
680 4203 807 4274 quia
854 4201 1097 4273 profecto
1145 4202 1409 4272 sapientia
1445 4202 1541 4267 Dei
1569 4202 1749 4260 Patris
1774 4218 1870 4262 ne-

287 4297 585 4353 cessarium
628 4311 725 4366 pro
775 4295 960 4350 multis
1005 4294 1183 4352 causis
1230 4295 1336 4350 hoc
1377 4295 1642 4364 providit;
1695 4295 1870 4365 primo

288 4387 556 4455 siquidem
601 4386 726 4457 quia
773 4385 1012 4456 quotidie
1059 4400 1369 4454 peccamus,
1416 4385 1606 4444 saltem
1635 4387 1874 4456 peccatis

290 4479 406 4532 sine
455 4477 651 4546 quibus
697 4476 948 4542 mortalis
988 4476 1277 4540 iii—tirnde
1306 4478 1490 4536 vivere
1522 4494 1626 4533 nou
1674 4485 1869 4547 potest,

289 4573 413 4640 quia
442 4570 568 4626 licet.
600 4571 778 4628 omnia
812 4578 1030 4642 peccata
1061 4570 1262 4628 donata
1294 4575 1316 4612 κ
1355 4570 1462 4628 siut
1496 4570 1550 4628 in
1580 4570 1864 4644 baptismo.

291 4665 578 4722 infirmitas
626 4677 804 4723 tamen
853 4669 1060 4738 peccati
1097 4665 1118 4708 ι
1150 4667 1330 4722 adhuc
1362 4668 1416 4721 in
1461 4681 1628 4722 carne
1665 4675 1866 4724 manet.

294 4758 447 4814 Unde
476 4757 758 4814 Psalmista
786 4778 798 4812 :
840 4759 1084 4826 Benedic,
1109 4761 1287 4814 anima
1319 4776 1455 4826 mea,
1496 4759 1742 4826 Domino,
1781 4760 1872 4830 qui

363 4867 475 4920 ι1η
503 4868 621 4921 cod.
669 4868 841 4922 Laub.
873 4868 962 4923 hic
1011 4868 1196 4936 incipit
1248 4883 1367 4938 cap.
1411 4866 1670 4921 XXVI":
1717 4867 1869 4934 Quod

290 4938 603 4992 thesaurisat
625 4937 724 5010 sibi
743 4940 874 4992 iram
897 4950 1280 4994 contemnenter
1303 4939 1571 5004 accedens,
1587 4950 1633 4994 et
1658 4951 1868 5010 peccata

290 5009 459 5077 magis
485 5007 800 5063 accumulat.

365 5079 394 5120 θ’
422 5077 587 5144 Editi,
610 5080 872 5149 subrepat.

365 5162 377 5187 ι
423 5150 582 5204 Mam.
614 5149 776 5204 Ulim.
825 5149 1094 5216 ctSirm._,
1143 5158 1488 5214 contemntor,
1533 5150 1628 5205 sed
1681 5159 1868 5208 contra

291 5221 453 5277 ﬁdem
479 5222 716 5276 omnium
746 5235 875 5273 mss.

363 5292 389 5331 ά
418 5292 516 5346 Ms.
549 5287 764 5359 Maioris
800 5291 1050 5357 Monast.,
1108 5306 1394 5348 servorum.
1419 5291 1642 5360 _Vatic.,
1695 5307 1870 5346 servo-

290 5381 411 5418 rum
431 5379 663 5416 suorum.

369 5445 394 5473 ο
438 5433 516 5487 Ita
542 5430 717 5504 Vatic.
764 5443 818 5504 et
869 5431 1010 5486 Flor.
1051 5431 1239 5488 Plures
1269 5447 1399 5504 mss.
1453 5430 1637 5504 legunt
1683 5432 1863 5504 resipi-

290 5504 631 5580 srentibusin
654 5502 865 5574 plurali,
914 5504 1006 5560 sed
1037 5503 1316 5580 sequentia
1351 5502 1641 5559 exposcere
1677 5502 1853 5557 viden-

293 5581 383 5628 tur
408 5574 727 5643 singularem
759 5590 906 5628 num.

378 5643 394 5680 ί
430 5643 528 5699 Ms.
555 5646 752 5712 regina:
791 5643 1017 5710 Succiaa,
1073 5647 1126 5700 in
1153 5645 1539 5702 holocaustum,
1590 5644 1706 5698 loco
1736 5643 1866 5697 rein-

293 5716 502 5768 datum.

376 5788 399 5824 ⁸
433 5785 591 5840 Ulim.
631 5783 794 5838 Sirm.
835 5802 954 5840 cum
981 5786 1124 5841 Flor.
1179 5786 1412 5854 injustis,
1463 5794 1650 5841 contra
1705 5784 1863 5838 ﬁdem

299 5858 540 5915 Omnium
570 5858 1067 5925 manuscriptorum.

1980 2011 2144 2064 quam
2173 1997 2434 2067 propheta
2483 1998 2683 2054 Christi
2731 2016 3066 2070 praecursure
3114 2007 3404 2064 alacresin
3451 2011 3566 2079 ejus

1978 2089 2230 2148 laudibus
2267 2092 2668 2161 proclamemus
2709 2112 2722 2145 :
2759 2095 2898 2150 Ecce
2933 2097 3110 2167 Agnus
3152 2097 3271 2164 Dei,
3317 2116 3434 2153 ecce
3474 2104 3563 2171 qui

1979 2182 2113 2237 tollit
2137 2193 2352 2253 peccata
2377 2185 2585 2240 mundi.
2613 2186 2754 2241 Ecce
2777 2187 3038 2243 innocens
3075 2199 3131 2243 et
3158 2190 3230 2244 ab
3255 2191 3404 2246 omni
3439 2206 3565 2261 pec—

1979 2282 2100 2328 cato
2157 2275 2442 2340 immunis,
2483 2283 2666 2346 utpote
2714 2277 2804 2347 qui
2857 2293 2919 2333 os
2976 2278 3195 2348 quidem
3239 2281 3311 2336 de
3353 2281 3566 2336 ossibus

1975 2365 2172 2428 Adam,
2223 2375 2273 2421 et
2324 2383 2541 2422 carnem
2587 2369 2656 2422 de
2701 2383 2863 2424 carne
2906 2369 3102 2434 Adam,
3145 2371 3241 2426 sed
3269 2371 3472 2427 nullam
3499 2374 3565 2428 de

1977 2474 2144 2514 carne
2193 2462 2499 2528 peccatrice
2538 2462 2704 2516 traxit
2751 2463 3018 2517 maculam
3045 2463 3236 2534 culpa.
3281 2465 3424 2520 Ecce
3469 2467 3562 2536 qui

1972 2549 2156 2620 justus
2186 2551 2328 2606 inter
2362 2561 2700 2622 peceatores,
2731 2553 2882 2609 mitis
2924 2554 3070 2610 inter
3092 2555 3305 2625 impios,
3343 2555 3447 2610 hoc
3477 2565 3562 2610 est

1977 2643 2138 2711 quasi
2160 2658 2331 2714 agnus
2375 2644 2515 2699 inter
2559 2645 2713 2716 lupos
2741 2655 3028 2716 apparens,
3058 2646 3218 2701 etiam
3250 2657 3562 2716 peccatores

1977 2747 2032 2794 et
2074 2739 2267 2807 impios
2306 2738 2642 2806 justiﬁcandi
2691 2739 2854 2795 habet
2903 2748 3244 2811 potestatem.
3282 2740 3563 2808 Quomodo

1977 2840 2160 2885 autem
2194 2840 2416 2902 peccata
2470 2833 2653 2887 mundi
2691 2831 2862 2898 tollat,
2917 2848 3026 2902 quo
3065 2834 3260 2889 ordine
3301 2832 3562 2905 justiticet

1977 2921 2191 2992 impios,
2226 2923 2504 2992 apostolus
2525 2923 2718 2992 Petrus
2747 2924 3003 2989 ostendit,
3029 2924 3120 2993 qui
3149 2923 3224 2978 ait
3253 2942 3264 2977 :
3300 2922 3425 2978 Non
3445 2940 3559 2979 eor-

1976 3013 2214 3082 ruptibili
2241 3024 2460 3084 argento
2497 3014 2573 3069 rel
2602 3031 2738 3068 auro
2766 3015 3013 3084 redempti
3049 3016 3176 3070 estis
3200 3016 3264 3069 de
3303 3032 3438 3069 vana
3469 3035 3519 3070 re

1975 3114 2086 3159 stra
2124 3109 2512 3162 conversation
2551 3119 2784 3178 paterna:
2831 3108 3148 3174 traditionis,
3199 3108 3290 3162 sed
3333 3109 3551 3178 pretiosi.

1976 3198 2232 3268 sanguine
2281 3199 2438 3270 quasi
2484 3198 2607 3268 agni
2662 3198 3061 3270 incontaminati
3115 3209 3164 3252 et
3219 3197 3548 3252 immaculati

1975 3287 2106 3342 Iesu
2127 3285 2324 3343 Christi
2345 3289 2397 3360 (1
2424 3286 2569 3342 Petr.
2599 3305 2635 3352 I,
2672 3286 2782 3359 £8}
2815 3287 2881 3341 Et
2924 3289 2980 3342 in
3033 3287 3352 3360 Apocalypsi
3394 3286 3558 3344 Joan-

1975 3395 2074 3435 nes
2099 3379 2423 3449 apostolus:
2471 3379 2576 3445 Qui
2617 3378 2799 3432 dilexit
2847 3394 2961 3442 nos,
3012 3379 3208 3448 inquit,
3253 3397 3290 3433 ο
3335 3379 3558 3449 peccatis

1974 3468 2168 3524 nostris
2193 3470 2249 3521 in
2279 3471 2534 3539 sanguine
2561 3485 2658 3522 suo
2688 3469 2873 3538 (Apoc.
2920 3484 2961 3534 ι,
2992 3468 3066 3540 5),
3112 3485 3220 3525 non
3242 3469 3422 3524 solum
3459 3483 3557 3524 au-

1973 3568 2084 3616 tem
2130 3559 2262 3614 lavit
2294 3574 2400 3614 nos
2433 3576 2464 3612 a
2510 3559 2747 3630 peccatis
2793 3559 2998 3615 nostris
3030 3560 3082 3614 in
3126 3560 3387 3632 sanguine
3432 3576 3554 3628 suo,

1974 3651 2194 3722 quando
2221 3651 2544 3722 sanguinem
2587 3666 2747 3706 suum
2790 3652 2844 3704 in
2875 3667 3040 3707 cruce
3073 3667 3172 3722 pro
3202 3653 3356 3708 nobis
3385 3653 3550 3718 dedit,

1973 3744 2057 3799 vel
2084 3745 2300 3814 quando
2324 3742 2698 3812 unusquisque
2723 3750 2968 3796 nostrum
2995 3743 3052 3797 in
3090 3743 3352 3814 mysterio
3374 3759 3556 3800 sacro-

1972 3843 2176 3891 sanctae
2196 3834 2470 3906 passionis
2488 3834 2632 3888 illius
2647 3832 3027 3903 baptismoque
3043 3833 3254 3888 ablutus
3273 3842 3356 3890 est
3377 3849 3554 3904 aquae,

1971 3941 2160 3981 verum
2184 3927 2350 3982 etiam
2375 3924 2623 3996 quotidie
2645 3922 2785 3978 tollit
2813 3931 3040 3992 peccata
3063 3924 3270 3989 mundi,
3302 3925 3554 3995 lavatque

1970 4033 2070 4073 nos
2115 4034 2144 4072 a
2192 4017 2436 4088 peccatis
2481 4015 2684 4071 nostris
2729 4016 2972 4085 quotidie
3015 4016 3068 4070 in
3119 4016 3386 4086 sanguirte
3433 4030 3550 4082 suo,

1970 4125 2092 4165 cum
2139 4109 2380 4180 ejusdem
2431 4108 2608 4163 beatae
2647 4106 2918 4177 passionis
2960 4106 3031 4160 ad
3072 4106 3250 4162 altare
3293 4109 3558 4164 memoria

1970 4200 2288 4269 replicatur,
2313 4214 2438 4253 cum
2473 4197 2632 4268 panis
2671 4204 2727 4250 et
2755 4196 2870 4251 vini
2889 4203 3136 4252 creatura
3159 4205 3554 4253 sacramentum

1969 4293 2150 4348 carnis
2178 4301 2234 4346 et
2278 4290 2555 4361 sanguinis
2605 4288 2722 4359 ejus
2751 4286 3006 4342 ineﬁabili
3038 4285 3274 4356 Spiritus
3316 4287 3555 4342 sanctiﬁ-

1969 4385 2182 4440 catione
2224 4381 2567 4438 transfertur.
2610 4378 2702 4435 Sic
2749 4391 2965 4449 quoque
3007 4392 3206 4447 corpus
3239 4388 3295 4431 et
3335 4378 3554 4446 sanguis

1970 4478 2115 4534 illius
2143 4491 2248 4532 non
2281 4473 2581 4530 inﬁdelium
2604 4470 2852 4525 manibus
2882 4469 2948 4522 ad
2973 4467 3274 4539 perniciem
3313 4468 3549 4537 ipsorum

1972 4571 2217 4624 funditur
2245 4576 2299 4623 et
2332 4566 2617 4627 occiditur,
2655 4562 2699 4616 si
2730 4560 2968 4615 ﬁdelium
3006 4575 3101 4614 ore
3145 4575 3296 4615 suam
3324 4559 3557 4614 sumit"

1973 4664 2033 4718 in
2073 4663 2329 4723 salutem,
2363 4658 2518 4728 cujus
2549 4661 2696 4710 recte
2734 4653 2964 4724 ﬁguram
3012 4667 3182 4721 agnus
3209 4651 3270 4706 in
3295 4650 3411 4720 lege
3432 4667 3554 4722 pas-

1972 4753 2141 4809 chalis
2169 4749 2431 4813 ostendit,
2477 4748 2569 4816 qui
2617 4743 2786 4801 semel
2829 4742 3084 4814 populum
3131 4742 3196 4797 de
3233 4740 3554 4812 Egyptiaca

2041 4865 2072 4908 II
2106 4863 2163 4918 ln
2195 4863 2380 4918 codice
2399 4860 2686 4916 Laubiensi
2717 4874 2836 4918 cap.
2858 4856 3038 4913 XXIX
3079 4871 3202 4912 cum
3232 4857 3334 4912 hoc
3355 4856 3550 4912 titulo:

2041 4875 2072 4908 ι
2107 4875 2163 4918 In
2195 4875 2380 4918 conice
2400 4875 2686 4916 haumensn
2717 4875 2836 4983 cap.
2863 4875 3038 4913 iuuat
3079 4875 3202 4912 cum
3232 4875 3334 4912 noc
3355 4875 3512 4912 tumo

1973 4936 2322 5010 Curiteratur
2339 4931 2700 5010 hwcquatidie
2721 4929 2936 5010 ob‘atio.
3046 4999 3077 5010 η
3227 4999 3274 5010 η
3312 4999 3323 5010 ⁸
3415 4997 3426 5009 .
3461 5007 3471 5010 _
3510 4998 3522 5010 .

2047 5008 2064 5047 ί
2111 5005 2165 5060 lu
2195 5005 2403 5060 duobus
2445 4999 2574 5058 mss.
2605 5021 2618 5056 :
2651 5001 2719 5055 Et
2766 5001 2829 5055 de
2858 4999 3106 5070 exemplis
3150 4999 3274 5070 quid
3306 4999 3426 5054 boni
3453 4999 3554 5052 tri~

1971 5078 2294 5227 ὺῗῗηέοᾶά..
2319 5145 2522 5227 regian
2557 5142 2765 5199 Suecia:
2793 5152 3028 5227 etu‘nus
3077 5140 3256 5213 regius
3282 5158 3298 5196 :
3329 5139 3551 5195 Mortem

1969 5219 2068 5274 sibi
2096 5217 2236 5272 ultra
2261 5214 2524 5271 dominari
2551 5232 2653 5269 non
2681 5214 2946 5282 permittit.

2043 5289 2069 5328 ει
2105 5288 2214 5353 AL,
2253 5287 2399 5341 nobis
2427 5286 2619 5340 donata
2645 5283 2766 5338 sint.

2051 5359 2068 5399 1
2114 5360 2282 5414 Vatic.
2295 5399 2309 5423 ,
2339 5355 2607 5428 peccandi.

2042 5444 2082 5471 ω
2115 5419 2309 5494 Laub.,
2339 5419 2578 5483 omnibus
2626 5423 2982 5494 iniquitatibus
3019 5422 3148 5494 τηρεε
3175 5419 3362 5478 Israel.

2046 5513 2074 5540 η
2111 5490 2336 5556 Codices
2356 5498 2555 5566 reginae
2577 5490 2784 5549 Suecia:
2805 5492 3037 5547 addunt;
3057 5492 3120 5544 Et
3142 5502 3350 5546 neccata
3368 5490 3554 5545 mundi

1973 5583 2137 5627 morte
2173 5569 2382 5624 tulerat.

2046 5651 2070 5678 ο
2121 5633 2330 5695 Inclusa
2380 5635 2687 5704 parenthesi
2741 5633 3010 5704 adduntur
3059 5634 3110 5704 in
3165 5632 3372 5687 duobus
3414 5644 3544 5704 mss.

1973 5731 2080 5770 uno
2114 5711 2258 5781 regis
2276 5701 2744 5769 Christianissimi,
2773 5703 2943 5759 altero
2971 5703 3307 5758 bibliotheca:
3352 5701 3548 5772 regina:

1975 5784 2201 5841 Sueciaa.
