4078 6348
484 417 626 475 1296

1269 419 1326 474 S.
1368 420 1721 477 PASCHASII
1759 419 2106 477 RADBERTI
2139 417 2429 476 ABBATIS
2466 414 2915 474 CORBEIENSIS

3611 419 3762 476 1296

484 539 746 588 servntute
772 529 1028 595 liberans,
1075 529 1131 584 in
1161 532 1480 587 memoriam
1520 532 1761 604 ejusdem
1789 533 2065 589 liberatio-
2091 532 2271 600 Ahoc
2315 538 2711 586 sacramentum
2780 525 3134 597 corporaliter
3176 538 3200 567 ο
3250 538 3485 595 maneat,
3540 538 3599 585 ut
3647 533 3764 587 sint

486 623 572 679 nis
617 638 714 694 per
763 636 952 678 omnes
1004 636 1175 677 annos
1231 621 1598 680 immolatione
1653 641 1748 681 sua
1808 625 2066 696 populum

481 714 730 770 eumdem
777 713 1121 770 sanctiﬁcare
1163 713 1404 779 valebat,
1458 715 1626 771 donec
1675 716 1884 772 veniret
1930 717 2064 786 ipse,

481 807 569 863 cui
599 808 725 863 talis
753 807 933 863 hostia
968 807 1337 862 testimonium
1357 808 1538 874 dabat,
1561 808 1880 878 oblatusque
1918 809 2066 864 Patri

479 913 580 969 pro
607 897 763 956 nobis
801 898 857 952 in
885 897 1118 953 hostiam
1144 899 1476 969 odoremque
1516 899 1816 964 suavitatis,
1865 909 2064 971 myste-

479 993 619 1047 rium
651 1005 761 1046 sua
787 990 1074 1060 passionis,
1099 990 1279 1046 oblato
1306 991 1458 1060 Agno
1489 991 1543 1045 in
1573 999 1878 1046 creaturam
1910 992 2064 1062 panis

476 1082 704 1153 vinique
726 1082 1085 1137 transferetur
1114 1081 1207 1153 [αι.
1247 1081 1582 1154 transferret]
1613 1083 1854 1136 sacerdos
1890 1082 2065 1137 factus

477 1175 535 1229 in
575 1181 828 1228 internum
861 1173 1147 1227 secundum
1187 1173 1421 1226 ordinem
1465 1173 1861 1239 Melchisedech,
1902 1189 2062 1250 acce-

474 1265 608 1322 dens
648 1280 748 1335 per
780 1265 1132 1335 semetipsum
1178 1267 1245 1319 ad
1286 1265 1455 1319 Deum
1502 1266 1570 1320 ad
1617 1267 2062 1336 interpellandum

474 1373 573 1428 pro
599 1357 773 1412 nobis.
823 1355 957 1423 Quia
991 1371 1122 1427 ergo
1152 1356 1462 1424 redemptor
1507 1367 1693 1412 uoster
1739 1358 1841 1413 hoc
1889 1366 2060 1412 totum

473 1450 616 1520 quod
665 1457 906 1520 tempore
956 1447 1227 1518 passionis
1283 1462 1394 1502 suae
1450 1447 1618 1502 semel
1662 1448 1847 1518 gessit,
1887 1449 2062 1503 adhuc

474 1553 646 1608 usque
694 1539 854 1595 hodie
907 1538 1222 1608 quotidiana
1276 1537 1519 1608 ejusdem
1563 1538 1735 1593 beata:
1792 1537 2059 1608 passionis

475 1629 989 1685 commemoratione
1016 1629 1245 1700 peragit,
1280 1629 1419 1684 hanc
1440 1629 1493 1683 in
1517 1629 1707 1698 primis
1732 1630 2060 1701 prmcipuam

475 1734 596 1776 esse
624 1735 846 1776 causam
890 1731 1041 1792 puto,
1090 1736 1260 1792 quare
1314 1737 1413 1776 nos
1463 1730 1823 1778 sacrosancta:
1869 1717 2084 1776 mortis

477 1810 594 1881 ejus
633 1811 1065 1867 recordationem
1111 1810 1540 1866 sacratissimum
1584 1827 1781 1882 corpus
1829 1821 1883 1867 et
1928 1826 2056 1867 san-

2169 627 2451 682 credentes
2491 640 2657 680 unum
2692 625 2748 678 in
2787 622 3021 686 Christo,
3075 629 3130 676 et
3157 620 3406 677 Christus
3435 623 3490 676 in
3519 623 3602 678 eis
3643 640 3767 678 ma-

2168 725 2313 784 neat,
2346 724 2613 786 quatenus
2654 713 2783 768 illud
2809 712 3098 784 impleatur
3122 711 3265 783 quod
3296 713 3411 782 ipse
3439 713 3508 767 ad
3537 712 3763 769 Patrem

2167 819 2283 866 orat
2306 827 2319 864 :
2347 809 2470 863 Non
2493 825 2587 879 pro
2606 807 2688 861 his
2718 816 2893 860 autem
2921 821 3070 876 rogo,
3087 805 3282 874 inquit,
3307 815 3535 869 tantum,
3554 806 3647 859 sed
3663 823 3764 875 pro

2167 904 2242 958 eis
2255 903 2344 973 qui
2369 899 2622 956 credituri
2639 908 2758 953 sunt
2773 915 2864 968 per
2877 897 3085 951 verbum
3105 912 3285 950 eorum
3300 895 3355 950 in
3377 913 3480 960 me,
3503 906 3561 949 ut
3578 913 3765 951 omnes

2167 1011 2330 1048 unum
2357 994 2463 1047 sint
2490 994 2622 1046 sicut
2665 1002 2743 1057 tu,
2791 989 2983 1056 Pater;
3024 991 3079 1044 in
3118 1005 3199 1044 me
3243 997 3291 1042 et
3324 1005 3417 1060 ego
3442 990 3497 1042 in
3522 1001 3591 1054 te,
3620 999 3682 1041 ut
3710 1000 3763 1043 et

2165 1086 2264 1156 ipsi
2294 1085 2313 1123 τ
2343 1085 2446 1139 sint
2475 1086 2528 1138 in
2554 1085 2697 1138 nobis
2736 1082 2918 1152 (Joan.
2949 1072 3080 1149 xvii,
3114 1080 3228 1146 20).
3261 1080 3386 1136 Haec
3419 1080 3603 1149 itaque
3636 1080 3762 1134 uni—

2167 1185 2246 1232 tas
2274 1192 2379 1232 non
2428 1176 2568 1230 sicut
2609 1174 2845 1230 haeretici
2899 1172 3086 1227 volunt
3134 1171 3247 1227 sola
3295 1171 3574 1226 voluntate
3613 1171 3762 1226 inter

2166 1267 2380 1323 Patrem
2416 1277 2471 1322 et
2506 1266 2699 1322 Filium
2735 1267 3083 1337 praedicatur,
3118 1273 3174 1320 et
3220 1265 3364 1320 sicut
3403 1264 3656 1318 laborant
3689 1278 3760 1318 ex

2165 1372 2229 1413 eo
2250 1357 2392 1428 quod
2418 1358 2494 1412 ait
2524 1375 2537 1411 :
2565 1357 2676 1427 Ego
2701 1365 2749 1410 et
2772 1353 2935 1409 Pater
2956 1371 3117 1409 unum
3144 1354 3524 1425 sumus(Joan.
3552 1370 3610 1419 ι,
3635 1353 3756 1424 50).

2165 1449 2398 1504 Tcntant
2428 1450 2594 1520 igitur
2636 1449 2702 1504 ad
2746 1448 3124 1502 unanitnitatis
3155 1445 3285 1502 illud
3335 1447 3586 1503 conferre
3615 1463 3755 1502 con-

2162 1558 2400 1607 sensum,
2434 1551 2494 1597 ut
2522 1541 2698 1596 unitas
2736 1540 3032 1595 voluntatis
3063 1540 3117 1594 in
3147 1539 3230 1594 his
3257 1539 3347 1605 sit,
3381 1555 3488 1595 non
3514 1547 3752 1606 naturae,

2163 1637 2303 1692 sicut
2356 1635 2717 1690 multitudinis
2765 1634 3099 1689 credentium
3134 1633 3188 1688 in
3218 1630 3517 1689 Jerusalem
3550 1633 3758 1688 dicitur

2164 1744 2255 1783 cor
2277 1744 2440 1782 unum
2461 1738 2510 1783 et
2542 1728 2717 1780 anima
2745 1743 2851 1780 una
2899 1725 3058 1795 fuisse
3089 1726 3227 1796 (Act.
3261 1742 3333 1791 Iv,
3363 1725 3488 1797 52);
3522 1724 3620 1781 sed
3651 1740 3753 1780 nos

2161 1820 2380 1876 Patrum
2411 1822 2642 1892 vestigia
2688 1828 2999 1890 sequentes,
3037 1818 3262 1874 credere
3294 1820 3318 1859 ε
3353 1827 3570 1889 oportet
3604 1817 3754 1889 quod

473 1902 690 1972 guinem
737 1903 905 1973 ipsius
953 1903 1194 1973 quotidie
1239 1918 1402 1971 super
1448 1901 1632 1957 altaris
1672 1917 1820 1957 aram
1868 1903 2059 1958 immo—
2088 1900 2137 1962 Β
2167 1909 2310 1965 Deus
2336 1926 2401 1966 ex
2433 1910 2543 1965 Deo
2571 1908 3002 1965 substantialiter
3036 1909 3270 1980 genitus,
3297 1908 3620 1963 naturaliter
3647 1907 3755 1962 hoc

472 1991 651 2048 lantes
691 1993 908 2048 assidue
954 1992 1323 2062 replicamus.)
1358 1991 1507 2047 Unde
1551 2005 1774 2046 oramus
1804 2009 1817 2044 :
1850 1991 2064 2046 Dimitte

476 2085 620 2141 nobis
657 2087 829 2140 debita
861 2097 1040 2141 nostra
1063 2086 1281 2157 (Matth.
1308 2102 1384 2152 vr,
1420 2086 1509 2158 i);
1537 2086 1665 2157 quia
1690 2087 1735 2142 si
1763 2087 2062 2142 dixerimus

473 2178 614 2246 quod
642 2186 923 2249 peccatum
952 2195 1056 2234 non
1082 2180 1363 2246 habemus,
1397 2180 1497 2250 ipsi
1523 2195 1622 2236 nos
1643 2179 1973 2247 seducimus,
2005 2189 2061 2238 et

477 2271 678 2326 veritas
704 2272 756 2326 in
788 2273 943 2328 nobis
968 2289 1074 2329 non
1101 2281 1202 2329 est.

539 2362 593 2418 3.
637 2363 884 2420 Secundo
915 2366 1116 2437 agitur,
1147 2373 1208 2420 ut
1233 2367 1374 2422 sicut
1401 2367 1504 2423 fuit
1533 2368 1696 2425 arbor
1720 2369 1844 2424 vita:
1883 2369 1936 2425 in
1958 2384 2056 2440 pa-

472 2451 674 2518 radiso,
702 2454 773 2508 ita
813 2464 998 2510 sancta
1031 2455 1124 2511 Dei
1153 2457 1415 2522 Ecclesia,
1446 2473 1566 2529 qua:
1593 2461 1874 2530 paradisus
1919 2460 2054 2516 deli-

468 2541 672 2597 ciarum
696 2543 751 2598 in
777 2545 1006 2602 canticis
1019 2545 1336 2617 appellatur,
1354 2549 1553 2604 habeat
1571 2550 1633 2614 ,in
1656 2565 1714 2605 se
1737 2550 2054 2623 mysterium

469 2635 612 2703 vita,
640 2638 783 2708 quod
813 2639 865 2694 in
909 2641 1100 2696 eodem
1142 2641 1290 2713 ligno
1335 2642 1700 2713 ﬁgurabatur;
1732 2658 1800 2698 ex
1827 2658 1934 2713 quo
1963 2643 2053 2713 qui

464 2728 630 2785 edunt
663 2740 940 2788 servantes
978 2733 1232 2788 mandata
1275 2735 1399 2788 vita:
1430 2749 1776 2804 nequaquam
1824 2743 2054 2806 possunt

467 2820 608 2875 mori
639 2820 694 2875 in
721 2830 1007 2878 aternum.
1029 2823 1182 2891 Quod
1207 2824 1253 2878 si
1278 2824 1442 2880 veluti
1464 2826 1634 2880 Adam
1656 2826 2048 2894 inobedientes,

467 2928 495 2961 a
530 2909 745 2966 diabolo
779 2927 969 2966 rursus
1012 2922 1234 2983 peccato
1276 2914 1468 2968 mortis
1512 2914 1774 2986 perempti
1827 2914 2047 2982 fuerint,

462 2999 603 3052 sicut
631 2999 721 3054 ille
745 3000 813 3054 de
835 3001 1087 3071 paradiso
1115 3011 1463 3057 removentur
1501 3018 1531 3056 a
1557 3004 1760 3058 sanctis
1789 3002 2049 3058 altaribus

463 3098 518 3144 et
545 3106 575 3144 a
613 3089 758 3162 ligno
787 3093 932 3156 vitae,
963 3092 1168 3147 scilicet
1195 3109 1226 3146 a
1253 3108 1480 3163 corpore
1519 3102 1577 3149 et
1601 3097 1860 3166 sanguine
1885 3094 2045 3149 Chri-

461 3181 550 3246 sti,
583 3181 675 3250 qui
699 3190 786 3236 est
811 3196 998 3237 verum
1027 3183 1264 3254 paradisi
1289 3183 1524 3257 lignum;
1551 3185 1703 3256 cujus
1730 3187 1916 3257 {alium
1943 3203 2047 3242 non

2163 2013 2249 2058 est
2277 2005 2423 2074 quod
2458 2003 2620 2058 Pater
2649 2002 2864 2074 (HILAR.
2896 2001 2990 2056 lib.
3023 2017 3141 2056 vm.
3172 2001 3236 2056 de
3270 1998 3505 2070 Trinit.),
3543 2015 3608 2055 ac
3652 2014 3755 2070 per

2162 2096 2265 2152 hoc
2291 2096 2321 2136 ιι
2347 2096 2554 2152 unitate
2579 2105 2786 2150 natura:
2813 2093 2979 2148 Pater
3003 2102 3056 2148 et
3084 2093 3254 2148 Filius
3277 2107 3444 2146 unum
3475 2107 3595 2148 esse
3623 2106 3753 2161 pro-

2160 2186 2377 2256 bantur,
2417 2204 2625 2244 necnon
2653 2196 2709 2244 et
2755 2187 3001 2244 Christus
3041 2187 3201 2242 hodie
3242 2187 3297 2241 in
3338 2186 3494 2241 nobis
3518 2201 3628 2240 non
3660 2199 3751 2239 so—

2160 2281 2270 2337 lum
2300 2297 2399 2353 per
2426 2282 2771 2339 concordiam
2815 2279 3130 2345 voluntatis,
3177 2279 3271 2334 sed
3299 2279 3462 2333 etiam
3500 2292 3598 2347 per
3645 2291 3746 2330 na-

2159 2385 2338 2432 turam
2366 2379 2421 2434 in
2453 2379 2627 2445 nobis,
2661 2379 2804 2434 sicut
2832 2387 2887 2432 et
2929 2392 3028 2433 nos
3075 2377 3128 2432 in
3181 2377 3294 2443 illo,
3345 2384 3491 2431 recte
3521 2389 3748 2430 manere

2155 2467 2374 2524 dicitur.
2408 2469 2542 2524 Nam
2570 2470 2616 2525 si
2649 2468 2874 2525 Verbum
2901 2486 3023 2524 caro
3052 2469 3252 2539 factum
3279 2476 3375 2531 est,
3403 2475 3459 2522 et
3486 2480 3584 2522 nos
3612 2480 3746 2521 vere

2155 2559 2392 2616 Verbum
2428 2561 2444 2602 ί
2478 2560 2681 2616 factum
2719 2575 2940 2615 carnem
2979 2560 3034 2614 in
3082 2559 3202 2614 cibo
3243 2557 3521 2614 Dominico
3569 2555 3742 2610 sumi-

2156 2666 2295 2716 mus,
2327 2651 2596 2722 quomodo
2624 2651 2678 2706 in
2709 2650 2863 2707 nobis
2887 2649 3132 2706 Christus
3169 2664 3390 2703 manere
3417 2646 3743 2702 naturaliter

2148 2745 2273 2815 jure
2302 2760 2408 2801 non
2437 2745 2753 2810 aestimatur,
2801 2743 2970 2813 quiet
3018 2751 3263 2797 naturam
3306 2742 3487 2796 carnis
3536 2750 3739 2795 nostra:

2154 2835 2569 2906 inseparabilem
2599 2825 2701 2891 sibi
2746 2834 2907 2890 homo
2952 2841 3111 2888 natus
3155 2831 3298 2886 Deus
3322 2830 3636 2901 assumpsit,
3683 2835 3739 2884 et

2152 2937 2400 2982 naturam
2429 2927 2609 2982 carnis
2638 2940 2748 2982 suae
2798 2923 2862 2978 ad
2896 2932 3142 2979 naturam
3196 2934 3209 2972 ι
3264 2921 3588 2978 aeternitatis
3636 2918 3739 2974 sub

2150 2996 2490 3077 sacramento
2518 3021 2623 3076 hoc
2648 3019 2804 3076 nobis
2853 3015 3313 3074 communicandas
3354 3014 3538 3069 carnis
3563 3011 3738 3066 admi-

2148 3111 2324 3166 seuit?
2345 3111 2412 3166 Et
2439 3111 2558 3167 ideo
2597 3127 2695 3181 per
2722 3110 2825 3164 hoc
2861 3122 3050 3164 omnes
3077 3107 3130 3161 in
3173 3105 3284 3162 Deo
3321 3104 3484 3160 Patre
3509 3112 3567 3157 et
3597 3102 3736 3157 Filio

2149 3220 2214 3260 ac
2261 3202 2466 3275 Spiritu
2492 3213 2682 3260 sancto
2737 3218 2903 3258 unum
2969 3217 3176 3267 sumus,
3228 3199 3411 3270 quiak
3464 3197 3628 3254 Pater
3679 3198 3736 3253 in

459 3272 652 3343 deﬂuat
707 3283 756 3329 et
801 3275 976 3329 omnia
1032 3291 1353 3348 quaecunque
1399 3278 1554 3348 faciet
1603 3281 2048 3350 prosperabuntur

2154 3265 2364 3351 Christo
2385 3303 2440 3350 et
2460 3293 2706 3350 Christus
2731 3293 2788 3348 in
2817 3293 2972 3348 nobis
2993 3307 3114 3348 esse
3155 3265 3438 3362 probatur.
3468 3289 3607 3344 Ilinc
3633 3290 3738 3362 igi-

461 3365 632 3435 (Paul.
659 3382 704 3433 ι,
727 3367 783 3438 5)
817 3385 831 3420 :
861 3377 1208 3424 removentur
1231 3377 1413 3425 autem
1447 3387 1517 3426 ne
1553 3380 1770 3427 sumant
1807 3375 1872 3428 de
1901 3372 2048 3444 ligno

458 3457 606 3524 vitae,
632 3467 689 3513 et
739 3458 880 3513 male
912 3460 1182 3515 vivantut
1210 3462 1545 3529 moriantur,
1595 3463 1703 3520 imo
1748 3474 1809 3518 ut
1854 3464 2046 3535 resipi-

461 3557 617 3606 scant
647 3567 679 3604 a
708 3551 867 3607 malis
892 3553 1038 3619 suis,
1067 3560 1122 3608 et
1149 3568 1246 3622 per
1270 3554 1650 3624 paenitentiam
1686 3556 2043 3623 reconciliari,

460 3640 660 3696 Christi
715 3653 742 3682 ι
786 3658 885 3714 per
934 3643 1079 3700 hunc
1126 3645 1306 3700 cibum
1359 3661 1550 3702 rursus
1595 3647 1968 3704 reinserantur
2015 3648 2044 3690 δ

462 3731 784 3800 visceribus,
814 3742 870 3789 et
912 3734 1143 3790 feliciter
1169 3735 1425 3808 deinceps
1454 3738 1638 3793 vivant
1675 3739 1730 3793 in
1759 3747 2040 3795 anet-num.

463 3820 577 3878 Hoc
602 3822 802 3894 quippe
848 3834 1016 3894 agunt
1041 3827 1349 3882 sacerdotes
1373 3825 1577 3883 Christi
1615 3829 1670 3883 in
1706 3829 1967 3896 Ecclesia,
1992 3839 2048 3884 et

464 3921 771 3968 monstrant
805 3913 950 3982 quod
974 3912 1214 3970 futurum
1237 3917 1409 3984 estin
1440 3917 1532 3973 illo
1556 3918 1748 3975 ultimo
1773 3921 2042 3988 examine,

462 4003 678 4072 quando
702 4005 1100 4073 separabantur
1111 4006 1243 4078 justi
1268 4008 1338 4064 ab
1361 4008 1596 4078 injustis.
1628 4009 1736 4066 Sed
1759 4012 1849 4067 hic
1885 4013 2045 4068 sicuti

459 4091 631 4144 Adam
661 4092 886 4161 expulso
929 4109 1053 4164 spes
1101 4091 1300 4151 mansit
1339 4098 1602 4155 redeundi
1647 4101 1715 4155 ad
1756 4102 1922 4158 vitam
1949 4119 2048 4173 per

460 4181 863 4250 paenitentiam,
887 4184 961 4238 ita
982 4185 1223 4253 praecisis
1245 4202 1277 4240 a
1306 4185 1450 4258 ligno
1473 4189 1598 4244 vitae
1625 4203 1772 4262 patet
1794 4193 2042 4265 facultas,

461 4272 508 4327 si
531 4271 696 4328 velint
723 4274 901 4330 redire
928 4277 996 4331 ad
1020 4277 1252 4333 veniam.
1272 4278 1374 4335 Ubi
1395 4296 1518 4337 cum
1542 4285 1858 4353 pmnitentia
1880 4287 2046 4343 inter-

461 4365 714 4432 cesserit,
755 4375 907 4422 certa
961 4383 1084 4439 spes
1117 4371 1434 4442 percipitur,
1479 4375 1604 4446 quia
1640 4377 1756 4448 jam
1801 4380 1923 4436 vitae
1950 4381 2047 4435 ad-

463 4453 680 4522 mistus,
708 4456 848 4512 mori
879 4473 986 4514 non
1015 4460 1237 4528 poterit,
1261 4461 1308 4518 si
1336 4465 1716 4543 reconciliatus
1750 4477 1966 4524 maneat
1988 4470 2044 4524 in

463 4548 700 4607 Christo.

2152 3397 2237 3442 tur
2261 3395 2344 3443 est
2387 3386 2530 3457 quod
2569 3396 2624 3441 et
2668 3401 2766 3441 nos
2815 3385 2872 3440 in
2930 3384 3147 3440 Christo
3203 3382 3519 3438 naturaliter
3559 3397 3732 3436 unum

2147 3495 2344 3551 corpus
2366 3479 2647 3547 elﬁcimur,
2689 3490 2746 3536 et
2773 3481 2818 3536 si
2846 3481 2966 3550 quis
2997 3478 3214 3535 Patrem
3245 3479 3301 3533 in
3332 3478 3549 3534 Christo
3572 3487 3736 3533 natu-

2151 3573 2338 3628 raliter
2386 3574 2692 3638 contitetur,
2744 3571 3066 3629 conﬁteatur
3115 3585 3174 3626 se
3216 3571 3537 3625 naturaliter
3585 3570 3736 3640 (quia

2148 3662 2385 3719 Verbum
2419 3662 2439 3703 1
2470 3679 2600 3719 caro
2637 3664 2742 3734 est)
2783 3678 2949 3717 unum
2989 3677 3111 3719 esse
3153 3661 3208 3716 in
3235 3662 3348 3728 illo,
3389 3672 3446 3715 ut
3472 3662 3736 3717 naturalis

2147 3755 2350 3822 unitas,
2395 3770 2492 3826 per
2535 3763 2936 3819 sacramentum
2983 3763 3245 3825 appareat
3285 3754 3550 3809 veritatis.
3597 3752 3737 3812 Hinc

2145 3863 2276 3920 ergo
2297 3848 2427 3904 dicit
2455 3867 2469 3902 :
2499 3847 2603 3914 Qui
2625 3848 2907 3902 manducat
2933 3864 3144 3902 carnem
3167 3863 3360 3913 meam,
3382 3856 3430 3900 et
3453 3847 3580 3900 bibit
3609 3863 3738 3899 san-

2145 3941 2355 4009 guinem
2395 3957 2586 4006 meum,
2630 3940 2685 3994 in
2713 3956 2792 3994 me
2835 3951 3030 4006 manet,
3062 3950 3109 3994 et
3134 3957 3226 4011 ego
3255 3941 3310 3995 in
3339 3957 3398 3994 eo
3421 3939 3606 4011 (Joan.
3654 3953 3733 4000 vi,

2146 4030 2259 4101 57).
2291 4029 2427 4085 Vere
2471 4031 2635 4101 igitur
2679 4030 2819 4085 sicut
2855 4046 2954 4101 per
3002 4040 3253 4086 naturam
3311 4031 3531 4086 deitatis
3589 4029 3738 4083 Deus

2146 4120 2310 4177 Pater
2332 4121 2386 4176 in
2417 4121 2558 4178 Filio
2599 4129 2704 4188 est,
2739 4121 2814 4177 ita
2849 4131 2906 4179 et
2932 4122 3104 4178 Filius
3132 4124 3276 4179 Deus
3303 4124 3466 4179 homo
3497 4140 3594 4194 per
3631 4123 3738 4176 hu-

2146 4213 2460 4268 manitatem
2491 4212 2586 4285 [αι.
2625 4213 2912 4287 unitatem]
2958 4215 3138 4271 carnis
3175 4215 3229 4270 in
3261 4216 3414 4271 nobis
3455 4231 3576 4271 esse
3607 4213 3736 4282 jure

2145 4303 2361 4368 dicitur,
2387 4317 2451 4358 ac
2474 4318 2572 4374 per
2599 4303 2704 4361 hoc
2731 4305 2999 4362 mediator
3023 4306 3119 4362 Dei
3143 4316 3198 4362 et
3226 4307 3505 4362 hominum
3530 4301 3733 4377 praedi-

2145 4400 2330 4458 catur;
2373 4393 2498 4463 quia
2524 4409 2623 4464 per
2661 4408 2784 4450 eum
2828 4397 3264 4452 communionem
3303 4398 3529 4453 unitatis
3560 4398 3734 4453 habe-

2146 4496 2266 4535 mus
2294 4481 2364 4536 ad
2399 4481 2593 4550 Deum,
2621 4483 2750 4540 dum
2801 4485 2916 4557 ipse
2966 4488 3021 4541 in
3065 4487 3230 4542 Patre
3272 4502 3522 4554 manens,
3566 4497 3620 4543 et
3676 4488 3730 4542 in

2147 4573 2301 4629 nobis
2329 4589 2545 4645 quoque
2588 4592 2811 4634 manere
2843 4578 3060 4634 dicitur.
3103 4577 3218 4644 Qua
3251 4579 3317 4634 de
3365 4595 3529 4635 causa
3561 4595 3728 4633 illium

529 4641 586 4696 4.
627 4641 834 4711 Tertio,
870 4657 892 4686 ε
925 4656 986 4703 ut
1010 4649 1318 4722 quicunque
1346 4653 1507 4726 digne
1551 4655 1692 4711 hanc
1734 4657 1900 4712 vitam
1953 4672 2044 4714 su-
2065 4625 2122 4688 Β
2149 4677 2248 4719 nos
2273 4625 2394 4721 esse
2422 4625 2477 4720 in
2513 4666 2644 4737 ipsis
2684 4669 2932 4738 superius
2976 4625 3146 4724 Pater
3183 4685 3215 4724 a
3264 4669 3402 4726 Filio
3429 4655 3727 4726 secundum

462 4743 637 4801 munt,
670 4737 843 4793 renati
871 4754 1039 4794 unum
1061 4739 1382 4810 elliciantur,
1413 4755 1472 4800 ut
1490 4747 1631 4802 sicut
1647 4746 1760 4815 jam
1787 4763 1886 4818 per
1912 4749 2044 4820 bap-

465 4826 682 4881 tismum
705 4826 921 4885 Christo
943 4828 971 4869 d
1005 4830 1324 4900 induuntur,
1361 4834 1436 4888 ita
1462 4832 1711 4890 Christus
1749 4836 1804 4890 in
1842 4837 1922 4892 eis
1943 4853 2045 4907 per

536 4951 562 4978 ει
601 4937 680 4994 Ita
718 4939 966 5017 melioris
985 4951 1128 5017 noue
1175 4959 1307 5000 mss.
1343 4943 1506 5000 Sim.
1548 4961 1672 5001 cum
1719 4947 2038 5017 quibusdam

463 5022 620 5071 mss.,
649 5011 967 5065 reconciliati
997 5011 1224 5068 Christo.

532 5078 715 5160 1{Duo
743 5081 953 5160 codices
983 5084 1159 5160 regii,
1181 5100 1319 5160 unus
1347 5085 1551 5160 reginas
1574 5085 1812 5160 suecite,
1838 5091 2033 5147 reinse-

462 5158 647 5229 rantur
671 5151 946 5229 visceribus
971 5151 1230 5229 paradisi,
1256 5156 1311 5229 id
1335 5151 1695 5222 esthclesice,
1711 5169 1762 5213 et
1788 5151 2031 5229 feliciter.

458 5216 611 5357 Albia;
636 5235 736 5342 t’n‘s.
757 5221 954 5290 regina.-
970 5216 1199 5290 Sueciaa,
1217 5216 1579 5281 reinserantur
1597 5216 1712 5299 ejus
1729 5216 2030 5301 visceribus,

459 5304 485 5340 ε
609 5307 675 5343 ειι
701 5306 774 5344 er.

459 5298 505 5340 et
534 5298 653 5344 ﬁdet
661 5298 774 5344 iter.

488 5370 552 5442 Hc
572 5360 816 5442 Codices
841 5360 1051 5441 reginae
1090 5361 1315 5432 Sueciae,
1343 5367 1449 5423 duo
1475 5369 1608 5442 regii
1637 5387 1650 5423 :
1683 5369 1854 5442 Tertio
1875 5372 2033 5425 etiam

712 5431 886 5500 passio
917 5427 1212 5503 'reputatur
1240 5475 1256 5501 ,
1303 5427 1375 5491 'ut
1421 5427 1714 5510 quicunque
1767 5441 1922 5511 digne
1963 5441 2033 5495 ad

458 5514 641 5554 vitam.

524 5569 552 5609 ἀ
591 5571 667 5643 ita
695 5572 811 5643 fere
844 5588 1035 5628 omnes
1075 5591 1205 5632 mss.
1235 5577 1420 5643 Editi.,
1463 5577 1731 5634 Christum
1755 5581 2004 5636 induunt.

529 5649 554 5714 ξ
595 5640 790 5714 Υρςίοη
831 5644 1174 5714 spiritualiter
1203 5640 1430 5703 maneat.

536 5709 563 5790 ‘_
600 5711 777 5790 Editi_,
823 5709 871 5767 et
916 5716 1017 5790 ipsi
1044 5732 1223 5790 __unun_i
1258 5719 1360 5772 sint
1411 5721 1466 5774 in
1515 5722 1661 5776 nobis
1691 5762 1706 5787 ,
1748 5734 1909 5790 atque
1955 5724 2030 5778 ita

456 5779 512 5901 in
551 5779 978 5894 textumloannis.
1042 5786 1148 5842 Sed
1206 5788 1256 5841 in
1299 5791 1547 5844 omnibus
1585 5779 1716 5846 mss'.
1759 5779 2031 5848 desidera-

473 5865 545 5901 .ur
579 5865 685 5901 una
749 5878 761 5893 .
1993 5893 2002 5897 _

473 5865 545 5904 ur
579 5865 761 5901 unum.
1993 5893 2002 5897 -

2148 4755 2536 4814 humanitatem
2563 4767 2839 4816 exoratur.

2215 4848 2270 4903 5.
2302 4848 2444 4905 Ecce
2489 4851 2597 4906 duo
2636 4852 2740 4907 ista
2782 4863 3123 4910 sacramenta
3163 4854 3293 4926 quid
3326 4851 3564 4909 efﬁciunt
3591 4867 3605 4904 :
3630 4866 3732 4920 per

2215 4964 2245 5006 ⁸
2279 4962 2414 5020 Tres
2449 4979 2606 5031 mss.,
2654 4965 2860 5020 credere
2889 4968 3247 5022 indubitanter
3272 4965 3538 5020 debemus.

2211 5032 2242 5073 ιι
2282 5031 2482 5103 Vatic.,
2507 5035 2653 5092 Flor.
2669 5044 2725 5091 et
2740 5035 2891 5094 Colb.
2909 5039 2962 5105 1,
2988 5054 3050 5092 ac
3075 5054 3168 5108 per
3192 5043 3328 5092 hanc
3355 5036 3607 5090 unitatem
3632 5049 3732 5086 na-

2141 5113 2296 5158 tum.
2401 5147 2405 5150 -

2213 5175 2231 5214 ί
2275 5173 2442 5241 Editi,
2483 5173 2708 5231 Verbum
2752 5194 2984 5243 carnem,
3023 5177 3260 5235 Colbert.
3313 5191 3453 5232 unus
3478 5215 3496 5242 ,
3536 5184 3587 5231 et
3632 5190 3731 5229 nos

2136 5259 2311 5316 rerum
2337 5262 2546 5299 carnem
2585 5249 2640 5301 in
2676 5248 2808 5302 cibo.
2856 5248 3006 5304 Colb.
3040 5248 3199 5316 alter,
3246 5258 3297 5302 et
3321 5264 3416 5303 nos
3442 5263 3564 5302 sere
3599 5243 3732 5300 Ver-

2139 5313 2258 5389 bum
2279 5331 2500 5389 carnem
2530 5317 2728 5384 factum
2751 5319 2804 5372 in
2834 5319 2970 5374 cibo.

2211 5384 2226 5432 ἱ
2277 5384 2411 5441 Tres
2442 5401 2597 5453 mss.,
2639 5390 2945 5443 teternitatis
2971 5406 3100 5444 sum.
3245 5432 3249 5438 η

2212 5454 2238 5492 ¹ί
2280 5455 2396 5530 Duo
2434 5471 2568 5530 mss.
2617 5457 2787 5530 regi_i,
2813 5468 2868 5513 et
2894 5460 3001 5516 duo
3042 5460 3250 5530 sueciaa
3289 5459 3490 5530 regina:
3539 5457 3732 5524 :Quia

2139 5521 2302 5578 Pater
2337 5525 2392 5579 in
2434 5516 2647 5582 Christo
2679 5516 2842 5582 “Filio
2888 5539 2936 5584 et
2971 5532 3029 5584 in
3078 5528 3279 5585 Sniritu
3325 5516 3511 5585 sancto
3561 5516 3728 5582 uicum

2139 5549 2301 5578 ruter
2337 5549 2392 5579 ιη
2440 5549 2647 5582 uunsw
2700 5549 2842 5582 l‘uw
2888 5549 2936 5584 et
2971 5549 3029 5584 m
3078 5549 3115 5585 ι)
3154 5549 3279 5585 tritu
3325 5549 3511 5585 sancto
3561 5549 3728 5582 unum

2135 5596 2330 5661 existit,
2379 5606 2426 5650 et
2475 5594 2716 5672 Christus
2744 5597 3003 5672 inAPatre
3025 5611 3070 5655 et
3102 5549 3306 5672 gpiritu
3336 5610 3522 5672 sancto
3559 5613 3728 5649 unum

2135 5681 2465 5733 permanens,
2493 5669 2548 5720 in
2581 5669 2728 5721 nobis
2753 5669 2909 5722 etiam
2917 5687 3031 5792 iper
3051 5667 3336 5742 assumptis
3364 5667 3541 5722 carnis
3570 5675 3727 5721 nam-

2137 5750 2249 5788 ram
2276 5752 2436 5788 unum
2457 5753 2566 5790 esse
2590 5739 2861 5792 probatur.
2894 5739 2922 5792 Ι
2949 5741 3036 5792 inc
3058 5757 3198 5792 erao.
3231 5750 3334 5792 etc.

2137 5750 2249 5808 ram
2276 5752 2436 5808 unum
2457 5753 2566 5808 esse
2589 5739 2861 5806 probatur.
2894 5739 3036 5794 llinc
3058 5757 3198 5808 ergo,
3231 5739 3334 5797 etc.

2215 5802 2226 5841 ¹
2276 5805 2435 5864 Editi,
2503 5802 2719 5860 Verbum
2755 5827 2875 5861 mro
2907 5802 3229 5878 factunt'est.
