  <div class='ocr_page' id='page_1' title='image "/cluster/home/n/w/nwhite01/storage/ocr_20150623/120/hvd.32044015466923/654.png"; bbox 0 0 4078 6348; ppageno 0'>
   <div class='ocr_carea' id='block_1_1' title="bbox 313 352 450 408">
    <p class='ocr_par' dir='ltr' id='par_1_1' title="bbox 313 352 450 408">
     <span class='ocr_line' id='line_1_1' title="bbox 313 352 450 408; baseline -0.015 0"><span class='ocrx_word' id='word_1_1' title='bbox 313 352 450 408; x_wconf 77' lang='grc'><strong>1297</strong></span> 
     </span>
    </p>
   </div>
   <div class='ocr_carea' id='block_1_2' title="bbox 1236 357 2659 418">
    <p class='ocr_par' dir='ltr' id='par_1_2' title="bbox 1236 357 2659 418">
     <span class='ocr_line' id='line_1_2' title="bbox 1236 357 2659 418; baseline 0.001 -4"><span class='ocrx_word' id='word_1_2' title='bbox 1236 359 1362 414; x_wconf 85' lang='lat' dir='ltr'><strong>LIB.</strong></span> <span class='ocrx_word' id='word_1_3' title='bbox 1403 358 1492 416; x_wconf 84' lang='lat' dir='ltr'><strong>DE</strong></span> <span class='ocrx_word' id='word_1_4' title='bbox 1529 357 1852 418; x_wconf 80' lang='lat' dir='ltr'><strong>CORPORE</strong></span> <span class='ocrx_word' id='word_1_5' title='bbox 1888 357 1977 415; x_wconf 83' lang='lat' dir='ltr'><strong>ET</strong></span> <span class='ocrx_word' id='word_1_6' title='bbox 2015 358 2364 417; x_wconf 70' lang='lat' dir='ltr'><strong>SANGUINE</strong></span> <span class='ocrx_word' id='word_1_7' title='bbox 2403 357 2659 416; x_wconf 81' lang='lat' dir='ltr'><strong>DOMlNl.</strong></span> 
     </span>
    </p>
   </div>
   <div class='ocr_carea' id='block_1_3' title="bbox 3445 323 3584 424">
    <p class='ocr_par' dir='ltr' id='par_1_3' title="bbox 3445 323 3584 424">
     <span class='ocr_line' id='line_1_3' title="bbox 3445 323 3584 424; baseline 0.014 -2"><span class='ocrx_word' id='word_1_8' title='bbox 3445 323 3584 424; x_wconf 74' lang='lat' dir='ltr'><strong>isse</strong></span> 
     </span>
    </p>
   </div>
   <div class='ocr_carea' id='block_1_4' title="bbox 311 463 3584 545">
    <p class='ocr_par' dir='ltr' id='par_1_4' title="bbox 311 463 3584 545">
     <span class='ocr_line' id='line_1_4' title="bbox 311 463 3584 545; baseline 0.007 -25"><span class='ocrx_word' id='word_1_9' title='bbox 311 463 642 535; x_wconf 76' lang='lat' dir='ltr'><strong>baptismum</strong></span> <span class='ocrx_word' id='word_1_10' title='bbox 668 479 797 536; x_wconf 85' lang='lat' dir='ltr'><strong>ergo</strong></span> <span class='ocrx_word' id='word_1_11' title='bbox 823 482 1160 525; x_wconf 78' lang='lat' dir='ltr'><strong>renascimur</strong></span> <span class='ocrx_word' id='word_1_12' title='bbox 1207 472 1263 526; x_wconf 91' lang='lat' dir='ltr'><strong>in</strong></span> <span class='ocrx_word' id='word_1_13' title='bbox 1310 472 1547 540; x_wconf 75' lang='lat' dir='ltr'><strong>Christo,</strong></span> <span class='ocrx_word' id='word_1_14' title='bbox 1595 481 1650 529; x_wconf 91' lang='lat' dir='ltr'><strong>et</strong></span> <span class='ocrx_word' id='word_1_15' title='bbox 1680 489 1780 545; x_wconf 90' lang='lat' dir='ltr'><strong>per</strong></span> <span class='ocrx_word' id='word_1_16' title='bbox 1805 489 1893 530; x_wconf 80' lang='lat' dir='ltr'><strong>sa-</strong></span> <span class='ocrx_word' id='word_1_17' title='bbox 1919 478 1972 538; x_wconf 76' lang='grc' dir='ltr'>Α</span> <span class='ocrx_word' id='word_1_18' title='bbox 1997 470 2139 537; x_wconf 86' lang='lat' dir='ltr'><strong>ﬁdei,</strong></span> <span class='ocrx_word' id='word_1_19' title='bbox 2169 472 2343 527; x_wconf 86' lang='lat' dir='ltr'><strong>saltim</strong></span> <span class='ocrx_word' id='word_1_20' title='bbox 2365 470 2545 541; x_wconf 88' lang='lat' dir='ltr'><strong>justus</strong></span> <span class='ocrx_word' id='word_1_21' title='bbox 2593 475 2898 531; x_wconf 73' lang='lat' dir='ltr'><strong>invenitur?</strong></span> <span class='ocrx_word' id='word_1_22' title='bbox 2929 478 3135 535; x_wconf 81' lang='lat' dir='ltr'><strong>idcirco</strong></span> <span class='ocrx_word' id='word_1_23' title='bbox 3170 491 3454 539; x_wconf 87' lang='lat' dir='ltr'><strong>teneamus</strong></span> <span class='ocrx_word' id='word_1_24' title='bbox 3478 501 3584 545; x_wconf 73' lang='lat' dir='ltr'><strong>nos</strong></span> 
     </span>
    </p>
   </div>
   <div class='ocr_carea' id='block_1_5' title="bbox 309 559 1892 634">
    <p class='ocr_par' dir='ltr' id='par_1_5' title="bbox 309 559 1892 634">
     <span class='ocr_line' id='line_1_5' title="bbox 309 559 1892 634; baseline 0.008 -23"><span class='ocrx_word' id='word_1_25' title='bbox 309 563 649 614; x_wconf 81' lang='lat' dir='ltr'><strong>eramentum</strong></span> <span class='ocrx_word' id='word_1_26' title='bbox 688 559 934 629; x_wconf 88' lang='lat' dir='ltr'><strong>corporis</strong></span> <span class='ocrx_word' id='word_1_27' title='bbox 973 575 1038 616; x_wconf 89' lang='lat' dir='ltr'><strong>ac</strong></span> <span class='ocrx_word' id='word_1_28' title='bbox 1068 564 1345 634; x_wconf 76' lang='lat' dir='ltr'><strong>sanguinis</strong></span> <span class='ocrx_word' id='word_1_29' title='bbox 1365 563 1614 622; x_wconf 86' lang='lat' dir='ltr'><strong>Christus</strong></span> <span class='ocrx_word' id='word_1_30' title='bbox 1638 567 1693 621; x_wconf 90' lang='lat' dir='ltr'><strong>in</strong></span> <span class='ocrx_word' id='word_1_31' title='bbox 1718 567 1892 632; x_wconf 91' lang='lat' dir='ltr'><strong>nobis,</strong></span> 
     </span>
    </p>
   </div>
   <div class='ocr_carea' id='block_1_6' title="bbox 310 647 1894 728">
    <p class='ocr_par' dir='ltr' id='par_1_6' title="bbox 310 647 1894 728">
     <span class='ocr_line' id='line_1_6' title="bbox 310 647 1894 728; baseline 0.004 -23"><span class='ocrx_word' id='word_1_32' title='bbox 310 664 419 706; x_wconf 91' lang='lat' dir='ltr'><strong>non</strong></span> <span class='ocrx_word' id='word_1_33' title='bbox 451 647 624 705; x_wconf 89' lang='lat' dir='ltr'><strong>solum</strong></span> <span class='ocrx_word' id='word_1_34' title='bbox 661 647 786 715; x_wconf 91' lang='lat' dir='ltr'><strong>ﬁde,</strong></span> <span class='ocrx_word' id='word_1_35' title='bbox 817 650 911 706; x_wconf 88' lang='lat' dir='ltr'><strong>sed</strong></span> <span class='ocrx_word' id='word_1_36' title='bbox 948 653 1112 708; x_wconf 91' lang='lat' dir='ltr'><strong>etiam</strong></span> <span class='ocrx_word' id='word_1_37' title='bbox 1145 655 1352 711; x_wconf 89' lang='lat' dir='ltr'><strong>unitate</strong></span> <span class='ocrx_word' id='word_1_38' title='bbox 1381 656 1562 713; x_wconf 91' lang='lat' dir='ltr'><strong>carnis</strong></span> <span class='ocrx_word' id='word_1_39' title='bbox 1597 666 1651 713; x_wconf 91' lang='lat' dir='ltr'><strong>et</strong></span> <span class='ocrx_word' id='word_1_40' title='bbox 1678 658 1894 728; x_wconf 90' lang='lat' dir='ltr'><strong>sangui-</strong></span> 
     </span>
    </p>
   </div>
   <div class='ocr_carea' id='block_1_7' title="bbox 309 741 1894 820">
    <p class='ocr_par' dir='ltr' id='par_1_7' title="bbox 309 741 1894 820">
     <span class='ocr_line' id='line_1_7' title="bbox 309 741 1894 820; baseline 0.006 -24"><span class='ocrx_word' id='word_1_41' title='bbox 309 741 398 798; x_wconf 86' lang='lat' dir='ltr'><strong>nis</strong></span> <span class='ocrx_word' id='word_1_42' title='bbox 424 756 646 797; x_wconf 87' lang='lat' dir='ltr'><strong>manere</strong></span> <span class='ocrx_word' id='word_1_43' title='bbox 675 743 965 813; x_wconf 85' lang='lat' dir='ltr'><strong>probatur;</strong></span> <span class='ocrx_word' id='word_1_44' title='bbox 1002 755 1058 802; x_wconf 87' lang='lat' dir='ltr'><strong>et</strong></span> <span class='ocrx_word' id='word_1_45' title='bbox 1099 747 1224 803; x_wconf 91' lang='lat' dir='ltr'><strong>ideo</strong></span> <span class='ocrx_word' id='word_1_46' title='bbox 1265 749 1379 820; x_wconf 90' lang='lat' dir='ltr'><strong>jam</strong></span> <span class='ocrx_word' id='word_1_47' title='bbox 1409 750 1652 806; x_wconf 89' lang='lat' dir='ltr'><strong>membra</strong></span> <span class='ocrx_word' id='word_1_48' title='bbox 1691 750 1894 806; x_wconf 82' lang='lat' dir='ltr'><strong>Christi</strong></span> 
     </span>
    </p>
   </div>
   <div class='ocr_carea' id='block_1_8' title="bbox 308 832 1893 913">
    <p class='ocr_par' dir='ltr' id='par_1_8' title="bbox 308 832 1893 913">
     <span class='ocr_line' id='line_1_8' title="bbox 308 832 1893 913; baseline 0.006 -25"><span class='ocrx_word' id='word_1_49' title='bbox 308 832 426 903; x_wconf 84' lang='lat' dir='ltr'><strong>ejus</strong></span> <span class='ocrx_word' id='word_1_50' title='bbox 460 848 626 890; x_wconf 90' lang='lat' dir='ltr'><strong>carne</strong></span> <span class='ocrx_word' id='word_1_51' title='bbox 673 835 966 904; x_wconf 82' lang='lat' dir='ltr'><strong>vescimur,</strong></span> <span class='ocrx_word' id='word_1_52' title='bbox 1015 847 1076 894; x_wconf 92' lang='lat' dir='ltr'><strong>ut</strong></span> <span class='ocrx_word' id='word_1_53' title='bbox 1118 839 1254 895; x_wconf 89' lang='lat' dir='ltr'><strong>nihil</strong></span> <span class='ocrx_word' id='word_1_54' title='bbox 1305 841 1452 897; x_wconf 87' lang='lat' dir='ltr'><strong>aliud</strong></span> <span class='ocrx_word' id='word_1_55' title='bbox 1487 857 1650 913; x_wconf 90' lang='lat' dir='ltr'><strong>quam</strong></span> <span class='ocrx_word' id='word_1_56' title='bbox 1697 857 1893 913; x_wconf 84' lang='lat' dir='ltr'><strong>corpus</strong></span> 
     </span>
    </p>
   </div>
   <div class='ocr_carea' id='block_1_9' title="bbox 308 929 1894 1006">
    <p class='ocr_par' dir='ltr' id='par_1_9' title="bbox 308 929 1894 1006">
     <span class='ocr_line' id='line_1_9' title="bbox 308 929 1894 1006; baseline 0.004 -21"><span class='ocrx_word' id='word_1_57' title='bbox 308 929 448 1000; x_wconf 83' lang='lat' dir='ltr'><strong>ejus,</strong></span> <span class='ocrx_word' id='word_1_58' title='bbox 502 929 644 985; x_wconf 90' lang='lat' dir='ltr'><strong>unde</strong></span> <span class='ocrx_word' id='word_1_59' title='bbox 684 929 936 995; x_wconf 82' lang='lat' dir='ltr'><strong>vivimus,</strong></span> <span class='ocrx_word' id='word_1_60' title='bbox 986 941 1042 988; x_wconf 91' lang='lat' dir='ltr'><strong>et</strong></span> <span class='ocrx_word' id='word_1_61' title='bbox 1094 935 1312 1006; x_wconf 79' lang='lat' dir='ltr'><strong>sanguis</strong></span> <span class='ocrx_word' id='word_1_62' title='bbox 1365 935 1723 991; x_wconf 89' lang='lat' dir='ltr'><strong>inveniamur.</strong></span> <span class='ocrx_word' id='word_1_63' title='bbox 1757 935 1894 991; x_wconf 84' lang='lat' dir='ltr'><strong>Hinc</strong></span> 
     </span>
    </p>
   </div>
   <div class='ocr_carea' id='block_1_10' title="bbox 310 1020 1892 1098">
    <p class='ocr_par' dir='ltr' id='par_1_10' title="bbox 310 1020 1892 1098">
     <span class='ocr_line' id='line_1_10' title="bbox 310 1020 1892 1098; baseline 0.004 -22"><span class='ocrx_word' id='word_1_64' title='bbox 310 1021 480 1090; x_wconf 81' lang='lat' dir='ltr'><strong>igitur</strong></span> <span class='ocrx_word' id='word_1_65' title='bbox 511 1029 610 1082; x_wconf 89' lang='lat' dir='ltr'><strong>est,</strong></span> <span class='ocrx_word' id='word_1_66' title='bbox 642 1020 787 1091; x_wconf 89' lang='lat' dir='ltr'><strong>quod</strong></span> <span class='ocrx_word' id='word_1_67' title='bbox 817 1039 965 1077; x_wconf 86' lang='lat' dir='ltr'><strong>nemo</strong></span> <span class='ocrx_word' id='word_1_68' title='bbox 994 1027 1228 1080; x_wconf 77' lang='lat' dir='ltr'><strong>ascendit</strong></span> <span class='ocrx_word' id='word_1_69' title='bbox 1255 1027 1325 1081; x_wconf 90' lang='lat' dir='ltr'><strong>ad</strong></span> <span class='ocrx_word' id='word_1_70' title='bbox 1348 1027 1557 1094; x_wconf 76' lang='lat' dir='ltr'><strong>caelum,</strong></span> <span class='ocrx_word' id='word_1_71' title='bbox 1587 1028 1689 1082; x_wconf 82' lang='lat' dir='ltr'><strong>nisi</strong></span> <span class='ocrx_word' id='word_1_72' title='bbox 1712 1030 1802 1098; x_wconf 88' lang='lat' dir='ltr'><strong>qui</strong></span> <span class='ocrx_word' id='word_1_73' title='bbox 1828 1028 1892 1082; x_wconf 90' lang='lat' dir='ltr'><strong>de</strong></span> 
     </span>
    </p>
   </div>
   <div class='ocr_carea' id='block_1_11' title="bbox 309 1111 1892 1191">
    <p class='ocr_par' dir='ltr' id='par_1_11' title="bbox 309 1111 1892 1191">
     <span class='ocr_line' id='line_1_11' title="bbox 309 1111 1892 1191; baseline 0.006 -25"><span class='ocrx_word' id='word_1_74' title='bbox 309 1111 434 1166; x_wconf 78' lang='lat' dir='ltr'><strong>caelo</strong></span> <span class='ocrx_word' id='word_1_75' title='bbox 461 1112 735 1167; x_wconf 63' lang='lat' dir='ltr'><strong>descendit.</strong></span> <span class='ocrx_word' id='word_1_76' title='bbox 755 1111 938 1184; x_wconf 79' lang='lat' dir='ltr'><strong>(Joan.</strong></span> <span class='ocrx_word' id='word_1_77' title='bbox 971 1131 1056 1181; x_wconf 92' lang='grc' dir='ltr'>ιιι,</span> <span class='ocrx_word' id='word_1_78' title='bbox 1083 1117 1196 1188; x_wconf 80' lang='grc'><strong>15),</strong></span> <span class='ocrx_word' id='word_1_79' title='bbox 1223 1120 1350 1189; x_wconf 88' lang='lat' dir='ltr'><strong>quia</strong></span> <span class='ocrx_word' id='word_1_80' title='bbox 1381 1135 1504 1175; x_wconf 90' lang='lat' dir='ltr'><strong>cum</strong></span> <span class='ocrx_word' id='word_1_81' title='bbox 1532 1119 1621 1175; x_wconf 89' lang='lat' dir='ltr'><strong>illo</strong></span> <span class='ocrx_word' id='word_1_82' title='bbox 1649 1135 1740 1191; x_wconf 82' lang='lat' dir='ltr'><strong>pet</strong></span> <span class='ocrx_word' id='word_1_83' title='bbox 1776 1120 1892 1176; x_wconf 64' lang='lat' dir='ltr'><strong>haec</strong></span> 
     </span>
    </p>
   </div>
   <div class='ocr_carea' id='block_1_12' title="bbox 306 1205 1888 1283">
    <p class='ocr_par' dir='ltr' id='par_1_12' title="bbox 306 1205 1888 1283">
     <span class='ocr_line' id='line_1_12' title="bbox 306 1205 1888 1283; baseline 0.004 -23"><span class='ocrx_word' id='word_1_84' title='bbox 306 1205 565 1277; x_wconf 82' lang='lat' dir='ltr'><strong>mysteria</strong></span> <span class='ocrx_word' id='word_1_85' title='bbox 596 1222 761 1260; x_wconf 92' lang='lat' dir='ltr'><strong>unum</strong></span> <span class='ocrx_word' id='word_1_86' title='bbox 797 1223 1002 1263; x_wconf 89' lang='lat' dir='ltr'><strong>sumus.</strong></span> <span class='ocrx_word' id='word_1_87' title='bbox 1050 1209 1285 1266; x_wconf 89' lang='lat' dir='ltr'><strong>lteratur</strong></span> <span class='ocrx_word' id='word_1_88' title='bbox 1306 1221 1486 1267; x_wconf 91' lang='lat' dir='ltr'><strong>autem</strong></span> <span class='ocrx_word' id='word_1_89' title='bbox 1535 1214 1640 1269; x_wconf 89' lang='lat' dir='ltr'><strong>hoc</strong></span> <span class='ocrx_word' id='word_1_90' title='bbox 1682 1220 1888 1283; x_wconf 88' lang='lat' dir='ltr'><strong>myste-</strong></span> 
     </span>
    </p>
   </div>
   <div class='ocr_carea' id='block_1_13' title="bbox 304 1297 1890 1375">
    <p class='ocr_par' dir='ltr' id='par_1_13' title="bbox 304 1297 1890 1375">
     <span class='ocr_line' id='line_1_13' title="bbox 304 1297 1890 1375; baseline 0.006 -23"><span class='ocrx_word' id='word_1_91' title='bbox 304 1299 467 1362; x_wconf 88' lang='lat' dir='ltr'><strong>rium,</strong></span> <span class='ocrx_word' id='word_1_92' title='bbox 494 1307 548 1352; x_wconf 90' lang='lat' dir='ltr'><strong>et</strong></span> <span class='ocrx_word' id='word_1_93' title='bbox 576 1297 646 1353; x_wconf 90' lang='lat' dir='ltr'><strong>ob</strong></span> <span class='ocrx_word' id='word_1_94' title='bbox 668 1303 1238 1358; x_wconf 86' lang='lat' dir='ltr'><strong>commemorationem</strong></span> <span class='ocrx_word' id='word_1_95' title='bbox 1268 1305 1538 1375; x_wconf 86' lang='lat' dir='ltr'><strong>passionis</strong></span> <span class='ocrx_word' id='word_1_96' title='bbox 1557 1305 1780 1370; x_wconf 88' lang='lat' dir='ltr'><strong>Christi,</strong></span> <span class='ocrx_word' id='word_1_97' title='bbox 1817 1307 1890 1362; x_wconf 92' lang='lat' dir='ltr'><strong>si-</strong></span> 
     </span>
    </p>
   </div>
   <div class='ocr_carea' id='block_1_14' title="bbox 303 1391 1889 1470">
    <p class='ocr_par' dir='ltr' id='par_1_14' title="bbox 303 1391 1889 1470">
     <span class='ocr_line' id='line_1_14' title="bbox 303 1391 1889 1470; baseline 0.004 -24"><span class='ocrx_word' id='word_1_98' title='bbox 303 1399 396 1446; x_wconf 86' lang='lat' dir='ltr'><strong>cut</strong></span> <span class='ocrx_word' id='word_1_99' title='bbox 434 1392 548 1461; x_wconf 91' lang='lat' dir='ltr'><strong>ipse</strong></span> <span class='ocrx_word' id='word_1_100' title='bbox 599 1391 676 1445; x_wconf 86' lang='lat' dir='ltr'><strong>ait</strong></span> <span class='ocrx_word' id='word_1_101' title='bbox 714 1410 727 1445; x_wconf 91' lang='lat'>:</span> <span class='ocrx_word' id='word_1_102' title='bbox 774 1392 904 1447; x_wconf 71' lang='lat' dir='ltr'><strong>licet:</strong></span> <span class='ocrx_word' id='word_1_103' title='bbox 957 1395 1359 1470; x_wconf 78' lang='lat' dir='ltr'><strong>quotiescunque</strong></span> <span class='ocrx_word' id='word_1_104' title='bbox 1393 1399 1566 1469; x_wconf 80' lang='lat' dir='ltr'><strong>agitis,</strong></span> <span class='ocrx_word' id='word_1_105' title='bbox 1613 1401 1668 1454; x_wconf 87' lang='lat' dir='ltr'><strong>in</strong></span> <span class='ocrx_word' id='word_1_106' title='bbox 1717 1415 1889 1454; x_wconf 88' lang='lat' dir='ltr'><strong>meam</strong></span> 
     </span>
    </p>
   </div>
   <div class='ocr_carea' id='block_1_15' title="bbox 303 1484 1889 1557">
    <p class='ocr_par' dir='ltr' id='par_1_15' title="bbox 303 1484 1889 1557">
     <span class='ocr_line' id='line_1_15' title="bbox 303 1484 1889 1557; baseline 0.006 -20"><span class='ocrx_word' id='word_1_107' title='bbox 303 1484 845 1537; x_wconf 83' lang='lat' dir='ltr'><strong>commemorationem</strong></span> <span class='ocrx_word' id='word_1_108' title='bbox 893 1485 1051 1554; x_wconf 82' lang='lat' dir='ltr'><strong>facite</strong></span> <span class='ocrx_word' id='word_1_109' title='bbox 1096 1486 1249 1557; x_wconf 87' lang='lat' dir='ltr'><strong>(Luc.</strong></span> <span class='ocrx_word' id='word_1_110' title='bbox 1303 1505 1436 1554; x_wconf 82' lang='lat' dir='ltr'><strong>xxn,</strong></span> <span class='ocrx_word' id='word_1_111' title='bbox 1482 1490 1590 1545; x_wconf 66' lang='lat' dir='ltr'><strong>19L</strong></span> <span class='ocrx_word' id='word_1_112' title='bbox 1646 1490 1889 1557; x_wconf 80' lang='lat' dir='ltr'><strong>Quoties-</strong></span> 
     </span>
    </p>
   </div>
   <div class='ocr_carea' id='block_1_16' title="bbox 303 1575 1888 1645">
    <p class='ocr_par' dir='ltr' id='par_1_16' title="bbox 303 1575 1888 1645">
     <span class='ocr_line' id='line_1_16' title="bbox 303 1575 1888 1645; baseline 0.006 -17"><span class='ocrx_word' id='word_1_113' title='bbox 303 1590 506 1644; x_wconf 80' lang='lat' dir='ltr'><strong>cunque</strong></span> <span class='ocrx_word' id='word_1_114' title='bbox 535 1589 664 1644; x_wconf 86' lang='lat' dir='ltr'><strong>ergo</strong></span> <span class='ocrx_word' id='word_1_115' title='bbox 691 1575 828 1628; x_wconf 76' lang='lat' dir='ltr'><strong>[tunc</strong></span> <span class='ocrx_word' id='word_1_116' title='bbox 845 1593 1033 1645; x_wconf 88' lang='lat' dir='ltr'><strong>panem</strong></span> <span class='ocrx_word' id='word_1_117' title='bbox 1057 1579 1292 1645; x_wconf 83' lang='lat' dir='ltr'><strong>sumitis,</strong></span> <span class='ocrx_word' id='word_1_118' title='bbox 1325 1590 1381 1635; x_wconf 90' lang='lat' dir='ltr'><strong>et</strong></span> <span class='ocrx_word' id='word_1_119' title='bbox 1409 1581 1594 1636; x_wconf 89' lang='lat' dir='ltr'><strong>bibitis</strong></span> <span class='ocrx_word' id='word_1_120' title='bbox 1618 1582 1763 1637; x_wconf 89' lang='lat' dir='ltr'><strong>hunc</strong></span> <span class='ocrx_word' id='word_1_121' title='bbox 1797 1600 1888 1638; x_wconf 82' lang='lat' dir='ltr'><strong>ca-</strong></span> 
     </span>
    </p>
   </div>
   <div class='ocr_carea' id='block_1_17' title="bbox 301 1665 1888 1732">
    <p class='ocr_par' dir='ltr' id='par_1_17' title="bbox 301 1665 1888 1732">
     <span class='ocr_line' id='line_1_17' title="bbox 301 1665 1888 1732; baseline 0.007 -13"><span class='ocrx_word' id='word_1_122' title='bbox 301 1665 452 1721; x_wconf 82' lang='lat' dir='ltr'><strong>licem</strong></span> <span class='ocrx_word' id='word_1_123' title='bbox 483 1706 499 1732; x_wconf 96' lang='lat'><strong>,</strong></span> <span class='ocrx_word' id='word_1_124' title='bbox 540 1677 761 1721; x_wconf 85' lang='lat' dir='ltr'><strong>mortem</strong></span> <span class='ocrx_word' id='word_1_125' title='bbox 809 1668 1020 1723; x_wconf 85' lang='lat' dir='ltr'><strong>Domini</strong></span> <span class='ocrx_word' id='word_1_126' title='bbox 1073 1672 1452 1728; x_wconf 86' lang='lat' dir='ltr'><strong>annuntiabitis</strong></span> <span class='ocrx_word' id='word_1_127' title='bbox 1509 1674 1672 1729; x_wconf 85' lang='lat' dir='ltr'><strong>donec</strong></span> <span class='ocrx_word' id='word_1_128' title='bbox 1715 1677 1888 1730; x_wconf 82' lang='lat' dir='ltr'><strong>veniat</strong></span> 
     </span>
    </p>
   </div>
   <div class='ocr_carea' id='block_1_18' title="bbox 301 1757 1888 1835">
    <p class='ocr_par' dir='ltr' id='par_1_18' title="bbox 301 1757 1888 1835">
     <span class='ocr_line' id='line_1_18' title="bbox 301 1757 1888 1835; baseline 0.008 -24"><span class='ocrx_word' id='word_1_129' title='bbox 301 1757 354 1827; x_wconf 90' lang='lat' dir='ltr'><strong>(I</strong></span> <span class='ocrx_word' id='word_1_130' title='bbox 387 1757 504 1812; x_wconf 89' lang='lat' dir='ltr'><strong>Cor.</strong></span> <span class='ocrx_word' id='word_1_131' title='bbox 543 1775 617 1822; x_wconf 83' lang='lat' dir='ltr'><strong>xt,</strong></span> <span class='ocrx_word' id='word_1_132' title='bbox 662 1759 774 1830; x_wconf 72' lang='lat'><strong>26).</strong></span> <span class='ocrx_word' id='word_1_133' title='bbox 820 1758 936 1816; x_wconf 86' lang='lat' dir='ltr'><strong>Non</strong></span> <span class='ocrx_word' id='word_1_134' title='bbox 966 1762 1148 1832; x_wconf 87' lang='lat' dir='ltr'><strong>itaque</strong></span> <span class='ocrx_word' id='word_1_135' title='bbox 1177 1765 1258 1819; x_wconf 91' lang='lat' dir='ltr'><strong>sic</strong></span> <span class='ocrx_word' id='word_1_136' title='bbox 1295 1765 1688 1835; x_wconf 88' lang='lat' dir='ltr'><strong>accipiendum,</strong></span> <span class='ocrx_word' id='word_1_137' title='bbox 1715 1765 1888 1823; x_wconf 90' lang='lat' dir='ltr'><strong>donec</strong></span> 
     </span>
    </p>
   </div>
   <div class='ocr_carea' id='block_1_19' title="bbox 1997 570 3582 642">
    <p class='ocr_par' dir='ltr' id='par_1_19' title="bbox 1997 570 3582 642">
     <span class='ocr_line' id='line_1_19' title="bbox 1997 570 3582 642; baseline 0.008 -17"><span class='ocrx_word' id='word_1_138' title='bbox 1997 570 2065 625; x_wconf 88' lang='lat' dir='ltr'><strong>ad</strong></span> <span class='ocrx_word' id='word_1_139' title='bbox 2091 570 2253 626; x_wconf 90' lang='lat' dir='ltr'><strong>istum</strong></span> <span class='ocrx_word' id='word_1_140' title='bbox 2282 571 2590 642; x_wconf 74' lang='lat' dir='ltr'><strong>pontificem</strong></span> <span class='ocrx_word' id='word_1_141' title='bbox 2626 580 2682 627; x_wconf 88' lang='lat' dir='ltr'><strong>et</strong></span> <span class='ocrx_word' id='word_1_142' title='bbox 2725 574 3063 630; x_wconf 81' lang='lat' dir='ltr'><strong>sacerdotem</strong></span> <span class='ocrx_word' id='word_1_143' title='bbox 3093 575 3392 641; x_wconf 88' lang='lat' dir='ltr'><strong>Christum,</strong></span> <span class='ocrx_word' id='word_1_144' title='bbox 3423 588 3481 636; x_wconf 88' lang='lat' dir='ltr'><strong>et</strong></span> <span class='ocrx_word' id='word_1_145' title='bbox 3523 581 3582 638; x_wconf 86' lang='lat' dir='ltr'><strong>in</strong></span> 
     </span>
    </p>
   </div>
   <div class='ocr_carea' id='block_1_20' title="bbox 1998 661 3593 740">
    <p class='ocr_par' dir='ltr' id='par_1_20' title="bbox 1998 661 3593 740">
     <span class='ocr_line' id='line_1_20' title="bbox 1998 661 3593 740; baseline 0.009 -25"><span class='ocrx_word' id='word_1_146' title='bbox 1998 661 2088 716; x_wconf 91' lang='lat' dir='ltr'><strong>illo</strong></span> <span class='ocrx_word' id='word_1_147' title='bbox 2114 676 2448 728; x_wconf 88' lang='lat' dir='ltr'><strong>maneamus,</strong></span> <span class='ocrx_word' id='word_1_148' title='bbox 2480 664 2603 732; x_wconf 87' lang='lat' dir='ltr'><strong>quia</strong></span> <span class='ocrx_word' id='word_1_149' title='bbox 2627 679 2722 734; x_wconf 90' lang='lat' dir='ltr'><strong>per</strong></span> <span class='ocrx_word' id='word_1_150' title='bbox 2751 666 2855 720; x_wconf 89' lang='lat' dir='ltr'><strong>hoc</strong></span> <span class='ocrx_word' id='word_1_151' title='bbox 2883 667 3027 736; x_wconf 91' lang='lat' dir='ltr'><strong>quod</strong></span> <span class='ocrx_word' id='word_1_152' title='bbox 3057 666 3144 724; x_wconf 90' lang='lat' dir='ltr'><strong>ille</strong></span> <span class='ocrx_word' id='word_1_153' title='bbox 3185 668 3240 724; x_wconf 90' lang='lat' dir='ltr'><strong>in</strong></span> <span class='ocrx_word' id='word_1_154' title='bbox 3276 669 3436 727; x_wconf 87' lang='lat' dir='ltr'><strong>nobis</strong></span> <span class='ocrx_word' id='word_1_155' title='bbox 3463 667 3593 740; x_wconf 58' lang='lat' dir='ltr'><strong>est,</strong></span> 
     </span>
    </p>
   </div>
   <div class='ocr_carea' id='block_1_21' title="bbox 1995 754 3583 826">
    <p class='ocr_par' dir='ltr' id='par_1_21' title="bbox 1995 754 3583 826">
     <span class='ocr_line' id='line_1_21' title="bbox 1995 754 3583 826; baseline 0.008 -17"><span class='ocrx_word' id='word_1_156' title='bbox 1995 763 2051 809; x_wconf 90' lang='lat' dir='ltr'><strong>et</strong></span> <span class='ocrx_word' id='word_1_157' title='bbox 2075 768 2172 809; x_wconf 92' lang='lat' dir='ltr'><strong>nos</strong></span> <span class='ocrx_word' id='word_1_158' title='bbox 2204 755 2258 808; x_wconf 91' lang='lat' dir='ltr'><strong>in</strong></span> <span class='ocrx_word' id='word_1_159' title='bbox 2290 754 2401 820; x_wconf 90' lang='lat' dir='ltr'><strong>illo,</strong></span> <span class='ocrx_word' id='word_1_160' title='bbox 2425 755 2590 809; x_wconf 85' lang='lat' dir='ltr'><strong>etiam</strong></span> <span class='ocrx_word' id='word_1_161' title='bbox 2629 765 2683 810; x_wconf 88' lang='lat' dir='ltr'><strong>et</strong></span> <span class='ocrx_word' id='word_1_162' title='bbox 2716 756 2816 826; x_wconf 89' lang='lat' dir='ltr'><strong>ipsi</strong></span> <span class='ocrx_word' id='word_1_163' title='bbox 2861 772 3052 814; x_wconf 90' lang='lat' dir='ltr'><strong>omnes</strong></span> <span class='ocrx_word' id='word_1_164' title='bbox 3087 762 3398 820; x_wconf 87' lang='lat' dir='ltr'><strong>sacerdotes</strong></span> <span class='ocrx_word' id='word_1_165' title='bbox 3443 763 3583 821; x_wconf 84' lang='lat' dir='ltr'><strong>dici-</strong></span> 
     </span>
    </p>
   </div>
   <div class='ocr_carea' id='block_1_22' title="bbox 1994 845 3589 922">
    <p class='ocr_par' dir='ltr' id='par_1_22' title="bbox 1994 845 3589 922">
     <span class='ocr_line' id='line_1_22' title="bbox 1994 845 3589 922; baseline 0.008 -21"><span class='ocrx_word' id='word_1_166' title='bbox 1994 863 2118 901; x_wconf 88' lang='lat' dir='ltr'><strong>mur</strong></span> <span class='ocrx_word' id='word_1_167' title='bbox 2141 855 2196 901; x_wconf 91' lang='lat' dir='ltr'><strong>et</strong></span> <span class='ocrx_word' id='word_1_168' title='bbox 2219 862 2425 902; x_wconf 91' lang='lat' dir='ltr'><strong>sumus.</strong></span> <span class='ocrx_word' id='word_1_169' title='bbox 2463 845 2618 902; x_wconf 84' lang='lat' dir='ltr'><strong>Fecit</strong></span> <span class='ocrx_word' id='word_1_170' title='bbox 2659 849 2804 903; x_wconf 90' lang='lat' dir='ltr'><strong>enim</strong></span> <span class='ocrx_word' id='word_1_171' title='bbox 2833 865 2933 905; x_wconf 93' lang='lat' dir='ltr'><strong>nos</strong></span> <span class='ocrx_word' id='word_1_172' title='bbox 2979 866 3201 922; x_wconf 81' lang='lat' dir='ltr'><strong>regnum</strong></span> <span class='ocrx_word' id='word_1_173' title='bbox 3231 862 3288 909; x_wconf 90' lang='lat' dir='ltr'><strong>et</strong></span> <span class='ocrx_word' id='word_1_174' title='bbox 3327 855 3589 912; x_wconf 69' lang='lat' dir='ltr'><strong>sacerdoo&#39;</strong></span> 
     </span>
    </p>
   </div>
   <div class='ocr_carea' id='block_1_23' title="bbox 1995 939 3594 1016">
    <p class='ocr_par' dir='ltr' id='par_1_23' title="bbox 1995 939 3594 1016">
     <span class='ocr_line' id='line_1_23' title="bbox 1995 939 3594 1016; baseline 0.005 -23"><span class='ocrx_word' id='word_1_175' title='bbox 1995 947 2076 994; x_wconf 85' lang='lat' dir='ltr'><strong>tes</strong></span> <span class='ocrx_word' id='word_1_176' title='bbox 2109 940 2239 1004; x_wconf 88' lang='lat' dir='ltr'><strong>Deo,</strong></span> <span class='ocrx_word' id='word_1_177' title='bbox 2265 946 2322 994; x_wconf 88' lang='lat' dir='ltr'><strong>et</strong></span> <span class='ocrx_word' id='word_1_178' title='bbox 2353 939 2475 994; x_wconf 87' lang='lat' dir='ltr'><strong>ideo</strong></span> <span class='ocrx_word' id='word_1_179' title='bbox 2500 957 2623 1009; x_wconf 88' lang='lat' dir='ltr'><strong>gens</strong></span> <span class='ocrx_word' id='word_1_180' title='bbox 2647 951 2849 1004; x_wconf 84' lang='lat' dir='ltr'><strong>sancta,</strong></span> <span class='ocrx_word' id='word_1_181' title='bbox 2881 942 3229 996; x_wconf 84' lang='lat' dir='ltr'><strong>sacerdotium</strong></span> <span class='ocrx_word' id='word_1_182' title='bbox 3253 951 3445 1015; x_wconf 76' lang='lat' dir='ltr'><strong>regale,</strong></span> <span class='ocrx_word' id='word_1_183' title='bbox 3479 942 3594 1016; x_wconf 80' lang='lat' dir='ltr'><strong>po-&#39;</strong></span> 
     </span>
    </p>
   </div>
   <div class='ocr_carea' id='block_1_24' title="bbox 1991 1028 3590 1108">
    <p class='ocr_par' dir='ltr' id='par_1_24' title="bbox 1991 1028 3590 1108">
     <span class='ocr_line' id='line_1_24' title="bbox 1991 1028 3590 1108; baseline 0.008 -25"><span class='ocrx_word' id='word_1_184' title='bbox 1991 1028 2146 1100; x_wconf 83' lang='lat' dir='ltr'><strong>pulus</strong></span> <span class='ocrx_word' id='word_1_185' title='bbox 2173 1031 2532 1100; x_wconf 86' lang='lat' dir='ltr'><strong>acquisitionis</strong></span> <span class='ocrx_word' id='word_1_186' title='bbox 2557 1031 2626 1086; x_wconf 88' lang='lat' dir='ltr'><strong>ab</strong></span> <span class='ocrx_word' id='word_1_187' title='bbox 2654 1031 2913 1102; x_wconf 85' lang='lat' dir='ltr'><strong>Apostolo</strong></span> <span class='ocrx_word' id='word_1_188' title='bbox 2938 1034 3314 1103; x_wconf 73' lang='lat' dir='ltr'><strong>praedicantur.</strong></span> <span class='ocrx_word' id='word_1_189' title='bbox 3341 1035 3455 1092; x_wconf 84' lang='lat' dir='ltr'><strong>Hoc</strong></span> <span class='ocrx_word' id='word_1_190' title='bbox 3479 1037 3590 1108; x_wconf 65' lang='lat' dir='ltr'><strong>igi-I</strong></span> 
     </span>
    </p>
   </div>
   <div class='ocr_carea' id='block_1_25' title="bbox 1994 1121 3586 1200">
    <p class='ocr_par' dir='ltr' id='par_1_25' title="bbox 1994 1121 3586 1200">
     <span class='ocr_line' id='line_1_25' title="bbox 1994 1121 3586 1200; baseline 0.006 -25"><span class='ocrx_word' id='word_1_191' title='bbox 1994 1130 2083 1175; x_wconf 92' lang='lat' dir='ltr'><strong>tur</strong></span> <span class='ocrx_word' id='word_1_192' title='bbox 2113 1129 2322 1185; x_wconf 88' lang='lat' dir='ltr'><strong>notum,</strong></span> <span class='ocrx_word' id='word_1_193' title='bbox 2367 1121 2494 1190; x_wconf 91' lang='lat' dir='ltr'><strong>quia</strong></span> <span class='ocrx_word' id='word_1_194' title='bbox 2545 1137 2645 1178; x_wconf 86' lang='lat' dir='ltr'><strong>nos</strong></span> <span class='ocrx_word' id='word_1_195' title='bbox 2683 1123 2736 1176; x_wconf 94' lang='lat' dir='ltr'><strong>in</strong></span> <span class='ocrx_word' id='word_1_196' title='bbox 2786 1122 2904 1193; x_wconf 92' lang='lat' dir='ltr'><strong>ipso</strong></span> <span class='ocrx_word' id='word_1_197' title='bbox 2955 1134 3012 1178; x_wconf 90' lang='lat' dir='ltr'><strong>ct</strong></span> <span class='ocrx_word' id='word_1_198' title='bbox 3048 1123 3140 1179; x_wconf 92' lang='lat' dir='ltr'><strong>ille</strong></span> <span class='ocrx_word' id='word_1_199' title='bbox 3189 1125 3246 1180; x_wconf 92' lang='lat' dir='ltr'><strong>in</strong></span> <span class='ocrx_word' id='word_1_200' title='bbox 3293 1127 3450 1183; x_wconf 88' lang='lat' dir='ltr'><strong>nobis</strong></span> <span class='ocrx_word' id='word_1_201' title='bbox 3479 1143 3586 1200; x_wconf 25' lang='lat' dir='ltr'><strong>per.</strong></span> 
     </span>
    </p>
   </div>
   <div class='ocr_carea' id='block_1_26' title="bbox 1990 1213 3578 1284">
    <p class='ocr_par' dir='ltr' id='par_1_26' title="bbox 1990 1213 3578 1284">
     <span class='ocr_line' id='line_1_26' title="bbox 1990 1213 3578 1284; baseline 0.006 -18"><span class='ocrx_word' id='word_1_202' title='bbox 1990 1213 2131 1268; x_wconf 90' lang='lat' dir='ltr'><strong>hanc</strong></span> <span class='ocrx_word' id='word_1_203' title='bbox 2173 1214 2406 1283; x_wconf 83' lang='lat' dir='ltr'><strong>gratiam</strong></span> <span class='ocrx_word' id='word_1_204' title='bbox 2459 1224 2902 1283; x_wconf 85' lang='lat' dir='ltr'><strong>concorporatur,</strong></span> <span class='ocrx_word' id='word_1_205' title='bbox 2954 1215 3352 1284; x_wconf 81' lang='lat' dir='ltr'><strong>transﬁgurans</strong></span> <span class='ocrx_word' id='word_1_206' title='bbox 3389 1234 3487 1274; x_wconf 92' lang='lat' dir='ltr'><strong>nos</strong></span> <span class='ocrx_word' id='word_1_207' title='bbox 3519 1220 3578 1275; x_wconf 92' lang='lat' dir='ltr'><strong>in</strong></span> 
     </span>
    </p>
   </div>
   <div class='ocr_carea' id='block_1_27' title="bbox 1991 1305 3580 1378">
    <p class='ocr_par' dir='ltr' id='par_1_27' title="bbox 1991 1305 3580 1378">
     <span class='ocr_line' id='line_1_27' title="bbox 1991 1305 3580 1378; baseline 0.004 -20"><span class='ocrx_word' id='word_1_208' title='bbox 1991 1319 2218 1374; x_wconf 86' lang='lat' dir='ltr'><strong>corpore</strong></span> <span class='ocrx_word' id='word_1_209' title='bbox 2270 1305 2534 1359; x_wconf 89' lang='lat' dir='ltr'><strong>claritatis</strong></span> <span class='ocrx_word' id='word_1_210' title='bbox 2579 1321 2709 1369; x_wconf 77' lang='lat' dir='ltr'><strong>suae,</strong></span> <span class='ocrx_word' id='word_1_211' title='bbox 2750 1318 2812 1361; x_wconf 86' lang='lat' dir='ltr'><strong>ut</strong></span> <span class='ocrx_word' id='word_1_212' title='bbox 2857 1320 2981 1361; x_wconf 91' lang='lat' dir='ltr'><strong>cum</strong></span> <span class='ocrx_word' id='word_1_213' title='bbox 3011 1307 3128 1378; x_wconf 91' lang='lat' dir='ltr'><strong>ipso</strong></span> <span class='ocrx_word' id='word_1_214' title='bbox 3155 1316 3211 1362; x_wconf 91' lang='lat' dir='ltr'><strong>ct</strong></span> <span class='ocrx_word' id='word_1_215' title='bbox 3255 1308 3310 1362; x_wconf 92' lang='lat' dir='ltr'><strong>in</strong></span> <span class='ocrx_word' id='word_1_216' title='bbox 3359 1308 3478 1378; x_wconf 90' lang='lat' dir='ltr'><strong>ipso</strong></span> <span class='ocrx_word' id='word_1_217' title='bbox 3506 1309 3580 1364; x_wconf 88' lang='lat' dir='ltr'><strong>sit</strong></span> 
     </span>
    </p>
   </div>
   <div class='ocr_carea' id='block_1_28' title="bbox 1969 1397 3578 1473">
    <p class='ocr_par' dir='ltr' id='par_1_28' title="bbox 1969 1397 3578 1473">
     <span class='ocr_line' id='line_1_28' title="bbox 1969 1397 3578 1473; baseline 0.003 -21"><span class='ocrx_word' id='word_1_218' title='bbox 1969 1397 2147 1453; x_wconf 89' lang='lat' dir='ltr'><strong>.nobis</strong></span> <span class='ocrx_word' id='word_1_219' title='bbox 2171 1412 2394 1469; x_wconf 79' lang='lat' dir='ltr'><strong>regnum</strong></span> <span class='ocrx_word' id='word_1_220' title='bbox 2418 1399 2586 1467; x_wconf 86' lang='lat' dir='ltr'><strong>pacis.</strong></span> <span class='ocrx_word' id='word_1_221' title='bbox 2617 1398 2731 1454; x_wconf 82' lang='lat' dir='ltr'><strong>Hoc</strong></span> <span class='ocrx_word' id='word_1_222' title='bbox 2755 1400 2952 1470; x_wconf 87' lang='lat' dir='ltr'><strong>quippe</strong></span> <span class='ocrx_word' id='word_1_223' title='bbox 2975 1399 3155 1457; x_wconf 89' lang='lat' dir='ltr'><strong>Salem</strong></span> <span class='ocrx_word' id='word_1_224' title='bbox 3183 1402 3578 1473; x_wconf 89' lang='lat' dir='ltr'><strong>interpretatur</strong></span> 
     </span>
    </p>
   </div>
   <div class='ocr_carea' id='block_1_29' title="bbox 1991 1490 3589 1564">
    <p class='ocr_par' dir='ltr' id='par_1_29' title="bbox 1991 1490 3589 1564">
     <span class='ocr_line' id='line_1_29' title="bbox 1991 1490 3589 1564; baseline 0.003 -20"><span class='ocrx_word' id='word_1_225' title='bbox 1991 1497 2046 1544; x_wconf 89' lang='lat' dir='ltr'><strong>et</strong></span> <span class='ocrx_word' id='word_1_226' title='bbox 2071 1490 2423 1544; x_wconf 83' lang='lat' dir='ltr'><strong>sacerdotium</strong></span> <span class='ocrx_word' id='word_1_227' title='bbox 2451 1499 2720 1545; x_wconf 71' lang='lat' dir='ltr'><strong>mternum.</strong></span> <span class='ocrx_word' id='word_1_228' title='bbox 2748 1491 2886 1547; x_wconf 84' lang='lat' dir='ltr'><strong>Hinc</strong></span> <span class='ocrx_word' id='word_1_229' title='bbox 2921 1508 3137 1563; x_wconf 86' lang='lat' dir='ltr'><strong>quoque</strong></span> <span class='ocrx_word' id='word_1_230' title='bbox 3175 1492 3448 1564; x_wconf 88' lang='lat' dir='ltr'><strong>Propheta</strong></span> <span class='ocrx_word' id='word_1_231' title='bbox 3483 1508 3589 1550; x_wconf 80' lang='lat' dir='ltr'><strong>ca-‘</strong></span> 
     </span>
    </p>
   </div>
   <div class='ocr_carea' id='block_1_30' title="bbox 1991 1576 3575 1648">
    <p class='ocr_par' dir='ltr' id='par_1_30' title="bbox 1991 1576 3575 1648">
     <span class='ocr_line' id='line_1_30' title="bbox 1991 1576 3575 1648; baseline 0.005 -18"><span class='ocrx_word' id='word_1_232' title='bbox 1991 1578 2071 1631; x_wconf 90' lang='lat' dir='ltr'><strong>nit</strong></span> <span class='ocrx_word' id='word_1_233' title='bbox 2123 1597 2134 1631; x_wconf 95' lang='lat'>:</span> <span class='ocrx_word' id='word_1_234' title='bbox 2192 1576 2403 1642; x_wconf 87' lang='lat' dir='ltr'><strong>Lauda,</strong></span> <span class='ocrx_word' id='word_1_235' title='bbox 2454 1578 2772 1646; x_wconf 77' lang='lat' dir='ltr'><strong>Jerusalem,</strong></span> <span class='ocrx_word' id='word_1_236' title='bbox 2817 1580 3136 1648; x_wconf 88' lang='lat' dir='ltr'><strong>Dominum,</strong></span> <span class='ocrx_word' id='word_1_237' title='bbox 3185 1582 3348 1638; x_wconf 88' lang='lat' dir='ltr'><strong>lauda</strong></span> <span class='ocrx_word' id='word_1_238' title='bbox 3404 1583 3575 1638; x_wconf 87' lang='lat' dir='ltr'><strong>Deum</strong></span> 
     </span>
    </p>
   </div>
   <div class='ocr_carea' id='block_1_31' title="bbox 1991 1654 3575 1744">
    <p class='ocr_par' dir='ltr' id='par_1_31' title="bbox 1991 1654 3575 1744">
     <span class='ocr_line' id='line_1_31' title="bbox 1991 1654 3575 1744; baseline 0.003 -22"><span class='ocrx_word' id='word_1_239' title='bbox 1991 1654 2158 1734; x_wconf 83' lang='lat' dir='ltr'><strong>tuum,</strong></span> <span class='ocrx_word' id='word_1_240' title='bbox 2191 1668 2336 1724; x_wconf 86' lang='lat' dir='ltr'><strong>Sion.</strong></span> <span class='ocrx_word' id='word_1_241' title='bbox 2363 1669 2467 1735; x_wconf 84' lang='lat' dir='ltr'><strong>Qui</strong></span> <span class='ocrx_word' id='word_1_242' title='bbox 2488 1672 2660 1739; x_wconf 86' lang='lat' dir='ltr'><strong>posuit</strong></span> <span class='ocrx_word' id='word_1_243' title='bbox 2687 1671 2817 1740; x_wconf 87' lang='lat' dir='ltr'><strong>ﬁnes</strong></span> <span class='ocrx_word' id='word_1_244' title='bbox 2840 1682 2957 1726; x_wconf 83' lang='lat' dir='ltr'><strong>tuos</strong></span> <span class='ocrx_word' id='word_1_245' title='bbox 2986 1683 3249 1744; x_wconf 86' lang='lat' dir='ltr'><strong>pacem,et</strong></span> <span class='ocrx_word' id='word_1_246' title='bbox 3280 1673 3434 1744; x_wconf 84' lang='lat' dir='ltr'><strong>adipe</strong></span> <span class='ocrx_word' id='word_1_247' title='bbox 3457 1673 3575 1743; x_wconf 82' lang='lat' dir='ltr'><strong>fru-</strong></span> 
     </span>
    </p>
   </div>
   <div class='ocr_carea' id='block_1_32' title="bbox 1991 1751 3577 1844">
    <p class='ocr_par' dir='ltr' id='par_1_32' title="bbox 1991 1751 3577 1844">
     <span class='ocr_line' id='line_1_32' title="bbox 1991 1751 3577 1844; baseline 0.004 -29"><span class='ocrx_word' id='word_1_248' title='bbox 1991 1763 2150 1816; x_wconf 87' lang='lat' dir='ltr'><strong>menti</strong></span> <span class='ocrx_word' id='word_1_249' title='bbox 2170 1763 2327 1816; x_wconf 88' lang='lat' dir='ltr'><strong>satiat</strong></span> <span class='ocrx_word' id='word_1_250' title='bbox 2360 1772 2408 1816; x_wconf 90' lang='lat' dir='ltr'><strong>te</strong></span> <span class='ocrx_word' id='word_1_251' title='bbox 2429 1751 2980 1844; x_wconf 60' lang='lat' dir='ltr'><strong>(Psal.cxt.vu,l,3).</strong></span> <span class='ocrx_word' id='word_1_252' title='bbox 3007 1765 3232 1838; x_wconf 60' lang='lat' dir='ltr'><strong>(Hilam)</strong></span> <span class='ocrx_word' id='word_1_253' title='bbox 3255 1769 3332 1822; x_wconf 89' lang='lat' dir='ltr'><strong>De</strong></span> <span class='ocrx_word' id='word_1_254' title='bbox 3353 1782 3462 1836; x_wconf 92' lang='lat' dir='ltr'><strong>quo</strong></span> <span class='ocrx_word' id='word_1_255' title='bbox 3491 1767 3577 1844; x_wconf 82' lang='lat' dir='ltr'><strong>ni-</strong></span> 
     </span>
    </p>
   </div>
   <div class='ocr_carea' id='block_1_33' title="bbox 303 1839 3616 1929">
    <p class='ocr_par' dir='ltr' id='par_1_33' title="bbox 303 1839 3616 1929">
     <span class='ocr_line' id='line_1_33' title="bbox 303 1839 3616 1929; baseline 0.004 -29"><span class='ocrx_word' id='word_1_256' title='bbox 303 1866 448 1906; x_wconf 84' lang='lat' dir='ltr'><strong>mors</strong></span> <span class='ocrx_word' id='word_1_257' title='bbox 473 1850 676 1908; x_wconf 82' lang='lat' dir='ltr'><strong>Christi</strong></span> <span class='ocrx_word' id='word_1_258' title='bbox 704 1852 909 1920; x_wconf 77' lang='lat' dir='ltr'><strong>veniat,</strong></span> <span class='ocrx_word' id='word_1_259' title='bbox 941 1855 1032 1925; x_wconf 84' lang='lat' dir='ltr'><strong>qui</strong></span> <span class='ocrx_word' id='word_1_260' title='bbox 1059 1854 1171 1924; x_wconf 74' lang='lat' dir='ltr'><strong>jam</strong></span> <span class='ocrx_word' id='word_1_261' title='bbox 1202 1855 1343 1911; x_wconf 71' lang='lat' dir='ltr'><strong>imm</strong></span> <span class='ocrx_word' id='word_1_262' title='bbox 1368 1872 1476 1913; x_wconf 80' lang='grc' dir='ltr'><strong>ηοη</strong></span> <span class='ocrx_word' id='word_1_263' title='bbox 1506 1859 1756 1922; x_wconf 63' lang='lat' dir='ltr'><strong>moritur,</strong></span> <span class='ocrx_word' id='word_1_264' title='bbox 1791 1858 1887 1914; x_wconf 74' lang='lat' dir='ltr'><strong>sed</strong></span> <span class='ocrx_word' id='word_1_265' title='bbox 1912 1839 1963 1902; x_wconf 87' lang='lat' dir='ltr'><strong>B</strong></span> <span class='ocrx_word' id='word_1_266' title='bbox 1991 1854 2190 1908; x_wconf 89' lang='lat' dir='ltr'><strong>mirum</strong></span> <span class='ocrx_word' id='word_1_267' title='bbox 2221 1852 2492 1909; x_wconf 88' lang='lat' dir='ltr'><strong>frumento</strong></span> <span class='ocrx_word' id='word_1_268' title='bbox 2521 1854 2758 1910; x_wconf 85' lang='lat' dir='ltr'><strong>caelestis</strong></span> <span class='ocrx_word' id='word_1_269' title='bbox 2785 1855 2875 1910; x_wconf 90' lang='lat' dir='ltr'><strong>illa</strong></span> <span class='ocrx_word' id='word_1_270' title='bbox 2918 1839 3219 1912; x_wconf 70' lang='lat' dir='ltr'><strong>Jerusalem</strong></span> <span class='ocrx_word' id='word_1_271' title='bbox 3245 1843 3527 1929; x_wconf 68' lang='lat' dir='ltr'><strong>saginatur</strong></span> <span class='ocrx_word' id='word_1_272' title='bbox 3557 1875 3573 1912; x_wconf 90' lang='lat'><strong>:</strong></span> <span class='ocrx_word' id='word_1_273' title='bbox 3609 1872 3616 1877; x_wconf 84' lang='lat'>&#39;</span> 
     </span>
    </p>
   </div>
   <div class='ocr_carea' id='block_1_34' title="bbox 298 1947 1885 2018">
    <p class='ocr_par' dir='ltr' id='par_1_34' title="bbox 298 1947 1885 2018">
     <span class='ocr_line' id='line_1_34' title="bbox 298 1947 1885 2018; baseline 0.005 -19"><span class='ocrx_word' id='word_1_274' title='bbox 298 1947 472 2001; x_wconf 88' lang='lat' dir='ltr'><strong>donec</strong></span> <span class='ocrx_word' id='word_1_275' title='bbox 504 1947 616 2016; x_wconf 90' lang='lat' dir='ltr'><strong>ipse</strong></span> <span class='ocrx_word' id='word_1_276' title='bbox 646 1947 908 2003; x_wconf 90' lang='lat' dir='ltr'><strong>Dominus</strong></span> <span class='ocrx_word' id='word_1_277' title='bbox 935 1950 1002 2004; x_wconf 91' lang='lat' dir='ltr'><strong>ad</strong></span> <span class='ocrx_word' id='word_1_278' title='bbox 1024 1947 1288 2018; x_wconf 77' lang='lat' dir='ltr'><strong>judicium</strong></span> <span class='ocrx_word' id='word_1_279' title='bbox 1322 1952 1520 2007; x_wconf 83' lang='lat' dir='ltr'><strong>veniat.</strong></span> <span class='ocrx_word' id='word_1_280' title='bbox 1558 1953 1832 2008; x_wconf 84' lang='lat' dir='ltr'><strong>Interdum</strong></span> <span class='ocrx_word' id='word_1_281' title='bbox 1857 1965 1885 1995; x_wconf 73' lang='grc' dir='ltr'><strong>α</strong></span> 
     </span>
    </p>
   </div>
   <div class='ocr_carea' id='block_1_35' title="bbox 298 2028 1886 2114">
    <p class='ocr_par' dir='ltr' id='par_1_35' title="bbox 298 2028 1886 2114">
     <span class='ocr_line' id='line_1_35' title="bbox 298 2028 1886 2114; baseline 0.005 -24"><span class='ocrx_word' id='word_1_282' title='bbox 298 2044 478 2091; x_wconf 91' lang='lat' dir='ltr'><strong>autem</strong></span> <span class='ocrx_word' id='word_1_283' title='bbox 511 2051 726 2108; x_wconf 89' lang='lat' dir='ltr'><strong>semper</strong></span> <span class='ocrx_word' id='word_1_284' title='bbox 753 2053 900 2095; x_wconf 90' lang='lat' dir='ltr'><strong>mors</strong></span> <span class='ocrx_word' id='word_1_285' title='bbox 947 2048 1032 2096; x_wconf 92' lang='lat' dir='ltr'><strong>est</strong></span> <span class='ocrx_word' id='word_1_286' title='bbox 1058 2028 1265 2098; x_wconf 82' lang='lat' dir='ltr'><strong>Christi</strong></span> <span class='ocrx_word' id='word_1_287' title='bbox 1295 2057 1395 2113; x_wconf 91' lang='lat' dir='ltr'><strong>pro</strong></span> <span class='ocrx_word' id='word_1_288' title='bbox 1426 2043 1610 2098; x_wconf 86' lang='lat' dir='ltr'><strong>saeculi</strong></span> <span class='ocrx_word' id='word_1_289' title='bbox 1648 2044 1760 2099; x_wconf 87' lang='lat' dir='ltr'><strong>vita</strong></span> <span class='ocrx_word' id='word_1_290' title='bbox 1791 2061 1886 2114; x_wconf 89' lang='lat' dir='ltr'><strong>po-</strong></span> 
     </span>
    </p>
   </div>
   <div class='ocr_carea' id='block_1_36' title="bbox 297 2129 1884 2204">
    <p class='ocr_par' dir='ltr' id='par_1_36' title="bbox 297 2129 1884 2204">
     <span class='ocr_line' id='line_1_36' title="bbox 297 2129 1884 2204; baseline 0.006 -21"><span class='ocrx_word' id='word_1_291' title='bbox 297 2129 460 2183; x_wconf 90' lang='lat' dir='ltr'><strong>steris</strong></span> <span class='ocrx_word' id='word_1_292' title='bbox 510 2129 834 2198; x_wconf 88' lang='lat' dir='ltr'><strong>nuntianda,</strong></span> <span class='ocrx_word' id='word_1_293' title='bbox 877 2140 934 2185; x_wconf 93' lang='lat' dir='ltr'><strong>ut</strong></span> <span class='ocrx_word' id='word_1_294' title='bbox 969 2132 1184 2188; x_wconf 84' lang='lat' dir='ltr'><strong>discant</strong></span> <span class='ocrx_word' id='word_1_295' title='bbox 1220 2150 1327 2204; x_wconf 90' lang='lat' dir='ltr'><strong>qua</strong></span> <span class='ocrx_word' id='word_1_296' title='bbox 1361 2135 1626 2192; x_wconf 85' lang='lat' dir='ltr'><strong>charitate</strong></span> <span class='ocrx_word' id='word_1_297' title='bbox 1653 2152 1782 2192; x_wconf 88' lang='lat' dir='ltr'><strong>suos</strong></span> <span class='ocrx_word' id='word_1_298' title='bbox 1806 2138 1884 2192; x_wconf 89' lang='lat' dir='ltr'><strong>di-</strong></span> 
     </span>
    </p>
   </div>
   <div class='ocr_carea' id='block_1_37' title="bbox 294 2217 1882 2295">
    <p class='ocr_par' dir='ltr' id='par_1_37' title="bbox 294 2217 1882 2295">
     <span class='ocr_line' id='line_1_37' title="bbox 294 2217 1882 2295; baseline 0.008 -24"><span class='ocrx_word' id='word_1_299' title='bbox 294 2217 450 2284; x_wconf 81' lang='lat' dir='ltr'><strong>lexit,</strong></span> <span class='ocrx_word' id='word_1_300' title='bbox 479 2219 570 2289; x_wconf 89' lang='lat' dir='ltr'><strong>qui</strong></span> <span class='ocrx_word' id='word_1_301' title='bbox 610 2236 712 2290; x_wconf 92' lang='lat' dir='ltr'><strong>pro</strong></span> <span class='ocrx_word' id='word_1_302' title='bbox 739 2223 820 2276; x_wconf 90' lang='lat' dir='ltr'><strong>eis</strong></span> <span class='ocrx_word' id='word_1_303' title='bbox 865 2224 1005 2278; x_wconf 90' lang='lat' dir='ltr'><strong>mori</strong></span> <span class='ocrx_word' id='word_1_304' title='bbox 1036 2224 1290 2295; x_wconf 88' lang='lat' dir='ltr'><strong>dignatus</strong></span> <span class='ocrx_word' id='word_1_305' title='bbox 1320 2238 1404 2282; x_wconf 91' lang='lat' dir='ltr'><strong>est</strong></span> <span class='ocrx_word' id='word_1_306' title='bbox 1434 2245 1446 2281; x_wconf 79' lang='grc' dir='ltr'><strong>ι</strong></span> <span class='ocrx_word' id='word_1_307' title='bbox 1477 2228 1562 2283; x_wconf 93' lang='lat' dir='ltr'><strong>cui</strong></span> <span class='ocrx_word' id='word_1_308' title='bbox 1594 2242 1783 2283; x_wconf 88' lang='lat' dir='ltr'><strong>omnes</strong></span> <span class='ocrx_word' id='word_1_309' title='bbox 1804 2229 1882 2283; x_wconf 91' lang='lat' dir='ltr'><strong>vi-</strong></span> 
     </span>
    </p>
   </div>
   <div class='ocr_carea' id='block_1_38' title="bbox 1989 1944 3579 2017">
    <p class='ocr_par' dir='ltr' id='par_1_38' title="bbox 1989 1944 3579 2017">
     <span class='ocr_line' id='line_1_38' title="bbox 1989 1944 3579 2017; baseline 0.004 -20"><span class='ocrx_word' id='word_1_310' title='bbox 1989 1951 2044 1997; x_wconf 85' lang='lat' dir='ltr'><strong>ct</strong></span> <span class='ocrx_word' id='word_1_311' title='bbox 2072 1944 2365 1999; x_wconf 90' lang='lat' dir='ltr'><strong>notandum</strong></span> <span class='ocrx_word' id='word_1_312' title='bbox 2393 1945 2538 2012; x_wconf 87' lang='lat' dir='ltr'><strong>quod</strong></span> <span class='ocrx_word' id='word_1_313' title='bbox 2569 1945 2673 1999; x_wconf 91' lang='lat' dir='ltr'><strong>hoc</strong></span> <span class='ocrx_word' id='word_1_314' title='bbox 2702 1944 3052 2009; x_wconf 86' lang='lat' dir='ltr'><strong>frumentum,</strong></span> <span class='ocrx_word' id='word_1_315' title='bbox 3087 1961 3281 2017; x_wconf 89' lang='lat' dir='ltr'><strong>corpus</strong></span> <span class='ocrx_word' id='word_1_316' title='bbox 3325 1947 3579 2003; x_wconf 85' lang='lat' dir='ltr'><strong>videlicet</strong></span> 
     </span>
    </p>
   </div>
   <div class='ocr_carea' id='block_1_39' title="bbox 1988 2032 3580 2108">
    <p class='ocr_par' dir='ltr' id='par_1_39' title="bbox 1988 2032 3580 2108">
     <span class='ocr_line' id='line_1_39' title="bbox 1988 2032 3580 2108; baseline 0.003 -19"><span class='ocrx_word' id='word_1_317' title='bbox 1988 2032 2212 2100; x_wconf 87' lang='lat' dir='ltr'><strong>Christi,</strong></span> <span class='ocrx_word' id='word_1_318' title='bbox 2245 2034 2456 2105; x_wconf 90' lang='lat' dir='ltr'><strong>adipem</strong></span> <span class='ocrx_word' id='word_1_319' title='bbox 2482 2034 2696 2100; x_wconf 88' lang='lat' dir='ltr'><strong>habeat,</strong></span> <span class='ocrx_word' id='word_1_320' title='bbox 2733 2044 2787 2091; x_wconf 91' lang='lat' dir='ltr'><strong>et</strong></span> <span class='ocrx_word' id='word_1_321' title='bbox 2805 2052 2915 2093; x_wconf 91' lang='lat' dir='ltr'><strong>non</strong></span> <span class='ocrx_word' id='word_1_322' title='bbox 2943 2037 3116 2092; x_wconf 90' lang='lat' dir='ltr'><strong>solum</strong></span> <span class='ocrx_word' id='word_1_323' title='bbox 3139 2038 3373 2108; x_wconf 86' lang='lat' dir='ltr'><strong>adipem,</strong></span> <span class='ocrx_word' id='word_1_324' title='bbox 3404 2039 3500 2094; x_wconf 91' lang='lat' dir='ltr'><strong>sed</strong></span> <span class='ocrx_word' id='word_1_325' title='bbox 3520 2047 3580 2093; x_wconf 89' lang='lat' dir='ltr'><strong>et</strong></span> 
     </span>
    </p>
   </div>
   <div class='ocr_carea' id='block_1_40' title="bbox 1987 2128 3578 2202">
    <p class='ocr_par' dir='ltr' id='par_1_40' title="bbox 1987 2128 3578 2202">
     <span class='ocr_line' id='line_1_40' title="bbox 1987 2128 3578 2202; baseline 0.003 -20"><span class='ocrx_word' id='word_1_326' title='bbox 1987 2143 2179 2184; x_wconf 88' lang='lat' dir='ltr'><strong>omnes</strong></span> <span class='ocrx_word' id='word_1_327' title='bbox 2214 2128 2458 2195; x_wconf 87' lang='lat' dir='ltr'><strong>delicias,</strong></span> <span class='ocrx_word' id='word_1_328' title='bbox 2510 2129 2587 2184; x_wconf 91' lang='lat' dir='ltr'><strong>ita</strong></span> <span class='ocrx_word' id='word_1_329' title='bbox 2631 2139 2687 2184; x_wconf 89' lang='lat' dir='ltr'><strong>et</strong></span> <span class='ocrx_word' id='word_1_330' title='bbox 2728 2139 2888 2201; x_wconf 88' lang='lat' dir='ltr'><strong>potus</strong></span> <span class='ocrx_word' id='word_1_331' title='bbox 2915 2130 3213 2202; x_wconf 83' lang='lat' dir='ltr'><strong>sanguinis.</strong></span> <span class='ocrx_word' id='word_1_332' title='bbox 3247 2129 3402 2187; x_wconf 88' lang='lat' dir='ltr'><strong>Unde</strong></span> <span class='ocrx_word' id='word_1_333' title='bbox 3433 2130 3578 2201; x_wconf 87' lang='lat' dir='ltr'><strong>quod</strong></span> 
     </span>
    </p>
   </div>
   <div class='ocr_carea' id='block_1_41' title="bbox 1987 2220 3573 2291">
    <p class='ocr_par' dir='ltr' id='par_1_41' title="bbox 1987 2220 3573 2291">
     <span class='ocr_line' id='line_1_41' title="bbox 1987 2220 3573 2291; baseline 0.001 -16"><span class='ocrx_word' id='word_1_334' title='bbox 1987 2220 2052 2275; x_wconf 87' lang='lat' dir='ltr'><strong>de</strong></span> <span class='ocrx_word' id='word_1_335' title='bbox 2100 2229 2253 2290; x_wconf 85' lang='lat' dir='ltr'><strong>petra</strong></span> <span class='ocrx_word' id='word_1_336' title='bbox 2301 2220 2478 2291; x_wconf 90' lang='lat' dir='ltr'><strong>typice</strong></span> <span class='ocrx_word' id='word_1_337' title='bbox 2522 2221 2779 2286; x_wconf 82' lang='lat' dir='ltr'><strong>manavit,</strong></span> <span class='ocrx_word' id='word_1_338' title='bbox 2819 2237 2966 2276; x_wconf 90' lang='lat' dir='ltr'><strong>nunc</strong></span> <span class='ocrx_word' id='word_1_339' title='bbox 2995 2221 3120 2288; x_wconf 92' lang='lat' dir='ltr'><strong>mel,</strong></span> <span class='ocrx_word' id='word_1_340' title='bbox 3173 2237 3319 2278; x_wconf 89' lang='lat' dir='ltr'><strong>nunc</strong></span> <span class='ocrx_word' id='word_1_341' title='bbox 3373 2222 3573 2287; x_wconf 86' lang='lat' dir='ltr'><strong>oleum,</strong></span> 
     </span>
    </p>
   </div>
   <div class='ocr_carea' id='block_1_42' title="bbox 295 2309 3584 2391">
    <p class='ocr_par' dir='ltr' id='par_1_42' title="bbox 295 2309 3584 2391">
     <span class='ocr_line' id='line_1_42' title="bbox 295 2309 3584 2391; baseline 0.006 -27"><span class='ocrx_word' id='word_1_342' title='bbox 295 2323 414 2364; x_wconf 89' lang='lat' dir='ltr'><strong>cem</strong></span> <span class='ocrx_word' id='word_1_343' title='bbox 444 2309 704 2366; x_wconf 86' lang='lat' dir='ltr'><strong>debemus</strong></span> <span class='ocrx_word' id='word_1_344' title='bbox 741 2313 1039 2384; x_wconf 88' lang='lat' dir='ltr'><strong>rependere</strong></span> <span class='ocrx_word' id='word_1_345' title='bbox 1077 2317 1383 2380; x_wconf 89' lang='lat' dir='ltr'><strong>charitatis,</strong></span> <span class='ocrx_word' id='word_1_346' title='bbox 1415 2319 1539 2388; x_wconf 90' lang='lat' dir='ltr'><strong>quia</strong></span> <span class='ocrx_word' id='word_1_347' title='bbox 1565 2319 1631 2372; x_wconf 90' lang='lat' dir='ltr'><strong>ad</strong></span> <span class='ocrx_word' id='word_1_348' title='bbox 1654 2319 1756 2374; x_wconf 87' lang='lat' dir='ltr'><strong>hoc</strong></span> <span class='ocrx_word' id='word_1_349' title='bbox 1782 2334 1882 2374; x_wconf 93' lang='lat' dir='ltr'><strong>nos</strong></span> <span class='ocrx_word' id='word_1_350' title='bbox 1985 2323 2130 2369; x_wconf 85' lang='lat' dir='ltr'><strong>nunc</strong></span> <span class='ocrx_word' id='word_1_351' title='bbox 2160 2323 2316 2378; x_wconf 61' lang='lat' dir='ltr'><strong>aqua.</strong></span> <span class='ocrx_word' id='word_1_352' title='bbox 2359 2325 2504 2365; x_wconf 72' lang='lat' dir='ltr'><strong>nunc</strong></span> <span class='ocrx_word' id='word_1_353' title='bbox 2538 2325 2754 2380; x_wconf 68' lang='lat' dir='ltr'><strong>quoque</strong></span> <span class='ocrx_word' id='word_1_354' title='bbox 2802 2318 2964 2381; x_wconf 73' lang='grc' dir='ltr'><strong>Ροιυε</strong></span> <span class='ocrx_word' id='word_1_355' title='bbox 2993 2311 3214 2378; x_wconf 64' lang='grc' dir='ltr'><strong>αἰσίων»</strong></span> <span class='ocrx_word' id='word_1_356' title='bbox 3246 2314 3374 2381; x_wconf 70' lang='lat' dir='ltr'><strong>quia</strong></span> <span class='ocrx_word' id='word_1_357' title='bbox 3406 2313 3584 2391; x_wconf 64' lang='grc' dir='ltr'><strong>(ἰυίῶ</strong></span> 
     </span>
    </p>
   </div>
   <div class='ocr_carea' id='block_1_43' title="bbox 297 2403 1881 2482">
    <p class='ocr_par' dir='ltr' id='par_1_43' title="bbox 297 2403 1881 2482">
     <span class='ocr_line' id='line_1_43' title="bbox 297 2403 1881 2482; baseline 0.008 -27"><span class='ocrx_word' id='word_1_358' title='bbox 297 2403 446 2472; x_wconf 85' lang='lat' dir='ltr'><strong>prior</strong></span> <span class='ocrx_word' id='word_1_359' title='bbox 474 2403 686 2470; x_wconf 84' lang='lat' dir='ltr'><strong>dilexit,</strong></span> <span class='ocrx_word' id='word_1_360' title='bbox 715 2420 840 2460; x_wconf 91' lang='lat' dir='ltr'><strong>cum</strong></span> <span class='ocrx_word' id='word_1_361' title='bbox 888 2421 1130 2464; x_wconf 88' lang='lat' dir='ltr'><strong>essemus</strong></span> <span class='ocrx_word' id='word_1_362' title='bbox 1177 2411 1435 2480; x_wconf 85' lang='lat' dir='ltr'><strong>gehennae</strong></span> <span class='ocrx_word' id='word_1_363' title='bbox 1462 2410 1582 2477; x_wconf 90' lang='lat' dir='ltr'><strong>ﬁlii,</strong></span> <span class='ocrx_word' id='word_1_364' title='bbox 1607 2419 1666 2466; x_wconf 90' lang='lat' dir='ltr'><strong>ut</strong></span> <span class='ocrx_word' id='word_1_365' title='bbox 1693 2411 1881 2482; x_wconf 84' lang='lat' dir='ltr'><strong>dilige-</strong></span> 
     </span>
    </p>
   </div>
   <div class='ocr_carea' id='block_1_44' title="bbox 295 2499 1352 2569">
    <p class='ocr_par' dir='ltr' id='par_1_44' title="bbox 295 2499 1352 2569">
     <span class='ocr_line' id='line_1_44' title="bbox 295 2499 1352 2569; baseline 0.008 -21"><span class='ocrx_word' id='word_1_366' title='bbox 295 2510 480 2551; x_wconf 87' lang='lat' dir='ltr'><strong>remus</strong></span> <span class='ocrx_word' id='word_1_367' title='bbox 522 2511 646 2551; x_wconf 90' lang='lat' dir='ltr'><strong>eum</strong></span> <span class='ocrx_word' id='word_1_368' title='bbox 682 2511 714 2551; x_wconf 88' lang='lat' dir='ltr'><strong>a</strong></span> <span class='ocrx_word' id='word_1_369' title='bbox 758 2509 930 2554; x_wconf 90' lang='lat' dir='ltr'><strong>morte</strong></span> <span class='ocrx_word' id='word_1_370' title='bbox 959 2499 1074 2569; x_wconf 88' lang='lat' dir='ltr'><strong>jam</strong></span> <span class='ocrx_word' id='word_1_371' title='bbox 1120 2502 1352 2558; x_wconf 89' lang='lat' dir='ltr'><strong>liberati.</strong></span> 
     </span>
    </p>
   </div>
   <div class='ocr_carea' id='block_1_45' title="bbox 365 2587 1880 2667">
    <p class='ocr_par' dir='ltr' id='par_1_45' title="bbox 365 2587 1880 2667">
     <span class='ocr_line' id='line_1_45' title="bbox 365 2587 1880 2667; baseline 0.008 -27"><span class='ocrx_word' id='word_1_372' title='bbox 365 2587 418 2641; x_wconf 91' lang='lat'><strong>6.</strong></span> <span class='ocrx_word' id='word_1_373' title='bbox 461 2587 656 2643; x_wconf 89' lang='lat' dir='ltr'><strong>Dicunt</strong></span> <span class='ocrx_word' id='word_1_374' title='bbox 701 2590 865 2645; x_wconf 91' lang='lat' dir='ltr'><strong>etiam</strong></span> <span class='ocrx_word' id='word_1_375' title='bbox 899 2592 1142 2664; x_wconf 89' lang='lat' dir='ltr'><strong>quidam,</strong></span> <span class='ocrx_word' id='word_1_376' title='bbox 1182 2595 1327 2664; x_wconf 92' lang='lat' dir='ltr'><strong>quod</strong></span> <span class='ocrx_word' id='word_1_377' title='bbox 1374 2604 1429 2650; x_wconf 89' lang='lat' dir='ltr'><strong>et</strong></span> <span class='ocrx_word' id='word_1_378' title='bbox 1474 2596 1596 2652; x_wconf 91' lang='lat' dir='ltr'><strong>ideo</strong></span> <span class='ocrx_word' id='word_1_379' title='bbox 1641 2598 1880 2667; x_wconf 91' lang='lat' dir='ltr'><strong>quotidie</strong></span> 
     </span>
    </p>
   </div>
   <div class='ocr_carea' id='block_1_46' title="bbox 292 2678 1875 2753">
    <p class='ocr_par' dir='ltr' id='par_1_46' title="bbox 292 2678 1875 2753">
     <span class='ocr_line' id='line_1_46' title="bbox 292 2678 1875 2753; baseline 0.008 -20"><span class='ocrx_word' id='word_1_380' title='bbox 292 2678 622 2747; x_wconf 86' lang='lat' dir='ltr'><strong>celebratur,</strong></span> <span class='ocrx_word' id='word_1_381' title='bbox 677 2688 737 2736; x_wconf 90' lang='lat' dir='ltr'><strong>ut</strong></span> <span class='ocrx_word' id='word_1_382' title='bbox 781 2683 874 2753; x_wconf 86' lang='lat' dir='ltr'><strong>qui</strong></span> <span class='ocrx_word' id='word_1_383' title='bbox 922 2683 988 2739; x_wconf 91' lang='lat' dir='ltr'><strong>de</strong></span> <span class='ocrx_word' id='word_1_384' title='bbox 1040 2683 1240 2741; x_wconf 62' lang='lat' dir='ltr'><strong>Iudaeis</strong></span> <span class='ocrx_word' id='word_1_385' title='bbox 1280 2688 1660 2753; x_wconf 86' lang='lat' dir='ltr'><strong>credidissent,</strong></span> <span class='ocrx_word' id='word_1_386' title='bbox 1707 2689 1875 2745; x_wconf 87' lang='lat' dir='ltr'><strong>habe-</strong></span> 
     </span>
    </p>
   </div>
   <div class='ocr_carea' id='block_1_47' title="bbox 287 2773 1876 2852">
    <p class='ocr_par' dir='ltr' id='par_1_47' title="bbox 287 2773 1876 2852">
     <span class='ocr_line' id='line_1_47' title="bbox 287 2773 1876 2852; baseline 0.007 -27"><span class='ocrx_word' id='word_1_387' title='bbox 287 2780 418 2838; x_wconf 86' lang='lat' dir='ltr'><strong>rent</strong></span> <span class='ocrx_word' id='word_1_388' title='bbox 443 2787 540 2843; x_wconf 93' lang='lat' dir='ltr'><strong>per</strong></span> <span class='ocrx_word' id='word_1_389' title='bbox 574 2773 719 2828; x_wconf 89' lang='lat' dir='ltr'><strong>hanc</strong></span> <span class='ocrx_word' id='word_1_390' title='bbox 752 2776 981 2846; x_wconf 86' lang='lat' dir='ltr'><strong>gratiam</strong></span> <span class='ocrx_word' id='word_1_391' title='bbox 1005 2818 1020 2843; x_wconf 92' lang='lat'><strong>,</strong></span> <span class='ocrx_word' id='word_1_392' title='bbox 1073 2779 1275 2833; x_wconf 90' lang='lat' dir='ltr'><strong>assueti</strong></span> <span class='ocrx_word' id='word_1_393' title='bbox 1302 2779 1491 2835; x_wconf 88' lang='lat' dir='ltr'><strong>diebus</strong></span> <span class='ocrx_word' id='word_1_394' title='bbox 1515 2780 1742 2852; x_wconf 84' lang='lat' dir='ltr'><strong>singulis</strong></span> <span class='ocrx_word' id='word_1_395' title='bbox 1766 2782 1876 2836; x_wconf 85' lang='lat' dir='ltr'><strong>Do-</strong></span> 
     </span>
    </p>
   </div>
   <div class='ocr_carea' id='block_1_48' title="bbox 293 2862 1874 2943">
    <p class='ocr_par' dir='ltr' id='par_1_48' title="bbox 293 2862 1874 2943">
     <span class='ocr_line' id='line_1_48' title="bbox 293 2862 1874 2943; baseline 0.009 -28"><span class='ocrx_word' id='word_1_396' title='bbox 293 2862 445 2917; x_wconf 86' lang='lat' dir='ltr'><strong>mino</strong></span> <span class='ocrx_word' id='word_1_397' title='bbox 479 2863 685 2920; x_wconf 88' lang='lat' dir='ltr'><strong>hostias</strong></span> <span class='ocrx_word' id='word_1_398' title='bbox 728 2865 996 2922; x_wconf 90' lang='lat' dir='ltr'><strong>immolari</strong></span> <span class='ocrx_word' id='word_1_399' title='bbox 1026 2868 1053 2908; x_wconf 77' lang='lat' dir='ltr'><strong>b</strong></span> <span class='ocrx_word' id='word_1_400' title='bbox 1086 2883 1194 2938; x_wconf 92' lang='lat' dir='ltr'><strong>quo</strong></span> <span class='ocrx_word' id='word_1_401' title='bbox 1227 2879 1446 2939; x_wconf 87' lang='lat' dir='ltr'><strong>possent</strong></span> <span class='ocrx_word' id='word_1_402' title='bbox 1476 2886 1574 2926; x_wconf 89' lang='lat' dir='ltr'><strong>sua</strong></span> <span class='ocrx_word' id='word_1_403' title='bbox 1602 2881 1624 2909; x_wconf 78' lang='grc' dir='ltr'><strong><em>ο</em></strong></span> <span class='ocrx_word' id='word_1_404' title='bbox 1657 2872 1874 2943; x_wconf 90' lang='lat' dir='ltr'><strong>religio-</strong></span> 
     </span>
    </p>
   </div>
   <div class='ocr_carea' id='block_1_49' title="bbox 290 2960 1875 3023">
    <p class='ocr_par' dir='ltr' id='par_1_49' title="bbox 290 2960 1875 3023">
     <span class='ocr_line' id='line_1_49' title="bbox 290 2960 1875 3023; baseline 0.007 -11"><span class='ocrx_word' id='word_1_405' title='bbox 290 2960 378 3014; x_wconf 89' lang='lat' dir='ltr'><strong>nis</strong></span> <span class='ocrx_word' id='word_1_406' title='bbox 423 2967 548 3014; x_wconf 86' lang='lat' dir='ltr'><strong>vota</strong></span> <span class='ocrx_word' id='word_1_407' title='bbox 580 2960 869 3016; x_wconf 90' lang='lat' dir='ltr'><strong>celebriter</strong></span> <span class='ocrx_word' id='word_1_408' title='bbox 914 2963 1110 3020; x_wconf 84' lang='lat' dir='ltr'><strong>oﬁ‘erre</strong></span> <span class='ocrx_word' id='word_1_409' title='bbox 1137 2973 1193 3019; x_wconf 93' lang='lat' dir='ltr'><strong>et</strong></span> <span class='ocrx_word' id='word_1_410' title='bbox 1235 2966 1476 3020; x_wconf 91' lang='lat' dir='ltr'><strong>omnium</strong></span> <span class='ocrx_word' id='word_1_411' title='bbox 1516 2974 1758 3022; x_wconf 81' lang='lat' dir='ltr'><strong>veterum</strong></span> <span class='ocrx_word' id='word_1_412' title='bbox 1789 2982 1875 3023; x_wconf 86' lang='lat' dir='ltr'><strong>sa-</strong></span> 
     </span>
    </p>
   </div>
   <div class='ocr_carea' id='block_1_50' title="bbox 1987 2401 3572 2474">
    <p class='ocr_par' dir='ltr' id='par_1_50' title="bbox 1987 2401 3572 2474">
     <span class='ocr_line' id='line_1_50' title="bbox 1987 2401 3572 2474; baseline 0.003 -18"><span class='ocrx_word' id='word_1_413' title='bbox 1987 2401 2115 2473; x_wconf 88' lang='lat' dir='ltr'><strong>quid</strong></span> <span class='ocrx_word' id='word_1_414' title='bbox 2165 2410 2496 2473; x_wconf 70' lang='lat' dir='ltr'><strong>praegustare</strong></span> <span class='ocrx_word' id='word_1_415' title='bbox 2544 2402 2863 2474; x_wconf 88' lang='lat' dir='ltr'><strong>spiritaliter</strong></span> <span class='ocrx_word' id='word_1_416' title='bbox 2916 2403 3182 2473; x_wconf 90' lang='lat' dir='ltr'><strong>potueris,</strong></span> <span class='ocrx_word' id='word_1_417' title='bbox 3240 2403 3346 2459; x_wconf 88' lang='lat' dir='ltr'><strong>hoc</strong></span> <span class='ocrx_word' id='word_1_418' title='bbox 3395 2411 3572 2460; x_wconf 90' lang='lat' dir='ltr'><strong>totum</strong></span> 
     </span>
    </p>
   </div>
   <div class='ocr_carea' id='block_1_51' title="bbox 1969 2493 3570 2568">
    <p class='ocr_par' dir='ltr' id='par_1_51' title="bbox 1969 2493 3570 2568">
     <span class='ocr_line' id='line_1_51' title="bbox 1969 2493 3570 2568; baseline 0.004 -22"><span class='ocrx_word' id='word_1_419' title='bbox 1969 2493 2183 2550; x_wconf 84' lang='lat' dir='ltr'><strong>.ibidem</strong></span> <span class='ocrx_word' id='word_1_420' title='bbox 2210 2494 2472 2552; x_wconf 86' lang='lat' dir='ltr'><strong>invenies.</strong></span> <span class='ocrx_word' id='word_1_421' title='bbox 2523 2496 2592 2551; x_wconf 88' lang='lat' dir='ltr'><strong>Et</strong></span> <span class='ocrx_word' id='word_1_422' title='bbox 2632 2496 2761 2552; x_wconf 86' lang='lat' dir='ltr'><strong>hinc</strong></span> <span class='ocrx_word' id='word_1_423' title='bbox 2785 2505 2871 2552; x_wconf 91' lang='lat' dir='ltr'><strong>est</strong></span> <span class='ocrx_word' id='word_1_424' title='bbox 2908 2497 3073 2568; x_wconf 87' lang='lat' dir='ltr'><strong>quod</strong></span> <span class='ocrx_word' id='word_1_425' title='bbox 3105 2496 3326 2554; x_wconf 88' lang='lat' dir='ltr'><strong>tradunt</strong></span> <span class='ocrx_word' id='word_1_426' title='bbox 3371 2495 3570 2564; x_wconf 80' lang='lat' dir='ltr'><strong>Judaei,</strong></span> 
     </span>
    </p>
   </div>
   <div class='ocr_carea' id='block_1_52' title="bbox 1983 2587 3570 2660">
    <p class='ocr_par' dir='ltr' id='par_1_52' title="bbox 1983 2587 3570 2660">
     <span class='ocr_line' id='line_1_52' title="bbox 1983 2587 3570 2660; baseline 0.001 -20"><span class='ocrx_word' id='word_1_427' title='bbox 1983 2587 2126 2655; x_wconf 91' lang='lat' dir='ltr'><strong>quod</strong></span> <span class='ocrx_word' id='word_1_428' title='bbox 2158 2602 2356 2643; x_wconf 89' lang='lat' dir='ltr'><strong>manna</strong></span> <span class='ocrx_word' id='word_1_429' title='bbox 2397 2589 2614 2660; x_wconf 88' lang='lat' dir='ltr'><strong>quando</strong></span> <span class='ocrx_word' id='word_1_430' title='bbox 2639 2589 3001 2645; x_wconf 90' lang='lat' dir='ltr'><strong>comedebant</strong></span> <span class='ocrx_word' id='word_1_431' title='bbox 3029 2587 3342 2655; x_wconf 89' lang='lat' dir='ltr'><strong>carnaliter,</strong></span> <span class='ocrx_word' id='word_1_432' title='bbox 3371 2602 3570 2644; x_wconf 89' lang='lat' dir='ltr'><strong>secun-</strong></span> 
     </span>
    </p>
   </div>
   <div class='ocr_carea' id='block_1_53' title="bbox 1983 2677 3564 2754">
    <p class='ocr_par' dir='ltr' id='par_1_53' title="bbox 1983 2677 3564 2754">
     <span class='ocr_line' id='line_1_53' title="bbox 1983 2677 3564 2754; baseline 0.003 -23"><span class='ocrx_word' id='word_1_433' title='bbox 1983 2677 2111 2732; x_wconf 88' lang='lat' dir='ltr'><strong>dum</strong></span> <span class='ocrx_word' id='word_1_434' title='bbox 2137 2678 2474 2734; x_wconf 87' lang='lat' dir='ltr'><strong>voluntatem</strong></span> <span class='ocrx_word' id='word_1_435' title='bbox 2503 2680 2933 2752; x_wconf 86' lang='lat' dir='ltr'><strong>uniuscujusque</strong></span> <span class='ocrx_word' id='word_1_436' title='bbox 2956 2681 3052 2754; x_wconf 68' lang='grc' dir='ltr'>,δίο</span> <span class='ocrx_word' id='word_1_437' title='bbox 3078 2680 3326 2751; x_wconf 87' lang='lat' dir='ltr'><strong>sapiebat</strong></span> <span class='ocrx_word' id='word_1_438' title='bbox 3351 2680 3564 2736; x_wconf 90' lang='lat' dir='ltr'><strong>unicui-</strong></span> 
     </span>
    </p>
   </div>
   <div class='ocr_carea' id='block_1_54' title="bbox 1983 2762 3582 2845">
    <p class='ocr_par' dir='ltr' id='par_1_54' title="bbox 1983 2762 3582 2845">
     <span class='ocr_line' id='line_1_54' title="bbox 1983 2762 3582 2845; baseline 0.001 -19"><span class='ocrx_word' id='word_1_439' title='bbox 1983 2787 2088 2841; x_wconf 91' lang='lat' dir='ltr'><strong>que</strong></span> <span class='ocrx_word' id='word_1_440' title='bbox 2133 2772 2188 2827; x_wconf 91' lang='lat' dir='ltr'><strong>in</strong></span> <span class='ocrx_word' id='word_1_441' title='bbox 2236 2787 2354 2840; x_wconf 89' lang='lat' dir='ltr'><strong>ore,</strong></span> <span class='ocrx_word' id='word_1_442' title='bbox 2403 2773 2556 2830; x_wconf 90' lang='lat' dir='ltr'><strong>verbi</strong></span> <span class='ocrx_word' id='word_1_443' title='bbox 2614 2789 2800 2840; x_wconf 89' lang='lat' dir='ltr'><strong>causa,</strong></span> <span class='ocrx_word' id='word_1_444' title='bbox 2831 2775 2878 2830; x_wconf 89' lang='lat' dir='ltr'><strong>si</strong></span> <span class='ocrx_word' id='word_1_445' title='bbox 2917 2775 3119 2845; x_wconf 91' lang='lat' dir='ltr'><strong>pirum,</strong></span> <span class='ocrx_word' id='word_1_446' title='bbox 3166 2775 3214 2831; x_wconf 88' lang='lat' dir='ltr'><strong>si</strong></span> <span class='ocrx_word' id='word_1_447' title='bbox 3258 2773 3404 2830; x_wconf 90' lang='lat' dir='ltr'><strong>mala</strong></span> <span class='ocrx_word' id='word_1_448' title='bbox 3435 2774 3485 2841; x_wconf 75' lang='grc' dir='ltr'><strong>ιι,</strong></span> <span class='ocrx_word' id='word_1_449' title='bbox 3519 2762 3582 2829; x_wconf 77' lang='lat' dir='ltr'><strong>si</strong></span> 
     </span>
    </p>
   </div>
   <div class='ocr_carea' id='block_1_55' title="bbox 1980 2854 3580 2953">
    <p class='ocr_par' dir='ltr' id='par_1_55' title="bbox 1980 2854 3580 2953">
     <span class='ocr_line' id='line_1_55' title="bbox 1980 2854 3580 2953; baseline -0.001 -33"><span class='ocrx_word' id='word_1_450' title='bbox 1980 2854 2164 2931; x_wconf 83' lang='lat' dir='ltr'><strong>uvam,</strong></span> <span class='ocrx_word' id='word_1_451' title='bbox 2201 2884 2244 2924; x_wconf 81' lang='lat' dir='ltr'><strong>Si</strong></span> <span class='ocrx_word' id='word_1_452' title='bbox 2297 2883 2513 2938; x_wconf 88' lang='lat' dir='ltr'><strong>panem,</strong></span> <span class='ocrx_word' id='word_1_453' title='bbox 2559 2868 2605 2922; x_wconf 91' lang='lat' dir='ltr'><strong>si</strong></span> <span class='ocrx_word' id='word_1_454' title='bbox 2657 2883 2852 2924; x_wconf 90' lang='lat' dir='ltr'><strong>carnes</strong></span> <span class='ocrx_word' id='word_1_455' title='bbox 2896 2866 3279 2932; x_wconf 89' lang='lat' dir='ltr'><strong>desiderasset,</strong></span> <span class='ocrx_word' id='word_1_456' title='bbox 3320 2881 3418 2922; x_wconf 87' lang='lat' dir='ltr'><strong>seu</strong></span> <span class='ocrx_word' id='word_1_457' title='bbox 3457 2864 3580 2953; x_wconf 38' lang='lat' dir='ltr'><strong>alia.</strong></span> 
     </span>
    </p>
   </div>
   <div class='ocr_carea' id='block_1_56' title="bbox 1980 2958 3567 3028">
    <p class='ocr_par' dir='ltr' id='par_1_56' title="bbox 1980 2958 3567 3028">
     <span class='ocr_line' id='line_1_56' title="bbox 1980 2958 3567 3028; baseline -0.001 -16"><span class='ocrx_word' id='word_1_458' title='bbox 1980 2972 2341 3028; x_wconf 55' lang='lat' dir='ltr'><strong>quaecunque,</strong></span> <span class='ocrx_word' id='word_1_459' title='bbox 2378 2958 2560 3013; x_wconf 90' lang='lat' dir='ltr'><strong>omnia</strong></span> <span class='ocrx_word' id='word_1_460' title='bbox 2606 2973 2805 3014; x_wconf 90' lang='lat' dir='ltr'><strong>manna</strong></span> <span class='ocrx_word' id='word_1_461' title='bbox 2833 2959 3127 3028; x_wconf 56' lang='lat' dir='ltr'><strong>praestabat</strong></span> <span class='ocrx_word' id='word_1_462' title='bbox 3157 2961 3174 2999; x_wconf 77' lang='grc' dir='ltr'>ί</span> <span class='ocrx_word' id='word_1_463' title='bbox 3211 2959 3267 3012; x_wconf 90' lang='lat' dir='ltr'><strong>in</strong></span> <span class='ocrx_word' id='word_1_464' title='bbox 3295 2973 3392 3014; x_wconf 91' lang='lat' dir='ltr'><strong>ore</strong></span> <span class='ocrx_word' id='word_1_465' title='bbox 3424 2958 3567 3013; x_wconf 83' lang='lat' dir='ltr'><strong>desi-</strong></span> 
     </span>
    </p>
   </div>
   <div class='ocr_carea' id='block_1_57' title="bbox 290 3041 3562 3130">
    <p class='ocr_par' dir='ltr' id='par_1_57' title="bbox 290 3041 3562 3130">
     <span class='ocr_line' id='line_1_57' title="bbox 290 3041 3562 3130; baseline 0.006 -27"><span class='ocrx_word' id='word_1_466' title='bbox 290 3047 623 3106; x_wconf 85' lang='lat' dir='ltr'><strong>criﬁciorum</strong></span> <span class='ocrx_word' id='word_1_467' title='bbox 665 3060 828 3122; x_wconf 87' lang='lat' dir='ltr'><strong>atque</strong></span> <span class='ocrx_word' id='word_1_468' title='bbox 849 3053 1373 3112; x_wconf 88' lang='lat' dir='ltr'><strong>holocaustomatum</strong></span> <span class='ocrx_word' id='word_1_469' title='bbox 1394 3056 1422 3096; x_wconf 74' lang='grc' dir='ltr'>ει</span> <span class='ocrx_word' id='word_1_470' title='bbox 1446 3057 1635 3129; x_wconf 88' lang='lat' dir='ltr'><strong>ﬁguris</strong></span> <span class='ocrx_word' id='word_1_471' title='bbox 1657 3067 1876 3130; x_wconf 92' lang='lat' dir='ltr'><strong>postpo-</strong></span> <span class='ocrx_word' id='word_1_472' title='bbox 1979 3047 2240 3103; x_wconf 69' lang='lat' dir='ltr'><strong>demﬂlis-</strong></span> <span class='ocrx_word' id='word_1_473' title='bbox 2273 3047 2398 3104; x_wconf 64' lang='lat' dir='ltr'><strong>Haec</strong></span> <span class='ocrx_word' id='word_1_474' title='bbox 2441 3048 2518 3104; x_wconf 70' lang='lat' dir='ltr'><strong>illi</strong></span> <span class='ocrx_word' id='word_1_475' title='bbox 2558 3048 2798 3104; x_wconf 69' lang='lat' dir='ltr'><strong>carnalia</strong></span> <span class='ocrx_word' id='word_1_476' title='bbox 2849 3065 3064 3121; x_wconf 63' lang='lat' dir='ltr'><strong>semper</strong></span> <span class='ocrx_word' id='word_1_477' title='bbox 3109 3041 3435 3120; x_wconf 65' lang='grc' dir='ltr'><strong>(ιυέετθηιέθδν</strong></span> <span class='ocrx_word' id='word_1_478' title='bbox 3461 3064 3562 3105; x_wconf 75' lang='grc' dir='ltr'><strong>ηοε</strong></span> 
     </span>
    </p>
   </div>
   <div class='ocr_carea' id='block_1_58' title="bbox 293 3143 1876 3220">
    <p class='ocr_par' dir='ltr' id='par_1_58' title="bbox 293 3143 1876 3220">
     <span class='ocr_line' id='line_1_58' title="bbox 293 3143 1876 3220; baseline 0.01 -23"><span class='ocrx_word' id='word_1_479' title='bbox 293 3143 436 3210; x_wconf 89' lang='lat' dir='ltr'><strong>sitis,</strong></span> <span class='ocrx_word' id='word_1_480' title='bbox 471 3145 630 3216; x_wconf 89' lang='lat' dir='ltr'><strong>hujus</strong></span> <span class='ocrx_word' id='word_1_481' title='bbox 654 3148 900 3219; x_wconf 87' lang='lat' dir='ltr'><strong>mysterii</strong></span> <span class='ocrx_word' id='word_1_482' title='bbox 930 3149 1189 3220; x_wconf 85' lang='lat' dir='ltr'><strong>praeferre</strong></span> <span class='ocrx_word' id='word_1_483' title='bbox 1211 3153 1499 3210; x_wconf 88' lang='lat' dir='ltr'><strong>veritatem</strong></span> <span class='ocrx_word' id='word_1_484' title='bbox 1530 3164 1578 3209; x_wconf 79' lang='grc' dir='ltr'>ο.</span> <span class='ocrx_word' id='word_1_485' title='bbox 1613 3155 1719 3211; x_wconf 91' lang='lat' dir='ltr'><strong>Sed</strong></span> <span class='ocrx_word' id='word_1_486' title='bbox 1747 3155 1876 3213; x_wconf 87' lang='lat' dir='ltr'><strong>licet</strong></span> 
     </span>
    </p>
   </div>
   <div class='ocr_carea' id='block_1_59' title="bbox 1980 3135 3580 3212">
    <p class='ocr_par' dir='ltr' id='par_1_59' title="bbox 1980 3135 3580 3212">
     <span class='ocr_line' id='line_1_59' title="bbox 1980 3135 3580 3212; baseline 0.005 -18"><span class='ocrx_word' id='word_1_487' title='bbox 1980 3153 2110 3195; x_wconf 93' lang='lat' dir='ltr'><strong>vero</strong></span> <span class='ocrx_word' id='word_1_488' title='bbox 2139 3138 2376 3196; x_wconf 84' lang='lat' dir='ltr'><strong>fatemur</strong></span> <span class='ocrx_word' id='word_1_489' title='bbox 2403 3140 2530 3197; x_wconf 87' lang='lat' dir='ltr'><strong>ﬁde.</strong></span> <span class='ocrx_word' id='word_1_490' title='bbox 2564 3141 2708 3212; x_wconf 86' lang='lat' dir='ltr'><strong>quod</strong></span> <span class='ocrx_word' id='word_1_491' title='bbox 2742 3139 3009 3199; x_wconf 82' lang='lat' dir='ltr'><strong>soiritalia</strong></span> <span class='ocrx_word' id='word_1_492' title='bbox 3038 3151 3094 3195; x_wconf 91' lang='lat' dir='ltr'><strong>et</strong></span> <span class='ocrx_word' id='word_1_493' title='bbox 3122 3150 3325 3196; x_wconf 63' lang='lat' dir='ltr'><strong>aeterna</strong></span> <span class='ocrx_word' id='word_1_494' title='bbox 3358 3135 3580 3212; x_wconf 50' lang='lat' dir='ltr'><strong>potius.&quot;</strong></span> 
     </span>
    </p>
   </div>
   <div class='ocr_carea' id='block_1_60' title="bbox 289 3201 3577 3314">
    <p class='ocr_par' dir='ltr' id='par_1_60' title="bbox 289 3201 3577 3314">
     <span class='ocr_line' id='line_1_60' title="bbox 289 3201 3577 3314; baseline 0.004 -24"><span class='ocrx_word' id='word_1_495' title='bbox 289 3233 369 3290; x_wconf 87' lang='lat' dir='ltr'><strong>ita</strong></span> <span class='ocrx_word' id='word_1_496' title='bbox 394 3201 663 3306; x_wconf 50' lang='lat' dir='ltr'><strong>videa&#39;tur,</strong></span> <span class='ocrx_word' id='word_1_497' title='bbox 707 3201 890 3294; x_wconf 67' lang='lat' dir='ltr'><strong>tamen</strong></span> <span class='ocrx_word' id='word_1_498' title='bbox 921 3201 1131 3311; x_wconf 68' lang='lat' dir='ltr'><strong>plenior</strong></span> <span class='ocrx_word' id='word_1_499' title='bbox 1164 3251 1219 3298; x_wconf 88' lang='lat' dir='ltr'><strong>et</strong></span> <span class='ocrx_word' id='word_1_500' title='bbox 1263 3243 1553 3314; x_wconf 79' lang='lat' dir='ltr'><strong>perfectior</strong></span> <span class='ocrx_word' id='word_1_501' title='bbox 1605 3201 1949 3304; x_wconf 80' lang='lat' dir='ltr'><strong>sententiac</strong></span> <span class='ocrx_word' id='word_1_502' title='bbox 1985 3250 2095 3291; x_wconf 78' lang='grc' dir='ltr'><strong>ηοη</strong></span> <span class='ocrx_word' id='word_1_503' title='bbox 2123 3227 2298 3290; x_wconf 71' lang='grc' dir='ltr'><strong>έοιυω</strong></span> <span class='ocrx_word' id='word_1_504' title='bbox 2323 3235 2450 3300; x_wconf 59' lang='lat' dir='ltr'><strong>ista,</strong></span> <span class='ocrx_word' id='word_1_505' title='bbox 2473 3233 2568 3289; x_wconf 74' lang='grc' dir='ltr'><strong>8εά</strong></span> <span class='ocrx_word' id='word_1_506' title='bbox 2592 3241 2646 3289; x_wconf 75' lang='grc' dir='ltr'>ει</span> <span class='ocrx_word' id='word_1_507' title='bbox 2676 3233 2766 3288; x_wconf 70' lang='lat' dir='ltr'><strong>illa</strong></span> <span class='ocrx_word' id='word_1_508' title='bbox 2792 3233 2847 3288; x_wconf 76' lang='lat' dir='ltr'><strong>in</strong></span> <span class='ocrx_word' id='word_1_509' title='bbox 2878 3233 3133 3290; x_wconf 62' lang='lat' dir='ltr'><strong>cordibus</strong></span> <span class='ocrx_word' id='word_1_510' title='bbox 3165 3232 3402 3288; x_wconf 68' lang='lat' dir='ltr'><strong>ﬁdelium</strong></span> <span class='ocrx_word' id='word_1_511' title='bbox 3433 3229 3577 3304; x_wconf 47' lang='lat' dir='ltr'><strong>lim&quot;</strong></span> 
     </span>
    </p>
   </div>
   <div class='ocr_carea' id='block_1_61' title="bbox 291 3333 1882 3411">
    <p class='ocr_par' dir='ltr' id='par_1_61' title="bbox 291 3333 1882 3411">
     <span class='ocr_line' id='line_1_61' title="bbox 291 3333 1882 3411; baseline 0.011 -27"><span class='ocrx_word' id='word_1_512' title='bbox 291 3338 396 3395; x_wconf 90' lang='lat' dir='ltr'><strong>est,</strong></span> <span class='ocrx_word' id='word_1_513' title='bbox 429 3345 588 3401; x_wconf 87' lang='lat' dir='ltr'><strong>quam</strong></span> <span class='ocrx_word' id='word_1_514' title='bbox 615 3333 995 3402; x_wconf 81' lang='lat' dir='ltr'><strong>praemisimus.</strong></span> <span class='ocrx_word' id='word_1_515' title='bbox 1036 3335 1174 3404; x_wconf 86' lang='lat' dir='ltr'><strong>Quia</strong></span> <span class='ocrx_word' id='word_1_516' title='bbox 1205 3354 1314 3395; x_wconf 90' lang='lat' dir='ltr'><strong>non</strong></span> <span class='ocrx_word' id='word_1_517' title='bbox 1355 3341 1534 3396; x_wconf 90' lang='lat' dir='ltr'><strong>minus</strong></span> <span class='ocrx_word' id='word_1_518' title='bbox 1579 3357 1678 3411; x_wconf 92' lang='lat' dir='ltr'><strong>pro</strong></span> <span class='ocrx_word' id='word_1_519' title='bbox 1722 3344 1882 3402; x_wconf 88' lang='lat' dir='ltr'><strong>nobis</strong></span> 
     </span>
    </p>
   </div>
   <div class='ocr_carea' id='block_1_62' title="bbox 291 3425 1878 3502">
    <p class='ocr_par' dir='ltr' id='par_1_62' title="bbox 291 3425 1878 3502">
     <span class='ocr_line' id='line_1_62' title="bbox 291 3425 1878 3502; baseline 0.009 -25"><span class='ocrx_word' id='word_1_520' title='bbox 291 3437 457 3492; x_wconf 89' lang='lat' dir='ltr'><strong>quam</strong></span> <span class='ocrx_word' id='word_1_521' title='bbox 486 3441 584 3496; x_wconf 91' lang='lat' dir='ltr'><strong>pro</strong></span> <span class='ocrx_word' id='word_1_522' title='bbox 618 3425 724 3482; x_wconf 89' lang='lat' dir='ltr'><strong>illis</strong></span> <span class='ocrx_word' id='word_1_523' title='bbox 745 3427 797 3481; x_wconf 93' lang='lat' dir='ltr'><strong>in</strong></span> <span class='ocrx_word' id='word_1_524' title='bbox 820 3427 1062 3484; x_wconf 83' lang='lat' dir='ltr'><strong>Ecclesia</strong></span> <span class='ocrx_word' id='word_1_525' title='bbox 1085 3430 1188 3485; x_wconf 93' lang='lat' dir='ltr'><strong>hoc</strong></span> <span class='ocrx_word' id='word_1_526' title='bbox 1210 3433 1529 3502; x_wconf 87' lang='lat' dir='ltr'><strong>mysterium</strong></span> <span class='ocrx_word' id='word_1_527' title='bbox 1551 3434 1878 3491; x_wconf 88' lang='lat' dir='ltr'><strong>celebratur.</strong></span> 
     </span>
    </p>
   </div>
   <div class='ocr_carea' id='block_1_63' title="bbox 292 3515 1882 3592">
    <p class='ocr_par' dir='ltr' id='par_1_63' title="bbox 292 3515 1882 3592">
     <span class='ocr_line' id='line_1_63' title="bbox 292 3515 1882 3592; baseline 0.009 -22"><span class='ocrx_word' id='word_1_528' title='bbox 292 3515 420 3572; x_wconf 64' lang='lat' dir='ltr'><strong>Haec</strong></span> <span class='ocrx_word' id='word_1_529' title='bbox 447 3518 644 3589; x_wconf 90' lang='lat' dir='ltr'><strong>quippe</strong></span> <span class='ocrx_word' id='word_1_530' title='bbox 675 3519 843 3591; x_wconf 87' lang='lat' dir='ltr'><strong>ﬁgura</strong></span> <span class='ocrx_word' id='word_1_531' title='bbox 880 3523 1162 3592; x_wconf 81' lang='lat' dir='ltr'><strong>praecessit</strong></span> <span class='ocrx_word' id='word_1_532' title='bbox 1186 3524 1240 3579; x_wconf 93' lang='lat' dir='ltr'><strong>in</strong></span> <span class='ocrx_word' id='word_1_533' title='bbox 1284 3523 1707 3592; x_wconf 86' lang='lat' dir='ltr'><strong>Melchisedech,</strong></span> <span class='ocrx_word' id='word_1_534' title='bbox 1738 3529 1882 3585; x_wconf 88' lang='lat' dir='ltr'><strong>sicut</strong></span> 
     </span>
    </p>
   </div>
   <div class='ocr_carea' id='block_1_64' title="bbox 291 3610 1884 3693">
    <p class='ocr_par' dir='ltr' id='par_1_64' title="bbox 291 3610 1884 3693">
     <span class='ocr_line' id='line_1_64' title="bbox 291 3610 1884 3693; baseline 0.009 -28"><span class='ocrx_word' id='word_1_535' title='bbox 291 3610 429 3666; x_wconf 88' lang='lat' dir='ltr'><strong>ﬁdes</strong></span> <span class='ocrx_word' id='word_1_536' title='bbox 455 3611 509 3666; x_wconf 92' lang='lat' dir='ltr'><strong>in</strong></span> <span class='ocrx_word' id='word_1_537' title='bbox 537 3611 836 3682; x_wconf 86' lang='lat' dir='ltr'><strong>Abraham,</strong></span> <span class='ocrx_word' id='word_1_538' title='bbox 878 3617 970 3671; x_wconf 86' lang='lat' dir='ltr'><strong>sed</strong></span> <span class='ocrx_word' id='word_1_539' title='bbox 1001 3617 1125 3686; x_wconf 89' lang='lat' dir='ltr'><strong>quia</strong></span> <span class='ocrx_word' id='word_1_540' title='bbox 1155 3617 1242 3674; x_wconf 90' lang='lat' dir='ltr'><strong>lex</strong></span> <span class='ocrx_word' id='word_1_541' title='bbox 1270 3621 1425 3689; x_wconf 89' lang='lat' dir='ltr'><strong>quasi</strong></span> <span class='ocrx_word' id='word_1_542' title='bbox 1460 3622 1672 3678; x_wconf 90' lang='lat' dir='ltr'><strong>medius</strong></span> <span class='ocrx_word' id='word_1_543' title='bbox 1701 3625 1884 3693; x_wconf 86' lang='lat' dir='ltr'><strong>paries</strong></span> 
     </span>
    </p>
   </div>
   <div class='ocr_carea' id='block_1_65' title="bbox 293 3700 1882 3780">
    <p class='ocr_par' dir='ltr' id='par_1_65' title="bbox 293 3700 1882 3780">
     <span class='ocr_line' id='line_1_65' title="bbox 293 3700 1882 3780; baseline 0.01 -26"><span class='ocrx_word' id='word_1_544' title='bbox 293 3715 351 3755; x_wconf 92' lang='lat' dir='ltr'><strong>se</strong></span> <span class='ocrx_word' id='word_1_545' title='bbox 381 3700 584 3770; x_wconf 89' lang='lat' dir='ltr'><strong>injecit,</strong></span> <span class='ocrx_word' id='word_1_546' title='bbox 622 3704 803 3774; x_wconf 88' lang='lat' dir='ltr'><strong>potius</strong></span> <span class='ocrx_word' id='word_1_547' title='bbox 830 3705 885 3760; x_wconf 92' lang='lat' dir='ltr'><strong>in</strong></span> <span class='ocrx_word' id='word_1_548' title='bbox 911 3707 1166 3763; x_wconf 89' lang='lat' dir='ltr'><strong>omnibus</strong></span> <span class='ocrx_word' id='word_1_549' title='bbox 1196 3708 1374 3780; x_wconf 90' lang='lat' dir='ltr'><strong>legum</strong></span> <span class='ocrx_word' id='word_1_550' title='bbox 1401 3710 1707 3779; x_wconf 89' lang='lat' dir='ltr'><strong>sacriﬁciis,</strong></span> <span class='ocrx_word' id='word_1_551' title='bbox 1738 3714 1882 3770; x_wconf 88' lang='lat' dir='ltr'><strong>veri-</strong></span> 
     </span>
    </p>
   </div>
   <div class='ocr_carea' id='block_1_66' title="bbox 292 3783 1882 3874">
    <p class='ocr_par' dir='ltr' id='par_1_66' title="bbox 292 3783 1882 3874">
     <span class='ocr_line' id='line_1_66' title="bbox 292 3783 1882 3874; baseline 0.009 -28"><span class='ocrx_word' id='word_1_552' title='bbox 292 3783 568 3865; x_wconf 69' lang='lat' dir='ltr'><strong>tas°hujus</strong></span> <span class='ocrx_word' id='word_1_553' title='bbox 603 3796 845 3866; x_wconf 84' lang='lat' dir='ltr'><strong>mysterii</strong></span> <span class='ocrx_word' id='word_1_554' title='bbox 890 3797 1334 3866; x_wconf 88' lang='lat' dir='ltr'><strong>adumbrabatur,</strong></span> <span class='ocrx_word' id='word_1_555' title='bbox 1391 3801 1586 3871; x_wconf 91' lang='lat' dir='ltr'><strong>quibus</strong></span> <span class='ocrx_word' id='word_1_556' title='bbox 1635 3803 1882 3874; x_wconf 86' lang='lat' dir='ltr'><strong>profecto</strong></span> 
     </span>
    </p>
   </div>
   <div class='ocr_carea' id='block_1_67' title="bbox 291 3887 1880 3959">
    <p class='ocr_par' dir='ltr' id='par_1_67' title="bbox 291 3887 1880 3959">
     <span class='ocr_line' id='line_1_67' title="bbox 291 3887 1880 3959; baseline 0.009 -20"><span class='ocrx_word' id='word_1_557' title='bbox 291 3887 517 3941; x_wconf 90' lang='lat' dir='ltr'><strong>remotis</strong></span> <span class='ocrx_word' id='word_1_558' title='bbox 557 3889 699 3958; x_wconf 90' lang='lat' dir='ltr'><strong>quod</strong></span> <span class='ocrx_word' id='word_1_559' title='bbox 747 3888 1065 3959; x_wconf 68' lang='lat' dir='ltr'><strong>praedictum</strong></span> <span class='ocrx_word' id='word_1_560' title='bbox 1116 3900 1254 3959; x_wconf 90' lang='lat' dir='ltr'><strong>erat,</strong></span> <span class='ocrx_word' id='word_1_561' title='bbox 1288 3894 1586 3951; x_wconf 89' lang='lat' dir='ltr'><strong>secundum</strong></span> <span class='ocrx_word' id='word_1_562' title='bbox 1630 3898 1880 3954; x_wconf 90' lang='lat' dir='ltr'><strong>ordinem</strong></span> 
     </span>
    </p>
   </div>
   <div class='ocr_carea' id='block_1_68' title="bbox 1987 3323 3588 3396">
    <p class='ocr_par' dir='ltr' id='par_1_68' title="bbox 1987 3323 3588 3396">
     <span class='ocr_line' id='line_1_68' title="bbox 1987 3323 3588 3396; baseline -0.001 -16"><span class='ocrx_word' id='word_1_563' title='bbox 1987 3326 2204 3381; x_wconf 88' lang='lat' dir='ltr'><strong>stabant</strong></span> <span class='ocrx_word' id='word_1_564' title='bbox 2233 3343 2246 3380; x_wconf 91' lang='lat'><strong>:</strong></span> <span class='ocrx_word' id='word_1_565' title='bbox 2274 3325 2418 3380; x_wconf 89' lang='lat' dir='ltr'><strong>unde</strong></span> <span class='ocrx_word' id='word_1_566' title='bbox 2444 3340 2542 3396; x_wconf 92' lang='lat' dir='ltr'><strong>per</strong></span> <span class='ocrx_word' id='word_1_567' title='bbox 2572 3325 2688 3380; x_wconf 84' lang='lat' dir='ltr'><strong>haec</strong></span> <span class='ocrx_word' id='word_1_568' title='bbox 2711 3324 3048 3381; x_wconf 85' lang='lat' dir='ltr'><strong>conﬁdenter</strong></span> <span class='ocrx_word' id='word_1_569' title='bbox 3074 3333 3291 3394; x_wconf 90' lang='lat' dir='ltr'><strong>oportet</strong></span> <span class='ocrx_word' id='word_1_570' title='bbox 3323 3323 3588 3391; x_wconf 72' lang='lat' dir='ltr'><strong>credere,&#39;t</strong></span> 
     </span>
    </p>
   </div>
   <div class='ocr_carea' id='block_1_69' title="bbox 1987 3417 3580 3490">
    <p class='ocr_par' dir='ltr' id='par_1_69' title="bbox 1987 3417 3580 3490">
     <span class='ocr_line' id='line_1_69' title="bbox 1987 3417 3580 3490; baseline -0.001 -16"><span class='ocrx_word' id='word_1_571' title='bbox 1987 3420 2032 3474; x_wconf 87' lang='lat' dir='ltr'><strong>si</strong></span> <span class='ocrx_word' id='word_1_572' title='bbox 2060 3420 2182 3489; x_wconf 90' lang='lat' dir='ltr'><strong>quis</strong></span> <span class='ocrx_word' id='word_1_573' title='bbox 2217 3418 2378 3489; x_wconf 89' lang='lat' dir='ltr'><strong>digne</strong></span> <span class='ocrx_word' id='word_1_574' title='bbox 2403 3419 2732 3489; x_wconf 86' lang='lat' dir='ltr'><strong>perceperit,</strong></span> <span class='ocrx_word' id='word_1_575' title='bbox 2763 3417 2906 3490; x_wconf 89' lang='lat' dir='ltr'><strong>quod</strong></span> <span class='ocrx_word' id='word_1_576' title='bbox 2949 3418 3119 3472; x_wconf 89' lang='lat' dir='ltr'><strong>vitam</strong></span> <span class='ocrx_word' id='word_1_577' title='bbox 3167 3417 3436 3488; x_wconf 88' lang='lat' dir='ltr'><strong>percipiat</strong></span> <span class='ocrx_word' id='word_1_578' title='bbox 3465 3419 3580 3488; x_wconf 12' lang='lat' dir='ltr'><strong>im-V</strong></span> 
     </span>
    </p>
   </div>
   <div class='ocr_carea' id='block_1_70' title="bbox 1985 3504 3581 3576">
    <p class='ocr_par' dir='ltr' id='par_1_70' title="bbox 1985 3504 3581 3576">
     <span class='ocr_line' id='line_1_70' title="bbox 1985 3504 3581 3576; baseline -0.003 -9"><span class='ocrx_word' id='word_1_579' title='bbox 1985 3510 2358 3576; x_wconf 88' lang='lat' dir='ltr'><strong>mortalitatis,</strong></span> <span class='ocrx_word' id='word_1_580' title='bbox 2385 3523 2440 3564; x_wconf 88' lang='lat' dir='ltr'><strong>et</strong></span> <span class='ocrx_word' id='word_1_581' title='bbox 2487 3510 2694 3566; x_wconf 86' lang='lat' dir='ltr'><strong>deliciis</strong></span> <span class='ocrx_word' id='word_1_582' title='bbox 2725 3509 2936 3565; x_wconf 89' lang='lat' dir='ltr'><strong>fruatur</strong></span> <span class='ocrx_word' id='word_1_583' title='bbox 2983 3524 3110 3566; x_wconf 90' lang='lat' dir='ltr'><strong>cum</strong></span> <span class='ocrx_word' id='word_1_584' title='bbox 3139 3509 3288 3565; x_wconf 90' lang='lat' dir='ltr'><strong>omni</strong></span> <span class='ocrx_word' id='word_1_585' title='bbox 3341 3504 3581 3566; x_wconf 62' lang='lat' dir='ltr'><strong>delecta-T</strong></span> 
     </span>
    </p>
   </div>
   <div class='ocr_carea' id='block_1_71' title="bbox 1986 3598 3056 3672">
    <p class='ocr_par' dir='ltr' id='par_1_71' title="bbox 1986 3598 3056 3672">
     <span class='ocr_line' id='line_1_71' title="bbox 1986 3598 3056 3672; baseline -0.003 -14"><span class='ocrx_word' id='word_1_586' title='bbox 1986 3610 2187 3666; x_wconf 89' lang='lat' dir='ltr'><strong>mento,</strong></span> <span class='ocrx_word' id='word_1_587' title='bbox 2228 3602 2282 3657; x_wconf 92' lang='lat' dir='ltr'><strong>in</strong></span> <span class='ocrx_word' id='word_1_588' title='bbox 2308 3615 2404 3672; x_wconf 86' lang='lat' dir='ltr'><strong>spe</strong></span> <span class='ocrx_word' id='word_1_589' title='bbox 2423 3601 2634 3672; x_wconf 90' lang='lat' dir='ltr'><strong>positus</strong></span> <span class='ocrx_word' id='word_1_590' title='bbox 2657 3609 2985 3657; x_wconf 67' lang='lat' dir='ltr'><strong>aeternorum</strong></span> <span class='ocrx_word' id='word_1_591' title='bbox 3009 3598 3056 3655; x_wconf 72' lang='grc' dir='ltr'>ἱ.</span> 
     </span>
    </p>
   </div>
   <div class='ocr_carea' id='block_1_72' title="bbox 2057 3713 3574 3787">
    <p class='ocr_par' dir='ltr' id='par_1_72' title="bbox 2057 3713 3574 3787">
     <span class='ocr_line' id='line_1_72' title="bbox 2057 3713 3574 3787; baseline -0.001 -15"><span class='ocrx_word' id='word_1_592' title='bbox 2057 3717 2109 3772; x_wconf 90' lang='lat'><strong>7.</strong></span> <span class='ocrx_word' id='word_1_593' title='bbox 2140 3717 2168 3758; x_wconf 75' lang='grc' dir='ltr'><strong>ιι</strong></span> <span class='ocrx_word' id='word_1_594' title='bbox 2201 3715 2309 3772; x_wconf 91' lang='lat' dir='ltr'><strong>Sed</strong></span> <span class='ocrx_word' id='word_1_595' title='bbox 2351 3717 2498 3787; x_wconf 88' lang='lat' dir='ltr'><strong>quia,</strong></span> <span class='ocrx_word' id='word_1_596' title='bbox 2544 3715 2769 3786; x_wconf 88' lang='lat' dir='ltr'><strong>juvante</strong></span> <span class='ocrx_word' id='word_1_597' title='bbox 2817 3714 3055 3782; x_wconf 86' lang='lat' dir='ltr'><strong>Christo,</strong></span> <span class='ocrx_word' id='word_1_598' title='bbox 3099 3714 3231 3786; x_wconf 87' lang='lat' dir='ltr'><strong>quid</strong></span> <span class='ocrx_word' id='word_1_599' title='bbox 3276 3713 3403 3770; x_wconf 85' lang='lat' dir='ltr'><strong>boni</strong></span> <span class='ocrx_word' id='word_1_600' title='bbox 3456 3714 3574 3771; x_wconf 68' lang='lat' dir='ltr'><strong>haec</strong></span> 
     </span>
    </p>
   </div>
   <div class='ocr_carea' id='block_1_73' title="bbox 1983 3806 3575 3885">
    <p class='ocr_par' dir='ltr' id='par_1_73' title="bbox 1983 3806 3575 3885">
     <span class='ocr_line' id='line_1_73' title="bbox 1983 3806 3575 3885; baseline -0.005 -16"><span class='ocrx_word' id='word_1_601' title='bbox 1983 3811 2241 3885; x_wconf 86' lang='lat' dir='ltr'><strong>mysteria</strong></span> <span class='ocrx_word' id='word_1_602' title='bbox 2267 3812 2426 3883; x_wconf 86' lang='lat' dir='ltr'><strong>digne</strong></span> <span class='ocrx_word' id='word_1_603' title='bbox 2456 3826 2520 3867; x_wconf 92' lang='lat' dir='ltr'><strong>ea</strong></span> <span class='ocrx_word' id='word_1_604' title='bbox 2547 3809 2969 3881; x_wconf 89' lang='lat' dir='ltr'><strong>percipientibus</strong></span> <span class='ocrx_word' id='word_1_605' title='bbox 2997 3807 3261 3872; x_wconf 84' lang='lat' dir='ltr'><strong>tribuant,</strong></span> <span class='ocrx_word' id='word_1_606' title='bbox 3285 3806 3575 3862; x_wconf 87' lang='lat' dir='ltr'><strong>ostendere</strong></span> 
     </span>
    </p>
   </div>
   <div class='ocr_carea' id='block_1_74' title="bbox 1984 3899 3576 3975">
    <p class='ocr_par' dir='ltr' id='par_1_74' title="bbox 1984 3899 3576 3975">
     <span class='ocr_line' id='line_1_74' title="bbox 1984 3899 3576 3975; baseline -0.005 -13"><span class='ocrx_word' id='word_1_607' title='bbox 1984 3907 2316 3970; x_wconf 88' lang='lat' dir='ltr'><strong>curavimus,</strong></span> <span class='ocrx_word' id='word_1_608' title='bbox 2343 3902 2575 3975; x_wconf 90' lang='lat' dir='ltr'><strong>perutile</strong></span> <span class='ocrx_word' id='word_1_609' title='bbox 2618 3901 2802 3957; x_wconf 90' lang='lat' dir='ltr'><strong>multis</strong></span> <span class='ocrx_word' id='word_1_610' title='bbox 2836 3901 2897 3955; x_wconf 87' lang='lat' dir='ltr'><strong>in</strong></span> <span class='ocrx_word' id='word_1_611' title='bbox 2935 3909 3215 3972; x_wconf 89' lang='lat' dir='ltr'><strong>posterum</strong></span> <span class='ocrx_word' id='word_1_612' title='bbox 3241 3899 3496 3965; x_wconf 83' lang='lat' dir='ltr'><strong>arbitror,</strong></span> <span class='ocrx_word' id='word_1_613' title='bbox 3526 3899 3576 3954; x_wconf 87' lang='lat' dir='ltr'><strong>si</strong></span> 
     </span>
    </p>
   </div>
   <div class='ocr_carea' id='block_1_75' title="bbox 293 3977 3576 4069">
    <p class='ocr_par' dir='ltr' id='par_1_75' title="bbox 293 3977 3576 4069">
     <span class='ocr_line' id='line_1_75' title="bbox 293 3977 3576 4069; baseline 0.004 -37"><span class='ocrx_word' id='word_1_614' title='bbox 293 3977 686 4036; x_wconf 79' lang='lat' dir='ltr'><strong>Melchisedech</strong></span> <span class='ocrx_word' id='word_1_615' title='bbox 724 3980 975 4040; x_wconf 91' lang='lat' dir='ltr'><strong>Christus</strong></span> <span class='ocrx_word' id='word_1_616' title='bbox 997 4001 1162 4042; x_wconf 91' lang='lat' dir='ltr'><strong>verus</strong></span> <span class='ocrx_word' id='word_1_617' title='bbox 1196 3988 1442 4058; x_wconf 82' lang='lat' dir='ltr'><strong>pontifex</strong></span> <span class='ocrx_word' id='word_1_618' title='bbox 1472 3993 1762 4059; x_wconf 91' lang='lat' dir='ltr'><strong>successit,</strong></span> <span class='ocrx_word' id='word_1_619' title='bbox 1792 4009 1881 4049; x_wconf 83' lang='lat' dir='ltr'><strong>sa-</strong></span> <span class='ocrx_word' id='word_1_620' title='bbox 1983 4015 2047 4055; x_wconf 87' lang='lat' dir='ltr'><strong>ea</strong></span> <span class='ocrx_word' id='word_1_621' title='bbox 2079 4013 2200 4069; x_wconf 83' lang='lat' dir='ltr'><strong>quae</strong></span> <span class='ocrx_word' id='word_1_622' title='bbox 2225 3997 2408 4052; x_wconf 89' lang='lat' dir='ltr'><strong>verbis</strong></span> <span class='ocrx_word' id='word_1_623' title='bbox 2443 3996 2704 4062; x_wconf 83' lang='lat' dir='ltr'><strong>diximus,</strong></span> <span class='ocrx_word' id='word_1_624' title='bbox 2743 3992 3008 4064; x_wconf 86' lang='lat' dir='ltr'><strong>exemplis</strong></span> <span class='ocrx_word' id='word_1_625' title='bbox 3055 3991 3378 4063; x_wconf 87' lang='lat' dir='ltr'><strong>quibusdam</strong></span> <span class='ocrx_word' id='word_1_626' title='bbox 3422 4000 3576 4047; x_wconf 87' lang='lat' dir='ltr'><strong>certa</strong></span> 
     </span>
    </p>
   </div>
   <div class='ocr_carea' id='block_1_76' title="bbox 294 4073 1883 4164">
    <p class='ocr_par' dir='ltr' id='par_1_76' title="bbox 294 4073 1880 4152">
     <span class='ocr_line' id='line_1_76' title="bbox 294 4073 1880 4152; baseline 0.01 -26"><span class='ocrx_word' id='word_1_627' title='bbox 294 4073 596 4128; x_wconf 92' lang='lat' dir='ltr'><strong>cerdotium</strong></span> <span class='ocrx_word' id='word_1_628' title='bbox 628 4073 836 4130; x_wconf 87' lang='lat' dir='ltr'><strong>habens</strong></span> <span class='ocrx_word' id='word_1_629' title='bbox 884 4084 1168 4132; x_wconf 86' lang='lat' dir='ltr'><strong>aeternum.</strong></span> <span class='ocrx_word' id='word_1_630' title='bbox 1214 4078 1327 4136; x_wconf 84' lang='lat' dir='ltr'><strong>Hoc</strong></span> <span class='ocrx_word' id='word_1_631' title='bbox 1377 4081 1562 4152; x_wconf 89' lang='lat' dir='ltr'><strong>itaque</strong></span> <span class='ocrx_word' id='word_1_632' title='bbox 1602 4084 1880 4142; x_wconf 87' lang='lat' dir='ltr'><strong>Abraham</strong></span> 
     </span>
    </p>
   </div>
   <div class='ocr_carea' id='block_1_77' title="bbox 1986 4073 3583 4164">
    <p class='ocr_par' dir='ltr' id='par_1_77' title="bbox 1986 4087 3583 4164">
     <span class='ocr_line' id='line_1_77' title="bbox 1986 4087 3583 4164; baseline -0.005 -13"><span class='ocrx_word' id='word_1_633' title='bbox 1986 4095 2295 4152; x_wconf 90' lang='lat' dir='ltr'><strong>reddamus.</strong></span> <span class='ocrx_word' id='word_1_634' title='bbox 2329 4093 2455 4148; x_wconf 72' lang='lat' dir='ltr'><strong>Haec</strong></span> <span class='ocrx_word' id='word_1_635' title='bbox 2484 4092 2651 4164; x_wconf 83' lang='lat' dir='ltr'><strong>igitur</strong></span> <span class='ocrx_word' id='word_1_636' title='bbox 2679 4087 3061 4159; x_wconf 87' lang='lat' dir='ltr'><strong>subsequentia</strong></span> <span class='ocrx_word' id='word_1_637' title='bbox 3086 4087 3335 4152; x_wconf 87' lang='lat' dir='ltr'><strong>libenter,</strong></span> <span class='ocrx_word' id='word_1_638' title='bbox 3365 4093 3583 4158; x_wconf 62' lang='lat' dir='ltr'><strong>quaiso,‘</strong></span> 
     </span>
    </p>
   </div>
   <div class='ocr_carea' id='block_1_78' title="bbox 292 4164 3588 4258">
    <p class='ocr_par' dir='ltr' id='par_1_78' title="bbox 292 4164 3588 4258">
     <span class='ocr_line' id='line_1_78' title="bbox 292 4164 3588 4258; baseline 0.003 -38"><span class='ocrx_word' id='word_1_639' title='bbox 292 4166 347 4220; x_wconf 90' lang='lat' dir='ltr'><strong>in</strong></span> <span class='ocrx_word' id='word_1_640' title='bbox 378 4164 777 4222; x_wconf 87' lang='lat' dir='ltr'><strong>Melchisedech</strong></span> <span class='ocrx_word' id='word_1_641' title='bbox 819 4167 924 4224; x_wconf 90' lang='lat' dir='ltr'><strong>ﬁde</strong></span> <span class='ocrx_word' id='word_1_642' title='bbox 973 4182 1356 4240; x_wconf 81' lang='lat' dir='ltr'><strong>conspexerat,</strong></span> <span class='ocrx_word' id='word_1_643' title='bbox 1386 4181 1442 4228; x_wconf 90' lang='lat' dir='ltr'><strong>et</strong></span> <span class='ocrx_word' id='word_1_644' title='bbox 1479 4175 1602 4232; x_wconf 90' lang='lat' dir='ltr'><strong>ideo</strong></span> <span class='ocrx_word' id='word_1_645' title='bbox 1640 4177 1880 4234; x_wconf 89' lang='lat' dir='ltr'><strong>decimas</strong></span> <span class='ocrx_word' id='word_1_646' title='bbox 1981 4185 2218 4258; x_wconf 88' lang='lat' dir='ltr'><strong>perlege,</strong></span> <span class='ocrx_word' id='word_1_647' title='bbox 2244 4197 2472 4254; x_wconf 91' lang='lat' dir='ltr'><strong>quorum</strong></span> <span class='ocrx_word' id='word_1_648' title='bbox 2496 4181 2742 4252; x_wconf 58' lang='lat' dir='ltr'><strong>quaedam</strong></span> <span class='ocrx_word' id='word_1_649' title='bbox 2771 4195 2840 4235; x_wconf 86' lang='lat' dir='ltr'><strong>ex</strong></span> <span class='ocrx_word' id='word_1_650' title='bbox 2870 4177 3029 4234; x_wconf 90' lang='lat' dir='ltr'><strong>dictis</strong></span> <span class='ocrx_word' id='word_1_651' title='bbox 3065 4176 3214 4232; x_wconf 90' lang='lat' dir='ltr'><strong>beati</strong></span> <span class='ocrx_word' id='word_1_652' title='bbox 3245 4191 3311 4231; x_wconf 88' lang='lat' dir='ltr'><strong>ac</strong></span> <span class='ocrx_word' id='word_1_653' title='bbox 3347 4167 3588 4247; x_wconf 58' lang='lat' dir='ltr'><strong>pratcel-&#39;</strong></span> 
     </span>
    </p>
   </div>
   <div class='ocr_carea' id='block_1_79' title="bbox 293 4258 1883 4346">
    <p class='ocr_par' dir='ltr' id='par_1_79' title="bbox 293 4258 1880 4341">
     <span class='ocr_line' id='line_1_79' title="bbox 293 4258 1880 4341; baseline 0.008 -27"><span class='ocrx_word' id='word_1_654' title='bbox 293 4258 341 4314; x_wconf 91' lang='lat' dir='ltr'><strong>ei</strong></span> <span class='ocrx_word' id='word_1_655' title='bbox 387 4258 648 4315; x_wconf 88' lang='lat' dir='ltr'><strong>obtulisse</strong></span> <span class='ocrx_word' id='word_1_656' title='bbox 685 4260 898 4330; x_wconf 89' lang='lat' dir='ltr'><strong>legitur,</strong></span> <span class='ocrx_word' id='word_1_657' title='bbox 946 4271 1112 4333; x_wconf 91' lang='lat' dir='ltr'><strong>atque</strong></span> <span class='ocrx_word' id='word_1_658' title='bbox 1156 4263 1590 4323; x_wconf 90' lang='lat' dir='ltr'><strong>benedictionem</strong></span> <span class='ocrx_word' id='word_1_659' title='bbox 1645 4269 1713 4324; x_wconf 87' lang='lat' dir='ltr'><strong>ab</strong></span> <span class='ocrx_word' id='word_1_660' title='bbox 1760 4271 1880 4341; x_wconf 89' lang='lat' dir='ltr'><strong>ipso</strong></span> 
     </span>
    </p>
   </div>
   <div class='ocr_carea' id='block_1_80' title="bbox 1986 4258 3574 4346">
    <p class='ocr_par' dir='ltr' id='par_1_80' title="bbox 1986 4269 3574 4346">
     <span class='ocr_line' id='line_1_80' title="bbox 1986 4269 3574 4346; baseline -0.006 -13"><span class='ocrx_word' id='word_1_661' title='bbox 1986 4277 2269 4336; x_wconf 91' lang='lat' dir='ltr'><strong>lentissimi</strong></span> <span class='ocrx_word' id='word_1_662' title='bbox 2318 4275 2422 4330; x_wconf 92' lang='lat' dir='ltr'><strong>viri</strong></span> <span class='ocrx_word' id='word_1_663' title='bbox 2470 4273 2718 4346; x_wconf 87' lang='lat' dir='ltr'><strong>Gregorii</strong></span> <span class='ocrx_word' id='word_1_664' title='bbox 2774 4271 3035 4327; x_wconf 63' lang='lat' dir='ltr'><strong>Romanae</strong></span> <span class='ocrx_word' id='word_1_665' title='bbox 3097 4269 3244 4325; x_wconf 89' lang='lat' dir='ltr'><strong>sedis</strong></span> <span class='ocrx_word' id='word_1_666' title='bbox 3313 4269 3574 4324; x_wconf 89' lang='lat' dir='ltr'><strong>antistitis</strong></span> 
     </span>
    </p>
   </div>
   <div class='ocr_carea' id='block_1_81' title="bbox 290 4354 3572 4440">
    <p class='ocr_par' dir='ltr' id='par_1_81' title="bbox 290 4354 3572 4440">
     <span class='ocr_line' id='line_1_81' title="bbox 290 4354 3572 4440; baseline 0.002 -32"><span class='ocrx_word' id='word_1_667' title='bbox 290 4354 626 4424; x_wconf 86' lang='lat' dir='ltr'><strong>percepisse.</strong></span> <span class='ocrx_word' id='word_1_668' title='bbox 664 4354 817 4411; x_wconf 89' lang='lat' dir='ltr'><strong>Unde</strong></span> <span class='ocrx_word' id='word_1_669' title='bbox 854 4355 874 4394; x_wconf 69' lang='grc' dir='ltr'>ί</span> <span class='ocrx_word' id='word_1_670' title='bbox 915 4371 1010 4412; x_wconf 85' lang='lat' dir='ltr'><strong>rex</strong></span> <span class='ocrx_word' id='word_1_671' title='bbox 1041 4357 1131 4412; x_wconf 91' lang='lat' dir='ltr'><strong>ille</strong></span> <span class='ocrx_word' id='word_1_672' title='bbox 1160 4359 1574 4427; x_wconf 82' lang='lat' dir='ltr'><strong>Melchisedech,</strong></span> <span class='ocrx_word' id='word_1_673' title='bbox 1601 4378 1694 4418; x_wconf 90' lang='lat' dir='ltr'><strong>rex</strong></span> <span class='ocrx_word' id='word_1_674' title='bbox 1718 4361 1880 4433; x_wconf 82' lang='lat' dir='ltr'><strong>justi—</strong></span> <span class='ocrx_word' id='word_1_675' title='bbox 1983 4369 2377 4440; x_wconf 81' lang='lat' dir='ltr'><strong>excerpsimus,</strong></span> <span class='ocrx_word' id='word_1_676' title='bbox 2432 4373 2595 4435; x_wconf 90' lang='lat' dir='ltr'><strong>atque</strong></span> <span class='ocrx_word' id='word_1_677' title='bbox 2646 4365 2726 4419; x_wconf 88' lang='lat' dir='ltr'><strong>uti</strong></span> <span class='ocrx_word' id='word_1_678' title='bbox 2791 4363 2964 4418; x_wconf 89' lang='lat' dir='ltr'><strong>isdem</strong></span> <span class='ocrx_word' id='word_1_679' title='bbox 2995 4361 3247 4432; x_wconf 85' lang='lat' dir='ltr'><strong>egregius</strong></span> <span class='ocrx_word' id='word_1_680' title='bbox 3276 4361 3469 4416; x_wconf 91' lang='lat' dir='ltr'><strong>doctor</strong></span> <span class='ocrx_word' id='word_1_681' title='bbox 3515 4360 3572 4415; x_wconf 92' lang='lat' dir='ltr'><strong>in</strong></span> 
     </span>
    </p>
   </div>
   <div class='ocr_carea' id='block_1_82' title="bbox 295 4445 1879 4526">
    <p class='ocr_par' dir='ltr' id='par_1_82' title="bbox 295 4445 1879 4526">
     <span class='ocr_line' id='line_1_82' title="bbox 295 4445 1879 4526; baseline 0.007 -27"><span class='ocrx_word' id='word_1_682' title='bbox 295 4446 382 4526; x_wconf 70' lang='lat' dir='ltr'><strong>tite</strong></span> <span class='ocrx_word' id='word_1_683' title='bbox 409 4445 494 4500; x_wconf 92' lang='lat' dir='ltr'><strong>vel</strong></span> <span class='ocrx_word' id='word_1_684' title='bbox 517 4445 718 4514; x_wconf 85' lang='lat' dir='ltr'><strong>Salem,</strong></span> <span class='ocrx_word' id='word_1_685' title='bbox 750 4455 805 4502; x_wconf 89' lang='lat' dir='ltr'><strong>et</strong></span> <span class='ocrx_word' id='word_1_686' title='bbox 832 4450 1086 4504; x_wconf 90' lang='lat' dir='ltr'><strong>sacerdos</strong></span> <span class='ocrx_word' id='word_1_687' title='bbox 1118 4449 1342 4517; x_wconf 91' lang='lat' dir='ltr'><strong>dicitur,</strong></span> <span class='ocrx_word' id='word_1_688' title='bbox 1365 4460 1424 4506; x_wconf 91' lang='lat' dir='ltr'><strong>ut</strong></span> <span class='ocrx_word' id='word_1_689' title='bbox 1451 4468 1550 4522; x_wconf 90' lang='lat' dir='ltr'><strong>per</strong></span> <span class='ocrx_word' id='word_1_690' title='bbox 1573 4468 1698 4508; x_wconf 89' lang='lat' dir='ltr'><strong>eum</strong></span> <span class='ocrx_word' id='word_1_691' title='bbox 1723 4454 1879 4510; x_wconf 89' lang='lat' dir='ltr'><strong>Chri-</strong></span> 
     </span>
    </p>
   </div>
   <div class='ocr_carea' id='block_1_83' title="bbox 1984 4449 3570 4528">
    <p class='ocr_par' dir='ltr' id='par_1_83' title="bbox 1984 4449 3570 4528">
     <span class='ocr_line' id='line_1_83' title="bbox 1984 4449 3570 4528; baseline -0.008 -13"><span class='ocrx_word' id='word_1_692' title='bbox 1984 4462 2098 4515; x_wconf 90' lang='lat' dir='ltr'><strong>suis</strong></span> <span class='ocrx_word' id='word_1_693' title='bbox 2121 4458 2340 4528; x_wconf 89' lang='lat' dir='ltr'><strong>scriptis</strong></span> <span class='ocrx_word' id='word_1_694' title='bbox 2366 4455 2607 4525; x_wconf 91' lang='lat' dir='ltr'><strong>reliquit,</strong></span> <span class='ocrx_word' id='word_1_695' title='bbox 2635 4453 2764 4508; x_wconf 89' lang='lat' dir='ltr'><strong>huic</strong></span> <span class='ocrx_word' id='word_1_696' title='bbox 2813 4460 3004 4507; x_wconf 88' lang='lat' dir='ltr'><strong>nostro</strong></span> <span class='ocrx_word' id='word_1_697' title='bbox 3049 4449 3308 4520; x_wconf 93' lang='lat' dir='ltr'><strong>opusculo</strong></span> <span class='ocrx_word' id='word_1_698' title='bbox 3338 4449 3570 4505; x_wconf 90' lang='lat' dir='ltr'><strong>inservi-</strong></span> 
     </span>
    </p>
   </div>
   <div class='ocr_carea' id='block_1_84' title="bbox 294 4537 3571 4638">
    <p class='ocr_par' dir='ltr' id='par_1_84' title="bbox 294 4537 3571 4638">
     <span class='ocr_line' id='line_1_84' title="bbox 294 4537 3571 4638; baseline 0.001 -45"><span class='ocrx_word' id='word_1_699' title='bbox 294 4546 433 4604; x_wconf 91' lang='lat' dir='ltr'><strong>stus,</strong></span> <span class='ocrx_word' id='word_1_700' title='bbox 464 4537 618 4608; x_wconf 91' lang='lat' dir='ltr'><strong>cujus</strong></span> <span class='ocrx_word' id='word_1_701' title='bbox 655 4547 838 4611; x_wconf 88' lang='lat' dir='ltr'><strong>typum</strong></span> <span class='ocrx_word' id='word_1_702' title='bbox 884 4539 974 4596; x_wconf 90' lang='lat' dir='ltr'><strong>ille</strong></span> <span class='ocrx_word' id='word_1_703' title='bbox 1021 4541 1212 4612; x_wconf 89' lang='lat' dir='ltr'><strong>gessit,</strong></span> <span class='ocrx_word' id='word_1_704' title='bbox 1241 4543 1526 4598; x_wconf 90' lang='lat' dir='ltr'><strong>evidenter</strong></span> <span class='ocrx_word' id='word_1_705' title='bbox 1573 4559 1669 4601; x_wconf 92' lang='lat' dir='ltr'><strong>rex</strong></span> <span class='ocrx_word' id='word_1_706' title='bbox 1701 4555 1758 4602; x_wconf 92' lang='lat' dir='ltr'><strong>et</strong></span> <span class='ocrx_word' id='word_1_707' title='bbox 1793 4562 1880 4603; x_wconf 88' lang='lat' dir='ltr'><strong>sa-</strong></span> <span class='ocrx_word' id='word_1_708' title='bbox 1902 4575 1958 4638; x_wconf 71' lang='grc' dir='ltr'>ι)</span> <span class='ocrx_word' id='word_1_709' title='bbox 1984 4567 2126 4616; x_wconf 88' lang='lat' dir='ltr'><strong>mus,</strong></span> <span class='ocrx_word' id='word_1_710' title='bbox 2151 4559 2210 4606; x_wconf 89' lang='lat' dir='ltr'><strong>ut</strong></span> <span class='ocrx_word' id='word_1_711' title='bbox 2232 4556 2382 4604; x_wconf 90' lang='lat' dir='ltr'><strong>tanto</strong></span> <span class='ocrx_word' id='word_1_712' title='bbox 2415 4553 2639 4601; x_wconf 88' lang='lat' dir='ltr'><strong>auctore</strong></span> <span class='ocrx_word' id='word_1_713' title='bbox 2675 4545 2732 4600; x_wconf 91' lang='lat' dir='ltr'><strong>in</strong></span> <span class='ocrx_word' id='word_1_714' title='bbox 2778 4543 3016 4600; x_wconf 90' lang='lat' dir='ltr'><strong>medium</strong></span> <span class='ocrx_word' id='word_1_715' title='bbox 3064 4541 3316 4603; x_wconf 85' lang='lat' dir='ltr'><strong>adducto.</strong></span> <span class='ocrx_word' id='word_1_716' title='bbox 3359 4540 3571 4596; x_wconf 89' lang='lat' dir='ltr'><strong>ﬁrmius</strong></span> 
     </span>
    </p>
   </div>
   <div class='ocr_carea' id='block_1_85' title="bbox 295 4633 2731 4708">
    <p class='ocr_par' dir='ltr' id='par_1_85' title="bbox 295 4633 2731 4708">
     <span class='ocr_line' id='line_1_85' title="bbox 295 4633 2731 4708; baseline -0 -18"><span class='ocrx_word' id='word_1_717' title='bbox 295 4633 489 4690; x_wconf 86' lang='lat' dir='ltr'><strong>cerdos</strong></span> <span class='ocrx_word' id='word_1_718' title='bbox 539 4642 907 4699; x_wconf 89' lang='lat' dir='ltr'><strong>monstretur;</strong></span> <span class='ocrx_word' id='word_1_719' title='bbox 957 4633 1194 4704; x_wconf 88' lang='lat' dir='ltr'><strong>alioquin</strong></span> <span class='ocrx_word' id='word_1_720' title='bbox 1249 4636 1570 4692; x_wconf 28' lang='lat' dir='ltr'><strong>mortalium.</strong></span> <span class='ocrx_word' id='word_1_721' title='bbox 1611 4638 1734 4708; x_wconf 89' lang='lat' dir='ltr'><strong>quis</strong></span> <span class='ocrx_word' id='word_1_722' title='bbox 1782 4633 1943 4696; x_wconf 63' lang='lat' dir='ltr'><strong>rex—</strong></span> <span class='ocrx_word' id='word_1_723' title='bbox 1983 4643 2152 4698; x_wconf 85' lang='lat' dir='ltr'><strong>verba</strong></span> <span class='ocrx_word' id='word_1_724' title='bbox 2176 4646 2361 4695; x_wconf 90' lang='lat' dir='ltr'><strong>nostra</strong></span> <span class='ocrx_word' id='word_1_725' title='bbox 2389 4636 2731 4693; x_wconf 89' lang='lat' dir='ltr'><strong>roborentur.</strong></span> 
     </span>
    </p>
   </div>
   <div class='ocr_carea' id='block_1_86' title="bbox 290 4708 1880 4799">
    <p class='ocr_par' dir='ltr' id='par_1_86' title="bbox 290 4708 1880 4799">
     <span class='ocr_line' id='line_1_86' title="bbox 290 4708 1880 4799; baseline 0.007 -22"><span class='ocrx_word' id='word_1_726' title='bbox 290 4708 653 4796; x_wconf 64' lang='lat' dir='ltr'><strong>justitiaejure</strong></span> <span class='ocrx_word' id='word_1_727' title='bbox 673 4733 839 4795; x_wconf 89' lang='lat' dir='ltr'><strong>queat</strong></span> <span class='ocrx_word' id='word_1_728' title='bbox 868 4726 1070 4792; x_wconf 86' lang='lat' dir='ltr'><strong>vocari,</strong></span> <span class='ocrx_word' id='word_1_729' title='bbox 1097 4741 1221 4781; x_wconf 91' lang='lat' dir='ltr'><strong>cum</strong></span> <span class='ocrx_word' id='word_1_730' title='bbox 1251 4725 1448 4794; x_wconf 90' lang='lat' dir='ltr'><strong>nullus,</strong></span> <span class='ocrx_word' id='word_1_731' title='bbox 1485 4729 1590 4785; x_wconf 90' lang='lat' dir='ltr'><strong>nisi</strong></span> <span class='ocrx_word' id='word_1_732' title='bbox 1617 4729 1829 4799; x_wconf 90' lang='lat' dir='ltr'><strong>justitia</strong></span> <span class='ocrx_word' id='word_1_733' title='bbox 1853 4735 1880 4775; x_wconf 71' lang='grc'><strong><em>⁸</em></strong></span> 
     </span>
    </p>
   </div>
   <div class='ocr_carea' id='block_1_87' title="bbox 369 4897 1876 4974">
    <p class='ocr_par' dir='ltr' id='par_1_87' title="bbox 369 4897 1876 4974">
     <span class='ocr_line' id='line_1_87' title="bbox 369 4897 1876 4974; baseline 0.007 -23"><span class='ocrx_word' id='word_1_734' title='bbox 369 4911 396 4939; x_wconf 80' lang='grc' dir='ltr'><strong>ιι</strong></span> <span class='ocrx_word' id='word_1_735' title='bbox 437 4897 873 4974; x_wconf 40' lang='lat' dir='ltr'><strong>Edititinterim;</strong></span> <span class='ocrx_word' id='word_1_736' title='bbox 896 4900 991 4956; x_wconf 90' lang='lat' dir='ltr'><strong>sed</strong></span> <span class='ocrx_word' id='word_1_737' title='bbox 1013 4916 1204 4974; x_wconf 82' lang='lat' dir='ltr'><strong>o_mnes</strong></span> <span class='ocrx_word' id='word_1_738' title='bbox 1230 4916 1362 4958; x_wconf 90' lang='lat' dir='ltr'><strong>mss.</strong></span> <span class='ocrx_word' id='word_1_739' title='bbox 1383 4902 1568 4973; x_wconf 90' lang='lat' dir='ltr'><strong>legunt</strong></span> <span class='ocrx_word' id='word_1_740' title='bbox 1586 4904 1876 4974; x_wconf 87' lang='lat' dir='ltr'><strong>interdum,</strong></span> 
     </span>
    </p>
   </div>
   <div class='ocr_carea' id='block_1_88' title="bbox 295 4969 1875 5054">
    <p class='ocr_par' dir='ltr' id='par_1_88' title="bbox 295 4969 1875 5054">
     <span class='ocr_line' id='line_1_88' title="bbox 295 4969 1875 5054; baseline 0.005 -29"><span class='ocrx_word' id='word_1_741' title='bbox 295 4986 417 5054; x_wconf 69' lang='lat' dir='ltr'><strong>qua:</strong></span> <span class='ocrx_word' id='word_1_742' title='bbox 438 4985 558 5054; x_wconf 46' lang='lat' dir='ltr'><strong>.vox</strong></span> <span class='ocrx_word' id='word_1_743' title='bbox 594 4969 878 5028; x_wconf 88' lang='lat' dir='ltr'><strong>familiaris</strong></span> <span class='ocrx_word' id='word_1_744' title='bbox 913 4979 996 5030; x_wconf 89' lang='lat' dir='ltr'><strong>est</strong></span> <span class='ocrx_word' id='word_1_745' title='bbox 1033 4970 1308 5029; x_wconf 82' lang='lat' dir='ltr'><strong>Radberto</strong></span> <span class='ocrx_word' id='word_1_746' title='bbox 1349 4974 1419 5028; x_wconf 91' lang='lat' dir='ltr'><strong>ad</strong></span> <span class='ocrx_word' id='word_1_747' title='bbox 1440 4969 1875 5045; x_wconf 61' lang='lat' dir='ltr'><strong>&#39;signiﬁcandum</strong></span> 
     </span>
    </p>
   </div>
   <div class='ocr_carea' id='block_1_89' title="bbox 294 5052 1328 5096">
    <p class='ocr_par' dir='ltr' id='par_1_89' title="bbox 294 5052 1328 5096">
     <span class='ocr_line' id='line_1_89' title="bbox 294 5052 1328 5096; baseline -0.001 0"><span class='ocrx_word' id='word_1_748' title='bbox 294 5052 524 5096; x_wconf 73' lang='lat' dir='ltr'><strong>interim.</strong></span> <span class='ocrx_word' id='word_1_749' title='bbox 1326 5070 1328 5072; x_wconf 73' lang='lat'><strong>&#39;</strong></span> 
     </span>
    </p>
   </div>
   <div class='ocr_carea' id='block_1_90' title="bbox 371 5112 1880 5236">
    <p class='ocr_par' dir='ltr' id='par_1_90' title="bbox 371 5112 1880 5236">
     <span class='ocr_line' id='line_1_90' title="bbox 371 5112 1880 5236; baseline 0.006 -70"><span class='ocrx_word' id='word_1_750' title='bbox 371 5113 401 5236; x_wconf 63' lang='lat'><strong>1;</strong></span> <span class='ocrx_word' id='word_1_751' title='bbox 435 5112 514 5168; x_wconf 87' lang='lat' dir='ltr'><strong>Ita</strong></span> <span class='ocrx_word' id='word_1_752' title='bbox 543 5112 676 5169; x_wconf 89' lang='lat' dir='ltr'><strong>editi</strong></span> <span class='ocrx_word' id='word_1_753' title='bbox 708 5127 832 5170; x_wconf 92' lang='lat' dir='ltr'><strong>cum</strong></span> <span class='ocrx_word' id='word_1_754' title='bbox 859 5112 1106 5185; x_wconf 90' lang='lat' dir='ltr'><strong>pluribus</strong></span> <span class='ocrx_word' id='word_1_755' title='bbox 1137 5130 1267 5172; x_wconf 92' lang='lat' dir='ltr'><strong>mss.</strong></span> <span class='ocrx_word' id='word_1_756' title='bbox 1309 5115 1538 5183; x_wconf 81' lang='lat' dir='ltr'><strong>Quidam</strong></span> <span class='ocrx_word' id='word_1_757' title='bbox 1567 5114 1754 5187; x_wconf 86' lang='lat' dir='ltr'><strong>legunt</strong></span> <span class='ocrx_word' id='word_1_758' title='bbox 1780 5121 1880 5174; x_wconf 85' lang='lat' dir='ltr'><strong>im-</strong></span> 
     </span>
     <span class='ocr_line' id='line_1_91' title="bbox 371 5200 1274 5236; baseline 0.01 -4"><span class='ocrx_word' id='word_1_759' title='bbox 371 5201 379 5232; x_wconf 79' lang='lat' dir='ltr'><strong>t</strong></span> <span class='ocrx_word' id='word_1_760' title='bbox 404 5200 512 5236; x_wconf 85' lang='lat' dir='ltr'><strong>are.</strong></span> <span class='ocrx_word' id='word_1_761' title='bbox 1267 5213 1274 5217; x_wconf 90' lang='grc'><strong>·</strong></span> 
     </span>
    </p>
   </div>
   <div class='ocr_carea' id='block_1_91' title="bbox 294 5200 1274 5240">
    <p class='ocr_par' dir='ltr' id='par_1_91' title="bbox 294 5200 1274 5240">
     <span class='ocr_line' id='line_1_92' title="bbox 294 5200 1274 5240; baseline 0.003 0"><span class='ocrx_word' id='word_1_762' title='bbox 294 5200 512 5240; x_wconf 84' lang='lat' dir='ltr'><strong>mature.</strong></span> <span class='ocrx_word' id='word_1_763' title='bbox 1267 5213 1274 5217; x_wconf 83' lang='lat'><strong>‘</strong></span> 
     </span>
    </p>
   </div>
   <div class='ocr_carea' id='block_1_92' title="bbox 369 5255 1197 5328">
    <p class='ocr_par' dir='ltr' id='par_1_92' title="bbox 369 5255 1197 5328">
     <span class='ocr_line' id='line_1_93' title="bbox 369 5255 1197 5328; baseline -0.004 -13"><span class='ocrx_word' id='word_1_764' title='bbox 369 5269 393 5328; x_wconf 58' lang='grc' dir='ltr'><strong>ς</strong></span> <span class='ocrx_word' id='word_1_765' title='bbox 429 5256 597 5328; x_wconf 61' lang='lat' dir='ltr'><strong>Editi,</strong></span> <span class='ocrx_word' id='word_1_766' title='bbox 623 5273 735 5328; x_wconf 75' lang='lat' dir='ltr'><strong>sua:</strong></span> <span class='ocrx_word' id='word_1_767' title='bbox 767 5255 1032 5328; x_wconf 83' lang='lat' dir='ltr'><strong>religionis</strong></span> <span class='ocrx_word' id='word_1_768' title='bbox 1059 5267 1197 5312; x_wconf 85' lang='lat' dir='ltr'><strong>vota.</strong></span> 
     </span>
    </p>
   </div>
   <div class='ocr_carea' id='block_1_93' title="bbox 370 5325 1880 5402">
    <p class='ocr_par' dir='ltr' id='par_1_93' title="bbox 370 5325 1880 5402">
     <span class='ocr_line' id='line_1_94' title="bbox 370 5325 1880 5402; baseline 0.004 -21"><span class='ocrx_word' id='word_1_769' title='bbox 370 5326 399 5366; x_wconf 70' lang='grc' dir='ltr'><strong><em>ἀ</em></strong></span> <span class='ocrx_word' id='word_1_770' title='bbox 429 5325 529 5383; x_wconf 82' lang='lat' dir='ltr'><strong>Hic</strong></span> <span class='ocrx_word' id='word_1_771' title='bbox 569 5326 796 5383; x_wconf 89' lang='lat' dir='ltr'><strong>multum</strong></span> <span class='ocrx_word' id='word_1_772' title='bbox 837 5325 1059 5402; x_wconf 69' lang='lat' dir='ltr'><strong>variant</strong></span> <span class='ocrx_word' id='word_1_773' title='bbox 1109 5345 1238 5384; x_wconf 90' lang='lat' dir='ltr'><strong>mss.</strong></span> <span class='ocrx_word' id='word_1_774' title='bbox 1290 5328 1682 5402; x_wconf 32' lang='lat' dir='ltr'><strong>Vaticslegit:</strong></span> <span class='ocrx_word' id='word_1_775' title='bbox 1714 5331 1880 5388; x_wconf 86' lang='lat' dir='ltr'><strong>Holo-</strong></span> 
     </span>
    </p>
   </div>
   <div class='ocr_carea' id='block_1_94' title="bbox 296 5399 1879 5471">
    <p class='ocr_par' dir='ltr' id='par_1_94' title="bbox 296 5399 1879 5471">
     <span class='ocr_line' id='line_1_95' title="bbox 296 5399 1879 5471; baseline 0.005 -19"><span class='ocrx_word' id='word_1_776' title='bbox 296 5407 683 5471; x_wconf 62' lang='lat' dir='ltr'><strong>gaustomatum</strong></span> <span class='ocrx_word' id='word_1_777' title='bbox 709 5399 1068 5471; x_wconf 69' lang='lat' dir='ltr'><strong>sacrisltujus</strong></span> <span class='ocrx_word' id='word_1_778' title='bbox 1089 5402 1340 5470; x_wconf 83' lang='lat' dir='ltr'><strong>mysterii.</strong></span> <span class='ocrx_word' id='word_1_779' title='bbox 1368 5399 1520 5471; x_wconf 84' lang='lat' dir='ltr'><strong>Regii</strong></span> <span class='ocrx_word' id='word_1_780' title='bbox 1566 5399 1783 5458; x_wconf 77' lang='lat' dir='ltr'><strong>codices</strong></span> <span class='ocrx_word' id='word_1_781' title='bbox 1824 5412 1879 5460; x_wconf 89' lang='lat' dir='ltr'><strong>et</strong></span> 
     </span>
    </p>
   </div>
   <div class='ocr_carea' id='block_1_95' title="bbox 298 5466 1876 5543">
    <p class='ocr_par' dir='ltr' id='par_1_95' title="bbox 298 5466 1876 5543">
     <span class='ocr_line' id='line_1_96' title="bbox 298 5466 1876 5543; baseline 0.003 -20"><span class='ocrx_word' id='word_1_782' title='bbox 298 5466 512 5543; x_wconf 63' lang='lat' dir='ltr'><strong>Syegiaz</strong></span> <span class='ocrx_word' id='word_1_783' title='bbox 543 5469 764 5541; x_wconf 64' lang='lat' dir='ltr'><strong>reginis,</strong></span> <span class='ocrx_word' id='word_1_784' title='bbox 792 5466 1238 5543; x_wconf 56' lang='lat' dir='ltr'><strong>Ifolocaustaritiit</strong></span> <span class='ocrx_word' id='word_1_785' title='bbox 1271 5466 1476 5543; x_wconf 71' lang='lat' dir='ltr'><strong>ﬁguris</strong></span> <span class='ocrx_word' id='word_1_786' title='bbox 1495 5472 1652 5543; x_wconf 86' lang='lat' dir='ltr'><strong>hujus</strong></span> <span class='ocrx_word' id='word_1_787' title='bbox 1683 5484 1876 5543; x_wconf 84' lang='lat' dir='ltr'><strong>myste-</strong></span> 
     </span>
    </p>
   </div>
   <div class='ocr_carea' id='block_1_96' title="bbox 296 5538 1880 5615">
    <p class='ocr_par' dir='ltr' id='par_1_96' title="bbox 296 5538 1880 5615">
     <span class='ocr_line' id='line_1_97' title="bbox 296 5538 1880 5615; baseline 0.004 -24"><span class='ocrx_word' id='word_1_788' title='bbox 296 5539 387 5591; x_wconf 88' lang='lat' dir='ltr'><strong>rii.</strong></span> <span class='ocrx_word' id='word_1_789' title='bbox 417 5538 727 5615; x_wconf 49' lang='grc' dir='ltr'><strong>δίειμι-φη]</strong></span> <span class='ocrx_word' id='word_1_790' title='bbox 754 5541 996 5615; x_wconf 72' lang='lat' dir='ltr'><strong>quinque</strong></span> <span class='ocrx_word' id='word_1_791' title='bbox 1019 5557 1146 5615; x_wconf 73' lang='lat' dir='ltr'><strong>mss.</strong></span> <span class='ocrx_word' id='word_1_792' title='bbox 1172 5538 1700 5615; x_wconf 66' lang='lat' dir='ltr'><strong>flolocaustomatum</strong></span> <span class='ocrx_word' id='word_1_793' title='bbox 1720 5538 1880 5615; x_wconf 60' lang='lat' dir='ltr'><strong>h&#39;ujus</strong></span> 
     </span>
    </p>
   </div>
   <div class='ocr_carea' id='block_1_97' title="bbox 297 5609 1880 5686">
    <p class='ocr_par' dir='ltr' id='par_1_97' title="bbox 297 5609 1880 5686">
     <span class='ocr_line' id='line_1_98' title="bbox 297 5609 1880 5686; baseline 0.006 -25"><span class='ocrx_word' id='word_1_794' title='bbox 297 5610 555 5686; x_wconf 72' lang='lat' dir='ltr'><strong>mysterii.</strong></span> <span class='ocrx_word' id='word_1_795' title='bbox 583 5610 748 5686; x_wconf 79' lang='lat' dir='ltr'><strong>Ulim.</strong></span> <span class='ocrx_word' id='word_1_796' title='bbox 772 5609 828 5665; x_wconf 81' lang='lat' dir='ltr'><strong>et</strong></span> <span class='ocrx_word' id='word_1_797' title='bbox 854 5609 1043 5677; x_wconf 90' lang='lat' dir='ltr'><strong>Sirm.,</strong></span> <span class='ocrx_word' id='word_1_798' title='bbox 1075 5610 1600 5666; x_wconf 83' lang='lat' dir='ltr'><strong>Holocaustomatum</strong></span> <span class='ocrx_word' id='word_1_799' title='bbox 1637 5609 1880 5686; x_wconf 79' lang='lat' dir='ltr'><strong>legitimis</strong></span> 
     </span>
    </p>
   </div>
   <div class='ocr_carea' id='block_1_98' title="bbox 279 5680 735 5752">
    <p class='ocr_par' dir='ltr' id='par_1_98' title="bbox 279 5680 735 5752">
     <span class='ocr_line' id='line_1_99' title="bbox 279 5680 735 5752; baseline -0.004 -14"><span class='ocrx_word' id='word_1_800' title='bbox 279 5737 282 5739; x_wconf 31' lang='grc' dir='ltr'>λ</span> <span class='ocrx_word' id='word_1_801' title='bbox 296 5680 472 5752; x_wconf 77' lang='lat' dir='ltr'><strong>hujus</strong></span> <span class='ocrx_word' id='word_1_802' title='bbox 484 5682 735 5752; x_wconf 86' lang='lat' dir='ltr'><strong>mysterii.</strong></span> 
     </span>
    </p>
   </div>
   <div class='ocr_carea' id='block_1_99' title="bbox 283 5751 918 5821">
    <p class='ocr_par' dir='ltr' id='par_1_99' title="bbox 283 5751 918 5821">
     <span class='ocr_line' id='line_1_100' title="bbox 283 5751 918 5821; baseline 0.003 -17"><span class='ocrx_word' id='word_1_803' title='bbox 283 5816 290 5821; x_wconf 22' lang='lat' dir='ltr'><em>D</em></span> <span class='ocrx_word' id='word_1_804' title='bbox 377 5762 401 5790; x_wconf 71' lang='grc' dir='ltr'>ο</span> <span class='ocrx_word' id='word_1_805' title='bbox 434 5751 630 5821; x_wconf 60' lang='grc' dir='ltr'>Ῐιιιίαη</span> <span class='ocrx_word' id='word_1_806' title='bbox 656 5753 918 5808; x_wconf 86' lang='lat' dir='ltr'><strong>virtutem.</strong></span> 
     </span>
    </p>
   </div>
   <div class='ocr_carea' id='block_1_100' title="bbox 378 5818 1882 5904">
    <p class='ocr_par' dir='ltr' id='par_1_100' title="bbox 378 5818 1882 5904">
     <span class='ocr_line' id='line_1_101' title="bbox 378 5818 1882 5904; baseline 0.007 -29"><span class='ocrx_word' id='word_1_807' title='bbox 378 5818 606 5898; x_wconf 8' lang='lat' dir='ltr'><strong>‘IVatic.</strong></span> <span class='ocrx_word' id='word_1_808' title='bbox 661 5824 741 5880; x_wconf 84' lang='lat' dir='ltr'><strong>ita</strong></span> <span class='ocrx_word' id='word_1_809' title='bbox 791 5825 934 5881; x_wconf 86' lang='lat' dir='ltr'><strong>hunc</strong></span> <span class='ocrx_word' id='word_1_810' title='bbox 964 5824 1141 5881; x_wconf 87' lang='lat' dir='ltr'><strong>locum</strong></span> <span class='ocrx_word' id='word_1_811' title='bbox 1178 5825 1308 5898; x_wconf 84' lang='lat' dir='ltr'><strong>legit</strong></span> <span class='ocrx_word' id='word_1_812' title='bbox 1354 5843 1372 5883; x_wconf 86' lang='lat'><strong>:</strong></span> <span class='ocrx_word' id='word_1_813' title='bbox 1416 5825 1565 5884; x_wconf 80' lang='lat' dir='ltr'><strong>Unde</strong></span> <span class='ocrx_word' id='word_1_814' title='bbox 1607 5826 1882 5904; x_wconf 48' lang='lat' dir='ltr'><strong>Melchisee</strong></span> 
     </span>
    </p>
   </div>
   <div class='ocr_carea' id='block_1_101' title="bbox 1973 4718 3586 4797">
    <p class='ocr_par' dir='ltr' id='par_1_101' title="bbox 1973 4718 3586 4797">
     <span class='ocr_line' id='line_1_102' title="bbox 1973 4718 3586 4797; baseline -0.006 -8"><span class='ocrx_word' id='word_1_815' title='bbox 1973 4756 1976 4758; x_wconf 57' lang='grc' dir='ltr'><strong><em>τ</em></strong></span> <span class='ocrx_word' id='word_1_816' title='bbox 2053 4731 2108 4788; x_wconf 90' lang='grc'><strong>8.</strong></span> <span class='ocrx_word' id='word_1_817' title='bbox 2135 4729 2305 4786; x_wconf 71' lang='lat' dir='ltr'><strong>Judaei</strong></span> <span class='ocrx_word' id='word_1_818' title='bbox 2331 4724 2610 4797; x_wconf 88' lang='lat' dir='ltr'><strong>cujusdam</strong></span> <span class='ocrx_word' id='word_1_819' title='bbox 2649 4724 2860 4780; x_wconf 90' lang='lat' dir='ltr'><strong>vitrarii</strong></span> <span class='ocrx_word' id='word_1_820' title='bbox 2891 4723 3057 4791; x_wconf 88' lang='lat' dir='ltr'><strong>ﬁlius,</strong></span> <span class='ocrx_word' id='word_1_821' title='bbox 3087 4738 3212 4780; x_wconf 92' lang='lat' dir='ltr'><strong>cum</strong></span> <span class='ocrx_word' id='word_1_822' title='bbox 3242 4719 3385 4792; x_wconf 90' lang='lat' dir='ltr'><strong>apud</strong></span> <span class='ocrx_word' id='word_1_823' title='bbox 3411 4718 3586 4779; x_wconf 70' lang='lat' dir='ltr'><strong>Chri-l</strong></span> 
     </span>
    </p>
   </div>
   <div class='ocr_carea' id='block_1_102' title="bbox 1983 4901 3585 4974">
    <p class='ocr_par' dir='ltr' id='par_1_102' title="bbox 1983 4901 3585 4974">
     <span class='ocr_line' id='line_1_103' title="bbox 1983 4901 3585 4974; baseline -0.005 -11"><span class='ocrx_word' id='word_1_824' title='bbox 1983 4908 2112 4963; x_wconf 81' lang='lat' dir='ltr'><strong>declt</strong></span> <span class='ocrx_word' id='word_1_825' title='bbox 2139 4905 2230 4961; x_wconf 89' lang='lat' dir='ltr'><strong>ille</strong></span> <span class='ocrx_word' id='word_1_826' title='bbox 2264 4920 2357 4960; x_wconf 80' lang='lat' dir='ltr'><strong>rea:</strong></span> <span class='ocrx_word' id='word_1_827' title='bbox 2377 4901 2578 4970; x_wconf 87' lang='lat' dir='ltr'><strong>Salem,</strong></span> <span class='ocrx_word' id='word_1_828' title='bbox 2599 4903 2656 4959; x_wconf 88' lang='lat' dir='ltr'><strong>id</strong></span> <span class='ocrx_word' id='word_1_829' title='bbox 2683 4913 2760 4958; x_wconf 82' lang='lat' dir='ltr'><strong>est</strong></span> <span class='ocrx_word' id='word_1_830' title='bbox 2773 4903 2999 4974; x_wconf 76' lang='lat' dir='ltr'><strong>justitia:</strong></span> <span class='ocrx_word' id='word_1_831' title='bbox 3031 4911 3082 4956; x_wconf 88' lang='lat' dir='ltr'><strong>et</strong></span> <span class='ocrx_word' id='word_1_832' title='bbox 3107 4916 3270 4971; x_wconf 77' lang='lat' dir='ltr'><strong>pacis,</strong></span> <span class='ocrx_word' id='word_1_833' title='bbox 3301 4911 3352 4955; x_wconf 87' lang='lat' dir='ltr'><strong>et</strong></span> <span class='ocrx_word' id='word_1_834' title='bbox 3394 4915 3585 4955; x_wconf 71' lang='lat' dir='ltr'><strong>sacer-1</strong></span> 
     </span>
    </p>
   </div>
   <div class='ocr_carea' id='block_1_103' title="bbox 1983 4979 2975 5041">
    <p class='ocr_par' dir='ltr' id='par_1_103' title="bbox 1983 4979 2975 5041">
     <span class='ocr_line' id='line_1_104' title="bbox 1983 4979 2975 5041; baseline -0.005 -8"><span class='ocrx_word' id='word_1_835' title='bbox 1983 4979 2099 5041; x_wconf 84' lang='lat' dir='ltr'><strong>dos,</strong></span> <span class='ocrx_word' id='word_1_836' title='bbox 2128 4986 2234 5032; x_wconf 87' lang='lat' dir='ltr'><strong>etc.</strong></span> <span class='ocrx_word' id='word_1_837' title='bbox 2972 5024 2975 5028; x_wconf 74' lang='lat'><strong>,</strong></span> 
     </span>
    </p>
   </div>
   <div class='ocr_carea' id='block_1_104' title="bbox 2061 5045 2938 5118">
    <p class='ocr_par' dir='ltr' id='par_1_104' title="bbox 2061 5045 2938 5118">
     <span class='ocr_line' id='line_1_105' title="bbox 2061 5045 2938 5118; baseline -0.002 -17"><span class='ocrx_word' id='word_1_838' title='bbox 2061 5051 2091 5092; x_wconf 77' lang='grc' dir='ltr'>σ</span> <span class='ocrx_word' id='word_1_839' title='bbox 2109 5048 2356 5117; x_wconf 87' lang='lat' dir='ltr'><strong>Quinque</strong></span> <span class='ocrx_word' id='word_1_840' title='bbox 2388 5061 2544 5114; x_wconf 87' lang='lat' dir='ltr'><strong>mss.,</strong></span> <span class='ocrx_word' id='word_1_841' title='bbox 2562 5045 2790 5118; x_wconf 75' lang='lat' dir='ltr'><strong>justitia:</strong></span> <span class='ocrx_word' id='word_1_842' title='bbox 2813 5045 2938 5114; x_wconf 81' lang='lat' dir='ltr'><strong>ﬁde.</strong></span> 
     </span>
    </p>
   </div>
   <div class='ocr_carea' id='block_1_105' title="bbox 2057 5114 3188 5196">
    <p class='ocr_par' dir='ltr' id='par_1_105' title="bbox 2057 5114 3188 5196">
     <span class='ocr_line' id='line_1_106' title="bbox 2057 5114 3188 5196; baseline -0.005 -22"><span class='ocrx_word' id='word_1_843' title='bbox 2057 5122 2087 5161; x_wconf 75' lang='grc' dir='ltr'><strong>ιι</strong></span> <span class='ocrx_word' id='word_1_844' title='bbox 2118 5114 2384 5196; x_wconf 64' lang='lat' dir='ltr'><strong>[utribus</strong></span> <span class='ocrx_word' id='word_1_845' title='bbox 2411 5135 2546 5175; x_wconf 90' lang='lat' dir='ltr'><strong>mss.</strong></span> <span class='ocrx_word' id='word_1_846' title='bbox 2563 5114 2990 5196; x_wconf 47' lang='lat' dir='ltr'><strong>&#39;desideraturfi</strong></span> <span class='ocrx_word' id='word_1_847' title='bbox 3025 5114 3188 5196; x_wconf 59' lang='lat' dir='ltr'><strong>mala:</strong></span> 
     </span>
    </p>
   </div>
   <div class='ocr_carea' id='block_1_106' title="bbox 2064 5181 3569 5257">
    <p class='ocr_par' dir='ltr' id='par_1_106' title="bbox 2064 5181 3569 5257">
     <span class='ocr_line' id='line_1_107' title="bbox 2064 5181 3569 5257; baseline -0.003 -11"><span class='ocrx_word' id='word_1_848' title='bbox 2064 5193 2080 5232; x_wconf 80' lang='grc' dir='ltr'><strong>ί</strong></span> <span class='ocrx_word' id='word_1_849' title='bbox 2115 5190 2255 5246; x_wconf 90' lang='lat' dir='ltr'><strong>Editi</strong></span> <span class='ocrx_word' id='word_1_850' title='bbox 2289 5206 2412 5247; x_wconf 91' lang='lat' dir='ltr'><strong>cum</strong></span> <span class='ocrx_word' id='word_1_851' title='bbox 2456 5204 2561 5245; x_wconf 89' lang='lat' dir='ltr'><strong>ms.</strong></span> <span class='ocrx_word' id='word_1_852' title='bbox 2609 5186 2849 5257; x_wconf 90' lang='lat' dir='ltr'><strong>Majoris,</strong></span> <span class='ocrx_word' id='word_1_853' title='bbox 2895 5181 3038 5241; x_wconf 87' lang='lat' dir='ltr'><strong>Mon.</strong></span> <span class='ocrx_word' id='word_1_854' title='bbox 3069 5185 3336 5256; x_wconf 79' lang='lat' dir='ltr'><strong>sapiebat;</strong></span> <span class='ocrx_word' id='word_1_855' title='bbox 3377 5200 3569 5241; x_wconf 86' lang='lat' dir='ltr'><strong>omnes</strong></span> 
     </span>
    </p>
   </div>
   <div class='ocr_carea' id='block_1_107' title="bbox 1987 5260 3442 5338">
    <p class='ocr_par' dir='ltr' id='par_1_107' title="bbox 1987 5260 3442 5338">
     <span class='ocr_line' id='line_1_108' title="bbox 1987 5260 3442 5338; baseline -0.014 -20"><span class='ocrx_word' id='word_1_856' title='bbox 1987 5263 2076 5338; x_wconf 85' lang='lat' dir='ltr'><strong>alii</strong></span> <span class='ocrx_word' id='word_1_857' title='bbox 2106 5278 2261 5338; x_wconf 58' lang='lat' dir='ltr'><strong>mss,</strong></span> <span class='ocrx_word' id='word_1_858' title='bbox 2292 5260 2622 5338; x_wconf 63' lang='lat' dir='ltr'><strong>prt§_stabat_._</strong></span> <span class='ocrx_word' id='word_1_859' title='bbox 2659 5327 2671 5338; x_wconf 43' lang='lat'><em>.</em></span> <span class='ocrx_word' id='word_1_860' title='bbox 2745 5307 2780 5338; x_wconf 38' lang='lat'><strong>.,</strong></span> <span class='ocrx_word' id='word_1_861' title='bbox 2837 5328 2885 5338; x_wconf 57' lang='grc' dir='ltr'>η</span> <span class='ocrx_word' id='word_1_862' title='bbox 3032 5337 3037 5338; x_wconf 13' lang='lat'><em>7</em></span> <span class='ocrx_word' id='word_1_863' title='bbox 3098 5327 3130 5338; x_wconf 42' lang='lat' dir='ltr'><strong>ﬁ</strong></span> <span class='ocrx_word' id='word_1_864' title='bbox 3213 5328 3227 5338; x_wconf 41' lang='lat'><strong>-</strong></span> <span class='ocrx_word' id='word_1_865' title='bbox 3430 5327 3442 5338; x_wconf 45' lang='lat'><strong>.</strong></span> 
     </span>
    </p>
   </div>
   <div class='ocr_carea' id='block_1_108' title="bbox 2061 5327 3567 5407">
    <p class='ocr_par' dir='ltr' id='par_1_108' title="bbox 2061 5327 3567 5407">
     <span class='ocr_line' id='line_1_109' title="bbox 2061 5327 3567 5407; baseline -0.003 -23"><span class='ocrx_word' id='word_1_866' title='bbox 2061 5333 2074 5384; x_wconf 88' lang='lat' dir='ltr'><strong>i</strong></span> <span class='ocrx_word' id='word_1_867' title='bbox 2122 5333 2180 5388; x_wconf 93' lang='lat' dir='ltr'><strong>ln</strong></span> <span class='ocrx_word' id='word_1_868' title='bbox 2211 5327 2331 5407; x_wconf 74' lang='lat' dir='ltr'><strong>cod.</strong></span> <span class='ocrx_word' id='word_1_869' title='bbox 2364 5330 2541 5407; x_wconf 70' lang='lat' dir='ltr'><strong>vatio.</strong></span> <span class='ocrx_word' id='word_1_870' title='bbox 2571 5327 3068 5407; x_wconf 64' lang='lat' dir='ltr'><strong>Majoris,_Monast.</strong></span> <span class='ocrx_word' id='word_1_871' title='bbox 3097 5327 3156 5381; x_wconf 86' lang='lat' dir='ltr'><strong>S.</strong></span> <span class='ocrx_word' id='word_1_872' title='bbox 3199 5327 3443 5407; x_wconf 63' lang='lat' dir='ltr'><strong>Audoeni</strong></span> <span class='ocrx_word' id='word_1_873' title='bbox 3473 5327 3567 5407; x_wconf 72' lang='lat' dir='ltr'><strong>ad-</strong></span> 
     </span>
    </p>
   </div>
   <div class='ocr_carea' id='block_1_109' title="bbox 1988 5397 3566 5471">
    <p class='ocr_par' dir='ltr' id='par_1_109' title="bbox 1988 5397 3566 5471">
     <span class='ocr_line' id='line_1_110' title="bbox 1988 5397 3566 5471; baseline -0.008 -10"><span class='ocrx_word' id='word_1_874' title='bbox 1988 5407 2136 5462; x_wconf 89' lang='lat' dir='ltr'><strong>ditur</strong></span> <span class='ocrx_word' id='word_1_875' title='bbox 2159 5423 2172 5458; x_wconf 89' lang='lat'><strong>:</strong></span> <span class='ocrx_word' id='word_1_876' title='bbox 2203 5405 2247 5457; x_wconf 82' lang='lat' dir='ltr'><strong><em>A</em></strong></span> <span class='ocrx_word' id='word_1_877' title='bbox 2271 5404 2378 5458; x_wconf 89' lang='lat' dir='ltr'><strong>Deo</strong></span> <span class='ocrx_word' id='word_1_878' title='bbox 2405 5403 2557 5455; x_wconf 85' lang='lat' dir='ltr'><strong>detur</strong></span> <span class='ocrx_word' id='word_1_879' title='bbox 2577 5402 2630 5455; x_wconf 89' lang='lat' dir='ltr'><strong>in</strong></span> <span class='ocrx_word' id='word_1_880' title='bbox 2653 5397 2706 5455; x_wconf 82' lang='lat' dir='ltr'><strong>se</strong></span> <span class='ocrx_word' id='word_1_881' title='bbox 2732 5400 2838 5471; x_wconf 89' lang='lat' dir='ltr'><strong>(vel</strong></span> <span class='ocrx_word' id='word_1_882' title='bbox 2863 5401 2920 5454; x_wconf 89' lang='lat' dir='ltr'><strong>in</strong></span> <span class='ocrx_word' id='word_1_883' title='bbox 2941 5399 3076 5469; x_wconf 86' lang='lat' dir='ltr'><strong>ipso)</strong></span> <span class='ocrx_word' id='word_1_884' title='bbox 3099 5397 3446 5471; x_wconf 69' lang='lat' dir='ltr'><strong>sperantibus.</strong></span> <span class='ocrx_word' id='word_1_885' title='bbox 3474 5397 3566 5451; x_wconf 81' lang='lat' dir='ltr'><strong>Sic</strong></span> 
     </span>
    </p>
   </div>
   <div class='ocr_carea' id='block_1_110' title="bbox 1993 5467 3570 5544">
    <p class='ocr_par' dir='ltr' id='par_1_110' title="bbox 1993 5467 3570 5544">
     <span class='ocr_line' id='line_1_111' title="bbox 1993 5467 3570 5544; baseline -0.007 -14"><span class='ocrx_word' id='word_1_886' title='bbox 1993 5477 2109 5544; x_wconf 83' lang='lat' dir='ltr'><strong>ﬁat.</strong></span> <span class='ocrx_word' id='word_1_887' title='bbox 2130 5476 2314 5529; x_wconf 86' lang='lat' dir='ltr'><strong>Amen.</strong></span> <span class='ocrx_word' id='word_1_888' title='bbox 2340 5475 2395 5528; x_wconf 92' lang='lat' dir='ltr'><strong>In</strong></span> <span class='ocrx_word' id='word_1_889' title='bbox 2411 5467 2794 5544; x_wconf 81' lang='lat' dir='ltr'><strong>codice_regio,</strong></span> <span class='ocrx_word' id='word_1_890' title='bbox 2818 5467 3183 5544; x_wconf 56' lang='lat' dir='ltr'><strong>supernorum,</strong></span> <span class='ocrx_word' id='word_1_891' title='bbox 3207 5479 3253 5544; x_wconf 82' lang='lat' dir='ltr'><strong>et</strong></span> <span class='ocrx_word' id='word_1_892' title='bbox 3283 5469 3399 5544; x_wconf 82' lang='lat' dir='ltr'><strong>i_deo</strong></span> <span class='ocrx_word' id='word_1_893' title='bbox 3413 5467 3570 5544; x_wconf 81' lang='lat' dir='ltr'><strong>detur</strong></span> 
     </span>
    </p>
   </div>
   <div class='ocr_carea' id='block_1_111' title="bbox 1992 5537 3580 5630">
    <p class='ocr_par' dir='ltr' id='par_1_111' title="bbox 1992 5537 3580 5630">
     <span class='ocr_line' id='line_1_112' title="bbox 1992 5537 3580 5630; baseline -0.005 -29"><span class='ocrx_word' id='word_1_894' title='bbox 1992 5537 2047 5602; x_wconf 84' lang='lat' dir='ltr'><strong>in</strong></span> <span class='ocrx_word' id='word_1_895' title='bbox 2069 5549 2181 5616; x_wconf 83' lang='lat' dir='ltr'><strong>ipso</strong></span> <span class='ocrx_word' id='word_1_896' title='bbox 2205 5537 2787 5630; x_wconf 38' lang='lat' dir='ltr'><strong>spera.ntibus‘..Sic,&#39;si§</strong></span> <span class='ocrx_word' id='word_1_897' title='bbox 2812 5537 2930 5630; x_wconf 72' lang='lat' dir='ltr'><strong>fiat.</strong></span> <span class='ocrx_word' id='word_1_898' title='bbox 2960 5538 3184 5596; x_wconf 86' lang='lat' dir='ltr'><strong>Mamer.</strong></span> <span class='ocrx_word' id='word_1_899' title='bbox 3214 5540 3256 5593; x_wconf 82' lang='grc' dir='ltr'><em>Α</em></span> <span class='ocrx_word' id='word_1_900' title='bbox 3279 5538 3391 5594; x_wconf 88' lang='lat' dir='ltr'><strong>Deo</strong></span> <span class='ocrx_word' id='word_1_901' title='bbox 3411 5537 3580 5593; x_wconf 75' lang='lat' dir='ltr'><strong>detur;</strong></span> 
     </span>
    </p>
   </div>
   <div class='ocr_carea' id='block_1_112' title="bbox 1990 5613 3562 5754">
    <p class='ocr_par' dir='ltr' id='par_1_112' title="bbox 1990 5613 3562 5754">
     <span class='ocr_line' id='line_1_113' title="bbox 1990 5613 3287 5694; baseline -0.006 -22"><span class='ocrx_word' id='word_1_902' title='bbox 1990 5613 2102 5689; x_wconf 81' lang='lat' dir='ltr'><strong>ipso</strong></span> <span class='ocrx_word' id='word_1_903' title='bbox 2131 5613 2478 5685; x_wconf 78' lang='lat' dir='ltr'><strong>sperantibus.</strong></span> <span class='ocrx_word' id='word_1_904' title='bbox 2510 5613 2622 5679; x_wconf 83' lang='lat' dir='ltr'><strong>Sic,</strong></span> <span class='ocrx_word' id='word_1_905' title='bbox 2648 5615 2723 5668; x_wconf 87' lang='lat' dir='ltr'><strong>sic</strong></span> <span class='ocrx_word' id='word_1_906' title='bbox 2745 5613 2865 5683; x_wconf 77' lang='lat' dir='ltr'><strong>ﬁat,</strong></span> <span class='ocrx_word' id='word_1_907' title='bbox 2891 5627 3063 5692; x_wconf 81' lang='lat' dir='ltr'><strong>amen.</strong></span> <span class='ocrx_word' id='word_1_908' title='bbox 3243 5681 3255 5694; x_wconf 40' lang='grc' dir='ltr'><strong>ο</strong></span> <span class='ocrx_word' id='word_1_909' title='bbox 3283 5660 3287 5664; x_wconf 87' lang='grc'><strong>.</strong></span> 
     </span>
     <span class='ocr_line' id='line_1_114' title="bbox 2063 5680 3562 5754; baseline -0.005 -13"><span class='ocrx_word' id='word_1_910' title='bbox 2063 5689 2089 5728; x_wconf 77' lang='grc' dir='ltr'><strong>Ιί</strong></span> <span class='ocrx_word' id='word_1_911' title='bbox 2117 5687 2247 5753; x_wconf 66' lang='lat' dir='ltr'><strong>Quae</strong></span> <span class='ocrx_word' id='word_1_912' title='bbox 2277 5691 2577 5754; x_wconf 89' lang='lat' dir='ltr'><strong>sequuntur</strong></span> <span class='ocrx_word' id='word_1_913' title='bbox 2622 5683 2781 5752; x_wconf 90' lang='lat' dir='ltr'><strong>hujus</strong></span> <span class='ocrx_word' id='word_1_914' title='bbox 2806 5682 3000 5754; x_wconf 71' lang='lat' dir='ltr'><strong>capitis</strong></span> <span class='ocrx_word' id='word_1_915' title='bbox 3035 5680 3443 5754; x_wconf 78' lang='lat' dir='ltr'><strong>suppeditarunt</strong></span> <span class='ocrx_word' id='word_1_916' title='bbox 3473 5695 3562 5754; x_wconf 81' lang='lat' dir='ltr'><strong>re-</strong></span> 
     </span>
    </p>
   </div>
   <div class='ocr_carea' id='block_1_113' title="bbox 1989 5751 3574 5830">
    <p class='ocr_par' dir='ltr' id='par_1_113' title="bbox 1989 5751 3574 5830">
     <span class='ocr_line' id='line_1_115' title="bbox 1989 5751 3574 5830; baseline -0.004 -17"><span class='ocrx_word' id='word_1_917' title='bbox 1989 5759 2127 5830; x_wconf 83' lang='lat' dir='ltr'><strong>ginae</strong></span> <span class='ocrx_word' id='word_1_918' title='bbox 2144 5751 2550 5830; x_wconf 43' lang='lat' dir='ltr'><strong>succisa—codex</strong></span> <span class='ocrx_word' id='word_1_919' title='bbox 2570 5751 2729 5830; x_wconf 66' lang='lat' dir='ltr'><strong>unus,</strong></span> <span class='ocrx_word' id='word_1_920' title='bbox 2753 5770 2808 5809; x_wconf 93' lang='lat' dir='ltr'><strong>n.</strong></span> <span class='ocrx_word' id='word_1_921' title='bbox 2837 5751 2998 5819; x_wconf 73' lang='grc'><strong>1554,</strong></span> <span class='ocrx_word' id='word_1_922' title='bbox 3022 5751 3283 5825; x_wconf 83' lang='lat' dir='ltr'><strong>signatus,</strong></span> <span class='ocrx_word' id='word_1_923' title='bbox 3307 5759 3363 5807; x_wconf 90' lang='lat' dir='ltr'><strong>et</strong></span> <span class='ocrx_word' id='word_1_924' title='bbox 3389 5751 3574 5825; x_wconf 70' lang='lat' dir='ltr'><strong>codex-</strong></span> 
     </span>
    </p>
   </div>
   <div class='ocr_carea' id='block_1_114' title="bbox 1990 5823 2726 5898">
    <p class='ocr_par' dir='ltr' id='par_1_114' title="bbox 1990 5823 2726 5898">
     <span class='ocr_line' id='line_1_116' title="bbox 1990 5823 2726 5898; baseline -0.007 -13"><span class='ocrx_word' id='word_1_925' title='bbox 1990 5823 2152 5898; x_wconf 62' lang='lat' dir='ltr'><strong>regia:</strong></span> <span class='ocrx_word' id='word_1_926' title='bbox 2179 5825 2542 5893; x_wconf 58' lang='lat' dir='ltr'><strong>Bibliotheca,</strong></span> <span class='ocrx_word' id='word_1_927' title='bbox 2565 5823 2726 5881; x_wconf 66' lang='lat'><strong>4070.</strong></span> 
     </span>
    </p>
   </div>
  </div>
