4078 6348
1365 351 1422 405 S.
1462 345 1823 405 PASCHASII
1856 348 2201 405 RADBERTI
2241 349 2529 408 ABBATIS
2560 351 3009 410 COIBEIENSIS

542 469 754 525 stianns
802 478 1002 536 pueros
1053 461 1122 517 ad
1170 462 1345 518 studia
1397 462 1700 518 litterarum
1744 472 2115 527 exerceretur,
2145 467 2199 526 Α
2222 465 2459 520 nondum
2493 482 2649 522 sacro
2700 467 3023 537 baptismate
3061 476 3322 535 innatus,
3374 469 3518 526 inter
3556 474 3804 530 membra

538 561 776 632 quadam
804 557 893 613 die
926 556 1056 611 dum
1085 555 1373 611 missarum
1400 553 1540 611 festa
1591 555 1646 609 in
1696 554 1919 611 basilica
1948 555 2121 610 beatae

542 653 638 709 Dei
682 649 964 723 genitricis
994 662 1209 719 semper
1234 648 1460 719 virginis
1486 647 1669 712 Maria:
1693 648 2115 713 adobruentur,

540 753 600 801 et
618 742 850 815 populus
874 757 942 797 ex
963 755 1115 797 more
1143 741 1210 795 ad
1236 740 1625 796 eucharistiam
1647 740 1715 795 de
1744 755 1905 795 manu
1931 755 2119 795 sacer-

538 838 685 893 dotis
751 834 1124 905 accipiendam
1179 833 1483 899 accederet,
1533 832 1603 888 ad
1648 832 2117 903 participationem

540 927 764 1001 gloriosi
793 926 1039 997 corporis
1066 934 1123 981 et
1146 923 1426 996 sanguinis
1466 923 1678 979 Domini
1726 939 1850 979 cum
1883 923 2005 979 aliis
2030 922 2116 977 in-

538 1020 804 1084 fantibus,
854 1017 1050 1074 coaevis
1074 1017 1220 1082 suis,
1249 1016 1538 1087 praedictus
1580 1015 1758 1071 infans
1780 1013 1996 1070 lndaeus
2023 1030 2115 1070 ac-

538 1118 747 1174 cessit:
777 1130 887 1186 quo
924 1116 1050 1170 dum
1092 1113 1500 1184 propinquaret,
1553 1111 1754 1175 divina,
1782 1118 1844 1165 ut
1886 1111 2113 1174 aestimo,

538 1206 877 1279 providentia
909 1205 1012 1261 sibi
1040 1204 1335 1269 revelante,
1360 1203 1510 1259 videt
1543 1218 1706 1273 super
1738 1201 1906 1256 altare
1933 1201 2119 1257 mulie-

536 1315 652 1355 rem
681 1301 969 1370 quamdam
988 1299 1232 1353 honesta
1252 1297 1539 1352 admoonm
1568 1293 1754 1351 forma:
1772 1294 1827 1348 in
1857 1293 2117 1349 cathedra

534 1394 833 1458 sedentem,
860 1391 1252 1465 parvulumtme
1294 1406 1520 1462 puerum
1544 1404 1710 1460 super
1737 1388 1963 1460 genibus
2001 1388 2116 1444 suis

536 1496 828 1554 tenentem,
854 1487 948 1559 qui
976 1487 1194 1558 propria
1224 1501 1387 1540 manu
1436 1499 1649 1540 sacram
1674 1482 2114 1539 communionem

533 1579 802 1636 sacerdoti
834 1578 1166 1650 porrigebat,
1212 1588 1271 1633 ut
1295 1587 1351 1634 et
1386 1578 1486 1649 ipsi
1512 1575 1658 1648 plebi
1700 1576 1931 1632 ﬁdeliter
1960 1590 2115 1630 accc-

532 1672 680 1728 denti
720 1672 1087 1729 distribueret.
1133 1670 1250 1740 Qua
1278 1681 1333 1727 et
1362 1672 1505 1727 idem
1534 1670 1751 1726 Iudaeus
1774 1685 1904 1739 puer
1928 1683 2115 1739 peree-

2220 554 2423 612 Cbristi
2450 557 2743 627 deputatus
2780 566 2886 626 est,
2929 558 2999 614 ad
3035 566 3243 614 tantum
3286 560 3565 617 munimen
3612 562 3806 620 saluis

2220 660 2334 700 um
2356 645 2700 717 profuerunt.
2734 657 2942 719 quanto
2972 649 3148 720 magis
3179 648 3553 707 indubitanter
3572 655 3808 711 creden-

2221 735 2348 791 dum
2377 746 2461 791 est
2484 738 2730 809 ﬁdelibus
2752 748 2812 795 et
2850 738 2962 807 jam
2999 739 3240 796 membra
3282 742 3533 812 corporis
3572 743 3805 814 Christi,

2219 831 2364 900 quod
2392 838 2475 887 est
2498 830 2768 897 Ecclesia,
2799 832 2955 904 cujus
2984 833 3101 902 ipse
3131 843 3292 904 eaput
3319 843 3427 900 est,
3451 850 3550 905 per
3578 851 3807 908 regene—

2218 925 2490 980 rationem
2544 923 2769 991 eﬂ‘ectis,
2826 941 2953 982 cum
3009 925 3169 997 digne
3222 942 3288 983 ea
3342 928 3675 999 percipiunt,
3714 944 3803 985 a-

2216 1012 2318 1068 luti
2358 1015 2606 1083 corporis
2649 1023 2706 1070 et
2744 1015 2940 1071 anima:
2982 1030 3095 1072 suae
3148 1016 3267 1071 haec
3306 1026 3655 1074 sacramenta
3680 1033 3807 1089 pro-

2214 1103 2418 1159 ﬁcere?

2291 1196 2379 1252 t0.
2423 1196 2574 1252 Beati
2609 1197 2774 1253 etiam
2811 1197 3057 1270 Gregorii
3104 1200 3302 1255 summi
3344 1201 3633 1267 antistitis,
3661 1202 3804 1258 sicut

2214 1289 2589 1359 promisimus,
2610 1291 2855 1362 exempla
2881 1291 2948 1346 ad
2970 1292 3206 1348 medium
3224 1293 3581 1359 deducamus,
3602 1295 3698 1364 qui
3722 1310 3806 1351 re-

2210 1377 2319 1459 fert
2350 1378 2534 1451 (Hom.
2570 1379 2661 1447 37,
2688 1382 2743 1435 in
2768 1381 2973 1453 Euang.
3018 1392 3075 1437 et
3096 1381 3131 1437 ι.
3160 1399 3211 1437 iv
3238 1381 3477 1452 Dialog.,
3520 1398 3644 1454 cap.
3688 1385 3802 1457 57),

2206 1472 2361 1542 quod
2409 1471 2632 1541 quidam
2682 1472 2807 1528 dum
2852 1473 2921 1528 ab
2972 1474 3220 1529 hostibus
3268 1484 3597 1544 caperetur,
3646 1475 3807 1548 longe

2218 1562 2571 1619 transductus
2597 1570 2682 1617 est
2716 1581 2729 1616 :
2763 1577 2993 1633 cumque
3030 1563 3120 1617 diu
3162 1564 3517 1619 tenereturin
3546 1563 3804 1631 vinculis,

2214 1669 2451 1726 eumque
2478 1671 2615 1712 uxor
2643 1672 2741 1712 sua
2769 1671 2836 1712 ex
2860 1657 3049 1712 eadem
3089 1656 3406 1727 captivitate
3440 1671 3546 1711 non
3597 1657 3807 1727 recipe-

530 1771 647 1834 pta,
674 1763 915 1834 gaudens
944 1763 1013 1817 ad
1050 1763 1269 1818 domum
1308 1762 1616 1823 revertitur,
1670 1775 1734 1815 ac
1778 1759 1920 1829 patri
1960 1756 2112 1829 operi
2142 1827 2185 1834 Δ
2212 1755 2320 1813 net,
2349 1747 2674 1803 exstinctum
2700 1748 2928 1818 putavit,
2963 1762 3062 1817 pro
3098 1762 3209 1818 quo
3226 1744 3339 1815 jam
3386 1746 3534 1802 velut
3584 1756 3806 1803 mortuo

530 1827 639 1913 suo
664 1827 903 1921 intento,
934 1856 1080 1910 inter
1100 1854 1381 1925 amplexus
1408 1862 1465 1909 et
1484 1851 1675 1908 oscula
1718 1827 1842 1921 qua:
1881 1827 2109 1920 accepe-

2218 1853 2408 1895 sacras
2432 1838 2641 1895 hostias
2692 1838 3115 1895 hebdomadibus
3161 1837 3389 1910 singulis
3436 1838 3804 1909 omnipotenti

528 1958 613 2003 rat
643 1964 765 2004 cum
813 1947 1013 2019 gaudio
1046 1946 1235 2002 refert.
1267 1947 1337 2001 At
1380 1945 1468 2002 ille
1510 1945 1726 2001 Christo
1777 1943 2010 1999 Domino
2057 1950 2113 1998 et

529 2043 645 2098 suis
670 2040 881 2114 legibus
908 2038 1185 2103 inimicus,
1208 2039 1336 2095 felle
1378 2038 1758 2094 amaritudinis
1784 2044 2109 2100 commotus,

530 2132 609 2188 ait
633 2132 681 2187 ei
723 2148 738 2187 :
778 2129 837 2187 Si
878 2146 1000 2185 cum
1032 2128 1331 2186 infantibus
1377 2127 1810 2186 Christianorum
1867 2126 2111 2196 religioni

528 2222 963 2287 communicanti,
997 2221 1064 2277 ad
1103 2220 1464 2277 ulciscendam
1500 2219 1749 2275 Mosaicm
1787 2219 1922 2291 legis
1968 2218 2112 2289 inju-

526 2313 686 2378 riam,
719 2313 917 2370 oblitus
940 2321 1164 2385 paterna
1194 2314 1416 2383 pietate,
1456 2310 1727 2383 parricida
1756 2312 1810 2365 in
1845 2318 1898 2366 te
1943 2312 2109 2365 durus

525 2407 774 2463 existam.
806 2405 874 2462 Et
892 2406 1293 2478 apprehensum
1330 2422 1555 2478 puerum
1580 2406 1634 2461 in
1660 2420 1727 2462 es
1750 2405 1993 2462 fornacis
2019 2421 2107 2461 ar-

525 2497 702 2554 dentis
730 2497 982 2569 projecit,
1020 2497 1351 2569 adjectisque
1378 2498 1538 2571 lignis
1580 2512 1687 2567 quo
1730 2498 2107 2555 vehementius

524 2599 776 2646 ureretur
800 2588 1020 2648 institit.
1068 2588 1177 2647 Sed
1224 2606 1333 2647 non
1368 2591 1537 2648 defuit
1568 2590 1658 2647 ﬂia
1707 2592 2102 2660 misericordia,

525 2692 645 2749 qum
682 2688 798 2736 tres
845 2682 1115 2751 quondam
1167 2680 1423 2737 Bebrmos
1451 2692 1649 2752 pueros
1703 2682 1757 2737 in
1802 2682 2105 2741 Chaldaico

525 2771 742 2827 camino
784 2771 1057 2842 projeetos
1098 2772 1245 2828 urbe
1270 2773 1549 2828 rorulenta
1588 2782 1942 2844 resperserat.
1983 2774 2105 2845 ipsa

522 2862 667 2919 enim
697 2871 753 2920 et
782 2864 926 2919 hunc
952 2863 1097 2919 inter
1120 2864 1326 2920 medios
1348 2864 1504 2935 ignes
1531 2874 1585 2920 et
1606 2880 1899 2936 prunarum
1932 2868 2104 2924 moles

515 2950 788 3021 iacentem
814 2954 1029 3023 penitus
1051 2956 1299 3009 consumi
1326 2969 1433 3009 non
1464 2970 1621 3025 passa
1642 2966 1729 3013 est
1760 2975 1775 3011 :
1802 2958 1950 3029 quod
1976 2974 2103 3015 cum

520 3042 762 3098 audisset
784 3050 979 3109 mater,
1007 3042 1151 3113 quod
1184 3043 1393 3100 scilicet
1416 3044 1582 3100 ﬁlium
1612 3060 1954 3103 communem
1980 3062 2104 3104 ern-

2208 1930 2346 1995 Deo,
2375 1940 2434 1986 ut
2462 1931 2658 1985 anima:
2678 1929 2796 1998 ejus
2837 1929 3047 1985 vincula
3076 1929 3437 1995 solverentur,
3464 1930 3700 1986 curabat
3721 1929 3805 1985 of-

2211 2021 2353 2078 ferre
2381 2040 2395 2076 :
2416 2021 2573 2092 cujus
2592 2023 2751 2077 toties
2773 2021 2981 2076 vincula
3008 2020 3360 2077 solvebantur
3380 2021 3435 2076 in
3459 2019 3799 2091 captivitate,

2210 2113 2423 2184 quoties
2452 2112 2520 2167 ab
2548 2109 2668 2180 ejus
2692 2109 2921 2183 conjuge
2967 2110 3161 2167 oblata:
3188 2110 3419 2168 fuissent
3462 2111 3659 2167 hostiae
3699 2125 3800 2182 pro

2209 2204 2403 2260 anima:
2437 2202 2555 2275 ejus
2583 2203 2941 2259 absolutione.
2983 2201 3118 2258 Nam
3158 2202 3319 2275 longa
3372 2211 3501 2275 post
3546 2211 3801 2272 tempora

2210 2312 2490 2360 reversus,
2523 2296 2799 2352 admirans
2828 2295 3003 2362 valde,
3030 2312 3141 2352 sua:
3166 2296 3428 2353 indicavit
3464 2297 3623 2352 uxori
3650 2299 3799 2369 quod

2208 2389 2399 2444 diebus
2450 2388 2613 2444 certis
2661 2386 3123 2457 hebdomadisque
3168 2387 3394 2459 singulis
3419 2385 3539 2456 ejus
3579 2387 3801 2444 vincula

2209 2478 2573 2542 solvebantur,
2604 2493 2742 2548 quos
2765 2477 3011 2534 videlicet
3041 2478 3159 2534 dies
3196 2477 3314 2549 ejus
3341 2480 3669 2550 uxoratque
3700 2479 3799 2535 ho-

2206 2583 2298 2625 ras
2317 2569 2635 2634 discutiens,
2668 2578 2795 2624 tunc
2817 2584 2938 2623 eum
2973 2570 3284 2641 recognovit
3308 2568 3643 2633 absolutum,
3669 2585 3800 2626 cum

2202 2674 2306 2730 pro
2334 2674 2400 2715 eo
2429 2658 2760 2715 sacriﬁcium
2799 2659 3121 2715 meminerat
3161 2659 3423 2715 oblatum.
3470 2659 3617 2716 Hinc
3640 2674 3797 2732 ergo,

2205 2749 2280 2806 mi
2314 2747 2644 2812 dulcissime,
2683 2758 2832 2804 certa
2859 2749 3291 2806 consideratione
3319 2749 3534 2822 collige,
3561 2750 3746 2807 oblata
3765 2766 3799 2806 a

2206 2841 2361 2899 nobis
2386 2856 2542 2898 sacra
2573 2842 2749 2898 hostia
2777 2852 3038 2913 quantum
3085 2843 3265 2899 valeat
3306 2844 3520 2900 solvere
3549 2845 3607 2901 in
3637 2846 3800 2903 nobis

2202 2936 2496 3010 ligaturam
2519 2937 2720 3005 cordis,
2745 2938 2790 2993 si
2812 2937 2991 2993 oblata
3026 2939 3096 2995 ab
3119 2938 3293 2995 altero
3318 2939 3493 3011 powit
3518 2940 3577 2995 in
3618 2941 3795 2997 altero

2200 3030 2415 3087 solvere
2444 3029 2661 3086 vincula
2701 3030 2966 3102 corporis.
2996 3029 3105 3087 Sed
3124 3032 3251 3103 quia
3299 3039 3353 3087 te
3396 3031 3571 3088 sacris
3601 3031 3796 3087 altari-

520 3132 658 3189 delis
690 3143 847 3203 pater
892 3133 1247 3191 deliberas“
1292 3150 1543 3200 emi-em,
1575 3137 1818 3193 cucurri;
1863 3138 1930 3193 ,κῃ
1962 3139 2172 3203 me.”
2200 3121 2307 3178 bus
2350 3122 2725 3193 mancipatum
2762 3124 2832 3179 ad
2880 3124 2997 3179 haec
3038 3123 3307 3180 sacriﬁcia
3350 3124 3628 3181 otl‘erenda
3656 3127 3794 3193 scio,

518 3226 745 3282 randum
770 3238 893 3282 eum
918 3244 933 3291 ;
962 3227 1055 3283 sed
1091 3242 1212 3283 cum
1250 3228 1471 3283 vidisset
1501 3229 1746 3283 incendia
1770 3229 1840 3284 ab
1862 3210 1966 3288 ore
1986 3230 2097 3287 for-

2202 3216 2449 3272 devotior
2592 3218 2946 3289 praeparatior
2976 3216 3099 3290 [_al.,
3140 3217 3489 3292 promptior],
3518 3218 3666 3276 hanc
3699 3184 3798 3276 ho:-

517 3319 667 3374 nacis
726 3319 935 3390 patulo,
993 3321 1097 3376 huc
1162 3320 1431 3391 ilhcqne,
1511 3320 1725 3377 ﬂamma
1758 3322 2092 3389 dominante,

518 3413 782 3485 dispergi,
806 3422 1059 3470 ornatum
1086 3415 1277 3486 capitis
1299 3414 1365 3470 ad
1392 3420 1590 3471 terram
1614 3417 1869 3487 proiecit,
1905 3417 2097 3475 discis-

516 3518 687 3575 saqne
711 3505 940 3570 cesarie,
964 3518 1029 3560 se
1050 3506 1306 3562 miseram
1343 3506 1649 3573 clamitans,
1691 3508 1967 3565 civitatem
1995 3525 2092 3566 vo-

517 3597 670 3652 cibus
725 3595 985 3667 implevit.
1032 3594 1189 3663 Qned
1232 3610 1358 3653 cum
1411 3598 1707 3654 Christiani
1760 3600 1911 3656 cives
1958 3602 2094 3672 quid

515 3697 693 3744 actum
722 3688 889 3744 fuerit
905 3688 1241 3752 didicissent,
1281 3698 1677 3747 concurrerunt
1721 3705 1912 3747 oinnes
1946 3692 2094 3762 pari-

513 3790 596 3834 ter
620 3780 687 3836 ad
710 3788 821 3835 tam
844 3780 1095 3850 iniquum
1129 3780 1518 3852 spectaculum,
1554 3783 1916 3853 retractisquc
1956 3784 2093 3855 igni-

508 3872 612 3926 bus
638 3871 708 3926 ab
735 3884 830 3925 ore
876 3870 1136 3936 fornacis,
1192 3872 1474 3928 inveniunt
1516 3887 1748 3942 puerum
1799 3875 1954 3945 quasi
1996 3892 2094 3947 per

511 3963 718 4031 plumas
769 3961 1116 4019 mollissimae
1159 3964 1563 4021 recumbentem
1604 3983 1617 4019 :
1661 3981 1771 4035 quo
1820 3975 2091 4033 extracto,

508 4053 849 4108 admirantur
897 4067 1089 4110 omnes
1140 4052 1387 4119 illaesum,
1441 4055 1882 4127 clamoribusque
1942 4057 2092 4114 locus

509 4142 597 4196 ille
627 4142 882 4212 repletur,
906 4151 962 4198 et
991 4144 1068 4198 sic
1098 4144 1367 4214 magualia
1386 4145 1594 4200 Domini
1618 4146 1689 4201 ab
1718 4148 1865 4203 omni
1893 4149 2091 4220 populo

509 4234 918 4289 benedicuntur.
964 4233 1318 4289 Conclamant
1346 4236 1511 4290 etiam
1546 4246 1606 4290 ut
1643 4246 1919 4295 auctorem
1973 4256 2089 4296 sce-

506 4323 637 4378 leris
658 4323 823 4394 hujus
853 4324 906 4377 in
934 4324 1080 4394 ipsas
1105 4323 1370 4393 projicere
1394 4324 1642 4382 ﬂammas
1664 4327 1918 4385 debeant.
1956 4330 2088 4388 Pro-

510 4417 709 4478 iectum
739 4424 919 4470 autem
978 4416 1051 4471 ita
1102 4425 1272 4474 totum
1304 4418 1446 4488 ignis
1484 4420 1786 4489 absorbuit,
1815 4432 1875 4477 ut
1903 4424 1990 4479 vix
2021 4425 2087 4480 de

507 4508 717 4565 ossibus
746 4506 862 4576 ejus
902 4521 1132 4578 parvum
1182 4508 1310 4578 quid
1346 4510 1743 4581 relinqueretur
1799 4513 2077 4571 indicium.

506 4603 900 4673 lnterrogantes
928 4610 1106 4656 autem
1140 4600 1461 4658 infantulum
1483 4601 1803 4673 Christiani,
1834 4608 1994 4679 quale
2028 4609 2078 4663 ei

502 4691 880 4749 umbrticulum
896 4689 1107 4755 fuisset,
1140 4692 1245 4746 ait:
1270 4691 1462 4749 Mulier
1490 4694 1580 4749 illa
1602 4710 1723 4765 qua:
1746 4697 1801 4753 in
1833 4698 2076 4764 basilica,

504 4788 593 4843 ubi
631 4801 827 4858 panem
854 4788 920 4843 de
965 4801 1153 4842 mensa
1179 4788 1382 4857 accepi,
1412 4788 1464 4842 iu
1518 4790 1772 4845 cathedra
1834 4793 2076 4862 sedebat,

499 4892 835 4950 parvumque
856 4877 1120 4933 infantem
1151 4877 1202 4931 in
1234 4877 1356 4933 sinu
1380 4879 1623 4948 gestabat
1649 4896 1662 4946 ;
1710 4881 1826 4937 hzec
1852 4897 1942 4938 me
1970 4883 2085 4952 pal-

503 4972 572 5027 lio
598 4988 718 5037 suo,
750 4986 818 5026 ne
862 4971 1001 5041 ignis
1052 4976 1293 5035 voraret,
1321 4970 1554 5039 operuit.
1584 4970 1718 5026 Esca
1778 4972 1944 5027 etiam
1989 4973 2080 5027 illa

500 5080 661 5134 quam
698 5063 765 5118 de
790 5077 949 5116 manu
983 5060 1278 5116 sacerdotis
1301 5075 1636 5132 acceperam,
1668 5062 1718 5115 in
1755 5071 1959 5116 tantum
1995 5080 2080 5120 me

498 5154 655 5226 juvit,
685 5162 744 5209 ut
774 5168 844 5209 ne
869 5150 1195 5223 spiraculum
1223 5152 1443 5223 quidem
1476 5151 1615 5222 ignis
1632 5152 1842 5211 sentire
1870 5168 1957 5207 me
1981 5170 2078 5225 pu-

503 5257 669 5300 tarem
694 5262 709 5311 ;
737 5245 877 5300 unde
905 5243 1263 5297 indubitatum
1289 5252 1374 5298 est
1395 5244 1609 5297 beatam
1637 5243 1686 5297 ei
1730 5242 1953 5298 Mariam
1979 5255 2076 5315 ap-

498 5335 760 5406 paruisse.
799 5330 992 5403 Agnita
1023 5347 1151 5404 ergo
1177 5331 1355 5386 infans
1396 5331 1501 5385 ﬁde
1527 5331 1812 5395 catholica,
1842 5330 2076 5390 credidit

499 5518 704 5573 taribus
728 5517 884 5587 aquis
908 5517 1143 5579 ablutus,
1170 5529 1278 5572 una
1302 5530 1427 5571 cum
1468 5516 1731 5586 genitrice
1772 5532 1865 5571 sua
1898 5518 2073 5573 demto

496 5623 580 5668 est
600 5620 842 5667 renatus.
871 5608 1019 5664 Multi
1043 5623 1255 5679 quoque
1273 5607 1581 5664 Iudaeorum
1612 5609 1716 5663 hoc
1739 5610 1987 5680 exemplo
2014 5611 2070 5665 in

499 5702 632 5759 urbe
660 5700 748 5755 illa
781 5702 849 5756 ad
875 5699 1033 5756 ﬁdem
1065 5700 1313 5755 conversi
1346 5709 1489 5756 sunt.

2108 4568 2161 4630 Β

2200 3309 2360 3365 etiam
2413 3310 2696 3367 immolare
2750 3312 2968 3370 assidue
3016 3313 3258 3369 studeas.
3312 3314 3476 3379 Audi,
3531 3315 3792 3381 obsecro,

2199 3403 2453 3475 ejusdem
2487 3405 2812 3462 venerabilis
2836 3407 2938 3462 viri
2982 3406 3230 3478 Gregorii
3275 3408 3601 3478 exmplum,
3640 3408 3795 3478 quod

2203 3493 2325 3551 ideo
2369 3495 2620 3565 prmsenti
2656 3497 2852 3569 pagina
2902 3498 3205 3564 subscribo,
3271 3506 3541 3569 quatenus
3586 3498 3646 3553 in
3693 3513 3792 3554 ara

2199 3586 2379 3643 cordis
2408 3588 2750 3658 temetipsum
2782 3598 3023 3647 mactare
3042 3590 3374 3647 sacriﬁcium
3396 3590 3682 3646 ardentius
3702 3605 3793 3646 ac»

2200 3678 2472 3735 condaris.

2270 3773 2356 3828 tt.
2388 3772 2585 3830 Narrat
2596 3774 2766 3831 -enim
2812 3775 3104 3847 predictus
3129 3777 3320 3833 doctor
3336 3776 3633 3848 quemdam
3660 3775 3789 3835 Cas-

2198 3866 2338 3922 sium
2374 3868 2617 3931 nomine,
2657 3876 2783 3923 tunc
2814 3868 3152 3942 episcopum,
3175 3869 3265 3926 cui
3292 3885 3410 3926 mos
3442 3879 3568 3925 erat
3613 3872 3789 3941 quoti-

2197 3956 2384 4011 dianas
2414 3956 2522 4013 Deo
2553 3958 2758 4014 hostias
2802 3958 3020 4024 offerre,
3069 3960 3143 4014 ita
3173 3969 3232 4015 ut
3276 3975 3417 4031 pene
3448 3960 3634 4017 nullus
3670 3963 3788 4019 dies

2195 4051 2315 4104 vita:
2342 4049 2457 4119 ejus
2486 4051 2762 4117 transiret,
2788 4067 2895 4122 quo
2920 4068 3028 4108 non
3060 4053 3416 4122 omnipotenti
3444 4052 3559 4108 Deo
3580 4054 3786 4110 hostias

2194 4143 2497 4199 immolaret
2532 4162 2544 4198 :
2576 4145 2730 4216 cujus
2765 4161 2888 4201 cum
2917 4144 3187 4202 sacriﬁcio
3233 4145 3388 4201 valde
3414 4146 3784 4203 concordabat

2192 4235 2320 4289 vita.
2364 4234 2497 4289 Nam
2530 4244 2723 4290 cuncta
2750 4250 2869 4305 quae
2901 4235 3146 4291 habebat:
3176 4236 3228 4290 in
3273 4235 3639 4309 eleemosynis
3688 4238 3783 4292 tri-

2190 4328 2381 4395 buens,
2396 4344 2516 4384 cum
2533 4328 2597 4382 ad
2610 4328 2798 4383 horam
2814 4326 3069 4383 otl‘erendi
3083 4328 3337 4384 sacriﬁcii
3355 4329 3621 4395 venisset,
3640 4329 3784 4386 velut

2192 4429 2333 4475 totus
2358 4421 2425 4474 “in
2471 4419 2723 4490 lacrymis
2749 4418 3005 4487 deﬂuens,
3039 4422 3387 4492 semetipsqu
3430 4438 3555 4477 cum
3584 4438 3779 4494 magna

2191 4509 2367 4564 cordis
2418 4508 2741 4564 contritione
2778 4509 3032 4580 primitus
3078 4510 3407 4566 sacriﬁcium
3460 4513 3774 4568 mactabat:

2186 4598 2414 4669 quadam
2437 4606 2617 4652 autem
2639 4607 2795 4654 nocte
2816 4596 2930 4667 ejus
2946 4599 3261 4671 presbytero
3276 4614 3374 4672 per
3395 4600 3570 4656 visqu
3597 4600 3779 4657 Domi-

2186 4707 2289 4746 nus
2314 4691 2539 4757 assistit,
2563 4692 2748 4748 diceus
2775 4709 2787 4746 :
2812 4690 2958 4747 Vade
2984 4702 3039 4747 et
3065 4692 3152 4748 die
3176 4694 3431 4764 episcopo
3460 4695 3609 4766 :Age
3633 4694 3775 4766 quod

2187 4785 2318 4853 agis,
2350 4800 2565 4853 operare
2588 4786 2729 4856 quod
2756 4784 3006 4855 operaria,
3042 4801 3145 4839 non
3180 4795 3339 4839 cesset
3360 4802 3452 4855 per
3481 4796 3605 4840 tuus
3623 4828 3638 4849 ,
3668 4803 3774 4841 non

2186 4886 2341 4931 cesset
2370 4893 2557 4932 manus
2576 4887 2671 4932 tua
2690 4917 2706 4943 ,
2734 4877 2899 4932 natali
2924 4877 3280 4948 apostolorum
3303 4880 3470 4933 venies
3493 4880 3566 4933 ad
3595 4897 3695 4941 me,
3722 4890 3775 4933 et

2187 4968 2467 5022 retribuam
2514 4970 2609 5023 tibi
2632 4969 2922 5025 mercedem
2952 4979 3121 5024 luant.
3153 4968 3405 5026 Surrexit
3446 4970 3768 5043 presbyter;

2188 5060 2279 5113 sed
2301 5060 2426 5129 quia
2450 5076 2479 5115 e
2502 5061 2677 5117 vicino
2696 5062 2808 5132 jam
2838 5060 3202 5131 apostolorum
3226 5063 3503 5119 natalitius
3524 5065 3645 5120 dics
3668 5067 3775 5119 int-

2184 5149 2437 5211 minebat,
2467 5160 2572 5205 tam
2599 5152 2883 5223 propinqui
2904 5152 3081 5207 exitus
3109 5153 3208 5208 sibi
3227 5152 3368 5208 diem
3390 5154 3649 5226 episcopo
3669 5172 3773 5211 suo

2183 5241 2430 5296 nuntiare
2442 5243 2735 5311 pertimuit.
2756 5242 2979 5315 Aliaque
2992 5253 3152 5300 nocte
3164 5243 3425 5301 Doniinns
3448 5247 3630 5310 rediit,
3649 5247 3776 5319 ejus

2181 5333 2595 5389 inohedientiam
2620 5335 2975 5392 vehementer
3018 5338 3343 5409 increpavit,
3365 5348 3533 5408 atque
3569 5340 3773 5396 eadem

381 5412 406 5485 γ’
499 5428 552 5480 iu
583 5424 801 5480 nomine
822 5422 1023 5489 Patris,
1048 5432 1100 5477 ct
1123 5422 1266 5486 Filii,
1293 5428 1349 5476 et
1371 5419 1608 5491 Spiritus
1630 5422 1827 5489 sancti,
1860 5437 1923 5477 ac
1940 5423 2056 5479 salu
2173 5422 2432 5494 jussiouis
2457 5424 2622 5479 verba
2651 5426 2902 5481 retexuit.
2930 5425 3083 5482 Tunc
3125 5425 3413 5500 presbyter
3436 5429 3684 5484 surrexit
3706 5441 3779 5487 ut

2180 5526 2445 5586 pergeret,
2492 5517 2586 5574 sed
2616 5535 2804 5574 rursus
2843 5517 3131 5574 inﬁrmitas
3159 5517 3341 5574 cordis
3369 5518 3513 5575 facta
3547 5530 3632 5575 est
3660 5521 3774 5575 im-

2180 5610 2489 5676 pedimento
2529 5610 2827 5666 indicandae
2862 5606 3230 5675 revelationis,
3282 5609 3781 5681 admonitioneque

2179 5699 2387 5755 iteratae
2431 5700 2690 5767 jussionis
2744 5701 2998 5757 obduruit
3029 5716 3273 5773 pergere,
3307 5707 3368 5757 et
3392 5715 3513 5770 qua:
3546 5701 3781 5757 viderat

568 5792 619 5851 9.
650 5791 710 5851 Si
742 5807 869 5863 ergo
908 5791 1024 5846 haec
1063 5792 1321 5863 mysteria
1366 5791 1462 5858 illi,
1507 5792 1600 5863 qui
1648 5791 1852 5864 absque
1883 5791 1988 5847 ﬁde
2013 5799 2069 5849 et
2177 5788 2526 5847 manifestare
2554 5791 2817 5865 neglexit:
2848 5791 2940 5848 sed
2957 5790 3082 5869 quia
3108 5804 3360 5880 magnam
3382 5791 3780 5849 mansuetudi-
