4078 6348
256 309 394 368 1501

1180 309 1309 366 LIB.
1345 309 1437 367 DE
1473 309 1799 369 CORPORE
1836 310 1926 371 ΕΤ
1960 310 2308 369 SANGUINE
2346 311 2603 385 DOMINI.

3382 314 3517 370 {302

257 431 385 481 nem
412 428 741 493 contemptae
770 422 957 493 gratim
996 421 1170 493 major
1212 425 1363 495 sequi
1417 425 1555 481 solet
1595 425 1691 479 irae
1721 424 1838 479 vin-
1868 428 1919 491 Α
1944 440 2066 483 cum
2112 427 2291 483 subito
2337 429 2480 485 inter
2515 430 2629 500 ipsa
2665 414 2865 488 sanctae
2901 430 3298 487 exhortationis
3328 432 3516 498 verba,

258 516 428 582 dicta,
454 514 613 571 tertia
642 512 847 570 visione
889 513 1149 571 Dominus
1178 530 1461 586 apparens,
1503 508 1616 585 ja'm
1661 516 1842 573 verbis

1942 532 2074 573 voce
2098 518 2322 575 terribili
2360 519 2617 577 clamavit
2642 520 2829 578 dicens
2858 540 2871 575 :
2903 520 3046 579 Hora
3070 524 3185 578 est!
3232 521 3352 579 Mox
3382 524 3517 578 assio

256 607 491 665 verbera
512 605 737 673 ad'didit,
763 612 822 660 et
847 614 957 660 tam
985 604 1230 661 districta
1249 584 1417 661 caede
1442 584 1709 663 mactatus
1733 614 1839 671 est,
1898 584 2207 666 Jsteutibus
2252 610 2366 680 ipse
2395 612 2508 667 suis
2538 612 2790 669 manibus
2829 613 3052 671 linteum
3089 615 3253 682 dedit»
3279 616 3424 686 quod
3449 631 3519 672 ex

258 708 323 757 ut
342 700 400 756 in
421 712 490 756 eo
510 697 769 755 duritiam
801 697 981 754 cordis
1030 697 1366 753 emollisseut
1407 697 1629 755 vulnera
1657 713 1845 770 corpo-

259 787 643 849 ῆιλὸωτθιίι
684 802 818 861 ergo
846 788 1094 845 eruditus
1115 802 1180 845 ex
1228 787 1474 855 verbere,
1507 791 1750 860 perrexit
1774 789 1843 845 ad

257 883 595 954 episcopum,
642 894 874 952 eumque
894 880 1011 953 jam
1064 896 1132 937 ex
1182 895 1335 936 more
1373 889 1643 951 paratum,
1687 880 1843 952 juxta

257 976 407 1032 beati
433 972 712 1030 iuvenalis
740 973 1000 1047 martyris
1041 973 1349 1045 sepulcrum
1391 975 1459 1030 ad
1510 972 1843 1031 oﬂ‘erendum

261 1068 593 1124 sacrificium
640 1067 943 1124 cdnsistere
974 1067 1209 1139 reperit,
1253 1076 1526 1123 secretum
1555 1084 1585 1123 a
1609 1069 1844 1126 circum-

259 1158 532 1215 stantibus
578 1157 754 1227 petiit,
799 1172 964 1228 seque
1016 1156 1134 1227 ejus
1174 1158 1401 1229 pedibus
1443 1159 1656 1227 stravit,
1691 1176 1846 1216 cum-

258 1267 367 1323 que
412 1266 537 1307 eum
585 1251 817 1306 ubertim
862 1249 1081 1307 ﬂentem
1132 1252 1419 1323 episcopus
1469 1253 1538 1308 ad
1576 1269 1636 1309 se
1664 1253 1845 1312 levare

258 1344 347 1398 vix
380 1342 660 1413 potuisset,
711 1341 1076 1413 lacrymarum
1117 1359 1689 1417 causascognoscere
1734 1356 1846 1402 stu-

260 1435 398 1489 duit.
428 1433 518 1489 llle
546 1448 675 1489 vero
714 1433 985 1491 relaturus
1028 1437 1275 1493 ordinem
1309 1437 1553 1505 visionis,
1577 1439 1729 1509 prius
1755 1455 1846 1494 ve-

258 1525 520 1580 stimento
539 1539 607 1578 ex
630 1525 872 1581 humeris
888 1526 1165 1594 devoluto,
1206 1527 1412 1585 detexit
1435 1530 1621 1602 plagas
1649 1546 1841 1604 corpo-

263 1621 361 1685 ris,
389 1627 468 1686 et,
493 1627 555 1675 ut
581 1620 655 1674 ita
683 1621 880 1687 dicam,
910 1631 1074 1679 testes
1118 1624 1361 1680 veritatis
1402 1633 1457 1681 et
1492 1625 1664 1696 culpae
1690 1642 1847 1683 mon-

1943 716 2094 757 more
2134 703 2477 759 morientium
2533 705 2635 761 sibi
2683 715 2871 761 contra
2920 705 3112 763 faciem
3171 707 3516 763 tenderetur:

1943 810 2051 867 quo
2082 803 2254 862 tenso,
2291 796 2539 866 spiritum
2572 796 2770 853 emisit.
2815 796 3013 868 Sicque
3049 806 3236 853 sancta
3282 797 3369 852 illa
3404 798 3521 854 ani-

1944 907 2054 957 ma,
2084 891 2151 946 ad
2200 891 2394 962 gaudia
2436 899 2637 946 aeterna
2673 892 2994 962 perveniens
3014 933 3030 957 ,
3064 906 3093 945 a
3123 892 3304 948 carnis
3334 907 3522 948 corru-

1944 982 2129 1052 ptione
2169 980 2343 1037 soluta
2387 989 2490 1036 est.
2537 981 2708 1049 Quem
2752 981 2955 1052 itaque,
2992 980 3327 1046 charissime,
3360 994 3520 1049 quem

1943 1074 2028 1130 vir
2052 1073 2154 1129 iste
2188 1073 2241 1128 in
2293 1082 2468 1129 morte
2514 1087 2611 1129 sua
2654 1074 2918 1129 invitatus
2945 1083 3049 1137 est,
3088 1073 3193 1129 nisi
3215 1087 3340 1129 eum
3361 1085 3519 1143 quem

1946 1165 2000 1221 in
2032 1165 2141 1220 vita
2172 1180 2267 1220 sua
2312 1163 2488 1220 fuerat
2519 1166 2955 1237 contemplatus?
2993 1165 3186 1222 Diceus
3211 1164 3356 1220 enim
3387 1164 3522 1218 hora

1946 1267 2047 1324 est,
2081 1260 2145 1313 de
2173 1274 2401 1329 corpore
2429 1258 2584 1323 exiit,
2605 1259 2730 1329 quia
2778 1268 2833 1315 et
2870 1258 3051 1324 Jesus,
3089 1259 3327 1330 peractis
3350 1249 3523 1311 enini-

1945 1349 2070 1415 bus,
2096 1363 2218 1404 cum
2245 1348 2469 1405 dixisset
2496 1358 2917 1403 consummatum
2940 1357 3040 1415 est,
3067 1346 3324 1403 inclinato
3351 1345 3528 1417 capite

1947 1441 2170 1498 tradidit
2198 1442 2470 1512 spiritum.
2498 1442 2655 1509 Quod
2697 1441 2859 1510 igitur
2882 1441 3138 1497 Dominus
3160 1455 3228 1495 ex
3260 1445 3527 1510 pctestate

1947 1536 2050 1591 hoc
2076 1535 2186 1605 egit
2212 1533 2447 1589 famulus
2477 1549 2543 1589 ex
2590 1534 2894 1590 vocatione.
2921 1533 3062 1597 Ecce
3086 1531 3327 1604 quotidie
3351 1528 3527 1587 hostia

1948 1625 2037 1681 illa
2067 1641 2191 1681 cum
2239 1625 2602 1697 eleemosynis
2649 1633 2704 1682 et
2748 1625 3005 1697 lacryruis
3031 1625 3232 1689 oblata,
3268 1630 3527 1693 quantam

262 1715 461 1770 stravit
482 1723 682 1785 quanta
704 1714 1193 1772 animadversionis
1229 1716 1568 1775 districtione
1602 1721 1845 1774 membra
1950 1735 2072 1773 cum
2125 1718 2487 1788 Redemptore
2536 1728 2726 1775 nostro
2760 1720 3107 1777 concordiam
3150 1716 3355 1774 habuit.
3379 1715 3529 1771 Hanc

263 1807 410 1864 illius
442 1815 669 1876 accepto
710 1806 964 1873 verbere,
996 1807 1168 1864 livore
1200 1807 1428 1873 inflicto,
1470 1810 1839 1867 sudaverant:
1872 1793 1922 1855 Β
1950 1812 2131 1883 itaque
2151 1820 2204 1865 et
2230 1820 2305 1877 tu,
2326 1812 2409 1866 vir
2425 1812 2542 1878 Dei,
2570 1813 2622 1867 in
2649 1822 2909 1883 quantum
2929 1812 3185 1884 praevales
3209 1828 3329 1868 cum
3351 1808 3531 1865 chari-

264 1915 387 1970 quze
412 1915 540 1955 mox
580 1907 640 1954 ut
681 1899 968 1972 episcopus
1011 1900 1165 1967 vidit,
1207 1902 1512 1968 exhorruit,
1538 1910 1595 1958 et
1621 1902 1712 1973 qui
1744 1902 1847 1959 sibi
1951 1903 2079 1958 tatis
2132 1902 2345 1959 fervore
2393 1912 2447 1959 et
2490 1905 2670 1959 cordis
2714 1904 3041 1960 contritione
3092 1903 3288 1958 offerre
3327 1900 3527 1957 stude:

265 1989 397 2047 talia
428 1989 613 2046 facere
658 1991 1112 2061 praesumpsisset,
1140 2005 1264 2047 cum
1292 2006 1500 2062 magnae
1538 1991 1849 2063 obstupefa-

265 2080 465 2137 ctiouis
504 2080 728 2136 vocibus
773 2081 1072 2151 inquisivit.
1103 2079 1175 2135 At
1204 2080 1292 2136 illc
1322 2083 1619 2150 respondit,
1651 2083 1766 2138 haec
1791 2097 1852 2140 se

267 2188 367 2245 pro
404 2173 521 2244 ipso
567 2172 736 2230 fuisse
784 2187 1118 2244 perpessum.
1150 2172 1405 2229 Excrevit
1449 2189 1575 2230 cum
1618 2183 1851 2231 tremore

228 2326 237 2333 ,
266 2264 576 2329 admiratio,
605 2264 697 2320 sed
718 2264 892 2321 nullas
910 2265 1023 2336 jam
1046 2264 1331 2335 presbyter
1347 2265 1715 2342 inquisitionis
1733 2266 1853 2338 ejus

268 2371 454 2412 moras
486 2355 693 2411 ducens
715 2395 733 2421 ,
763 2362 1035 2411 secretum
1060 2354 1407 2412 revelationis
1433 2357 1663 2428 aperuit,
1693 2358 1853 2427 eique

266 2446 495 2503 visionis
529 2446 825 2502 Dominicae
850 2461 946 2517 per
973 2460 1038 2502 ea
1068 2461 1191 2517 quae
1211 2447 1461 2504 audierat
1479 2449 1643 2504 verba
1666 2464 1856 2505 narra-

266 2539 365 2606 vit,
402 2538 632 2595 dicens:
679 2538 790 2609 Age
822 2537 965 2609 quod
992 2539 1130 2609 agis,
1160 2554 1378 2609 operare
1394 2539 1539 2610 quod
1577 2540 1813 2609 operario
1833 2557 1855 2606 ,·

268 2647 378 2688 un
412 2641 576 2687 mret
622 2647 813 2687 manus
860 2641 975 2697 tua,
1021 2648 1127 2686 non
1178 2640 1340 2686 cesset
1374 2648 1465 2702 pes
1509 2640 1649 2696 titus,
1687 2632 1857 2687 natali

268 2722 628 2794 apostolorum
675 2723 846 2778 venies
867 2722 939 2776 ad
960 2739 1061 2787 me,
1095 2733 1143 2777 et
1174 2722 1407 2779 utribus
1434 2722 1528 2778 tibi
1568 2723 1857 2779 mercedem

267 2823 436 2871 manu.
465 2812 672 2882 Quibus
697 2814 897 2869 auditis
916 2815 1208 2884 episcopus
1235 2815 1287 2871 in
1320 2815 1569 2873 oratione
1591 2830 1714 2871 cum
1736 2830 1854 2869 ma-

268 2922 376 2979 gna
404 2906 587 2963 cordis
620 2907 952 2963 contritione
982 2922 1040 2962 se
1070 2908 1397 2977 prostravit,
1427 2916 1484 2963 et
1507 2908 1604 2980 qui
1646 2907 1859 2963 oblatu-

270 3015 367 3056 rus
395 2998 725 3057 sacrificium
759 2999 828 3055 ad
868 3001 1060 3057 horam
1093 3000 1307 3055 tertiam
1334 3010 1589 3067 venerat,
1634 3000 1738 3055 hoc
1758 3014 1858 3070 pro

269 3104 514 3152 extensae
532 3094 800 3152 orationis
822 3093 1192 3166 magnitudine
1222 3095 1292 3150 ad
1326 3094 1519 3153 horam
1549 3108 1748 3150 nonam
1768 3098 1871 3147 us-‘

1953 1992 2068 2047 vult
2096 1993 2239 2048 enim
2263 1994 2606 2064 omnipotens
2638 1993 2779 2049 Deus
2812 1994 3011 2050 nostris
3024 1993 3228 2064 placari
3258 1990 3532 2062 precibus,

1955 2085 2046 2156 qui
2076 2084 2181 2141 scit
2202 2086 2329 2156 quia
2366 2087 2571 2156 portari
2615 2103 2643 2140 a
2686 2087 2844 2143 nobis
2866 2102 2972 2141 non
3002 2086 3172 2157 possit
3197 2085 3388 2145 iratus,
3418 2082 3531 2137 sin-

1954 2176 2217 2249 gulariter
2271 2186 2451 2232 autem
2490 2178 2559 2231 ad
2621 2177 3015 2233 absolutionem
3068 2185 3313 2232 nostram
3356 2173 3534 2230 oblata

1956 2282 2076 2323 cum
2107 2266 2377 2339 lacrymis,
2411 2276 2467 2324 et
2508 2268 2894 2340 benignitatem
2924 2267 3125 2323 mentis
3173 2266 3313 2322 sacri
3346 2264 3537 2320 altaris
3604 2294 3611 2299 τ

1956 2358 2131 2413 hostia
2178 2357 2534 2430 suffragatur,
2587 2360 2713 2429 quia
2767 2359 2813 2415 is
2854 2360 2945 2428 qui
2999 2359 3053 2413 in
3101 2372 3161 2413 se
3187 2369 3536 2426 resurgensa

1958 2449 2185 2503 mortuis
2224 2448 2339 2518 jam
2371 2465 2476 2504 non
2522 2450 2775 2515 moritur,
2824 2450 3002 2505 adhuc
3044 2464 3143 2520 per
3184 2447 3327 2503 hanc
3357 2447 3409 2501 in
3437 2459 3537 2501 suo

1959 2541 2217 2612 mysterio
2250 2556 2349 2612 pro
2394 2541 2551 2597 nobis
2592 2541 2787 2598 iterum
2820 2541 3044 2611 patitur.
3076 2538 3212 2594 Nam
3238 2539 3454 2611 quoties
3484 2537 3536 2592 ei

1958 2631 2189 2688 hostiam
2219 2647 2328 2688 suae
2363 2634 2631 2703 passionis
2660 2633 2956 2699 offerimus,
2984 2632 3146 2687 toties
3178 2631 3334 2687 nobis
3354 2630 3420 2684 ad
3437 2631 3538 2684 ab—

1960 2725 2284 2782 solutionem
2310 2735 2548 2780 nostram
2569 2727 2876 2797 passionem
2898 2725 3040 2780 illius
3056 2738 3389 2797 reparamus.
3421 2720 3538 2776 Hac

1959 2818 2102 2873 enim
2156 2817 2331 2873 hostia
2381 2817 2577 2872 animae
2612 2826 2948 2890 purgantur,
2976 2824 3199 2888 peccata
3235 2813 3539 2878 solvuntur,

1962 2907 2091 2963 vitia
2135 2906 2439 2977 pelluntur,
2472 2907 2747 2963 daemones
2788 2906 3059 2978 fugantur,
3103 2903 3331 2960 virtutes
3353 2900 3542 2971 aequi.

1963 3006 2178 3063 runtur,
2231 2997 2379 3053 salus
2426 2999 2731 3054 animarum
2770 3007 2825 3055 et
2867 3010 3158 3069 corporum
3210 2993 3538 3067 possidetur,

1965 3098 2110 3147 totus
2134 3090 2367 3146 mundus
2402 3090 2660 3146 salvatur.
2693 3090 2796 3146 Sed
2819 3091 2945 3161 quia
2962 3096 3225 3160 quantum
3257 3086 3392 3142 vivis
3418 3100 3541 3142 cor-

269 3205 379 3259 quc
397 3189 706 3260 protelavit,
734 3197 901 3260 atque
913 3154 996 3244 ex
1020 3187 1112 3245 illo
1123 3187 1237 3257 jam
1266 3188 1352 3245 die
1380 3189 1557 3261 magis
1581 3190 1859 3261 magisque
1885 3154 1933 3220 CI
1958 3181 2187 3254 poribus
2231 3179 2494 3250 profuerit
2525 3222 2540 3248 ,
2587 3154 2997 3253 aliquantulum-
3027 3178 3236 3249 prolixe
3291 3192 3359 3233 ex
3413 3176 3543 3232 dicti

271 3282 326 3337 ei
350 3288 514 3339 aucta
546 3290 677 3339 sunt
700 3281 854 3338 lucra
884 3281 1123 3353 pietatis,
1152 3281 1435 3353 factusque
1461 3290 1679 3339 esttam
1706 3282 1862 3339 fortis

272 3375 330 3431 in
356 3390 552 3447 opere,
583 3390 747 3446 quam
774 3383 959 3432 certus
982 3390 1049 3432 ex
1072 3391 1335 3432 munere:
1368 3375 1566 3448 quippe
1580 3376 1684 3447 qui
1710 3390 1861 3442 eum,

276 3468 371 3539 qui
401 3468 518 3539 ipse
530 3468 748 3526 debitor
775 3467 972 3532 fuerat,
1005 3482 1072 3523 ex
1102 3468 1462 3538 promissione
1489 3466 1603 3537 jam
1625 3475 1866 3539 cmperat

283 3560 488 3618 habere
530 3560 856 3617 debitorem.
908 3558 1047 3616 Huic
1094 3569 1274 3615 autem
1318 3560 1653 3617 consuetudo
1691 3558 1866 3615 fuerat

218 3642 227 3651 ’
274 3651 439 3708 annis
464 3651 692 3723 singulis
720 3650 969 3706 natalitio
988 3648 1359 3720 apostolorum
1382 3649 1472 3705 die
1497 3648 1726 3704 Romam
1749 3661 1868 3718 per-

274 3758 426 3815 gere.
452 3741 642 3814 itaque
690 3758 773 3809 ex,
806 3742 911 3798 hac
950 3742 1281 3798 revelatione
1331 3757 1645 3812 suspensus,
1681 3740 1867 3796 venire

272 3835 431 3906 juxta
460 3852 668 3894 morm
690 3837 885 3893 noluit.
927 3836 1130 3892 Eodem
1161 3851 1293 3908 ergo
1329 3844 1572 3907 tempore
1603 3834 1869 3891 sollicitus

278 3929 405 3996 fuit,
432 3930 670 3987 secutam
702 3944 927 4001 quoque
973 3945 1117 3985 anno
1156 3928 1241 3985 vel
1273 3928 1434 3985 tertio
1456 3929 1511 3983 in
1542 3928 1734 3983 mortis
1759 3941 1870 3982 suae

274 4023 690 4094 exspectatione
718 4036 1038 4094 suspensus,
1063 4028 1281 4093 quarto,
1308 4021 1500 4091 quinto
1526 4028 1583 4077 et
1609 4030 1763 4077 sexto
1790 4018 1868 4073 si-

278 4116 523 4171 militer:
547 4114 641 4186 qui
668 4116 961 4185 desperare
998 4115 1110 4185 jam
1147 4113 1216 4169 de
1250 4114 1477 4169 veritate
1524 4108 1873 4167 revelatiouis

276 4214 520 4281 poterat,
548 4208 595 4264 si
624 4206 786 4262 fidem
808 4205 989 4262 verbis
1021 4204 1247 4261 verbera
1278 4218 1386 4259 non
1418 4203 1710 4260 fecissent:
1746 4218 1872 4259 cum

276 4312 578 4355 θακωο
607 4296 838 4367 septimo
883 4310 1056 4365 usque
1108 4295 1177 4349 ad
1219 4294 1517 4365 exspectati
1560 4293 1757 4349 natalis
1782 4310 1872 4349 sa-

284 4404 412 4448 cras
440 4389 651 4461 vigilias
690 4387 979 4445 incolumis
1024 4387 1272 4458 pervenit
1300 4404 1313 4441 :
1344 4386 1439 4443 sed
1479 4387 1617 4442 lenis
1643 4386 1789 4440 hunc
1819 4385 1875 4439 in

285 4484 489 4556 vigiliis
522 4484 675 4540 calor
721 4482 927 4553 attigit,
958 4490 1120 4552 atque
1169 4481 1288 4551 ipso
1333 4481 1420 4583 die
1461 4479 1705 4583 natalitio
1743 4478 1871 4583 filiis
1898 4522 1949 4583 Β

282 4577 406 4634 suis
440 4592 504 4634 se
526 4574 975 4647 exspectantibus
998 4573 1291 4631 missarum
1337 4571 1598 4628 solemnia
1646 4568 1870 4641 implere

282 4685 354 4727 se
379 4669 857 4743 posssreeusavit.
882 4666 965 4722 llli
1000 4680 1130 4721 vero
1171 4664 1266 4735 qui
1310 4664 1378 4719 de
1404 4661 1523 4730 ejus
1555 4662 1873 4749 erantpari-

200 4827 207 4833 ν
288 4760 705 4835 teregaessione
746 4759 985 4831 suspecti
1030 4756 1190 4814 simul
1225 4757 1292 4812 ad
1321 4771 1446 4812 eum
1485 4768 1676 4811 omnes
1710 4768 1872 4809 vene-

284 4861 444 4919 nat.
470 4866 599 4910 sese
648 4850 984 4908 unanimiter
1015 4850 1375 4921 astringentes
1397 4886 1414 4914 ,
1457 4854 1518 4902 ut
1563 4844 1649 4902 die
1683 4844 1877 4901 eodem

290 4960 636 5017 neququam
668 4945 1080 5015 acquiescerent
1108 4942 1394 4997 missarum
1428 4938 1687 4995 solemnia
1731 4937 1876 4994 cele-

296 5038 478 5104 brare,
500 5036 602 5092 nisi
640 5046 742 5107 pro
789 5034 856 5091 iis
888 5035 1030 5106 apud
1069 5034 1237 5089 Deum
1269 5032 1413 5087 idem
1445 5030 1672 5086 antistes
1706 5029 1876 5084 inter-

297 5142 483 5184 cessor
534 5126 836 5184 accederet.
874 5125 1027 5181 Tunc
1071 5123 1180 5190 ille,
1211 5120 1520 5193 compulsus
1560 5120 1612 5175 in
1638 5118 1878 5191 episcopi

286 5221 554 5288 oratorio,
593 5221 818 5278 missam
843 5217 978 5276 fecit
1009 5226 1067 5274 et
1095 5232 1256 5272 manu
1284 5230 1380 5271 sua
1405 5230 1605 5286 corpus
1642 5212 1880 5270 Domini-

298 5326 421 5367 cum
450 5325 748 5383 pacemque
773 5310 1027 5367 omnibus
1049 5306 1267 5372 tribuit;
1295 5306 1386 5376 qui
1414 5312 1611 5361 cuncto
1635 5304 1882 5359 ministe-

301 5402 384 5458 rio
426 5401 591 5457 oblati
630 5400 882 5458 sacriﬁcii
921 5406 1176 5471 peracto,
1218 5396 1286 5451 ad
1333 5392 1530 5451 lectum
1570 5392 1752 5459 rediit,
1785 5393 1878 5450 ubi

295 5492 506 5565 jacens,
556 5493 680 5550 dum
730 5491 1041 5550 sacerdotes
1082 5505 1210 5546 suos
1250 5504 1314 5545 ac
1341 5487 1621 5543 ministros
1648 5486 1881 5542 circum-

300 5591 511 5643 stantes
535 5600 595 5642 se
622 5594 905 5653 cerneret,
936 5600 1074 5657 quos
1096 5625 1109 5648 ,
1148 5582 1400 5639 ultimum
1426 5580 1545 5636 vale
1569 5580 1754 5637 dicens
1771 5620 1786 5645 ,
1816 5581 1883 5635 de

304 5676 571 5734 servando
589 5691 685 5734 eos
708 5675 923 5732 vinculo
942 5672 1226 5732 cbaritatis
1253 5671 1596 5738 admonebat,
1629 5681 1685 5727 et
1712 5686 1881 5740 quan-

307 5781 362 5831 ta
388 5772 700 5830 debuissent
732 5771 1026 5831 concordia
1064 5769 1209 5831 inter
1248 5784 1307 5829 se
1346 5767 1505 5824 unire
1531 5764 1877 5843 praedicabat,

1964 3272 2108 3328 beati
2137 3272 2381 3344 Gregorii
2418 3273 2787 3339 ostendimus,
2820 3287 3045 3327 necesse
3070 3278 3153 3327 est
3191 3278 3252 3325 ut
3275 3279 3539 3340 quantum

1965 3363 2342 3419 defunctorum
2386 3364 2668 3419 animabus
2712 3364 2882 3435 prosit
2910 3364 3362 3419 demonstremus.

2037 3456 2121 3510 12.
2166 3456 2353 3511 Refert
2395 3457 2539 3512 enim
2580 3457 2695 3528 jam
2725 3471 2864 3527 saepe
2895 3455 3072 3512 dictus
3109 3455 3297 3510 doctor
3325 3451 3535 3523 Grego-

1967 3547 2080 3603 rius
2103 3547 2389 3619 quemdam
2413 3546 2579 3603 fuisse
2601 3546 2996 3619 presbyterum,
3020 3545 3133 3617 qui,
3158 3544 3228 3602 ob
3250 3542 3547 3600 necessita-

1968 3648 2074 3696 tem
2104 3639 2346 3711 corporis
2371 3640 2475 3704 sui,
2498 3653 2529 3693 a
2552 3639 2775 3695 medicis
2803 3638 3111 3695 admonitus
3137 3645 3241 3702 est,
3280 3636 3416 3691 utin
3435 3633 3546 3690 An-

1966 3732 2180 3805 gulanis
2207 3731 2453 3798 thermis,
2479 3747 2587 3803 quo
2614 3747 2768 3803 aqua:
2808 3746 3034 3803 vapores
3078 3728 3278 3785 nimios
3312 3725 3543 3792 faciunt,
3602 3744 3615 3753 ’ί

1969 3824 2149 3880 lavare
2181 3832 2561 3880 consuesceret
2610 3841 2624 3877 :
2670 3838 2805 3895 quas
2850 3823 3092 3878 thermas
3131 3834 3254 3876 cum
3292 3818 3378 3874 die
3403 3832 3542 3890 qua-

1973 3914 2097 3971 dam
2118 3930 2186 3970 ex
2218 3928 2368 3970 more
2412 3913 2601 3970 fuisset
2648 3915 2924 3985 ingressus
2951 3953 2967 3978 ,
3012 3910 3214 3966 invenit
3257 3907 3545 3979 quemdam

1972 4007 2302 4079 incognitum
2329 4006 2505 4061 virum
2528 4006 2596 4061 ad
2631 3998 2786 4060 stium
2817 4002 3134 4074 obsequium
3162 4006 3544 4071 praeparatum,

1973 4099 2065 4171 qui
2099 4097 2202 4154 sibi
2226 4096 2293 4153 de
2339 4096 2566 4167 pedibus
2593 4095 2960 4150 calceamenta
2990 4090 3353 4154 abstraheret,
3382 4086 3551 4143 vesti-

1974 4198 2152 4246 menta
2181 4190 2504 4261 susciperet,
2527 4200 2587 4243 ut
2605 4184 3157 4245 exeuntiecaloribus
3186 4182 3386 4238 sabana
3413 4194 3550 4250 pra:-

1973 4282 2146 4347 beret,
2178 4290 2339 4351 atque
2382 4295 2542 4334 omne
2583 4277 2943 4334 ministerium
2977 4290 3100 4332 cum
3148 4288 3345 4345 magno
3375 4270 3547 4326 famu-

1976 4372 2086 4427 latu
2122 4379 2420 4443 perageret.
2453 4369 2696 4440 Cumque
2726 4370 2829 4423 hoc
2851 4367 3047 4438 saepius
3076 4364 3300 4429 faceret,
3324 4361 3547 4436 presby-

1978 4471 2063 4519 ter
2082 4462 2169 4517 die
2213 4462 2448 4534 quadam
2482 4461 2546 4516 ad
2590 4459 2779 4515 balnea
2808 4459 3001 4524 iturus,
3035 4457 3175 4512 intra
3202 4453 3551 4522 semetipsum

1977 4556 2224 4628 cogitans
2258 4555 2431 4610 dixit:
2462 4554 2594 4610 Viro
2622 4552 2694 4607 illi
2722 4553 2812 4623 qui
2853 4550 2983 4605 mihi
3005 4549 3142 4606 solet
3165 4557 3274 4603 tam
3317 4545 3551 4602 devotis-

1979 4648 2113 4703 sime
2142 4647 2208 4703 ad
2245 4646 2530 4701 lavandum
2561 4643 2809 4715 obsequi,
2858 4642 3100 4714 ingratus
3135 4652 3398 4712 apparere
3442 4651 3545 4691 non

1981 4740 2180 4806 debeo;
2231 4741 2324 4795 sed
2354 4738 2555 4809 aliquid
2599 4753 2686 4793 me
2728 4751 2953 4792 necesse
2981 4744 3063 4791 est
3113 4734 3163 4789 ei
3206 4745 3305 4803 pro
3325 4735 3550 4786 munere

1982 4844 2219 4909 portare.
2253 4831 2404 4889 Tunc
2434 4833 2568 4888 duas
2594 4846 2779 4887 secum
2805 4830 3135 4887 oblationum
3184 4838 3416 4883 coronas
3458 4823 3555 4878 de-
3625 4876 3630 4881 .

1989 4928 2110 4984 tulit
2145 4946 2156 4980 :
2220 4925 2311 4997 qui
2366 4940 2489 4981 mox
2532 4931 2591 4980 ut
2626 4923 2871 4995 pervenit
2915 4921 2981 4976 ad
3032 4922 3239 4984 locum,
3282 4915 3561 4973 hominem

1985 5016 2215 5083 invenit,
2256 5025 2418 5087 atque
2471 5032 2537 5072 ex
2593 5031 2743 5071 more
2793 5013 2912 5085 ejus
2972 5009 3232 5081 obsequio
3278 5009 3332 5062 in
3381 5004 3559 5062 omni—

1982 5114 2082 5170 bus
2137 5124 2269 5167 usus
2308 5120 2415 5166 est.
2475 5108 2632 5164 Lavit
2671 5109 2874 5176 itaque,
2913 5114 2970 5161 et
3003 5117 3126 5159 cum
3174 5101 3286 5171 jam
3334 5097 3563 5155 vestitus

1980 5200 2238 5258 voluisset
2272 5199 2485 5272 egredi,
2533 5199 2635 5255 hoc
2675 5197 2815 5269 quod
2847 5209 3031 5250 secum
3076 5184 3362 5255 detulerat,
3392 5186 3556 5242 obso-

1984 5294 2171 5367 quenti
2203 5293 2303 5350 sibi
2338 5293 2456 5347 viro
2501 5307 2599 5363 pro
2635 5286 3013 5346 benedictione
3044 5280 3256 5348 obtulit,
3288 5288 3479 5353 petens
3498 5286 3561 5332 ut

1985 5385 2214 5458 benigne
2240 5384 2540 5454 susciperet
2562 5381 2703 5451 quod
2733 5376 3012 5435 cbaritatis
3042 5374 3216 5449 gratia
3245 5372 3295 5427 ei
3321 5368 3558 5458 offerret.

1988 5476 2085 5534 Cui
2120 5456 2214 5533 ille
2256 5489 2495 5530 moerens
2542 5471 2877 5540 afflictusque
2915 5466 3188 5536 respondit
3227 5480 3240 5513 :
3274 5456 3405 5517 Mihi
3461 5458 3564 5515 ista

1987 5586 2157 5642 quare
2184 5568 2307 5636 das,
2338 5566 2541 5622 Pater?
2585 5565 2693 5620 Iste
2712 5561 2869 5632 panis
2894 5568 3112 5616 sanctus
3141 5565 3227 5614 est
3258 5570 3273 5610 :
3304 5562 3406 5627 ego
3426 5552 3570 5607 hunc

1990 5665 2316 5721 manducare
2341 5677 2446 5717 non
2478 5673 2731 5731 possum;
2758 5672 2846 5712 me
2868 5656 3067 5711 etenim
3096 5667 3254 5724 quem
3270 5650 3443 5713 vides,
3466 5644 3572 5703 ali-

1990 5757 2206 5833 quando
2229 5755 2331 5813 loci
2347 5751 2503 5827 hujus
2523 5752 2772 5809 dominus
2787 5748 2883 5816 fui,
2905 5748 3000 5804 sed
3020 5761 3119 5819 pro
3130 5744 3304 5821 culpis
3324 5740 3462 5799 meis
3483 5737 3573 5796 hic
