4092 6332
49 33 62 138 Ξ

599 321 738 381 1303
1411 320 1469 377 8.
1510 317 1869 378 PASCHASII
1905 314 2254 374 BADBERTI
2289 315 2579 372 ABBATIS
2615 311 3060 372 CORBEIENSIS
3725 321 3858 380 13οι

598 447 724 510 post
740 444 972 493 mortem
1001 436 1288 505 deputatus
1301 448 1440 490 sum.
1469 433 1731 490 Stantem
1759 431 1892 489 mihi
1918 439 2181 503 praestare
2207 439 2260 494 Α
2283 440 2340 486 et
2367 445 2496 486 caro
2524 429 2623 486 sub
2667 443 2848 502 specie
2897 431 3056 501 panis
3104 432 3300 487 visibili
3357 433 3494 488 nihil
3531 433 3676 488 aliud
3701 451 3858 506 quam

598 527 803 602 aliquid
819 527 924 594 vis,
950 524 1461 597 omnipotenti-Deo
1501 541 1604 598 pro
1644 522 1894 580 meoﬂ‘er
1913 523 2058 578 hunc
2086 536 2182 593 pa-
2233 581 2236 586 ,

596 636 744 685 nem,
777 629 838 676 ut
862 634 962 691 pro
979 619 1220 690 peccatis
1243 619 1379 674 meis
1401 618 1751 682 intervenias,
1779 626 1836 672 et
1859 625 1989 672 tunc
2011 630 2178 671 exau-

597 716 770 770 ditum
800 721 853 770 te
877 729 998 769 esse
1024 727 1313 784 cognosce,
1342 728 1464 766 cum
1509 711 1616 767 huc
1649 711 1718 766 ad
1761 708 2053 765 lavandum
2081 722 2178 763 ve-

597 806 769 871 neris,
797 813 853 860 et
891 819 978 860 me
1025 803 1248 858 minime
1290 802 1602 858 inveneris:
1651 803 1705 856 in
1758 801 1952 873 quibus
1999 800 2179 856 verbis

599 898 888 968 disparuit,
918 907 972 951 et
1002 897 1049 950 is
1069 896 1159 966 qui
1181 909 1301 950 esse
1328 894 1490 950 homo
1517 894 1821 958 videbatur,
1850 907 2180 949 evanescen-

600 987 668 1042 do
700 987 934 1040 innotuit
980 985 1106 1056 quia
1139 985 1360 1054 spiritus
1401 983 1522 1039 fuit.
1549 984 1698 1040 Idem
1737 1000 1866 1040 vero
1895 984 2180 1056 presbyter

597 1079 937 1134 hebdomada
960 1078 1217 1133 continua
1239 1093 1357 1136 sese
1391 1094 1489 1148 pro
1517 1093 1581 1133 eo
1606 1078 1660 1133 in
1687 1078 1942 1150 lacrymis
1965 1077 2175 1145 afﬂixit,

599 1170 891 1225 salutarem
920 1171 1152 1226 hostiam
1191 1171 1432 1240 quotidie
1450 1172 1664 1238 obtulit,
1689 1181 1742 1226 et
1775 1180 1898 1242 post
1927 1187 2178 1229 reversus

599 1265 666 1318 ad
699 1263 970 1326 balneum,
1021 1279 1144 1320 eum
1180 1263 1294 1333 jam
1335 1265 1561 1320 minime
1615 1267 1838 1320 invenit.
1875 1265 1991 1333 Qua
2017 1282 2083 1322 ex
2118 1283 2178 1324 re

599 1365 862 1426 quantum
893 1358 1062 1427 prosit
1103 1357 1387 1414 animabus
1413 1357 1647 1413 fidelium
1676 1359 1976 1414 immolatio
2007 1375 2177 1416 sacrae

597 1445 888 1501 oblationis
939 1448 1100 1502 etiam
1166 1456 1288 1519 post
1341 1458 1569 1504 mortem
1621 1448 1781 1506 facile
1828 1451 2174 1518 ostenditur,

598 1541 812 1608 quando
835 1541 975 1596 hanc
1000 1549 1055 1596 et
1084 1541 1187 1613 ipsi
1213 1548 1546 1597 mortuorum
1569 1542 1791 1612 spiritus
1821 1558 1850 1597 a
1873 1544 2178 1602 viventibus

595 1640 804 1700 petunt,
841 1641 894 1687 et
923 1633 1074 1704 signa
1111 1633 1370 1697 indicant,
1398 1632 1595 1701 quibus
1619 1643 1807 1704 postea
1837 1635 2070 1692 absoluti
2097 1637 2177 1691 vi-

597 1725 843 1778 deantur.
874 1723 1117 1794 Denique
1157 1723 1202 1778 si
1245 1707 1556 1780 insolubiles
1604 1725 1774 1797 culpae
1814 1743 1922 1783 non
1952 1726 2173 1795 fuerint,

2280 516 2408 577 caro
2430 523 2760 594 porrigitur;
2793 521 2888 578 sed
2919 537 3066 589 caro,
3095 524 3221 594 quia
3249 524 3304 579 in
3330 525 3524 581 eadem
3553 542 3723 582 carne
3746 543 3859 598 pas-

2280 625 2373 668 sus
2401 612 2454 668 in
2481 614 2710 669 veritate
2753 604 3028 686 creditur;
3074 616 3232 686 panis
3278 632 3429 683 vero,
3477 620 3604 688 quia
3637 635 3856 691 granum

2278 703 2535 760 frumenti
2560 707 2762 762 cadens
2791 706 2844 760 in
2878 716 3101 773 terram,
3129 716 3186 762 et
3208 725 3308 765 nos
3333 725 3399 764 ex
3423 711 3540 782 ipso
3569 711 3859 768 nihilaliud

2278 812 2438 868 quam
2483 796 2815 853 frumentum
2854 813 2954 869 per
2985 799 3146 854 fidem
3194 803 3398 871 genuit.
3440 801 3599 858 Unde
3645 815 3746 873 per
3768 804 3861 859 hoc

2279 888 2515 960 seipsum
2550 889 2664 944 suis
2692 891 2956 946 membris
2979 907 3045 946 ex
3078 907 3137 946 sc
3161 893 3304 948 uatis
3334 895 3498 949 vitam
3528 895 3788 965 praebuit,
3814 906 3864 953 et

2277 981 2586 1054 praestando
2628 983 2763 1037 nihil
2809 983 2964 1038 nobis
3017 983 3163 1038 aliud
3213 1001 3374 1054 quam
3423 987 3584 1056 panis
3632 997 3861 1042 aeternus

2277 1073 2398 1128 fuit.
2429 1073 2573 1130 Nihil
2602 1075 2787 1130 enimt
2841 1075 2906 1131 ad
2952 1075 3177 1147 ﬁguram
3215 1077 3556 1134 manifestius
3582 1121 3600 1146 ,
3641 1079 3862 1136 nihilad

2277 1169 2597 1239 mysterium
2653 1169 3000 1224 evidentius:
3063 1187 3291 1242 granum
3356 1173 3558 1243 quippe
3613 1173 3861 1229 frumenti

2276 1258 2522 1319 Christus
2548 1260 2603 1314 in
2643 1270 2842 1316 terram
2884 1261 3113 1329 cecidit,
3164 1264 3260 1318 sed
3300 1263 3468 1319 multa
3511 1280 3688 1334 grana
3720 1265 3783 1319 de
3811 1280 3862 1321 se

2277 1352 2482 1422 genuit,
2511 1367 2632 1421 quae
2661 1351 2917 1408 nimirum
2960 1368 3130 1424 grana
3172 1353 3308 1409 nihil
3327 1357 3352 1395 ε
3380 1355 3528 1410 aliud
3557 1371 3730 1426 quam
3761 1356 3861 1412 fru-

2277 1451 2540 1511 mentum,
2567 1445 2710 1514 quod
2742 1445 2798 1500 in
2814 1445 2842 1486 h
2869 1446 3124 1504 horreum
3148 1460 3527 1504 coacervatur.
3555 1450 3718 1506 Unde
3739 1454 3861 1505 mira

2277 1534 2334 1589 in
2365 1535 2483 1606 ipso
2518 1544 2718 1592 nostrae
2753 1545 2963 1594 naturm
2992 1541 3172 1596 unitas
3217 1542 3564 1610 praedicatur.
3595 1541 3736 1597 Nam
3756 1558 3863 1597 om-

2277 1641 2376 1682 nes
2401 1627 2672 1693 novimus,
2703 1629 2847 1698 quod
2876 1633 3032 1699 panis
3063 1647 3203 1687 unus
3225 1647 3292 1687 ex
3322 1632 3510 1688 multis
3540 1633 3864 1688 naturaliter

2278 1718 2462 1788 granis
2497 1717 2749 1774 efficitur.
2789 1719 2866 1774 Ex
2897 1736 3006 1790 quo
3034 1730 3220 1776 nostra
3261 1723 3317 1777 in
3350 1721 3572 1779 Christo
3597 1739 3864 1780 commen—

596 1819 664 1873 ad
692 1820 1084 1876 absolutionem
1125 1821 1386 1890 prodesse
1421 1820 1721 1882 innumeris
1751 1821 1919 1875 etiam
1948 1821 2177 1875 mortuis
2207 1798 2256 1860 Β
2282 1811 2442 1868 dalul‘
2478 1813 2658 1868 unitas
2678 1854 2696 1881 ,
2739 1821 2795 1870 et
2821 1814 2992 1884 ﬁgura
3021 1817 3270 1873 verilatis
3301 1817 3355 1872 iu
3383 1819 3658 1889 mysterio
3685 1835 3864 1890 appro-

594 1910 814 1965 victima
844 1925 1014 1965 sacrae
1043 1911 1329 1967 oblationis
1367 1919 1565 1982 potest.
1605 1911 1715 1965 Sed
1761 1911 2039 1966 sciendum
2079 1927 2179 1967 no-

595 2001 680 2054 bis
719 2000 946 2069 estquia
978 2000 1085 2055 illis
1108 2016 1262 2056 sacra
1290 2001 1510 2057 victima
1561 2005 1792 2057 mortuis
1815 2003 2057 2073 prodest,
2083 2003 2174 2072 qui

595 2091 826 2146 vivendo
851 2090 1220 2159 obtinuerunt,
1247 2101 1307 2148 ut
1331 2095 1494 2149 etiam
1521 2093 1659 2165 'post
1683 2103 1910 2151 mortem
1935 2095 2050 2166 ipsa
2075 2095 2172 2149 bo-

596 2197 664 2235 na
695 2181 969 2251 adjuvent,
1015 2200 1133 2254 qua:
1161 2185 1250 2240 hic
1279 2200 1376 2255 pro
1417 2185 1547 2255 ipsis
1587 2184 1656 2239 ab
1693 2185 1814 2241 aliis
1843 2185 1996 2241 fiunt.
2030 2185 2176 2241 Inter

597 2273 711 2328 haec
738 2283 917 2329 autem
943 2277 1274 2346 pensandum
1305 2285 1386 2332 cst
1407 2277 1548 2347 quod
1573 2278 1740 2332 tutior
1758 2278 1845 2332 via
1874 2279 1963 2343 sit,
1992 2286 2051 2332 ut
2076 2281 2175 2333 bo-

595 2381 725 2419 num
760 2367 902 2438 quod
953 2369 1180 2438 quisque
1221 2379 1343 2439 post
1393 2377 1627 2424 mortem
1675 2385 1828 2426 suam
1871 2380 2052 2440 sperat
2089 2372 2176 2442 agi

597 2470 695 2525 per
722 2456 876 2523 alios,
901 2469 1024 2531 agat
1054 2461 1180 2515 dum
1203 2459 1337 2514 vivit
1358 2460 1497 2530 ipse.
1531 2461 1747 2516 Bestius
1769 2462 1968 2532 quippe
2003 2472 2088 2518 est
2113 2463 2176 2518 li-

595 2549 787 2604 berum
813 2552 982 2619 exire,
1005 2569 1168 2624 quam
1197 2563 1321 2624 post
1341 2553 1557 2609 vincula
1582 2554 1886 2610 libertatem
1910 2571 2172 2624 quarerc.

596 2642 865 2700 Debemus
905 2645 1084 2716 itaque
1125 2647 1484 2716 nosmetipsos
1511 2646 1642 2712 Deo,
1690 2647 1815 2702 dum
1842 2647 2093 2712 vivimus,
2122 2648 2178 2704 in

597 2736 776 2790 cordis
822 2738 1237 2809 compunctione
1279 2747 1568 2794 mactare:
1609 2739 1731 2810 quia
1777 2741 1868 2811 qui
1909 2741 2178 2811 passionis

599 2825 894 2883 Dominicae
945 2831 1206 2901 mysteria
1253 2829 1631 2897 celebramus,
1666 2832 1925 2887 debemus
1974 2833 2178 2890 imitari

598 2920 741 2986 quod
777 2919 1005 2990 agimus.
1040 2921 1190 2977 Tunc
1217 2937 1347 2994 ergo
1373 2938 1502 2978 vera
1543 2939 1642 2994 pro
1670 2923 1825 2978 nobis
1854 2923 1966 2979 Deo
2000 2925 2178 2980 hostia

599 3010 722 3075 erit,
755 3025 915 3080 quam
945 3001 1220 3070 offerimus
1244 3055 1260 3080 ,
1289 3030 1411 3071 cum
1436 3030 1535 3071 nos
1564 3016 1710 3086 ipsos
1733 3016 1966 3072 hostiam
1986 3015 2180 3072 feceri-

597 3117 736 3156 mus.
765 3103 934 3174 lgitur
962 3105 1088 3161 dum
1115 3121 1212 3177 per
1240 3107 1626 3180 indulgentiam
1663 3109 1922 3178 temporis
1943 3111 2176 3180 spatium

595 3195 880 3262 habemus,
911 3198 1036 3253 dum
1075 3197 1242 3267 judex
1281 3215 1382 3256 nos
1422 3201 1673 3267 sustinet,
1712 3200 1837 3256 dum
1869 3203 2176 3258 conversio-

595 3301 721 3342 nem
747 3297 987 3344 nostram
1021 3291 1066 3346 is
1091 3293 1185 3362 qui
1214 3291 1400 3361 culpas
1421 3293 1698 3348 examinat
1716 3301 2016 3363 exspectat,
2043 3309 2175 3348 con-

593 3376 788 3436 flemus
811 3381 865 3436 in
901 3381 1155 3455 lacrymis
1187 3383 1438 3439 duritiam
1476 3383 1674 3439 mentis
1720 3395 1940 3452 nostrae,
1978 3385 2176 3442 forme-

597 3489 719 3528 mus
751 3473 805 3528 in
827 3475 1088 3545 proximis
1111 3476 1341 3547 gratiam
1369 3476 1736 3546 benignitatis,
1762 3486 1819 3531 et
1844 3478 2072 3533 fidenter
2103 3480 2176 3534 di-

595 3582 680 3633 co,
698 3569 822 3639 quia
840 3569 1062 3624 salutari
1078 3567 1255 3624 hostia
1273 3577 1395 3640 post
1407 3577 1635 3624 mortem
1662 3584 1770 3625 non
1792 3569 2174 3640 indigebimus,

595 3661 641 3716 si
675 3661 802 3716 dum
841 3661 895 3716 in
925 3662 1028 3717 hac
1050 3660 1292 3717 convalle
1345 3660 1708 3732 lacrymarum
1757 3661 2010 3729 vivimus,
2063 3663 2176 3720 Deo

594 3751 769 3806 hostia
797 3753 901 3824 ipsi
931 3753 1212 3808 fuerimus.
1235 3751 1362 3808 Haec
1385 3769 1483 3824 pro
1500 3753 1799 3809 assertione
1828 3768 1999 3809 sacrae
2026 3755 2176 3810 obla-

594 3843 758 3900 tionis
793 3845 936 3900 dicta
983 3843 1278 3910 sufliciant,
1312 3861 1454 3901 nunc
1495 3847 1564 3902 ad
1612 3846 1946 3916 propositum
1989 3848 2177 3905 redea-

589 3947 731 3990 mus.

1177 4071 1405 4128 CAPUT
1462 4070 1530 4126 X.

676 4195 704 4224 ι
732 4181 840 4238 Cur
863 4183 920 4238 in
938 4200 1072 4255 parte
1097 4191 1144 4238 et
1171 4185 1290 4239 vino
1322 4183 1420 4237 hoc
1451 4183 1756 4253 mysterium
1779 4183 2092 4240 celebratur.

657 4316 911 4394 ngitur
957 4321 1012 4376 in
1039 4320 1220 4390 paneb
1255 4319 1378 4376 ideo
1411 4319 1741 4386 celebratur,
1773 4322 1899 4392 quia
1921 4321 2171 4378 Christus

585 4414 740 4487 panis
769 4422 853 4469 est
891 4413 1092 4484 qui-de
1121 4413 1262 4468 coelo
1302 4413 1607 4479 descendit;
1655 4415 1750 4469 sed
1795 4414 1936 4468 sicut
1976 4413 2166 4482 panisc

589 4505 749 4573 longe
779 4504 926 4560 aliud
969 4504 1037 4559 ab
1078 4503 1184 4560 isto
1216 4504 1409 4596 paned
1441 4504 1790 4577 intelligitur,
1821 4505 1897 4558 ita
1932 4504 2088 4596 longe
2113 4507 2168 4560 in
2194 4535 2248 4596 Β

548 4595 734 4671 ,ειίυά
767 4609 895 4650 caro
939 4609 972 4648 a
1013 4593 1227 4650 mortali
1264 4593 1377 4664 jam
1418 4603 1603 4651 nostra
1633 4609 1800 4650 carne
1836 4595 2159 4651 secernitur.

582 4686 721 4742 Caro
752 4686 932 4754 itaque
973 4700 1070 4753 per
1111 4685 1417 4755 passionem
1442 4693 1497 4742 et
1526 4700 1654 4740 vera
1679 4701 1808 4742 caro
1830 4687 2164 4758 redemptio-

584 4793 712 4834 nem
761 4793 872 4834 suae
898 4777 1222 4834 conditionis
1249 4776 1430 4847 explet
1474 4794 1488 4832 :
1529 4779 1686 4847 panis
1713 4793 1842 4834 vero
1865 4778 2066 4833 victum
2095 4779 2164 4836 ad

579 4870 938 4928 aeternitatem
988 4870 1192 4926 renatis
1249 4869 1675 4926 immortalitatis
1721 4871 1946 4941 praebet.
1984 4872 2164 4944 Atque

579 4964 704 5021 ideo
749 4978 850 5020 nec
873 4964 1096 5030 mirum,
1118 4962 1163 5018 si
1186 4977 1316 5018 caro
1346 4961 1547 5018 Christi
1575 4963 1732 5034 panis
1752 4963 1973 5034 dicitur,
1995 4981 2119 5022 cum
2135 4977 2161 5008 ο

649 5109 678 5140 ι
697 5095 758 5154 ln
780 5097 1156 5154 recentissimo
1175 5096 1361 5153 codice
1389 5095 1447 5152 S.
1479 5094 1736 5153 German.
1763 5098 1853 5154 hic
1879 5099 2068 5156 titulus
2084 5101 2163 5157 sic

578 5167 838 5227 δεδι-ωτι
875 5167 1028 5235 Quod
1055 5170 1153 5223 hoc
1186 5169 1487 5238 mysterium
1532 5177 1810 5238 utrumque
1847 5179 1896 5224 et
1944 5172 2067 5224 caro
2111 5182 2161 5226 et

576 5241 730 5326 partis
768 5240 982 5306 dicitur,
1031 5249 1079 5294 et
1128 5239 1192 5294 de
1243 5239 1382 5304 vino,
1422 5239 1559 5310 quod
1605 5255 1670 5294 ex
1702 5238 1882 5294 multis
1931 5240 2162 5311 liquatur

577 5327 712 5367 illi”.

647 5403 679 5446 ιι
712 5404 770 5461 In
788 5404 928 5477 good.
955 5403 1154 5477 reginae
1181 5401 1389 5459 Suecize
1429 5409 1484 5456 et
1512 5398 1677 5456 duob.
1708 5399 1872 5472 regiis
1896 5400 2113 5458 additur
2138 5422 2151 5458 :

579 5473 712 5531 Haec
745 5475 959 5530 oblatio.

652 5580 676 5609 α
717 5568 861 5624 Editi
887 5568 1088 5624 addunt
1111 5567 1219 5633 ille,
1240 5569 1382 5637 quod
1412 5581 1540 5622 mss.
1568 5564 2152 5637 praetermittuntﬁod.

579 5639 707 5695 Mai.
740 5638 882 5693 Mon.
911 5639 1002 5692 sed
1025 5638 1154 5693 sicut
1176 5638 1285 5702 ille,
1307 5637 1508 5694 omisso
1526 5637 1698 5707 panis.

650 5726 679 5764 ⁸
715 5727 956 5792 Quatuor
982 5743 1110 5782 mss.
1144 5727 1344 5781 addunt
1377 5735 1600 5781 terreno.
1627 5765 1634 5780 .

658 5805 684 5836 ο
722 5796 887 5855 Editi,
906 5796 1030 5848 dum
1050 5811 1174 5848 caro
1199 5797 1504 5864 porrigitur,
1527 5805 1584 5850 at
1617 5812 1748 5854 mss.
1773 5798 1839 5855 ad
1853 5813 2017 5854 unum
2036 5813 2156 5855 om-

2278 1904 2455 1959 batur.
2477 1905 2560 1962 Ad
2593 1906 2697 1962 hoc
2741 1908 2939 1980 quippe
2989 1909 3117 1964 illud
3156 1927 3318 1966 unum
3366 1923 3657 1968 mortuum
3685 1923 3771 1968 est
3815 1915 3862 1969 in

2279 2003 2444 2064 terra,
2479 2004 2541 2052 ut
2576 2014 2644 2053 ex
2663 1998 2778 2068 ejus
2803 2000 2960 2070 adipe
2981 2011 3035 2056 et
3056 2003 3378 2075 pinguedine
3407 2020 3510 2061 nos
3549 2005 3863 2062 fecundare-

2279 2105 2422 2157 mur,
2455 2091 2547 2160 qui
2569 2099 2629 2146 ut
2647 2093 2762 2162 ipse
2793 2093 2869 2148 ait
2897 2113 2908 2148 :
2942 2094 3063 2149 Nisi
3089 2108 3352 2152 mortuum
3382 2095 3564 2168 fuerit,
3595 2100 3862 2171 ipsumso-

2279 2177 2386 2233 lum
2414 2191 2588 2236 ntanet
2614 2181 2797 2253 (Ioan.
2816 2199 2918 2250 xu,
2939 2184 3051 2257 24).
3085 2189 3102 2228 ί
3139 2187 3290 2244 Nunc
3317 2202 3446 2246 vero
3465 2191 3598 2260 quia
3625 2202 3860 2247 mortuus

2280 2273 2618 2340 resurrexit,
2676 2275 2904 2330 multum
2951 2277 3063 2348 jam
3114 2278 3350 2336 fructum
3399 2281 3559 2338 affert
3607 2282 3718 2338 ini
3762 2300 3862 2340 cre-

2279 2359 2550 2417 dentibus.
2576 2363 2653 2418 De
2677 2379 2786 2435 quo
2813 2365 3070 2423 nimirum
3121 2369 3298 2426 fructu
3337 2387 3477 2428 unus
3513 2374 3682 2444 panis
3703 2373 3860 2430 efﬁci-

2282 2460 2390 2519 tur,
2412 2453 2540 2524 quia
2589 2453 2840 2512 Christus
2891 2466 2948 2513 et
2991 2459 3234 2516 Ecclesia
3279 2479 3445 2516 unum
3495 2479 3710 2536 corpus
3755 2479 3864 2520 esse

2278 2547 2556 2616 probatur.
2589 2546 2744 2604 Unde
2764 2549 2968 2605 dictum
2991 2561 3112 2608 est:
3145 2551 3214 2608 Et
3257 2564 3410 2609 erunt
3449 2555 3560 2610 duo
3608 2557 3672 2610 in
3721 2573 3862 2612 eam

2279 2652 2386 2691 una
2410 2635 2461 2709 (Ι
2483 2635 2606 2693 Cor.
2636 2654 2714 2706 vr,
2749 2638 2856 2712 l6).
2906 2640 3075 2698 Recte
3116 2659 3246 2713 ergo
3289 2645 3393 2714 hoc
3441 2647 3772 2717 mysterium
3811 2647 3860 2702 in

2279 2745 2420 2800 pane
2440 2729 2768 2800 celebratur,
2799 2743 3064 2803 quatenus
3095 2751 3192 2807 per
3221 2737 3326 2793 hoc
3363 2737 3524 2794 altius
3555 2738 3863 2810 designetur

2281 2820 2412 2891 quid
2442 2821 2496 2876 in
2525 2836 2592 2878 eo
2613 2833 2833 2896 geratur
2850 2825 2898 2880 ιι.
2933 2825 3109 2887 Simili
3130 2828 3292 2885 modo
3312 2839 3368 2884 et
3385 2829 3440 2884 in
3475 2829 3607 2884 viuo
3635 2831 3782 2901 quod
3802 2846 3860 2884 ex

2279 2913 2466 2970 multis
2492 2914 2730 2987 liquatur
2760 2917 2902 2985 uvis,
2926 2926 2982 2975 et
3022 2919 3089 2975 de
3116 2920 3300 2977 multis
3347 2921 3400 2976 in
3429 2937 3598 2976 unum
3649 2922 3860 2977 confluit

2281 3007 2484 3077 granis,
2508 3023 2629 3078 qua:
2656 3009 2912 3066 nimirum
2943 3027 3111 3082 grana
3154 3013 3410 3068 virtutum
3455 3029 3524 3068 ex
3557 3013 3654 3069 illa
3690 3029 3860 3070 creve-

2282 3109 2409 3155 runt
2429 3101 2538 3158 vite
2566 3118 2686 3174 qua
2722 3104 2932 3160 dixerat
2963 3123 2977 3160 :
3009 3105 3122 3177 Ego
3142 3123 3258 3160 sum
3279 3108 3393 3162 uitis
3414 3124 3554 3175 vera,
3578 3127 3676 3164 vos
3699 3119 3857 3164 autem

2277 3191 2517 3264 palmites
2563 3193 2745 3266 (Joan.
2773 3213 2858 3261 xv,
2904 3197 2982 3268 5).
3024 3197 3141 3253 Non
3193 3206 3372 3270 potest
3407 3215 3538 3272 ergo
3565 3197 3790 3273 palmes
3828 3216 3854 3255 a

2280 3283 2479 3355 seipse,
2502 3285 2606 3342 nisi
2635 3287 2689 3342 in
2715 3288 2823 3344 vite
2850 3289 3132 3358 manserit,
3161 3289 3340 3346 facere
3368 3290 3628 3348 fructum.
3660 3292 3853 3349 Idcirco

2280 3377 2463 3432 vinum
2487 3378 2630 3449 quod
2649 3377 2885 3434 bibimus
2908 3380 3126 3450 sanguis
3158 3391 3243 3436 est
3288 3380 3530 3450 ejusdem
3585 3382 3723 3438 vitis
3770 3381 3852 3452 qui

2282 3470 2347 3526 de
2381 3470 2550 3526 latere
2587 3469 2704 3539 ejus
2740 3468 2914 3526 fluxit.
2969 3469 3104 3527 Nam
3151 3473 3278 3529 vitis
3318 3482 3373 3529 et
3424 3472 3636 3545 palmes
3695 3487 3849 3528 unum

2279 3573 2406 3619 sunt
2459 3578 2678 3634 corpus,
2725 3573 2780 3620 et
2821 3566 2942 3621 ideo
2987 3581 3152 3621 unum
3201 3565 3434 3622 fructum
3479 3565 3624 3623 ferre
3677 3566 3849 3622 viden-

2279 3664 2396 3720 tur,
2447 3655 2574 3726 quia
2646 3671 2752 3711 uva
2807 3673 2968 3728 quam
3017 3658 3222 3729 palmes
3273 3656 3468 3726 affert,
3539 3657 3610 3714 de
3671 3657 3846 3712 radice

2278 3746 2531 3818 profluxit
2569 3749 2716 3805 vitis.
2764 3749 2902 3807 llinc
2949 3766 3165 3824 quoque
3205 3760 3261 3810 et
3285 3751 3535 3810 Christus
3583 3766 3694 3807 uva
3731 3749 3847 3805 dici-

2277 3850 2388 3907 tur,
2419 3857 2580 3912 quam
2603 3841 2718 3897 veri
2748 3839 3189 3914 lexploratores,
3237 3844 3602 3916 apostolorum
3651 3844 3846 3900 scilicet

2275 3943 2330 3991 et
2371 3936 2758 4006 prophetarum
2803 3940 3003 3995 chorus
3026 3979 3042 4005 ,
3085 3939 3202 3995 suis
3237 3940 3305 3994 ad
3340 3954 3438 3995 nos
3465 3937 3714 3994 humeris
3737 3937 3839 3993 for-

2275 4027 2405 4082 titer
2439 4038 2716 4099 gestantes
2759 4031 3084 4086 detulerunt.
3141 4030 3295 4089 Unde
3343 4031 3546 4087 Paulus
3605 4032 3842 4104 egregius

2273 4120 2631 4191 praedicator:
2653 4119 2856 4186 Pretio,
2889 4123 3083 4194 inquit,
3109 4125 3265 4194 empti
3285 4125 3424 4189 estis,
3449 4132 3656 4193 portate
3679 4121 3846 4176 Doni-

2275 4231 2398 4268 num
2422 4225 2464 4254 ιιι
2494 4213 2758 4270 Christum
2784 4217 2840 4270 in
2863 4233 3078 4288 corpore
3101 4227 3264 4272 vestro
3292 4217 3346 4288 (1
3371 4216 3493 4273 Cor.
3521 4233 3601 4283 vr,
3632 4216 3748 4290 20).
3777 4215 3842 4272 De

2272 4322 2378 4376 qua
2407 4308 2639 4376 denique
2662 4323 2767 4363 uva
2793 4308 2919 4363 dum
2941 4308 3107 4379 praelo
3127 4309 3388 4378 premitur
3414 4310 3709 4379 passionis,
3731 4324 3840 4365 san-

2273 4397 2392 4466 guis
2432 4395 2637 4454 ellluxit
2665 4398 2870 4454 salutis.
2921 4399 3059 4455 Hinc
3107 4399 3316 4472 Moyses
3353 4401 3502 4456 canit
3533 4402 3594 4456 in
3624 4401 3837 4464 cantico,

2275 4489 2419 4559 quod
2448 4490 2787 4546 constituerit
2815 4489 3066 4561 populum
3102 4506 3257 4546 suutn
3287 4491 3551 4547 Dominus
3588 4505 3834 4561 superev-

2273 4581 2466 4637 celsam
2506 4591 2732 4650 terram,
2786 4592 2842 4637 ut
2881 4582 3168 4638 comedent
3221 4581 3422 4652 {ructus
3480 4599 3744 4653 agrorum,
3791 4589 3834 4635 et

2269 4683 2475 4744 sugeret
2494 4673 2598 4729 mel
2621 4673 2685 4728 de
2725 4683 2892 4744 petra,
2923 4672 3193 4745 oleumque
3222 4673 3287 4728 de
3309 4689 3438 4728 saxo
3467 4673 3764 4738 durissimo,
3789 4678 3832 4725 et

2266 4771 2455 4840 sangui
2460 4782 2574 4825 nem
2587 4788 2699 4826 uva!
2711 4771 2901 4827 biberet
2917 4771 3330 4825 meracissimum
3345 4769 3525 4842 (Deut.
3540 4785 3708 4834 xxxv,
3729 4769 3836 4838 £5).

2267 4859 2344 4916 De
2383 4876 2492 4932 quo
2527 4861 2781 4917 nimirum
2821 4861 3083 4934 sanguine
3107 4860 3286 4916 omnis
3314 4849 3835 4914 inebriatur

2266 4953 2538 5022 Ecclesia;
2566 4965 2620 5011 et
2659 4955 2781 5012 ideo
2807 4955 3044 5024 speciem
3081 4954 3194 5009 vini
3228 4954 3354 5026 jure
3383 4960 3526 5009 tenet
3563 4953 3624 5009 in
3661 4965 3826 5016 salsa.

2267 5101 2400 5144 nes:
2431 5086 2565 5170 Cum
2591 5095 2639 5170 et
2661 5101 2783 5141 caro
2807 5085 2903 5140 sub
2929 5085 3097 5157 specie
3121 5085 3334 5152 risibili,
3359 5082 3494 5138 nihil
3521 5083 3669 5138 aliud
3683 5096 3822 5154 que-

2267 5158 2860 5310 ἴαςο
2879 5227 3208 5310 saetigeram
3777 5221 3842 5278 εει

2264 5301 2492 5372 ﬁguram
2520 5298 2803 5353 evidentius
2837 5298 2968 5352 nihil
2992 5299 3062 5382 uel
3102 5300 3404 5383 mysterium
3424 5299 3741 5368 expressius.

2341 5374 2366 5413 8
2408 5372 2482 5424 Ita
2511 5375 2715 5424 sentem
2748 5383 2878 5424 mss.
2909 5367 3082 5424 Edttt.
3114 5368 3246 5424 mhtl
3269 5367 3417 5423 altud
3438 5378 3584 5422 sunt.

2341 5374 2366 5413 8
2408 5372 2482 5424 Ita
2511 5375 2715 5438 septem
2748 5383 2878 5424 mss.
2909 5367 3082 5431 Editi,
3114 5367 3246 5424 nihil
3269 5367 3417 5423 aliud
3438 5367 3584 5422 sunt.

2332 5443 2361 5483 ιι
2401 5440 2572 5505 Flor.,
2601 5439 2657 5494 in
2686 5437 2934 5494 Ecclesia:
2961 5441 3226 5495 horreum.

2339 5515 2357 5554 ί
2401 5511 2562 5576 Editi,
2595 5522 2848 5566 maneret.

2337 5582 2352 5634 i
2401 5583 2568 5654 Editi,
2594 5581 2648 5636 in
2674 5598 2729 5636 se
2748 5581 3096 5654 credentibus.
3112 5599 3135 5648 ;
3154 5583 3248 5654 sed
3275 5596 3411 5638 mss.
3436 5587 3771 5654 expungunt
3795 5589 3875 5631 se.

2335 5655 2363 5695 ιι
2405 5653 2624 5709 Mamer.
2667 5663 2723 5707 et
2758 5651 2927 5718 Ulim,
2946 5667 3069 5708 cum
3098 5653 3335 5724 quinque
3359 5651 3521 5724 mss,
3547 5668 3608 5722 ge
3626 5651 3886 5710 uertitur.

2337 5724 2359 5764 ι
2399 5725 2588 5779 Plures
2619 5739 2752 5780 mss.
2782 5739 2906 5780 cum
2939 5725 3115 5785 editis,
3150 5722 3650 5792 viri'explorctores.

2285 5855 2290 5862 ,
2335 5805 2374 5828 ⁸
2399 5794 2476 5852 Ita
2495 5809 2684 5851 omnes
2704 5811 2843 5866 pene
2871 5809 2974 5850 ms.
2995 5794 3160 5855 Editi,
3176 5803 3377 5848 uortate
3401 5792 3584 5847 Deum.
