4078 6348
307 338 444 396 1305

1221 338 1346 395 LIB.
1393 339 1480 395 DE
1513 338 1836 397 CORPOBE
1871 334 1960 392 ET
1996 334 2346 396 SANGUINE
2385 340 2638 398 DOMINI.

3418 345 3558 404 i306

305 453 433 510 dum
480 451 794 524 spiritaliter
838 453 1054 524 sanguis
1099 462 1312 524 potatur
1351 455 1404 510 in
1432 455 1709 528 mysterio,
1751 454 1877 525 quia
1904 453 1957 514 A
1981 455 2340 522 attendimus;
2372 456 2446 512 ita
2470 472 2684 527 quoque
2708 457 2752 512 si
2784 467 3084 516 mutaretur
3118 460 3173 516 in
3202 475 3442 528 carnem,
3472 463 3562 519 ui-

305 545 436 602 binc
464 543 800 601 letificamur
835 546 1062 616 spiritali
1102 547 1281 603 laetitia
1329 549 1396 603 ad
1431 549 1682 620 gaudium
1710 565 1726 615 ;
1756 549 1882 604 hinc

307 652 438 696 vero
465 651 494 680 ι
519 639 837 694 redimimur
867 639 935 695 de
959 649 1135 697 morte
1155 642 1222 696 ad
1249 643 1438 707 vitam,
1461 651 1518 698 et
1540 643 1714 714 pretio
1739 641 1884 698 salu-

307 730 380 786 tis
425 736 624 785 nostrae
665 729 895 787 interius
935 731 1262 803 saginamur.
1303 732 1380 788 De
1427 732 1622 802 quibus
1674 732 1882 788 duobus

307 820 478 876 David
526 822 796 877 cecinerat
837 821 893 877 in
934 823 1212 896 mysterio,
1245 823 1387 894 quod
1421 825 1574 894 panis
1605 824 1885 894 conﬁrmat

309 931 402 969 cor
428 915 676 981 hominis,
702 923 751 970 et
779 916 954 970 vinum
987 917 1240 986 lctiﬁcat,
1275 917 1460 988 utique
1498 917 1685 972 laetitia
1728 917 1886 987 spiri-

310 1004 425 1058 tali.
455 1003 682 1075 Propter
704 1005 848 1076 quod
889 1006 943 1061 in
971 1009 1159 1062 eadem
1181 1008 1479 1063 substantia
1497 1008 1618 1079 jure
1647 1007 1887 1064 celebra-

312 1101 401 1147 tur
428 1093 531 1148 hoc
563 1094 879 1165 mysterium
917 1096 1127 1164 salutis,
1159 1099 1285 1168 quia
1321 1097 1570 1154 Christus
1604 1099 1760 1170 panis
1802 1105 1887 1154 est

312 1186 404 1255 qui
454 1186 520 1241 de
560 1186 698 1242 caelo
744 1188 1036 1257 descendit,
1067 1198 1122 1245 et
1164 1193 1349 1247 vinum
1395 1207 1502 1263 quo
1549 1192 1888 1248 laetiﬁcantur

313 1280 476 1334 corda
505 1280 862 1338 credentium.
889 1282 967 1338 De
1003 1299 1109 1352 quo
1136 1285 1390 1340 nimirum
1420 1285 1614 1356 Joseph
1641 1285 1884 1351 meridie,

314 1383 420 1438 qua
460 1368 594 1425 hora
646 1369 892 1427 Christus
944 1388 1138 1443 passus
1181 1384 1300 1441 est,
1344 1375 1642 1431 inebriatus
1693 1374 1890 1443 legitur

317 1459 543 1532 mystice
579 1476 703 1517 cum
754 1462 1009 1519 fratribus
1054 1465 1187 1521 suis.
1229 1465 1381 1523 Unde
1411 1475 1468 1522 et
1493 1481 1610 1531 nos,
1640 1465 1686 1520 si
1717 1466 1890 1521 adhuc

317 1567 511 1622 aquam
562 1561 767 1609 tantum
809 1569 917 1610 non
954 1557 1212 1628 sapimus,
1263 1559 1409 1614 intus
1448 1559 1801 1625 inebriamur,
1837 1564 1893 1613 et

317 1646 614 1718 gaudemus
641 1649 708 1704 de
739 1650 899 1719 bonis
925 1651 1137 1709 Domini
1162 1669 1325 1724 super
1362 1651 1649 1718 frumento,
1685 1653 1810 1707 vino
1837 1659 1893 1707 et

319 1739 458 1805 oleo,
495 1756 602 1810 quo
639 1740 840 1812 perfusi
875 1758 1061 1801 sumus
1112 1745 1292 1802 laetitia
1341 1754 1563 1812 aeterna,
1608 1755 1662 1801 et
1697 1747 1892 1816 gaudio

319 1836 694 1894 exsultationis
723 1837 778 1892 in
809 1839 1059 1896 Domino.
1093 1839 1203 1896 Nos
1231 1840 1377 1896 enim
1405 1855 1513 1896 non
1538 1839 1711 1895 solum
1741 1840 1896 1894 vinea

321 1929 557 1996 Domini,
584 1929 678 1985 sed
707 1938 762 1986 et
803 1932 1072 1988 vindemia
1112 1931 1227 2002 ejus
1260 1949 1465 1990 sumus.
1495 1933 1570 1988 De
1601 1949 1706 2004 qua
1735 1933 1898 1987 nimi-

321 2037 442 2076 rum
469 2022 626 2078 vinea
653 2021 900 2080 Christus
920 2026 974 2079 in
997 2025 1236 2082 Canticis
1267 2045 1280 2082 :
1316 2026 1661 2093 Vindemiavi,
1703 2027 1896 2098 inquit,

320 2117 591 2186 myrrham
641 2133 756 2171 cum
809 2122 1086 2190 unguentis
1137 2122 1308 2186 meis;
1351 2123 1664 2176 manducavi
1712 2139 1900 2193 panem

323 2224 494 2261 meum
532 2225 648 2262 cum
684 2209 834 2265 melle
875 2227 1011 2277 meo,
1038 2223 1084 2266 et
1115 2213 1218 2268 bibi
1254 2215 1429 2268 vinum
1461 2231 1578 2268 cum
1623 2213 1756 2269 lacte
1786 2231 1899 2269 meo

325 2298 501 2366 (Cant.
529 2317 583 2366 γ,
608 2300 659 2372 1)
690 2318 705 2367 ;
753 2303 846 2358 sed
870 2317 976 2357 non
997 2305 1026 2343 ι)
1061 2305 1208 2374 prius
1233 2307 1386 2375 panis
1419 2305 1720 2361 comeditur
1739 2320 1899 2375 quam

324 2392 548 2462 myrrha
571 2392 624 2446 in
642 2394 797 2448 nobis
816 2393 1246 2451 mortiﬁcationis
1268 2405 1562 2467 turgescat,
1585 2404 1641 2452 et
1660 2411 1901 2467 unguen-

327 2496 442 2540 tum
484 2486 608 2543 boui
655 2488 836 2544 odoris
881 2491 1102 2547 naribus
1138 2501 1501 2563 reSpergatur.
1533 2492 1684 2547 Tunc
1720 2492 1902 2562 itaque

325 2594 521 2649 panem
549 2594 672 2635 cum
698 2580 885 2648 melle,
911 2583 1051 2653 quod
1081 2584 1146 2640 de
1173 2592 1346 2655 petra,
1379 2600 1500 2654 quae
1525 2585 1774 2640 Christus
1798 2596 1901 2652 est,

327 2671 504 2737 ﬂuxit,
529 2673 858 2728 comedimus
885 2674 932 2743 (ο
952 2689 1071 2730 cum
1099 2675 1152 2730 in
1169 2676 1284 2746 ipso
1304 2677 1577 2747 credimus
1597 2675 1732 2730 duas
1746 2683 1904 2730 natu-

331 2783 440 2832 ras,
468 2768 705 2824 divinam
728 2777 782 2822 et
803 2767 1138 2838 humanam);
1166 2775 1291 2824 tunc
1311 2769 1498 2838 utique
1517 2767 1700 2822 vinum
1728 2756 1906 2820 suavi-

333 2864 461 2920 tatis
490 2879 611 2919 cum
641 2865 782 2921 lacte
804 2864 1037 2920 bibimus
1067 2862 1208 2933 (cum
1236 2875 1334 2931 per
1365 2874 1576 2916 sacram
1606 2857 1907 2912 doctrinam

332 2957 680 3028 intelligimus
723 2957 906 3011 vinum
957 2955 1274 3024 sanguinem
1315 2952 1432 3021 ejus
1473 2949 1646 3021 esse).
1682 2948 1909 3018 Propter

331 3050 499 3121 quod,
526 3050 652 3120 quia
683 3050 735 3104 in
775 3049 893 3104 istis
915 3047 1124 3103 duobus
1153 3048 1269 3102 haec
1296 3045 1525 3116 mystica
1559 3043 1906 3118 tegebantur,

251 3197 276 3207 η
335 3152 542 3197 rectum
579 3140 679 3196 fuit
716 3149 776 3196 ut
805 3141 860 3195 in
907 3139 990 3194 his
1029 3139 1268 3194 divinum
1298 3137 1450 3192 ﬁeret
1489 3132 1907 3199 sacramentum;

335 3242 601 3305 quatenus
628 3240 803 3287 totum
847 3230 1164 3301 spiritaliter
1197 3229 1498 3300 intelligere
1529 3242 1682 3283 mens
1707 3234 1914 3297 satage-

335 3335 439 3391 ret,
470 3325 561 3382 ubi
598 3323 733 3380 nihil
761 3322 979 3379 carnale
1005 3321 1207 3378 sentire.
1235 3321 1390 3385 licet;
1427 3319 1567 3375 unde
1593 3318 1620 3358 ά
1653 3319 1793 3374 idem
1821 3333 1917 3387 pa-

338 3417 423 3472 nis
449 3414 718 3479 Christus,
744 3414 836 3485 qui
866 3414 931 3469 de
959 3413 1098 3468 coelo
1118 3411 1413 3477 descendit,
1449 3411 1503 3466 in
1530 3410 1633 3466 hoc
1659 3409 1917 3481 mysterio

339 3508 625 3576 accipitur,
656 3507 799 3562 sicut
827 3514 882 3561 et
913 3520 1041 3561 caro
1073 3521 1192 3574 quae
1221 3504 1277 3559 in
1307 3518 1468 3559 cruce
1492 3502 1764 3575 pependit,
1793 3515 1917 3557 cum

341 3599 549 3670 integer
575 3599 828 3669 deinceps
851 3595 1098 3653 Christus
1129 3604 1462 3666 perseveret,
1489 3594 1617 3650 licet
1643 3594 1712 3649 ab
1738 3591 1916 3648 omni-

340 3690 442 3746 bus
471 3690 711 3760 quotidie
740 3689 950 3754 edatur,
983 3697 1038 3743 et
1070 3689 1129 3743 ﬁt
1151 3687 1307 3758 panis
1334 3686 1551 3757 quidem
1576 3685 1643 3739 ad
1671 3684 1837 3740 vitam
1865 3691 1920 3738 et

341 3780 656 3838 ﬁrmitatem
700 3782 889 3847 animi,
942 3795 1071 3835 caro
1114 3795 1245 3836 vero
1295 3779 1364 3834 ad
1407 3778 1668 3832 unitatem
1713 3786 1922 3832 naturae

345 3881 545 3927 nostrae
565 3881 620 3928 et
637 3871 1026 3942 redemptionis
1046 3871 1300 3941 pretium.
1328 3867 1481 3926 Unde
1507 3868 1620 3938 ipse
1645 3868 1720 3922 ait
1746 3887 1758 3921 :
1784 3864 1921 3922 Caro

344 3979 461 4020 mea
489 3974 563 4019 est
601 3980 695 4036 pro
726 3961 910 4017 mundi
937 3962 1062 4028 vita,
1092 3970 1139 4016 et
1163 3961 1378 4032 sanguis
1404 3975 1520 4014 vere
1545 3959 1634 4030 qui
1660 3975 1754 4029 pro
1783 3957 1923 4012 vobis

347 4060 648 4132 e/fundetur
686 4058 742 4111 in
760 4054 1115 4110 remissionem
1153 4060 1480 4123 peccatorum
1511 4049 1786 4121 (Joan.v1,
1809 4047 1920 4119 62).

350 4155 487 4211 Hinc
511 4168 644 4211 sane
666 4162 751 4209 est
785 4152 928 4224 quod
959 4149 1226 4222 sapientia
1252 4148 1348 4204 Dei
1389 4147 1566 4203 Patris
1593 4145 1783 4203 maluit
1822 4146 1926 4202 hoc

351 4247 669 4320 mysterium
719 4245 774 4299 in
822 4244 1057 4314 speciem
1102 4242 1259 4312 panis
1306 4256 1370 4296 ac
1414 4239 1526 4295 vini
1573 4253 1925 4310 permanere,

351 4354 515 4410 quam
567 4338 622 4393 in
653 4335 886 4393 colorem
931 4350 996 4390 ac
1045 4348 1290 4406 saporem
1327 4331 1509 4388 carnis
1552 4338 1610 4386 et
1653 4328 1930 4400 sanguinis

353 4430 647 4496 demutari,
680 4429 808 4499 quia
846 4442 946 4483 nec
982 4427 1088 4482 hac
1126 4433 1208 4481 est
1239 4425 1353 4495 jam
1399 4423 1542 4495 quod
1571 4421 1801 4487 videtur,
1831 4434 1932 4475 nec

1983 546 2059 604 hil
2082 547 2311 618 amplius
2338 563 2466 604 caro
2492 548 2693 605 Christi
2724 559 2868 606 esset
2898 567 3062 623 quam
3089 562 3192 620 est,
3223 555 3351 624 quia
3386 562 3557 611 totum

1983 639 2225 710 spiritale
2269 649 2352 696 est
2399 641 2543 710 quod
2587 643 2954 711 comedimus,
3019 646 3130 702 imo
3169 646 3358 702 durius
3415 655 3563 702 esset

1985 738 2173 786 contra
2201 732 2641 788 consuetudinem
2669 734 2982 803 humanam,
3013 735 3140 793 licet
3167 752 3387 793 carnem
3417 738 3561 793 salu-

1984 823 2074 888 tis,
2111 832 2290 880 tamen
2321 839 2539 880 carnem
2563 825 2795 882 hominis
2819 826 3019 882 Christi
3048 828 3102 882 in
3127 829 3362 899 speciem
3385 838 3438 884 et
3463 843 3559 884 co-

1985 911 2153 969 lorem
2178 914 2348 984 ipsius
2374 923 2653 982 mutatam,
2683 928 2738 973 et
2769 919 2951 974 vinum
2977 919 3034 974 in
3061 935 3307 976 cruorem
3335 935 3561 976 conver-

1987 1017 2105 1058 sum
2129 1004 2390 1075 accipere.
2424 1005 2576 1062 Unde
2600 1017 2655 1063 et
2681 1008 2755 1064 illi
2786 1009 2964 1065 adhuc
2987 1010 3147 1065 rudes
3170 1010 3414 1080 discipuli
3439 1025 3562 1064 car-

1986 1095 2183 1152 naliter
2227 1099 2518 1168 sapientes,
2562 1101 2810 1157 dicebant
2851 1121 2863 1156 :
2909 1101 3089 1157 Durus
3134 1111 3210 1157 est
3254 1103 3338 1157 hic
3391 1117 3558 1155 sermo

1988 1186 2170 1259 (Joan.
2190 1203 2267 1254 vt,
2293 1188 2406 1260 61),
2430 1206 2554 1245 cum
2579 1191 2784 1248 diceret
2809 1211 2821 1246 :
2847 1191 2968 1247 Nisi
2993 1193 3431 1248 manducaveritis
3451 1207 3563 1246 car-

1987 1295 2105 1334 nem
2137 1279 2237 1349 lilii
2270 1282 2515 1342 hominis,
2554 1293 2603 1337 et
2650 1283 2878 1338 biberitis
2927 1284 3040 1351 eius
3081 1279 3406 1354 sanguinem,
3459 1298 3562 1336 non

1988 1371 2240 1427 habebitis
2260 1374 2417 1428 vitam
2446 1376 2498 1429 in
2527 1375 2666 1430 vobis
2695 1385 2985 1431 manentem
3007 1375 3195 1447 (Ibid.,
3219 1373 3338 1447 54);
3366 1383 3420 1430 et
3454 1389 3562 1430 non

1989 1471 2242 1532 poterant
2268 1466 2532 1522 sustinere
2569 1468 2754 1538 utique
2779 1467 2928 1540 {quia}
2951 1467 3242 1523 carnaliter
3269 1482 3332 1522 ea
3369 1465 3567 1522 intelli-

1991 1554 2207 1626 gebant.
2260 1556 2350 1612 Sic
2382 1558 2563 1629 itaque
2591 1567 2647 1615 et
2683 1558 2770 1615 ille
2800 1559 3089 1616 carnaliter
3125 1561 3284 1630 sapit,
3315 1559 3406 1630 qui
3446 1559 3568 1614 ideo

1992 1662 2098 1702 non
2121 1648 2295 1703 credit
2317 1651 2589 1705 carnalem
2615 1651 2814 1707 Christi
2839 1666 2958 1707 esse
2986 1661 3042 1706 et
3071 1651 3409 1722 sanguinem,
3441 1647 3567 1717 quia

1995 1740 2229 1808 speciem
2278 1749 2332 1796 et
2384 1743 2618 1798 colorem
2668 1744 2906 1799 exterius
2957 1759 3064 1800 non
3116 1742 3361 1798 mutavit.
3416 1738 3569 1795 Unde

1925 1811 1975 1876 Β
2004 1833 2266 1887 orandum
2292 1832 2322 1872 ιι
2351 1841 2412 1887 ut
2445 1834 2557 1904 ipse
2590 1849 2688 1905 per
2714 1851 2774 1890 se
2807 1834 3053 1891 Christus
3073 1834 3272 1896 veniat,
3302 1839 3358 1885 et
3387 1843 3569 1885 come-

1999 1922 2092 1977 dat
2115 1939 2308 1994 panem
2338 1940 2461 1980 cum
2491 1925 2649 1980 melle
2685 1941 2782 1981 suo
2825 1927 2880 1981 in
2924 1927 3101 1992 nobis,
3132 1935 3187 1981 et
3218 1925 3399 1979 vinum
3447 1936 3569 1977 cum

2001 2015 2139 2070 lacte
2164 2016 2332 2082 bibat,
2360 2016 2484 2086 quia
2512 2016 2618 2071 nisi
2643 2017 2889 2072 Christus
2919 2018 3058 2071 Deus
3080 2025 3137 2072 et
3162 2017 3323 2071 homo
3344 2029 3469 2069 vere
3491 2028 3575 2067 1n-

2003 2107 2288 2178 telligatur,
2322 2116 2379 2162 et
2403 2109 2588 2163 vinum
2620 2109 2838 2181 sanguis
2869 2110 2886 2149 ί
2920 2110 3037 2179 ejus
3058 2123 3179 2164 cum
3205 2108 3342 2162 lacte
3369 2105 3572 2161 doctri-

2001 2216 2083 2256 nae
2132 2200 2515 2268 admisceatur,
2544 2216 2652 2255 non
2678 2209 2857 2272 potest
2898 2200 3111 2255 inﬁrma
3143 2199 3155 2250 i
3193 2213 3347 2264 mens
3383 2210 3577 2266 capere

2001 2291 2178 2346 lucem
2215 2292 2460 2348 veritatis
2490 2300 2544 2348 et
2571 2291 2908 2363 mysterium,
2943 2292 3027 2346 vel
3055 2291 3199 2362 quod
3223 2290 3463 2344 divinum
3492 2294 3576 2342 est

2003 2400 2316 2457 agnoscere.
2351 2385 2455 2441 Ubi
2489 2385 2623 2440 mira
2651 2386 2828 2440 unitas
2853 2386 2905 2440 in
2936 2385 3058 2450 hoc,
3085 2385 3240 2439 sicuti
3275 2392 3332 2437 et
3369 2382 3424 2436 in
3456 2380 3577 2436 aliis

2004 2477 2333 2548 quibuslibet
2352 2476 2506 2544 locis,
2530 2477 2731 2533 Christi
2758 2485 2814 2532 et
2832 2477 3086 2532 Ecclesiae
3108 2475 3430 2538 declaratur,
3449 2473 3577 2526 dum

2005 2574 2146 2644 quod
2169 2588 2267 2628 nos
2292 2573 2346 2627 in
2373 2571 2464 2626 illo
2494 2571 2735 2642 gerimus
2778 2579 2834 2625 et
2861 2570 2950 2625 ille
2975 2569 3028 2623 in
3059 2567 3214 2624 nobis
3240 2581 3402 2637 agere
3427 2578 3552 2619 mon

2007 2675 2209 2722 stratur
2232 2667 2280 2720 ιι.
2320 2664 2456 2720 Nam
2483 2665 2608 2720 dum
2632 2678 2733 2720 nos
2758 2671 2904 2719 recte
2927 2675 3120 2732 panem
3151 2675 3277 2716 cum
3297 2657 3462 2714 'melle
3487 2671 3581 2712 coo

2011 2759 2293 2825 medimus,
2325 2765 2379 2813 et
2415 2757 2601 2811 vinum
2631 2754 2814 2811 calicis
2842 2769 2961 2809 cum
2991 2752 3128 2807 lacte
3154 2758 3425 2822 potamus,
3453 2756 3580 2801 tunc

2008 2864 2063 2907 et
2095 2853 2209 2923 ipse
2245 2867 2308 2906 ea
2335 2867 2393 2906 se
2423 2851 2474 2905 in
2503 2849 2659 2904 nobis
2685 2861 2895 2904 sumere
2921 2853 3168 2911 testatur,
3200 2843 3326 2913 quia
3355 2855 3452 2912 per
3478 2841 3582 2896 hoc

2010 2961 2111 3001 nos
2127 2945 2179 3000 in
2200 2960 2354 3000 suum
2391 2958 2589 3014 corpus
2618 2940 3087 3010 trajicit,etunum
3123 2936 3177 2991 in
3195 2935 3284 2990 illo
3299 2932 3579 2988 efﬁcimur.

2080 3039 2137 3092 2.
2171 3036 2277 3091 Pro
2314 3034 2508 3090 talibus
2537 3034 2700 3104 igitur
2738 3039 2794 3087 et
2830 3027 3198 3101 hujuscemodi
3227 3024 3477 3096 negotiis,
3508 3023 3584 3078 ﬁli

2015 3127 2348 3191 cbarissime,
2391 3126 2614 3196 provide
2642 3139 2771 3179 sane
2816 3123 2871 3176 in
2910 3135 3048 3191 pane
3083 3127 3138 3173 et
3164 3118 3312 3182 vino,
3338 3117 3455 3171 sine
3478 3114 3586 3169 ulla

2017 3219 2415 3278 decoloratione
2441 3215 2776 3280 substantias,
2808 3213 2910 3267 hoc
2937 3209 3250 3282 mysterium
3281 3205 3506 3260 interius
3534 3204 3587 3258 vi

2016 3324 2072 3370 et
2098 3319 2365 3383 potestate
2403 3309 2583 3365 divina
2610 3305 2909 3378 peragitur,
2939 3311 2999 3356 ut
3037 3308 3092 3356 et
3124 3299 3296 3354 virtus
3322 3295 3445 3351 ﬁdei
3476 3294 3591 3349 eni-

2019 3412 2130 3460 teat
2159 3404 2210 3458 in
2241 3400 2533 3465 intellectu,
2565 3407 2622 3453 et
2645 3395 2887 3454 doctrina
2913 3391 3044 3446 ﬂuat
3072 3390 3197 3445 hinc
3227 3387 3351 3442 inde
3382 3385 3436 3440 in
3460 3398 3591 3454 ope-

2017 3495 2224 3552 ratione
2256 3491 2275 3530 1
2306 3487 2651 3552 sacramenti,
2683 3495 2737 3540 et
2768 3482 2969 3540 veritas
3000 3477 3335 3550 resplendeat
3370 3474 3422 3529 in
3457 3487 3593 3544 prae.

2021 3586 2341 3660 ﬁguratione
2385 3581 2653 3654 mysterii.
2706 3577 2842 3633 Nam
2884 3569 3275 3630 Melchisedech
3330 3565 3480 3636 prius
3537 3564 3593 3618 in

2022 3679 2192 3749 ﬁgura
2228 3684 2331 3732 ista
2365 3672 2637 3729 obtulerat
2669 3683 2866 3740 panem
2899 3675 2954 3722 et
2981 3665 3184 3718 vinum.
3219 3660 3340 3715 Ideo
3373 3668 3595 3712 necesse

2021 3747 2208 3826 fuitut
2232 3783 2392 3824 verus
2420 3778 2517 3821 rex
2552 3762 2701 3834 pacis
2737 3769 2792 3815 et
2815 3755 3054 3828 pontifex
3083 3760 3271 3809 noster
3295 3747 3595 3820 secundum

2022 3860 2268 3917 ordinem
2297 3857 2442 3912 illius
2463 3854 2649 3910 eadem
2673 3849 2908 3914 oﬁerret,
2929 3853 3196 3918 quatenus
3215 3856 3314 3912 per
3339 3839 3443 3894 hoc
3465 3835 3597 3905 ﬁgu-

2025 3967 2208 4010 rarum
2241 3964 2280 3991 m
2310 3949 2511 4005 veritas
2555 3945 2897 4007 claresceret,
2944 3948 3001 3996 et
3035 3937 3127 4009 qui
3168 3933 3411 3990 esuriunt
3432 3928 3598 4001 justi-

2025 4051 2156 4107 tiam
2187 4055 2241 4102 et
2269 4046 2478 4109 sitiunt,
2510 4042 2718 4097 duobus
2744 4037 2866 4094 istis
2906 4036 2961 4091 in
2995 4033 3082 4088 via
3123 4028 3389 4086 interdum
3431 4023 3600 4080 satia-

2026 4151 2236 4199 rentur.
2297 4136 2573 4209 Siquidem
2611 4147 2770 4203 pane,
2814 4129 2910 4202 qui
2953 4141 3053 4199 pro
3090 4121 3237 4179 omni
3279 4119 3401 4175 cibo
3439 4129 3600 4209 quam

2029 4249 2172 4305 saepe
2199 4233 2256 4288 in
2292 4206 2588 4300 Scripturis
2626 4227 2861 4296 ponitur,
2903 4227 2960 4276 et
2997 4232 3120 4274 cum
3162 4211 3413 4269 omnibus
3463 4206 3603 4292 esgis

2032 4339 2332 4400 congruere
2358 4323 2593 4387 videtur,
2621 4317 2830 4376 esuries
2868 4315 3278 4383 temperaretur,
3315 4310 3442 4374 potu
3472 4313 3605 4354 vero

2035 4399 2314 4492 sanguinis
2350 4417 2468 4473 sitis
2505 4414 2660 4485 quasi
2701 4407 2908 4466 caelesti
2936 4418 3058 4462 rore
3095 4400 3428 4457 madesceret
3456 4403 3518 4459 ιι,
3550 4399 3607 4492 et

354 4523 510 4580 ﬁeret
544 4481 948 4591 illudjamplius
989 4527 1050 4574 ut
1075 4527 1222 4574 esset
1239 4481 1376 4572 caro
1411 4481 1468 4570 et
1494 4514 1731 4584 sanguis,
1769 4481 1932 4583 quam
1959 4523 2010 4584 ι)
2035 4481 2268 4586 ρετνιιοε
2315 4481 2546 4580 amplius
2596 4506 2759 4560 homo
2807 4501 2874 4555 ad
2909 4494 3174 4569 justitiam
3210 4487 3522 4591 refe-ctus}
3551 4481 3606 4536 in

358 4625 419 4671 ut
445 4613 759 4687 percipitur.
792 4611 904 4668 Nos
928 4610 1073 4666 enim
1115 4609 1172 4664 in
1209 4622 1276 4664 eo
1321 4607 1468 4662 illum
1503 4620 1698 4675 panem
1734 4604 1828 4674 qui
1870 4602 1938 4656 de

358 4710 497 4769 c0210
527 4706 801 4766 descendit
829 4705 1194 4766 comedimus,
1225 4709 1280 4775 et
1317 4700 1438 4756 ideo
1463 4698 1662 4754 dicitur
1690 4713 1703 4750 :
1737 4694 1938 4750 comedi

357 4820 548 4875 panem
569 4800 690 4874 [al.,
715 4797 914 4870 favum]
941 4814 1059 4852 cum
1085 4793 1235 4850 melle
1263 4807 1372 4846 meo
1396 4790 1572 4862 (Cant.
1601 4804 1656 4854 v,
1689 4787 1763 4858 l),
1795 4785 1937 4856 quod

362 4896 418 4950 in
446 4893 536 4950 illo
560 4887 856 4947 divinitatis
877 4887 1101 4946 dulcedo
1122 4895 1176 4941 et
1203 4882 1512 4940 humanitas
1536 4892 1559 4920 θ
1585 4879 1936 4952 praedicatur;

363 4985 568 5042 idcirco
585 4983 726 5039 sicut
739 4982 794 5037 in
811 4981 917 5037 isto
942 4978 962 5018 ί
987 4991 1231 5048 saporem
1251 4974 1408 5046 panis
1425 4981 1518 5028 aut
1534 4971 1770 5029 colorem
1790 4985 1896 5026 non
1915 4971 1942 5010 ε

440 5175 468 5204 ι
501 5162 674 5229 Flor.,
706 5161 958 5216 redimus.

439 5233 469 5316 ξι
503 5218 724 5317 Μθπίεξιι.
773 5241 831 5288 et
873 5231 1036 5317 Ulim.
1079 5242 1206 5284 cum
1244 5239 1346 5281 ms.
1389 5221 1604 5293 Majoris
1649 5219 1816 5287 Mon.,
1855 5218 1945 5276 sed

372 5305 522 5375 prius
549 5305 702 5376 panis
729 5305 1037 5358 comeditur.

445 5385 468 5414 σε
504 5376 709 5432 Desunt
733 5375 787 5428 in
816 5373 975 5429 editis
1000 5371 1165 5426 verba
1192 5367 1246 5423 in
1275 5363 1584 5436 parenthesi
1610 5365 1804 5436 posita.

448 5445 472 5485 δ
505 5445 702 5512 Vatic.,
721 5445 846 5515 jure
871 5445 1047 5514 itaque
1066 5436 1495 5515 panis‘Christus.

453 5529 478 5557 °
509 5516 642 5572 Octo
665 5510 819 5581 mss.,
847 5524 897 5570 et
923 5510 1283 5567 humanitatis.

457 5588 477 5626 ί
503 5587 562 5643 In
591 5586 710 5642 cod.
741 5577 956 5655 Maioris
979 5581 1122 5638 Mon.
1159 5580 1497 5655 desideratur
1522 5594 1577 5632 in
1597 5577 1717 5630 ista.

455 5661 481 5699 ε
509 5659 566 5712 ln
594 5657 804 5711 duobus
824 5652 960 5710 mss.
987 5652 1312 5724 expungitur
1333 5667 1457 5704 non.

451 5728 480 5768 ιι
504 5727 560 5783 1η
589 5743 694 5782 ms.
724 5725 939 5796 Majoris
964 5716 1109 5780 Μοῖι.
1142 5716 1409 5792 θὶρωιοιο
1433 5720 1690 5774 orandum
1719 5717 1798 5773 sic
1825 5716 1956 5787 legi-

383 5806 491 5854 tur.
520 5797 670 5854 Unde
694 5808 742 5852 et
764 5798 871 5853 inse
895 5813 984 5853 uer
1003 5813 1075 5853 se.

2036 4575 2353 4660 i'ortitudine
2403 4575 2510 4656 cibi
2557 4593 2796 4651 caelestis
2838 4585 3172 4646 constantius
3220 4591 3250 4633 ι)
3298 4575 3604 4634 desudaret.

2039 4699 2152 4754 Hoc
2172 4696 2368 4766 quippe
2388 4699 2515 4765 potu
2537 4704 2600 4744 ac
2624 4687 2746 4742 cibo
2767 4682 2911 4738 Elias
2933 4681 2999 4734 de
3023 4691 3183 4732 manu
3207 4669 3605 4766 angelipastus,

2040 4754 2408 4863 quadraginta.
2431 4782 2636 4843 diebus,
2667 4791 2764 4848 per
2799 4786 2937 4844 quos
2971 4779 3210 4840 praesens
3237 4754 3612 4863 .de-

2040 4849 2303 4952 signatur,
2329 4877 2384 4932 in
2406 4871 2716 4930 fortitudine
2743 4881 2913 4937 usque
2939 4863 3006 4918 ad
3032 4867 3270 4915 montem
3297 4854 3400 4952 Dei
3419 4849 3613 4952 dicitur

2040 4940 2370 5047 pervenisse.
2415 4964 2496 5022 Ex
2543 4977 2649 5034 quo
2693 4965 2940 5031 patenter
2973 4949 3217 5008 innuitur
3261 4943 3404 5017 quod
3460 4940 3614 4997 cibus

2123 5153 2140 5192 ί
2177 5150 2397 5220 Septem
2421 5160 2550 5220 mss.
2575 5143 2776 5213 legunt,
2803 5146 2850 5194 et
2878 5135 3053 5190 vinum
3078 5123 3345 5198 sanguinis
3372 5123 3507 5190 ejus.

2119 5221 2134 5272 ἱ
2177 5217 2294 5276 Dub
2322 5234 2477 5282 mss.,
2505 5217 2657 5286 ﬁrma
2684 5227 2844 5286 mens.

2121 5266 2148 5333 Ῐι
2178 5266 2636 5352 Editimnionsirat,
2661 5266 2754 5339 sed
2780 5289 2968 5336 omnes
2994 5286 3127 5329 mss.
3157 5267 3340 5337 legunt
3361 5266 3620 5317 monstra-

2053 5375 2158 5420 tur.

2129 5416 2154 5474 ιγ
2183 5432 2382 5496 Laud.,
2410 5431 2466 5484 in
2489 5425 2785 5499 operatione
2805 5416 3057 5490 mysterii.

2184 5476 2382 5496 .........,
2491 5476 2708 5499 7----“
2862 5476 2886 5490 ν

2121 5519 2162 5547 ιιι
2193 5504 2412 5558 Mamer.
2447 5515 2568 5555 cum
2597 5503 2828 5567 quatuor
2851 5505 3004 5553 mss.,
3033 5501 3124 5558 per
3147 5484 3281 5537 hanc
3308 5476 3552 5548 ﬁguram.

2124 5588 2153 5616 ιι
2176 5578 2293 5631 Duo
2321 5588 2476 5635 mss.,
2503 5565 2631 5635 ante
2643 5565 2991 5621 hilaresceret.

2128 5657 2152 5685 ο
2181 5647 2290 5710 AL,
2324 5633 2511 5697 rectus.
2620 5633 2637 5655 ‘

2129 5731 2154 5771 r
2181 5703 2317 5774 Tres
2343 5730 2497 5780 ιηθεη
2530 5712 2753 5782 amplius
2781 5703 3079 5760 desudaret.
