4078 6348
518 291 652 349 ιδοτ
1336 287 1392 343 S.
1433 286 1789 355 PASCHASll
1823 285 2172 345 RADBERTI
2206 285 2496 344 ABBATIS
2528 284 2978 344 CORBEIENSIS
3650 285 3791 343 1508

516 389 620 461 iste
655 418 902 459 mamous
924 402 1203 474 angelicis
1239 400 1513 469 defertur,
1547 415 1573 443 δ
1608 418 1672 458 ac
1703 402 1958 469 refertur,
2003 417 2102 473 per
2128 404 2183 465 Α
2202 415 2345 473 aqua
2375 417 2500 459 vere
2535 404 2589 458 in
2620 410 2823 474 potum,
2856 410 2915 457 ut
2941 402 3083 471 quod
3107 402 3271 459 simul
3302 403 3370 458 de
3402 401 3578 459 latere
3606 416 3795 458 mana-

516 513 676 570 quem
710 504 897 553 nostra
922 493 1208 550 inﬁrmitas
1250 493 1510 551 divinitus
1536 495 1832 562 relevatur,
1866 496 1961 566 qui
1992 510 2100 551 non
2200 496 2299 560 vit,
2331 495 2435 550 hoc
2479 502 2648 550 totum
2694 500 2882 549 noster
2912 493 3076 548 homo
3114 493 3201 550 his
3240 492 3452 549 duobus
3494 501 3796 549 renovatus

517 596 621 652 nisi
654 595 782 651 solis
810 593 1000 649 amicis
1026 599 1085 647 et
1114 589 1374 647 fratribus
1400 593 1715 665 porrigitur.
1752 593 2097 663 (Indespec-
2194 587 2368 654 bibat,
2415 596 2478 643 ut
2521 587 2569 643 si
2616 600 2779 658 quam
2828 585 3038 657 peccati
3083 584 3354 640 maculam
3406 592 3533 655 post
3582 583 3796 640 foritem

515 702 611 746 sus
632 686 949 742 adhortatur
972 684 1025 740 in
1045 683 1321 740 Canticis:
1349 681 1897 751 Cameditemaici,“
1921 684 2098 751 bibite,
2196 682 2388 747 traxit,
2421 680 2619 738 habeat
2668 682 2723 736 in
2756 681 2859 736 hoc
2896 679 3095 736 undam
3123 679 3143 720 ι
3172 680 3376 747 vertis,
3418 690 3525 751 qua
3550 678 3800 736 diluatur

516 790 564 838 et
593 778 946 846 inebriamini,
974 778 1273 834 charissimi
1294 776 1472 850 (Cant.
1504 794 1558 845 v,
1586 778 1665 849 2).
1693 778 1829 847 Quia
1858 778 2101 849 profecto
2200 776 2515 832 II|tinnitibus
2526 775 2904 848 iniquitatibus
2916 776 3052 843 suis,
3064 775 3271 831 sanatis
3290 774 3544 832 omnibus
3565 773 3802 831 inﬁrmi-

516 873 640 930 talis
670 887 796 929 esca
840 880 897 927 et
940 881 1103 942 potus
1147 886 1423 942 nunquam
1471 870 1634 941 digne
1680 870 1797 925 sine
1836 869 2101 926 ebrietate
2200 869 2406 925 tatibus
2432 869 2567 935 suis,
2590 876 2647 924 et
2668 870 2901 939 pretium
2921 883 3036 925 sua}
3063 867 3475 939 redemptionis,
3498 881 3614 938 quo
3630 882 3800 924 unus-

517 963 754 1037 Spiritus
774 962 950 1020 sancti
971 962 1307 1034 degustatur.
1334 961 1472 1018 Hinc
1491 977 1705 1033 quoque
1728 962 1894 1017 David
1912 962 2104 1017 ebrius

512 1067 798 1129 gratanter
835 1056 891 1110 in
924 1069 1156 1126 persona
1196 1062 1380 1110 nostra
1414 1054 1563 1110 cauit
1594 1072 1607 1107 :
1640 1051 1857 1109 Parati
1892 1054 1952 1107 in
1976 1066 2103 1107 coa-

514 1161 692 1222 apectu
731 1165 846 1204 meo
888 1164 1124 1204 mensam
1160 1148 1407 1204 adversus
1452 1164 1538 1204 eos
1577 1148 1667 1219 qui
1714 1147 1966 1203 tribulam
1992 1162 2096 1204 ste.

514 1241 869 1313 Impinguasti
907 1243 961 1297 in
998 1240 1110 1296 oleo
1142 1251 1297 1311 caput
1325 1258 1521 1306 meum,
1553 1250 1600 1297 et
1636 1241 1777 1297 calix
1817 1258 1962 1295 nicas
1988 1242 2103 1295 ine-

516 1333 695 1388 brians
722 1349 878 1407 ᾳιιαιιι
904 1331 1193 1403 praeturas
1217 1342 1293 1387 est
1322 1330 1494 1405 (Psal.
1525 1349 1655 1395 χχιι,
1685 1334 1762 1402 5).
1798 1331 2102 1388 Praeclarus

514 1426 725 1497 utique,
751 1427 877 1497 quia
900 1426 1049 1481 omni
1076 1425 1360 1480 veritateb
1390 1424 1598 1491 fulgore
1630 1424 1833 1480 clarius
1864 1424 2102 1494 resplen-

516 1520 627 1583 det,
654 1528 710 1575 et
746 1518 866 1576 luce
895 1519 1071 1575 sancti
1114 1517 1349 1590 Spiritus
1389 1518 1714 1582 illustratur,
1746 1532 1813 1573 ac
1856 1532 1952 1588 per
1997 1516 2100 1572 hoc

513 1610 751 1668 ﬁdelium
797 1610 1033 1667 inebriat
1068 1620 1299 1667 mentes.
1343 1610 1462 1678 Quo
1491 1610 1748 1666 nimirum
1794 1610 1992 1665 haustu
2024 1608 2101 1664 illi

512 1704 649 1759 ebrii
674 1712 833 1760 erant
856 1705 991 1761 hora
1020 1703 1127 1759 diei
1156 1705 1335 1770 tertia,
1365 1720 1527 1774 super
1552 1720 1689 1774 quos
1723 1719 1783 1758 se
1810 1704 1949 1758 idem
1981 1703 2101 1774 Spi-

2194 960 2433 1031 quisque
2462 960 2774 1031 redemptus
2800 961 2869 1016 de
2900 960 2991 1017 die
3017 960 3073 1015 in
3099 960 3241 1015 diem
3268 974 3459 1014 rursus
3478 967 3796 1014 renovetur.

2272 1053 2325 1107 2.
2360 1051 2469 1110 Sed
2512 1062 2569 1110 et
2601 1052 2783 1124 plures
2817 1053 3076 1108 dixerunt
3114 1067 3309 1121 aquam
3352 1050 3473 1108 ideo
3502 1049 3800 1107 admisceri

2188 1146 2420 1211 debere,
2462 1153 2523 1200 ut
2557 1146 2715 1201 simul
2756 1146 2811 1200 in
2849 1146 3052 1202 Christi
3096 1146 3361 1216 sanguine
3400 1145 3712 1215 baptismus
3744 1153 3801 1200 et

2200 1239 2438 1309 pretium
2468 1238 2658 1294 salutis
2686 1237 2817 1293 linat
2846 1257 2858 1293 :
2886 1254 2995 1295 non
3022 1247 3052 1278 ι
3085 1237 3199 1307 jam
3228 1238 3384 1308 quasi
3416 1238 3533 1293 dtur
3563 1252 3673 1303 res,
3706 1238 3802 1294 sed

2198 1345 2329 1394 una,
2360 1330 2581 1399 sanguis
2615 1330 2863 1386 videlicet
2902 1330 3014 1386 ﬁat.
3070 1329 3204 1385 Nam
3246 1338 3301 1385 et
3340 1330 3562 1402 sanguis
3592 1330 3649 1386 in
3681 1345 3805 1385 cor-

2199 1437 2334 1494 pore
2357 1430 2417 1477 ut
2444 1430 2656 1479 crescat
2681 1423 2766 1479 his
2797 1423 3009 1479 duobus
3035 1431 3061 1459 °
3094 1423 3357 1494 pascitur.
3392 1422 3471 1479 Ex
3504 1438 3616 1495 quo
3653 1432 3806 1496 patet

2198 1515 2345 1586 quod
2370 1516 2504 1571 satis
2525 1516 2748 1585 provide
2766 1516 2838 1571 ob
2860 1516 3315 1587 dispensationem
3338 1515 3534 1572 salutis
3564 1525 3791 1583 nostra),

2203 1607 2383 1662 divina
2413 1607 2677 1679 sapientia
2704 1608 2809 1663 hoc
2833 1608 2994 1663 simul
3016 1608 3083 1664 de
3109 1623 3207 1664 suo
3234 1607 3401 1663 latere
3427 1610 3710 1679 produxit,
3740 1619 3805 1665 ut
3870 1608 3877 1613 ’

2204 1700 2347 1755 unde
2389 1700 2583 1756 mulier
2620 1716 2742 1771 qua
2779 1701 3065 1772 deceperat
3102 1702 3336 1773 priorem
3372 1702 3579 1766 Adam,
3612 1714 3804 1760 creata

514 1797 651 1851 ritus
672 1797 885 1867 plenius
908 1795 1217 1852 dill‘uderat.
1244 1796 1452 1851 idcirco
1475 1805 1533 1851 et
1564 1804 1751 1851 nostra
1775 1806 1797 1833 ε
1833 1796 2104 1866 accipien-
2130 1774 2180 1840 Β
2206 1802 2312 1858 est,
2345 1794 2471 1848 inde
2507 1807 2695 1850 rursus
2737 1791 2979 1849 Ecclesia
3025 1793 3313 1860 formetur,
3352 1792 3509 1862 cujus
3546 1793 3805 1850 Christus

515 1889 646 1945 tium
671 1889 1023 1961 praeparanda
1049 1897 1175 1945 sunt
1196 1890 1382 1952 corda,
1408 1898 1465 1942 ut
1487 1889 1580 1943 tali
1611 1889 1768 1959 epulo
1792 1888 2000 1953 refecti,
2034 1888 2100 1943 ad
2206 1884 2259 1939 in
2288 1899 2452 1940 cruce
2476 1894 2699 1954 peccata
2726 1885 2869 1940 tulit.
2902 1883 3021 1953 Quo
3049 1893 3265 1941 constat
3293 1886 3418 1956 quia
3448 1900 3642 1941 omnes
3665 1887 3721 1941 in
3748 1901 3805 1942 se

514 1981 706 2036 altiora
730 1981 785 2035 in
808 1980 1126 2037 fortitudine
1148 1989 1508 2036 transeamus.
1545 1981 1716 2037 Nemo
1742 1981 1922 2050 itaque
1941 1980 2101 2050 digne
2204 1978 2403 2035 levavit
2434 1991 2480 2044 ν,
2504 1978 2635 2034 dum
2658 1991 2858 2034 causas
2880 1979 3123 2033 omnium
3162 1979 3381 2050 pertulit
3415 1980 3467 2033 in
3496 1994 3682 2035 cruce.
3714 1977 3801 2033 ld-

513 2073 732 2143 accipit,
764 2074 869 2129 nisi
895 2074 987 2144 qui
1019 2074 1231 2139 transit,
1250 2075 1456 2131 undeet
1484 2074 1693 2129 Pascha
1731 2074 1989 2129 transitus
2006 2088 2103 2144 ap-

513 2162 759 2234 pellatur.
794 2161 1003 2220 Pasclia
1032 2173 1214 2220 autem
1252 2176 1485 2219 nostrum
1510 2165 1809 2219 inmolatur
1836 2176 1912 2219 est
1946 2164 2104 2220 Clari—

513 2266 650 2321 stus,
681 2254 747 2310 ad
771 2257 916 2326 quod
945 2257 1037 2327 qui
1066 2257 1180 2312 vult
1204 2258 1409 2318 venire,
1440 2266 1496 2312 et
1534 2258 1719 2312 videre
1760 2257 1899 2313 hanc
1940 2257 2104 2313 visio-

513 2362 661 2411 nem,
692 2356 935 2405 transeat
963 2358 1017 2405 et
1048 2349 1161 2420 ipse
1199 2366 1322 2406 cum
1355 2350 1558 2422 Moyse,
1592 2350 1734 2406 sicut
1772 2360 1823 2406 et
1852 2351 2103 2408 Christus

516 2441 770 2497 transivit
795 2440 862 2497 de
890 2442 993 2498 hoc
1017 2443 1236 2509 sarculo,
1264 2452 1322 2497 ut
1354 2450 1494 2499 totus
1513 2440 1630 2511 jam
1657 2442 1918 2513 spiritalis
1945 2443 2105 2514 spiti-

514 2530 645 2587 talia
674 2532 777 2589 ista
807 2548 969 2604 quam
998 2532 1026 2573 d
1059 2534 1218 2606 digne
1245 2535 1526 2604 percipiat.

1127 2628 1358 2685 CAPUT
1398 2628 1489 2684 Xl.

834 2716 945 2775 Cur
970 2720 1025 2774 in
1052 2718 1215 2774 calice
1245 2737 1385 2789 aqua
1424 2721 1706 2775 misceatur
1737 2730 1783 2774 ο.

592 2812 642 2867 l.
673 2811 841 2867 Plane
868 2828 1012 2882 aqua
1043 2812 1099 2868 in
1134 2815 1394 2883 sanguine
1433 2829 1603 2884 quare
1630 2814 1945 2880 misceatur,
1974 2814 2103 2872 dum

516 2902 570 2958 in
618 2902 785 2958 natali
823 2903 1009 2959 calicis
1047 2904 1250 2959 factum
1304 2905 1473 2960 fuisse
1514 2905 1533 2946 τ
1570 2922 1677 2961 non
1723 2906 1982 2976 legimus,
2014 2908 2104 2964 illa

514 2995 854 3066 permaxima
897 3010 1061 3052 causa
1113 3006 1219 3062 est,
1265 2997 1392 3066 quia
1435 2998 1503 3053 de
1551 2998 1721 3055 latere
1752 2999 1978 3066 Christi,
2011 3000 2106 3056 ubi

513 3088 703 3160 passio
728 3088 1050 3159 completur,
1082 3090 1303 3161 sanguis
1332 3091 1540 3159 pariter
1566 3100 1621 3146 et
1654 3108 1792 3163 aqua
1824 3093 2098 3161 manavit;

2198 2074 2353 2129 circo
2398 2073 2641 2130 Ecclesia
2668 2088 2789 2145 quae
2818 2074 2871 2129 in
2916 2073 3009 2130 illo
3036 2074 3197 2130 simul
3226 2074 3348 2139 fuit,
3381 2073 3506 2143 jure
3534 2075 3603 2130 de
3633 2074 3805 2130 latere

2204 2167 2405 2222 dicitur
2426 2181 2679 2223 manasse
2707 2183 2722 2231 ;
2752 2182 2872 2237 qua:
2891 2167 3028 2223 bene
3049 2182 3148 2239 per
3168 2183 3384 2237 aquam,
3410 2167 3551 2222 sicut
3574 2166 3806 2238 Cypria-

2204 2275 2311 2316 nus
2336 2260 2710 2315 sanctissimus
2731 2261 2827 2325 ait,
2856 2260 3186 2331 designatur.
3213 2260 3366 2318 Unde
3391 2261 3445 2316 iu
3468 2261 3803 2334 Apocalypsi

2204 2353 2430 2422 angelus
2443 2368 2611 2423 aquas
2626 2368 2747 2410 esse
2762 2353 2988 2425 populos
3002 2354 3392 2426 interpretatur
3407 2371 3422 2419 ;
3437 2364 3493 2410 et
3514 2357 3641 2411 ideo
3656 2366 3807 2412 recte

2204 2447 2479 2517 provisum
2498 2455 2605 2510 est,
2630 2448 2759 2518 quia
2782 2457 2812 2497 ιι
2836 2447 2999 2504 simul
3025 2463 3148 2504 cum
3173 2447 3437 2519 sanguine
3460 2448 3639 2513 ﬂuxit,
3670 2450 3805 2505 utin

2204 2539 2309 2594 hoc
2346 2539 2606 2611 mysterio
2634 2540 2747 2596 veri
2779 2540 3059 2611 sanguinis
3084 2541 3468 2607 admisceatur,
3515 2551 3797 2611 quatenus

2200 2641 2261 2687 et
2284 2647 2384 2688 nos
2402 2632 2458 2688 in
2486 2632 2581 2687 illo
2614 2630 2809 2697 simus,
2838 2638 2900 2687 ut
2923 2647 3023 2703 per
3048 2632 3151 2689 hoc
3179 2632 3368 2688 salutis
3397 2642 3807 2689 sacramentum

2204 2722 2406 2779 divinis
2451 2723 2730 2779 obtutibus
2778 2722 2858 2778 illi
2884 2737 2907 2761 ι
2958 2723 3164 2778 conuiti
3216 2723 3442 2795 mystice
3482 2720 3803 2778 oil‘eramur.

2207 2814 2345 2871 Nam
2391 2817 2435 2870 si
2483 2816 2667 2870 vinum
2694 2816 2816 2871 sine
2856 2830 2999 2885 aqua
3043 2814 3323 2879 oﬂ'eratur,
3356 2815 3576 2885 sanguis
3600 2814 3807 2870 Christi

2207 2907 2399 2978 incipit
2416 2922 2540 2963 esse
2558 2908 2678 2963 sine
2701 2908 2888 2973 nobis;
2933 2908 2978 2963 si
3002 2917 3183 2963 autem
3204 2922 3342 2977 aqua
3361 2907 3495 2971 sola,
3515 2906 3632 2977 jam
3656 2906 3808 2977 plebs

2206 2999 2426 3078 videtur
2448 3013 2575 3071 esse
2608 2999 2729 3055 sine
2754 2999 2991 3056 Christo.
3029 2999 3259 3068 Quando
3294 3008 3473 3055 autem
3510 3010 3808 3069 utnimque

2208 3092 2472 3148 miscetur
2512 3100 2573 3147 et
2598 3092 2966 3164 coniungitur,
3012 3100 3141 3147 tunc
3170 3099 3319 3147 recte
3348 3092 3674 3162 mysterium
3706 3092 3809 3148 Ec-

516 3152 661 3251 quod
704 3152 872 3236 recte
898 3152 1220 3253 mysterium
1261 3152 1488 3253 apostoli
1530 3182 1685 3253 plene
1706 3152 2103 3257 intelligentes,
2124 3152 2178 3218 ϐ
2211 3185 2391 3241 clesitc
2418 3152 2739 3256 spiritaliter
2762 3152 3062 3258 perﬁcitur.
3095 3182 3237 3240 Nulli
3264 3152 3428 3257 igitur
3450 3185 3703 3256 liquores
3724 3186 3805 3242 sic

518 3272 756 3330 ﬂendum
786 3277 812 3316 ε
835 3276 889 3331 in
926 3274 1028 3331 hoc
1060 3275 1233 3333 calice
1262 3287 1614 3343 consuerunt,
1642 3287 1699 3334 ut
1734 3279 1865 3335 nihil
1894 3281 2108 3336 deesset

517 3366 675 3422 nobis
725 3367 780 3422 in
829 3369 932 3424 hoc
981 3379 1329 3425 sacramento
1372 3369 1441 3426 ad
1474 3371 1504 3413 ιι
1533 3375 2107 3431 commemorationem

516 3458 806 3528 passionis,
833 3461 978 3531 quod
1010 3470 1141 3516 tunc
1165 3464 1375 3519 exstitit
1402 3463 1458 3518 in
1484 3478 1648 3520 cruce
1674 3465 1728 3519 in
1762 3480 2109 3521 consumma-

517 3548 719 3604 tionem
760 3559 963 3607 nostra
992 3551 1399 3624 redemptionis.
1443 3554 1579 3611 Nam
1609 3567 1897 3626 postquam
1927 3559 2109 3614 emisit

517 3639 788 3711 spiritum,
819 3643 1045 3700 veniens
1068 3660 1208 3699 unus
1240 3647 1469 3703 militum
1501 3649 1713 3718 accepit
1753 3649 2016 3715 lanceam,
2052 3659 2110 3705 et

517 3734 731 3803 aperuit
756 3734 897 3791 latus
926 3736 1063 3810 ejus,
1092 3738 1235 3795 unde
1258 3740 1415 3810 quasi
1445 3740 1515 3795 de
1536 3740 1660 3795 vivo
1696 3743 1708 3781 ί
1746 3741 1894 3796 fonte
1918 3755 2107 3796 mana-

515 3826 597 3882 vit
634 3828 855 3899 sanguis
888 3836 945 3884 et
972 3844 1146 3901 aqua;
1176 3841 1230 3887 et
1267 3832 1355 3887 hic
1374 3841 1463 3888 est
1488 3846 1652 3887 verus
1676 3833 1838 3899 calix,
1865 3836 1988 3904 quia
2016 3849 2107 3891 ve-

518 3920 721 3975 raciter
754 3935 948 3990 passus
989 3919 1130 3991 ιιι-υἱ
1166 3922 1344 3977 salute
1382 3932 1589 3987 nostra,
1618 3938 1724 3977 non
1758 3925 1936 3979 minus
1975 3938 2106 3979 san-

518 4010 735 4082 guinein
762 4012 940 4082 pretii,
958 4029 1123 4084 quam
1150 4016 1347 4070 audam
1376 4016 1402 4055 ιι
1431 4017 1682 4085 baptismi
1709 4016 1862 4084 fudit,
1886 4019 2106 4089 etquod

517 4110 649 4158 tunc
688 4105 755 4159 de
796 4119 964 4161 carne
996 4104 1149 4161 ﬂuxit
1189 4108 1292 4163 hoc
1333 4123 1477 4164 nunc
1509 4110 1793 4165 credentes
1852 4111 1904 4164 in
1937 4110 2107 4166 calice

516 4195 728 4252 bibunt.
768 4196 915 4253 Caro
952 4200 1171 4270 quidem
1210 4202 1374 4257 datur
1425 4204 1478 4257 in
1531 4204 1735 4267 cibum,
1782 4205 2002 4275 sanguis
2044 4213 2106 4261 et

515 4308 819 4448 fatigatio.
845 4320 900 4367 et
919 4310 1068 4369 Flor.
1106 4332 1118 4367 :
1153 4312 1402 4387 Defertur
1442 4317 1509 4371 ad
1539 4313 1707 4371 Deum
1735 4327 1782 4371 et
1814 4316 1883 4370 ad
1905 4334 1997 4373 nos
2026 4336 2107 4374 re-

591 4452 624 4529 b_
648 4452 788 4508 Ε‹Ιίιί
814 4469 938 4510 arm
967 4455 1140 4524 Flor.,
1193 4460 1404 4516 ueritate
1429 4468 1480 4515 et
1514 4459 1749 4529 fulgore,
1780 4459 1871 4513 sed
1926 4459 2107 4529 plures

2209 3291 2270 3332 se
2300 3275 2561 3332 couniunt
2595 3288 2643 3342 ι,
2690 3278 2961 3348 quomodo
3009 3277 3194 3333 vinum
3224 3284 3281 3333 et
3318 3292 3457 3347 aqua
3506 3296 3519 3332 :
3554 3277 3807 3348 profecto

2208 3371 2338 3440 quia
2363 3370 2495 3425 illud
2519 3385 2587 3426 ex
2610 3384 2751 3441 aqua
2780 3385 2878 3442 per
2900 3371 3090 3438 vitem,
3115 3372 3257 3427 sicut
3274 3370 3525 3427 Christus
3542 3385 3609 3427 ex
3632 3387 3806 3429 carne

2204 3474 2310 3533 per
2333 3462 2557 3517 Mariam
2598 3464 2870 3531 nascitur;
2901 3465 2995 3519 sed
3030 3465 3191 3535 longe
3227 3464 3584 3521 excellentius
3614 3466 3803 3521 viuum

2208 3568 2372 3625 quam
2402 3569 2563 3627 aqua.
2605 3556 2623 3593 ί
2653 3555 2802 3623 Quas
2824 3556 3061 3627 denique
3080 3572 3251 3627 aquas
3281 3556 3569 3613 Dominum
3599 3558 3804 3615 idcirco

2206 3654 2572 3705 commutasse
2591 3648 2845 3720 legimus,
2864 3649 2997 3704 utin
3017 3649 3281 3721 sapientia
3304 3658 3490 3705 nostra
3514 3659 3804 3715 evacuata,

2204 3744 2393 3800 vinum
2415 3742 2774 3811 iucunditatis
2796 3743 2852 3798 in
2885 3744 3041 3799 nobis
3061 3743 3406 3799 exuberaret.
3432 3740 3575 3797 Hinc
3598 3756 3801 3812 sponsa

2206 3834 2262 3890 in
2300 3832 2544 3890 Canticis
2570 3852 2585 3888 :
2617 3833 2925 3889 Introduxit
2956 3851 3036 3889 me
3081 3851 3173 3889 rex
3198 3831 3254 3889 iri
3281 3833 3467 3889 cellam
3500 3835 3764 3889 vinariam
3785 3875 3801 3900 ,

2206 3935 2255 3980 et
2277 3925 2536 3980 ordinavit
2559 3925 2614 3980 in
2632 3940 2714 3980 mc
2735 3925 3045 3980 charitatem
3066 3922 3248 3995 (Cant.
3272 3938 3334 3990 n,
3357 3924 3435 3994 4).
3461 3924 3541 3979 Ac
3562 3922 3762 3980 deinde
3786 3942 3801 3978 :

2209 4016 2606 4072 Exsultobimus
2657 4026 2704 4072 et
2744 4017 3047 4072 {tutabimur
3076 4018 3130 4071 in
3163 4028 3209 4071 te
3231 4058 3246 4083 ,
3296 4032 3550 4071 memores
3580 4017 3805 4070 uberum

2207 4120 2419 4164 tuorum
2448 4121 2476 4150 ιι
2510 4111 2687 4179 (Cant.
2720 4126 2759 4174 ι,
2791 4111 2866 4177 3).
2899 4110 3187 4165 Exsultant
3211 4124 3343 4180 ergo
3372 4107 3561 4164 ﬁdeles
3590 4109 3718 4163 dum
3742 4125 3805 4165 se

2206 4202 2511 4274 intelligunt
2540 4203 2610 4257 ad
2640 4209 2845 4259 tantam
2872 4203 3141 4258 unitatem
3188 4200 3392 4257 Christi
3424 4202 3668 4257 sociatos
3707 4202 3808 4273 per

2285 4314 2302 4355 ι
2336 4314 2538 4380 Vatia,
2572 4314 2714 4370 unda
2748 4315 2950 4370 veniam
2979 4333 3081 4380 qua
3108 4313 3400 4369 deleantur.

2278 4395 2317 4422 "
2347 4387 2405 4441 ln
2441 4388 2600 4442 editis
2629 4396 2685 4441 et
2714 4386 2857 4440 Flor.
2891 4380 3266 4441 desiderantur
3296 4385 3411 4439 hinc
3437 4382 3605 4439 verba
3631 4402 3648 4439 ;
3674 4380 3807 4438 0m-

2209 4458 2360 4513 nibus
2388 4458 2752 4529 iniquitatibus
2773 4457 2903 4524 suis,
2932 4468 2978 4512 et
3000 4467 3226 4512 sanun
3246 4456 3487 4511 omnibus
3516 4455 3803 4524 ὑιρηιιὶια-

514 4521 732 4611 optima‘:
777 4535 917 4611 noue
950 4543 1103 4597 mss.,
1126 4521 1412 4611 expuncto
1442 4521 1524 4611 et,
1544 4521 1968 4611 legunt—veritate
1997 4532 2104 4602 [ιιι-
2131 4523 2183 4584 D
2209 4521 2508 4611 tibusﬂsuis'.

515 4594 938 4671 gora-Quatuor
956 4594 1109 4671 mss,
1139 4594 1352 4655 veritate
1382 4594 1621 4671 fulguris:

587 4673 612 4702 θ
788 4676 845 4721 et
864 4667 1052 4743 Flor.,
1084 4670 1150 4725 Id
1192 4682 1267 4743 est
1313 4663 1696 4741 accipientium.
1729 4670 1861 4727 Cod.
1904 4673 2103 4743 reginae

520 4731 732 4811 succisa
760 4731 1159 4811 accipiendum;
1192 4742 1230 4796 ι.
1263 4742 1332 4796 ad
1365 4731 1743 4811 accipientium.
1955 4731 1976 4774 δ

585 4804 612 4845 ἀ
636 4806 799 4883 βειὶιί,
826 4804 1107 4883 condigne,
1125 4804 1179 4868 at
1202 4828 1335 4868 mss.
1358 4804 1566 4879 decem,
1594 4831 1751 4883 quam
1777 4815 1951 4883 dique.

592 4888 614 4916 ε
643 4877 697 4931 In
736 4885 934 4935 recenti
976 4877 1099 4937 cod.
1134 4884 1190 4940 S.
1222 4884 1475 4937 Germani
1504 4877 1580 4939 sic
1605 4877 1952 4941 'eli‘crtur'hic
1982 4886 2103 4939 titti-

513 4945 598 5021 lus
630 4965 644 5000 :
679 4947 744 5002 Ut
773 4952 899 5020 quid
928 4970 1065 5021 aqua
1097 4971 1214 5009 cum
1245 4954 1360 5007 vino
1381 4955 1683 5020 misceatur,
1714 4958 1839 5010 dum
1869 4959 1925 5011 in
1954 4974 2099 5011 creua

512 5018 710 5092 factum
742 5018 843 5075 non
872 5018 1080 5092 legitur.

592 5090 611 5128 ί
650 5089 808 5147 Ulim.
840 5102 894 5149 et
922 5089 1088 5149 Sicut.
1124 5090 1329 5148 addunt
1358 5114 1369 5148 :
1403 5096 1448 5150 Α
1472 5094 1700 5152 Christo.

574 5163 615 5233 σε
647 5161 786 5233 Ulm.
820 5174 874 5218 et
901 5164 1090 5230 Sirm.,
1116 5164 1437 5233 faciendum.

584 5232 611 5272 ιι
633 5231 793 5309 Διιιιιὶρ.
814 5253 828 5289 :
848 5237 930 5309 At!
958 5231 1496 5309 commemorationem
1520 5249 1711 5293 nostris
1728 5237 2096 5309 redemptionis

515 5302 740 5373 (omisso
767 5308 1050 5378 passionis)
1081 5308 1220 5378 quod
1250 5320 1371 5361 tunc
1410 5310 1601 5362 exstitit
1630 5310 1683 5363 in
1713 5326 1861 5363 cruce
1893 5302 1947 5364 in
1973 5329 2097 5366 con-

512 5378 934 5448 summationem.
969 5378 1023 5432 In
1055 5379 1173 5434 cod.
1211 5378 1426 5448 Majoris
1455 5379 1596 5433 blou.
1629 5381 1954 5435 omittuntur
1982 5384 2096 5439 lucc

513 5447 676 5501 verba
713 5466 723 5501 :
760 5446 914 5512 Quod
946 5460 1068 5504 tunc
1107 5446 1303 5505 exstitit
1328 5451 1381 5506 in
1413 5468 1566 5505 cruce
1601 5451 1655 5506 in
1682 5455 2089 5509 consummatio-

513 5533 630 5570 nem
644 5529 854 5590 nostra:
886 5522 1269 5590 redemptionis.

590 5589 605 5663 ξ
639 5588 803 5663 l_3_tliti,
831 5590 895 5643 de
922 5609 1024 5647 uno
1054 5588 1214 5663 fonte.

586 5658 603 5733 ᾗ
645 5658 1083 5733 Yatic.,>propter
1104 5673 1322 5733 peccata
1348 5676 1547 5721 nostra.

585 5730 613 5773 Ιι
639 5730 823 5789 Codex
853 5730 978 5805 Maj.
1015 5730 1268 5803 Monast.,
1296 5754 1456 5809 quam
1477 5736 1621 5793 unda
1646 5736 1909 5808 baptismi.

2281 4612 2305 4638 η
2337 4599 2499 4656 Ulim.
2534 4608 2587 4654 et
2612 4597 2777 4654 Sirm.
2806 4616 2821 4654 :
2856 4597 2978 4653 Non
2995 4599 3111 4670 jam
3137 4598 3276 4663 dum,
3310 4596 3554 4670 seduno,
3582 4595 3797 4670 sanguif

2206 4674 2287 4725 nis
2316 4672 2607 4725 substantia
2644 4669 2899 4735 videlicet,
2938 4666 3050 4739 ﬁat,
3080 4666 3505 4739 repugnantibus
3540 4678 3674 4722 mss.
3706 4668 3799 4736 qui

2205 4742 2432 4811 legunt:
2469 4741 2589 4795 Non
2626 4741 2742 4812 jam
2784 4742 2937 4811 quasi
2978 4741 3102 4794 dua:
3146 4757 3248 4812 res,
3272 4739 3364 4812 sed
3412 4754 3543 4800 una,
3572 4741 3798 4809 unguis

2210 4810 2436 4868 sutelicet
2484 4812 2599 4880 ﬁat.
2628 4810 2765 4867 ‘Seu
2800 4810 2873 4866 ιιι
2920 4812 3119 4867 habent
3162 4810 3334 4864 Vatic.
3387 4818 3696 4880 reg.'ungtas
3743 4819 3800 4865 et

2206 4884 2263 4938 S.
2297 4878 2563 4947 Autlocui,
2598 4881 2825 4953 Sanguis
2855 4882 2932 4936 vel
2972 4900 3107 4953 aqua
3138 4880 3369 4953 videlicet
3399 4880 3519 4949 ﬁat,
3554 4878 3639 4934 vel
3669 4896 3795 4936 cum

2202 4971 2305 5021 uis.
2337 4952 2525 5022 Major.
2562 4951 2732 5019 Mon.,
2767 4952 2995 5023 Sanguis
3021 4951 3072 5005 et
3107 4966 3243 5021 aqua
3267 4951 3382 5023 ﬁat.

2277 5034 2301 5058 ο
2334 5026 2431 5078 Ms.
2470 5024 2594 5093 Maj.
2622 5025 2788 5087 Mon.,
2825 5023 2925 5077 His
2949 5023 3186 5077 omnibus
3214 5022 3467 5091 pascitur.

2280 5108 2306 5146 P
2336 5095 2528 5160 Sirm.,
2558 5095 2703 5149 lavit.

2273 5178 2303 5218 (ι
2332 5166 2532 5233 Vatic.,
2561 5168 2684 5236 quia
2708 5165 2867 5236 simul
2886 5182 3024 5236 aqua
3046 5179 3165 5236 eum
3185 5164 3441 5236 sanguine
3463 5161 3645 5231 ﬂaui.

2282 5185 2303 5218 ι
2344 5185 2532 5233 vauc.,
2561 5185 2684 5293 {luta
2708 5185 2867 5221 simu
2886 5185 3024 5236 aqua
3046 5185 3165 5218 eum
3185 5185 3334 5233 sangi

2282 5250 2303 5276 ι’
2344 5238 2529 5303 Mam.,
2614 5238 2707 5291 lm.
2738 5246 2793 5291 et
2820 5235 2990 5301 Flor.,
3014 5234 3155 5288 illico
3180 5234 3334 5287 uniti.

2279 5321 2299 5348 ι
2341 5309 2515 5374 Flor.,
2548 5308 2785 5379 Remig.,
2808 5307 2865 5363 S.
2891 5306 3133 5379 Audpeui
3159 5313 3214 5359 et
3234 5305 3416 5373 regius
3442 5320 3598 5379 unus.
3634 5305 3712 5357 sic
3739 5322 3793 5359 se

2204 5382 2533 5434 conveniunt.
2565 5376 2870 5434 Anicionsis
2894 5386 2949 5430 et
2984 5376 3223 5432 Colbert.
3262 5392 3430 5439 unus,
3460 5377 3534 5429 sic
3569 5391 3624 5429 se
3651 5393 3790 5429 com-

2202 5452 2470 5516 meniunt;
2502 5466 2601 5505 ms.
2639 5450 2855 5520 Majoris
2880 5447 3046 5507 Mou..
3078 5449 3149 5501 sit:
3176 5446 3285 5520 sibi
3302 5448 3579 5520 consistat.

2282 5525 2295 5558 ι
2334 5521 2509 5577 Hicin
2539 5516 2859 5576 Laubfcod.
2891 5520 3080 5589 incipit
3102 5533 3223 5589 cap.
3250 5516 3398 5572 XXX
3428 5535 3439 5569 ;
3466 5516 3577 5570 Cur
3602 5516 3787 5571 Domi.

2199 5609 2297 5649 nus
2326 5609 2519 5663 aquam
2544 5594 2597 5646 in
2626 5593 2801 5663 vinum
2828 5591 3125 5663 mutauerit.

2190 5732 2227 5791 ι)
2270 5676 2297 5706 ἰ
2338 5659 2504 5721 Sirm.
2530 5662 2681 5721 addit
2701 5678 2860 5734 super
2881 5662 3080 5729 sinunt,
3101 5660 3247 5735 quod
3272 5659 3487 5717 exsulat
3513 5660 3582 5716 ab
3602 5661 3787 5716 omm-

2231 5751 2294 5791 us
2317 5751 2448 5791 mss.

2231 5751 2294 5794 IIS
2317 5751 2448 5793 mss.
