4148 6344
555 322 677 379 1311
1356 315 1412 371 S.
1453 313 1804 371 PASCIIASII
1851 311 2196 368 RADBERTI
2234 313 2525 370 ABBA'I‘IS
2564 311 3011 368 CORBEIENSIS
3671 314 3810 369 1512

549 437 769 494 sublime
803 435 970 490 altare
998 443 1144 488 tuum
1180 433 1234 487 in
1280 440 1554 502 conspectu
1596 429 1784 485 divina:
1829 429 2126 500 majestatis
2152 427 2204 489 Α
2230 425 2348 494 ejus
2387 441 2626 497 corpus:
2656 425 2800 479 unde
2836 423 3093 479 sacerdos
3130 437 3238 477 non
3277 437 3344 476 ex
3384 437 3442 478 se
3493 423 3626 478 dicit
3667 426 3813 492 quod

551 546 657 590 tua:
679 540 779 599 ;.ut
798 529 928 602 quid
947 527 1177 598 perferri
1200 538 1227 567 α
1249 525 1377 580 illuc
1398 540 1464 580 ea
1487 523 1762 595 desposcit
1784 563 1799 588 ,
1817 522 1921 576 nisi
1944 529 2004 574 ut
2039 521 2126 574 in-
2227 517 2344 586 ipse
2365 524 2580 572 creator
2599 515 2846 586 corporis
2870 521 2926 569 et
2947 513 3226 585 sanguinis
3247 526 3369 568 esse
3391 514 3586 583 possit,
3613 515 3744 584 quia
3768 515 3816 571 si

556 625 826 696 teiligatur
841 619 985 692 quod
1007 619 1061 674 in
1085 618 1200 689 ejus
1219 617 1523 673 sacerdotio
1547 615 1648 670 ista
1672 615 1822 670 ﬁant.
1841 613 1960 684 Ipse
1982 611 2129 667 enim
2227 609 2332 664 hoc
2372 616 2559 678 posset
2580 647 2596 673 ,
2627 607 2771 676 quod
2805 607 3100 662 absurdum
3144 614 3227 661 est
3251 646 3266 671 ,
3301 613 3518 661 creator
3543 608 3816 662 creatoris

553 695 729 772 factus
760 719 844 769 est
871 709 1110 783 pontifex
1141 709 1194 763 in
1222 716 1484 762 aeternum
1528 705 1822 761 secundum
1873 703 2121 759 ordinem
2227 699 2414 764 ﬁeret,
2447 699 2542 753 sed
2564 699 2818 752 obsecrat
2838 707 2867 735 ιι
2894 711 2992 767 per
3017 695 3212 752 Filium
3244 695 3464 752 Patrem
3485 737 3501 762 ,
3530 712 3630 768 per
3651 712 3817 767 quem

555 802 964 868 Melchisedech,
1000 807 1137 856 teste
1159 797 1429 870 Apostolo.
1463 798 1531 851 ad
1559 794 2009 866 interpellandum
2028 807 2130 862 pro

553 895 732 958 nobis,
763 891 997 948 oﬁ'erens
1025 889 1375 958 semetipsum
1409 887 1518 941 Deo
1544 886 1716 941 Patri.
1741 884 1822 939 Ad
1845 873 2131 954 hoc'quip-

553 1000 621 1056 pe
649 982 815 1039 semel
841 981 1083 1038 introivit
1108 980 1161 1035 in
1190 984 1376 1034 sancta
1399 1018 1414 1042 ,
1435 991 1540 1032 non
1567 977 1621 1031 in
1645 974 1907 1044 sanguine
1928 973 2127 1040 alieno,

556 1078 652 1133 sed
685 1077 906 1148 proprio
934 1073 1223 1145 sanguine;
1251 1070 1394 1126 unde
1420 1085 1526 1126 non
1557 1070 1624 1124 ab
1655 1068 1760 1122 alio
1780 1076 1928 1122 recte
1957 1065 2130 1136 perci-

555 1170 732 1240 pitur,
758 1165 903 1237 quod
928 1163 1206 1236 proprium
1232 1159 1350 1230 ejus
1381 1167 1502 1225 est,
1541 1158 1635 1213 sed
1663 1157 1731 1211 ab
1774 1157 1891 1227 ipso
1919 1169 2132 1211 summo

555 1257 840 1330 pontiﬁce;
867 1269 1040 1325 neque
1060 1254 1129 1308 ab
1148 1252 1254 1307 alio
1283 1266 1415 1306 caro
1436 1250 1553 1320 ejus
1575 1256 1794 1304 creatur
1813 1255 1867 1302 et
1890 1247 2129 1317 sanguis,

557 1347 662 1402 nisi
691 1362 724 1402 a
749 1360 857 1416 quo
901 1352 1086 1400 creata
1116 1350 1200 1398 est
1228 1341 1282 1396 in
1311 1349 1469 1395 utero
1496 1338 1734 1408 Virginis
1756 1378 1772 1403 ,
1803 1345 1864 1390 ut
1896 1334 2132 1390 Verbum

557 1453 685 1496 caro
732 1437 901 1494 ﬁeret.
932 1435 962 1476 δ
993 1433 1170 1489 Verbo
1198 1432 1343 1487 enim
1371 1431 1551 1487 Patris
1588 1429 1792 1485 dictant
1832 1437 1917 1483 est
1949 1445 1962 1481 :
1995 1425 2128 1481 Cre-

559 1534 686 1588 scite
708 1541 755 1587 et
781 1528 1200 1600 multiplicamini
1216 1525 1368 1598 (Gen.
1384 1542 1424 1590 ι,
1449 1524 1542 1594 21)
1562 1541 1577 1589 ;
1600 1532 1657 1578 et
1680 1537 1806 1578 ecce
1833 1522 2010 1577 adhuc
2028 1521 2132 1575 ho-

557 1626 645 1681 die
673 1641 740 1681 ex
772 1639 838 1680 eo
878 1631 1070 1679 cuncta
1105 1629 1363 1677 creantur
1388 1618 1717 1682 animantia,
1761 1631 1867 1671 non
1901 1627 1922 1654 ο
1957 1629 2131 1680 nova,

559 1719 654 1776 sed
679 1733 747 1773 ex
772 1718 960 1774 eodem
987 1715 1212 1772 semine.
1244 1712 1322 1768 Ita
1350 1721 1404 1768 et
1423 1726 1552 1767 caro
1573 1709 1774 1766 Christi
1800 1708 1988 1764 eodem
2014 1721 2135 1760 ver-

2229 790 2296 844 ad
2325 803 2448 844 eum
2478 802 2756 844 accessum
2786 783 3067 843 habemus.
3091 786 3366 858 Rogamus
3397 793 3422 822 °
3451 798 3638 843 autem
3667 788 3814 845 hanc

2227 880 2543 935 oblationem
2569 879 2890 933 benedictam
2916 918 2930 942 ,
2953 893 3051 948 per
3071 892 3235 947 quam
3263 891 3364 932 nos
3391 877 3817 944 benedicamur;

2229 971 2510 1039 ascriptum
2562 984 2659 1038 per
2686 983 2848 1039 quam
2877 982 2980 1022 nos
3012 982 3202 1022 omnes
3233 966 3285 1021 in
3325 966 3464 1022 coelo
3499 969 3820 1022 conscriba-

2229 1075 2383 1126 mur;
2433 1068 2606 1114 ratam
2632 1069 2678 1122 Ρ,
2715 1073 2813 1128 per
2839 1072 3003 1127 quam
3035 1058 3090 1112 in
3118 1057 3420 1113 visceribus
3444 1056 3648 1112 Christi
3683 1072 3819 1113 cen-

2228 1163 2478 1214 seamur;
2537 1148 2903 1203 rationabilem
2931 1188 2946 1214 ,
2998 1162 3096 1218 per
3140 1163 3302 1218 quam
3339 1163 3370 1201 a
3404 1147 3617 1203 bestiali
3651 1164 3820 1205 sensu

2230 1253 2510 1301 exuamur,
2541 1237 3006 1308 acceptabilemque
3037 1236 3210 1306 facere
3237 1238 3489 1308 dignetur
3517 1255 3530 1291 :
3559 1248 3691 1308 squ
3703 1247 3822 1294 ate-

2231 1344 2335 1384 nus
2362 1337 2417 1384 et
2445 1344 2544 1384 nos
2572 1342 2668 1397 per
2694 1328 2800 1382 hoc
2821 1328 2948 1396 quia
2974 1337 2995 1364 ι
3025 1327 3184 1382 nobis
3202 1325 3595 1396 displicuimus,
3623 1343 3822 1399 accep-

2233 1421 2426 1477 tabiles
2463 1422 2519 1475 in
2552 1419 2668 1489 ejus
2703 1420 2864 1474 unico
2894 1418 3030 1473 Filio
3063 1419 3273 1484 simus;
3301 1428 3356 1472 ut
3394 1419 3572 1482 nobis,
3607 1420 3818 1490 inquit,

2233 1518 2326 1588 ﬁat
2373 1534 2558 1588 corpus
2595 1525 2644 1570 et
2682 1515 2896 1585 sanguis
2935 1513 3262 1568 dilectissimi
3302 1509 3433 1566 Filii
3476 1514 3555 1567 tui
3601 1514 3820 1568 Domini

2234 1608 2400 1662 nostri
2423 1607 2458 1662 J
2462 1624 2554 1662 esu
2583 1605 2802 1661 Christi.

2309 1720 2362 1774 5.
2396 1721 2534 1775 Ecce
2565 1720 2693 1790 quid
2731 1717 2864 1774 ﬁdes
2912 1717 3176 1782 instituit,
3219 1732 3347 1774 ecce
3389 1717 3518 1790 quid
3566 1716 3827 1774 Christus

559 1810 628 1865 bo
660 1808 719 1863 ﬁt
744 1823 894 1872 caro,
929 1806 1059 1877 quia
1100 1803 1320 1859 Verbum
1347 1819 1470 1856 caro
1494 1801 1692 1869 factum
1722 1809 1819 1881 e_st,
1846 1807 1893 1851 et
1921 1796 2130 1850 habita-

2236 1810 2479 1877 indulsit,
2504 1819 2566 1866 ut
2582 1780 2747 1866 nobis
2769 1811 2841 1864 sit
2867 1825 3063 1881 corpus
3085 1816 3140 1863 et
3161 1780 3695 1881 sanguis,.quatenus
3725 1824 3827 1878 per

557 1901 627 1955 vit
671 1900 727 1953 in
767 1897 913 1952 nobis
947 1894 1128 1968 (Joan.
1169 1894 1352 1962 1,14).
1388 1892 1540 1948 Unde
1575 1892 1622 1947 si
1668 1905 1732 1945 ex
1780 1889 1866 1944 illa
1909 1887 2135 1944 benedi-

559 1992 738 2047 ctione
767 1999 918 2046 tanta
946 1995 1131 2044 manat
1161 1985 1468 2049 multitudo,
1497 1983 1628 2054 quid
1655 1980 1852 2053 putasd
1876 1995 1942 2035 ex
1971 1995 2137 2036 carne

559 2078 1066 2150 Christii'nunquid
1089 2074 1332 2133 inefﬁcax
1364 2087 1387 2115 ο
1413 2083 1497 2131 est
1520 2089 1586 2130 ex
1612 2089 1691 2139 se,
1718 2074 1808 2143 qui
1843 2081 1987 2127 tanta
2008 2071 2138 2126 fecit

561 2190 629 2230 ex
658 2173 864 2229 nihilo?
889 2181 946 2228 et
972 2171 1112 2227 sicut
1139 2171 1159 2210 ί
1193 2185 1362 2240 panes
1389 2169 1542 2224 auxit
1560 2168 1863 2238 quantitate
1888 2165 2138 2221 substan-

565 2271 651 2326 tia:
691 2284 853 2340 quam
892 2276 1086 2322 natura
1119 2267 1145 2307 ⁸
1175 2280 1282 2321 non
1312 2264 1566 2327 dederat,
1598 2261 1839 2331 nunquid
1869 2261 2136 2330 impotens

565 2370 648 2417 est
669 2360 844 2416 facere
858 2358 1118 2429 ex’aliquo
1146 2355 1291 2427 quod
1318 2356 1434 2411 sine
1454 2354 1660 2410 semine
1683 2354 1737 2408 in
1759 2364 1913 2408 utero
1934 2353 1963 2392 ιι
1984 2367 2137 2407 crea-

562 2463 734 2510 verat.
782 2452 1015 2508 Pullulat
1046 2465 1177 2522 ergo
1206 2449 1296 2504 illa
1336 2449 1558 2504 ubertas
1601 2447 1783 2502 carnis
1810 2445 2009 2502 Christi
2037 2486 2052 2510 ,
2083 2453 2140 2500 et

565 2552 749 2602 manet
772 2545 977 2616 integer
1001 2542 1250 2599 Christus
1272 2582 1286 2604 ,
1328 2541 1342 2582 i
1377 2541 1504 2611 quia
1547 2548 1743 2593 natura
1770 2545 2023 2592 manente
2049 2536 2134 2590 in-

563 2645 736 2708 tegra,
757 2637 921 2692 etiam
949 2635 1004 2692 in
1025 2632 1314 2691 creaturis.
1340 2632 1407 2687 ad
1428 2630 1632 2686 iustum
1653 2629 1769 2700 ejus
1791 2637 1985 2686 cuncta
2006 2643 2137 2683 exu-

561 2730 775 2788 berant.

630 2823 686 2879 2.
723 2823 1018 2895 Propterea
1043 2821 1172 2878 licet
1215 2820 1380 2877 semel
1412 2819 1650 2876 dixerit:
1695 2815 1960 2874 Germinet
1995 2826 2136 2872 terra

560 2915 774 2969 herbam
813 2914 1060 2968 virentem
1091 2910 1243 2983 (Gen.
1289 2927 1332 2976 I,
1379 2911 1490 2983 11),
1522 2910 1697 2965 adhuc
1739 2909 1898 2965 hodie
1927 2923 1995 2962 ex
2037 2922 2134 2973 eo,

562 3019 683 3074 qua:
708 3017 806 3072 per
831 3000 1071 3073 singulos
1099 3007 1394 3056 nascuntur
1423 3014 1595 3054 annos
1623 2996 1805 3053 omnia
1833 3005 2088 3052 creantur
2119 3012 2135 3062 ;

561 3098 640 3153 sic
671 3097 852 3166 itaque
883 3101 938 3150 et
964 3093 1020 3149 in
1052 3109 1117 3150 eo
1145 3094 1289 3164 quod
1320 3093 1482 3149 semel
1515 3092 1528 3143 i
1569 3092 1766 3157 voluit,
1800 3101 1855 3147 et
1881 3092 2135 3161 deinceps

562 3200 780 3242 carnem
810 3192 865 3240 et
893 3184 1208 3255 sanguinem
1231 3183 1286 3239 in
1316 3184 1420 3239 bac
1440 3182 1954 3239 commemoratione
1973 3180 2135 3250 jussit

562 3289 704 3341 esse,
736 3274 796 3330 fit
822 3275 965 3346 quod
989 3273 1236 3345 jubetur;
1271 3274 1298 3314 ¹ι
1325 3289 1446 3344 quae
1472 3273 1519 3330 si
1542 3275 1666 3344 quis
1693 3289 1799 3329 non
1822 3273 2013 3339 credit,
2041 3273 2140 3327 im-

560 3367 653 3438 pio
683 3367 918 3423 deterior
944 3374 1058 3433 est;
1087 3365 1212 3436 quia
1241 3364 1330 3421 ille
1358 3366 1501 3435 quod
1531 3380 1641 3420 non
1676 3363 1865 3419 didicit
1890 3405 1905 3430 ,
1937 3379 2138 3435 appro-

561 3457 694 3516 bare
737 3473 844 3513 non
872 3464 1048 3528 potest
1075 3473 1091 3522 ;
1125 3455 1227 3511 iste
1251 3455 1397 3526 quod
1437 3454 1493 3510 in
1522 3454 1705 3510 multis
1730 3454 1984 3525 cognovit
2010 3468 2138 3509 con-

563 3557 648 3605 tra
675 3555 926 3604 naturam
952 3546 1095 3612 ﬁeri,
1124 3546 1286 3600 etiam
1317 3545 1371 3600 in
1398 3559 1560 3600 carne
1585 3543 1787 3600 Christi
1808 3559 1915 3598 non
1942 3542 2133 3598 credit.

563 3643 788 3713 Propter
811 3643 974 3712 quod,
1012 3641 1192 3705 homo,
1225 3639 1272 3695 si
1297 3638 1531 3694 attendis
1560 3637 1894 3693 sacerdotem
1913 3677 1928 3703 ,
1957 3644 2135 3690 atten-

562 3735 629 3790 de
657 3733 929 3789 Christum
958 3731 1198 3789 Verbum
1229 3731 1407 3787 Patris
1433 3731 1576 3801 quod
1609 3745 1738 3785 caro
1768 3737 1884 3795 est,
1913 3728 2136 3798 etquod

563 3824 728 3882 semel
761 3823 958 3881 factum
1003 3831 1106 3890 est,
1151 3821 1392 3894 quotidie
1433 3821 1551 3876 ﬁeri
1598 3819 1651 3874 in
1688 3819 1947 3890 mysterio
1978 3816 1997 3858 1
2029 3833 2135 3874 non

563 3918 775 3975 dubites
798 3959 812 3984 ,
847 3919 973 3973 dum
1016 3932 1114 3988 per
1151 3916 1255 3972 hoc
1281 3930 1410 3972 caro
1437 3923 1488 3970 et
1521 3913 1746 3986 sanguis
1773 3913 1926 3968 cibus
1953 3920 2138 3968 noster

561 4008 843 4066 efIlcitur'I
873 4016 1107 4065 aeternus
1138 4025 1153 4062 :
1185 4007 1252 4063 ad
1279 4008 1381 4063 hoc
1420 4008 1650 4078 quippe,
1677 4013 1738 4062 ut
1765 4015 1820 4061 et
1842 4019 1942 4060 nos
1965 4004 2136 4058 simus

634 4155 661 4184 ι
697 4143 856 4212 Editi,
885 4157 1007 4197 cum
1035 4141 1237 4212 aliquot
1259 4156 1416 4205 mss.,
1437 4138 1781 4212 perferenda;
1812 4153 1915 4193 ms.
1941 4136 2132 4209 Major.

569 4213 717 4284 Mon.
750 4231 763 4267 :
794 4210 1010 4284 Utiquid
1033 4213 1088 4284 in
1119 4210 1336 4284 sublime
1357 4210 1685 4284 perferenda:

636 4286 663 4325 ι)
699 4283 755 4338 In
780 4277 1094 4340 codILaub.
1125 4281 1310 4352 incipit
1341 4277 1460 4351 cap.
1485 4277 1704 4352 XXXV
1738 4294 1754 4334 :
1782 4278 2007 4345 Quando
2029 4295 2136 4352 non

562 4355 810 4439 inefﬁcaa:
856 4355 922 4408 sit
953 4369 1018 4408 ea:
1044 4369 1099 4407 se
1143 4349 1312 4423 facere
1353 4349 1491 4422 quod
1523 4350 1651 4416 vult,
1675 4352 1766 4420 qui
1794 4359 1982 4404 cuncta
2011 4349 2137 4420 fecit

562 4443 627 4481 ex
660 4425 842 4481 nihilo.

634 4509 658 4537 ε
700 4495 882 4564 Manu,
925 4514 1028 4553 non
1060 4511 1208 4552 novo.

2235 1905 2340 1960 hoc
2392 1918 2492 1958 nos
2539 1904 2594 1957 in
2640 1916 2836 1972 corpus
2875 1900 3079 1956 Christi
3122 1899 3365 1969 quotidie
3403 1899 3823 1954 transferamur.

2234 1995 2392 2049 Prius
2437 2001 2617 2048 autem
2651 2005 2814 2062 quam
2862 1990 3066 2045 Christi
3097 2001 3121 2028 ⁸
3167 2004 3363 2059 corpus
3407 1989 3826 2044 consecratione

2236 2089 2352 2156 ﬁat,
2385 2088 2587 2144 oblatio
2611 2085 2909 2141 sacerdotis
2944 2093 3050 2149 est,
3079 2084 3220 2140 sicut
3247 2084 3360 2152 ipse
3392 2082 3706 2146 conﬁtetur,
3734 2081 3824 2137 vel

2235 2188 2429 2236 cuncta
2480 2177 2697 2233 familia:
2741 2174 3084 2231 offerentium
3129 2189 3283 2241 eam,
3319 2174 3413 2230 sed
3457 2174 3513 2228 in
3556 2174 3728 2229 verbo
3767 2183 3825 2229 et

2235 2269 2436 2327 virtute
2469 2269 2705 2341 Spiritus
2734 2267 2909 2324 sancti
2938 2281 3077 2323 nova
3116 2267 3178 2322 ﬁt
3211 2275 3460 2322 creatura
3496 2265 3552 2320 in
3591 2280 3825 2336 corpore

2236 2361 2508 2417 Creatoris
2553 2361 2620 2414 ad
2654 2365 2855 2414 nostra;
2906 2357 3264 2428 reparationis
3301 2362 3320 2395 π
3372 2357 3621 2413 salutem.
3664 2357 3825 2412 Unde

2231 2454 2386 2525 juxta
2415 2453 2660 2508 sublimis
2697 2467 2847 2507 aram
2877 2451 3064 2506 altaris
3093 2465 3308 2520 semper
3342 2450 3616 2515 assistere,
3662 2447 3821 2505 Scri-

2237 2557 2395 2620 ptura
2421 2555 2576 2611 teste,
2602 2546 2884 2615 probatur,
2909 2552 2969 2597 ut
2997 2559 3062 2598 ex
3090 2540 3206 2610 ejus
3223 2541 3592 2597 immolatione
3617 2554 3823 2611 corpus

2236 2647 2292 2694 et
2331 2637 2647 2705 sanguinem
2690 2635 3072 2706 percipiamus.
3107 2633 3377 2689 Caeterum
3405 2633 3658 2689 sacerdos
3690 2634 3822 2704 quia

2235 2733 2384 2787 vices
2404 2729 2602 2785 ChriSti
2633 2728 2831 2783 visibili
2860 2729 3037 2798 specie
3083 2728 3226 2783 inter
3265 2728 3434 2782 Deum
3473 2735 3527 2783 et
3559 2726 3824 2798 populum

2238 2837 2397 2893 agere
2425 2821 2657 2885 videtur,
2687 2820 2849 2874 infert
2893 2836 2992 2890 per
3030 2834 3221 2874 manus
3255 2817 3431 2889 angeli
3467 2828 3591 2875 νοω
3631 2817 3825 2888 populi

2239 2915 2306 2970 ad
2348 2915 2516 2970 Deum
2545 2922 2598 2968 et
2629 2911 2814 2968 refert.
2846 2913 2980 2968 Vota
3018 2911 3235 2982 quidem
3272 2909 3430 2965 offert
3468 2919 3526 2966 et
3566 2925 3819 2977 munera,

2239 3005 2406 3062 refert.
2432 3013 2610 3082 autem
2636 3005 2920 3076 impetrata
2965 3019 3063 3074 per
3097 3018 3293 3073 corpus
3317 3012 3371 3057 et
3396 3003 3739 3074 sanguinem,
3764 3011 3825 3059 et

2240 3097 2517 3153 distribuit
2542 3097 2766 3167 singulis
2796 3113 2902 3152 non
2931 3105 3190 3166 quantum
3221 3095 3368 3149 visus
3397 3094 3637 3149 exterior
3671 3111 3822 3165 prae-

2239 3189 2352 3255 bet,
2381 3189 2472 3245 sed
2502 3196 2763 3258 quantum
2795 3187 2927 3244 ﬁdes
2951 3187 3112 3257 capit.
3139 3198 3167 3226 ιι
3196 3185 3297 3241 Ubi
3327 3186 3453 3240 licet
3476 3184 3732 3240 sacerdos
3763 3185 3822 3240 in

2241 3280 2575 3337 conscientia
2611 3279 2785 3334 malus
2824 3293 2944 3334 esse
2980 3278 3353 3344 convincatur,
3390 3291 3497 3331 non
3536 3290 3690 3330 suum
3734 3285 3826 3331 est

2237 3374 2381 3444 quod
2421 3371 2600 3438 oﬁ‘ert,
2630 3372 2724 3428 sed
2751 3371 2990 3426 omnium
3020 3385 3208 3442 preces
3245 3378 3301 3424 et
3324 3377 3450 3424 vota
3476 3383 3568 3439 per
3592 3382 3820 3423 omnem

2239 3465 2462 3521 canonis
2486 3472 2694 3520 textum
2723 3462 3084 3520 commendat.
3116 3461 3251 3517 Nam
3279 3471 3335 3517 et
3355 3461 3478 3516 ﬁnis
3507 3461 3773 3516 orationis
3794 3470 3823 3497 ν

2237 3565 2555 3612 emtctorum
2590 3555 2816 3612 vocibus
2857 3554 3244 3619 confirmatur,
3288 3552 3381 3608 ubi
3421 3566 3609 3607 omnes
3653 3552 3820 3605 Amen

2237 3663 2368 3705 voce
2396 3663 2631 3703 consona
2677 3647 2880 3702 dicunt.
2909 3645 3114 3702 Idcirco
3148 3660 3254 3699 non
3295 3659 3458 3698 unius
3496 3652 3581 3698 est
3611 3656 3639 3684 ι
3674 3642 3826 3713 quod

2237 3756 2335 3811 pro
2355 3741 2538 3796 multis
2565 3738 2807 3806 oﬁ'ertur,
2839 3747 2894 3794 et
2925 3738 3219 3793 multorum
3247 3737 3501 3807 precibus
3529 3733 3822 3791 conﬁrma-

2238 3840 2341 3886 tur.
2373 3831 2506 3887 Nam
2529 3831 2862 3900 etODominus
2881 3829 2957 3883 ait
2985 3845 2998 3882 :
3031 3828 3184 3894 Quod
3201 3844 3294 3897 pro
3320 3826 3500 3880 multis
3521 3827 3824 3895 effundelur

2236 3921 2291 3975 in
2332 3922 2684 3976 remissionem
2730 3928 3059 3991 peccatorum
3117 3916 3345 3989 (Matth.
3391 3932 3554 3981 XXVI,
3596 3915 3722 3988 28).
3759 3916 3816 3972 Si

2237 4013 2382 4068 enim
2407 4021 2436 4062 1
2468 4029 2566 4085 pro
2594 4027 2652 4068 se
2676 4021 2879 4067 tantum
2914 4018 3077 4069 esset.
3101 4007 3218 4067 eius
3248 4008 3442 4063 merita
3470 4007 3615 4063 Deus
3652 4007 3816 4063 forsi-

2237 4151 2449 4205 dictam.
2483 4151 2799 4222 Repugnant
2830 4165 2960 4205 mss.
2988 4148 3081 4219 qui
3117 4157 3396 4219 apponunt
3430 4156 3606 4201 autem
3636 4154 3691 4202 et
3713 4161 3814 4202 ex-

2236 4230 2479 4294 pungunt
2505 4223 2692 4294 inquit.

2308 4304 2335 4343 r
2352 4288 2675 4348 'Aniciensis
2700 4290 2881 4346 addit:
2916 4289 2982 4344 Id
3007 4298 3082 4346 est
3099 4289 3400 4361 judicatam
3423 4297 3473 4344 et
3502 4288 3812 4344 solidatam.

2305 4373 2335 4416 ιι
2370 4363 2486 4420 Duo
2519 4379 2672 4429 mss.,
2703 4363 2953 4432 digneris.

2309 4443 2334 4473 ι’
2367 4434 2540 4499 Editi,
2570 4435 2627 4489 in
2648 4432 2816 4488 nobis.

2155 4507 2213 4573 ι)
2309 4515 2332 4544 ³
2371 4505 2428 4560 1η
2461 4507 2621 4562 editis
2655 4505 2806 4560 deest
2837 4501 3049 4562 Christi.
3074 4503 3218 4575 quod
3246 4505 3481 4560 retinent
3509 4518 3642 4559 mss.
3666 4519 3807 4574 pene

630 4567 658 4609 ἀ
697 4568 828 4624 Cod.
873 4583 987 4639 reg.
1022 4567 1181 4625 Suec.
1218 4583 1232 4620 :
1268 4565 1408 4632 Quid
1448 4575 1601 4636 putas
1636 4572 1833 4636 quanta
1868 4579 1932 4618 ea:
1974 4580 2132 4621 carne
2163 4565 2202 4573 ⁷
2235 4591 2441 4634 omnes,

564 4639 798 4695 Christi?

636 4725 660 4782 φ
699 4709 833 4782 :I‘res
864 4710 1283 4782 mss.,_ineﬂicax
1309 4717 1384 4762 est
1407 4708 1635 4782 exsequi.

638 4781 659 4822 ί
699 4780 815 4836 Duo
839 4797 968 4837 mss.
997 4780 1066 4836 Et
1096 4775 1328 4850 si'panes
1356 4779 1522 4831 anxit.
1540 4775 1690 4832 ’Editi
1713 4776 1919 4833 addunt
1943 4777 2027 4833 Ea:
2049 4779 2132 4833 ni-

560 4852 689 4918 hilo,
724 4852 866 4922 quod
897 4868 1024 4908 mss.
1053 4866 1242 4906 omnes
1266 4856 1595 4919 expungunt.

636 4917 842 4978 s'Editi
867 4921 1056 4988 Sirm.,
1084 4937 1240 4993 quam
1270 4917 1473 4993 natura:
1504 4934 1609 4972 non
1636 4917 1885 4993 dederat;
1913 4927 1971 4972 at
1994 4934 2126 4993 mss.

561 5007 770 5078 omnes,
796 5010 954 5078 qutun
983 4987 1172 5049 natura
1196 5006 1300 5045 non
1326 4987 1555 5054 dederat,
1583 4997 1638 5044 et
1657 4988 1874 5058 quidem
1896 4996 1958 5042 ut
1974 4989 2130 5044 nobis

560 5065 773 5121 videtur
797 5064 1006 5120 melius.

631 5136 659 5217 ξι
701 5133 875 5217 Χωξο.
909 5135 1057 5217 addit
1090 5131 1335 5217 Virginis.

638 5207 656 5248 ί
701 5205 898 5278 vatim,
942 5207 1068 5278 quia
1114 5201 1305 5278 natura
1349 5211 1586 5259 manente
1623 5201 1824 5272 integra
1867 5209 1920 5255 et
1959 5201 2129 5270 gratia

559 5277 717 5333 etiam
741 5277 797 5332 in
819 5276 1073 5332 creaturis
1099 5276 1170 5329 ad
1197 5293 1370 5331 usum.

636 5346 650 5420 ξ
695 5347 826 5420 Gad-
855 5347 1042 5420 Maioyo
1069 5345 1210 5420 Μοητ
1241 5366 1254 5401 ε
1288 5345 1441 5420 Quod
1463 5341 1867 5420 “interaneis

634 5417 662 5457 ι
699 5416 799 5473 Hic
833 5411 955 5474 cod:
978 5417 1144 5473 Laub.
1200 5417 1520 5486 incipitcap.
1551 5411 1769 5469 XXXVI
1799 5429 1815 5470 :
1857 5414 2009 5481 Quod
2037 5416 2127 5487 qui

565 5503 671 5558 non
699 5489 883 5553 credit,
904 5489 1071 5558 impio
1092 5488 1316 5558 deterior
1338 5495 1434 5540 est.

643 5555 662 5597 ι
699 5558 757 5612 1η
785 5557 942 5615 editis
971 5555 1120 5614 deest
1146 5557 1203 5609 in
1221 5558 1482 5626 mysterio.

633 5639 677 5668 ιι
704 5626 783 5682 Ita
809 5645 938 5684 mss.
969 5629 1026 5684 In
1049 5627 1207 5684 editis
1231 5626 1566 5682 desideratur
1586 5635 1830 5683 internus.

634 5709 663 5736 ιι
697 5697 860 5764 Editi,
885 5699 1178 5754 obsecrans.

637 5775 667 5805 ⁸
701 5768 844 5825 Editi
872 5786 887 5826 :
918 5768 1183 5840 Rogamus
1209 5769 1344 5824 hanc
1367 5768 1706 5842 oblationem,
1734 5771 1938 5842 inquit,
1973 5770 2126 5827 bene-

2314 4651 2329 4684 ί
2372 4646 2505 4703 Cod.
2529 4645 2652 4713 Mai.
2678 4645 2848 4711 Mon.,
2878 4646 2948 4701 ad
2975 4655 3167 4701 nostra:
3192 4646 3582 4714 redemptionis.

2303 4730 2331 4759 ιι
2369 4717 2428 4774 In
2462 4718 2580 4774 cod.
2607 4718 2775 4774 Laub.
2818 4717 2906 4773 hic
2950 4717 3137 4788 incipit
3173 4733 3293 4787 cap.
3325 4713 3435 4770 LIII
3462 4734 3476 4770 :
3503 4715 3658 4781 Quod
3693 4717 3812 4770 licet

2229 4791 2474 4846 sacerdos
2501 4789 2557 4842 in
2591 4788 2906 4844 conscientia
2936 4788 3106 4843 malus
3151 4803 3261 4842 esse
3305 4796 3663 4850 convincatur,
3706 4803 3812 4840 non

2230 4877 2383 4916 suum
2408 4869 2482 4915 est
2524 4859 2662 4930 quod
2691 4859 2865 4929 offert,
2895 4858 2986 4931 sed
3011 4873 3187 4931 preces
3233 4866 3283 4912 et
3327 4866 3444 4910 vota
3471 4871 3565 4927 per
3601 4873 3807 4911 omnem

2229 4931 2444 4986 canonis
2475 4938 2670 4984 textum
2697 4930 3043 4984 commendat.

2303 5009 2331 5039 τ
2365 5000 2423 5055 Id
2465 5009 2550 5070 est
2594 5000 2845 5066 canonis,
2879 4999 3034 5070 cujus
3061 4999 3221 5054 ﬁnem
3251 5007 3494 5070 tempore
3525 4998 3806 5070 Paschasii

2223 5070 2492 5126 Badberti
2529 5069 2760 5127 faciebat
2777 5068 2959 5126 oratio
2972 5069 3156 5125 Libera
3183 5086 3294 5132 nos,
3323 5068 3442 5138 qua:
3465 5068 3806 5125 Dominicam

2231 5142 2576 5210 sequebatur.
2628 5141 2754 5212 Ejus
2796 5141 3194 5212 conclusionem
3245 5140 3524 5195 celebrans
3551 5141 3810 5196 sacerdos

2231 5213 2338 5266 alta
2365 5228 2497 5268 voce
2517 5211 2833 5283 pronuntiat
2852 5212 2966 5268 sive
2985 5211 3253 5283 decantat,
3277 5219 3337 5264 ut
3359 5225 3549 5283 omnes
3569 5226 3809 5266 consona

2229 5297 2362 5338 voce
2387 5279 2748 5354 respondeant
2773 5281 2956 5336 Amen.
2995 5279 3128 5335 Nam
3170 5296 3289 5352 qua:
3327 5281 3642 5352 praecedunt
3670 5283 3804 5337 sui»

2230 5354 2393 5410 missa
2420 5353 2551 5410 voce
2582 5353 2914 5410 dicebantur.
3356 5359 3364 5366 '

2301 5438 2328 5466 κ
2367 5424 2541 5482 Vatic.
2591 5424 2770 5494 regius
2810 5439 2981 5491 unus,
3025 5431 3079 5479 et
3121 5422 3180 5478 S.
3216 5421 3482 5489 Audoeni,
3519 5440 3624 5478 non
3652 5423 3814 5477 unius

2227 5505 2306 5638 εἴ,
2334 5495 2560 5620 οιίἰςῖιὶω
2606 5493 2802 5561 Laud.,
2834 5511 2940 5550 non
2967 5495 3124 5550 unius
3172 5503 3271 5561 est,
3315 5494 3455 5565 quod
3491 5511 3590 5566 pro
3628 5495 3814 5548 multis

2228 5584 2256 5623 e
2302 5584 2371 5620 un
2411 5583 2536 5621 tur.

2228 5567 2536 5623 effunditur.

2269 5635 2281 5667 ·’
2301 5645 2329 5686 ἵ
2363 5635 2493 5693 Cod.
2521 5637 2578 5692 S.
2607 5637 2850 5695 Audoeni
2870 5646 2924 5694 et
2948 5653 3087 5694 unus
3125 5637 3308 5709 regius
3341 5655 3355 5691 :
3392 5635 3455 5692 Si
3482 5639 3619 5692 enim
3649 5638 3814 5692 unius

2229 5718 2434 5764 tantum
2458 5719 2610 5764 εεεει.
