4148 6344
241 437 381 496 1515

1160 432 1287 486 LIB.
1327 432 1414 486 DE
1451 429 1771 487 CORPOBE
1809 429 1896 486 ET
1935 429 2280 489 SANGUINE
2319 432 2575 490 DOMINI.

3357 435 3499 496 1814

241 557 334 604 tan
362 559 388 588 ι
419 543 720 600 attenderet
743 542 772 580 ι)
802 558 815 593 :
845 555 988 595 nunc
1009 548 1191 596 autem
1220 541 1344 596 licet
1372 540 1616 610 leprosus
1640 540 1712 594 sit
1735 539 1826 610 qui
1854 545 1903 604 Α
1929 542 2225 614 pelluntur,
2249 552 2302 600 et
2326 546 2554 600 virtutes
2580 545 2649 601 ab
2669 543 2751 601 eis
2771 544 3018 616 plurima:
3050 555 3371 616 operantur;
3419 550 3496 606 ita

240 639 436 704 offert,
470 633 670 690 munda
721 640 847 687 sunt
885 647 1005 702 quae
1045 632 1384 697 hauriuntur,
1426 631 1550 701 quia
1586 646 1716 686 caro
1765 637 1822 686 et

241 727 481 800 Sanguis.
510 722 808 779 Salvatoris
834 721 1032 776 nullius
1058 721 1396 776 immunditia
1423 720 1732 775 sordidatur
1755 731 1776 759 ο
1801 736 1818 786 ;

240 837 310 879 ex
333 817 509 876 cilicio
529 830 662 886 ergo
682 815 980 871 sacerdotis
1013 813 1116 868 ista
1142 823 1198 869 et
1227 828 1335 868 non
1356 828 1424 868 ex
1445 813 1640 868 merito
1677 828 1818 884 prae-

205 933 208 936 '
242 920 476 968 stantur.
508 907 716 963 Idcirco
741 902 913 960 licetd
944 921 1069 960 reus
1100 904 1192 970 sit,
1220 902 1451 959 oﬂicium
1481 903 1768 959 ministerii
1793 913 1817 944 θ

241 1017 459 1059 sacrum
499 1006 599 1064 est,
626 1005 682 1053 et
705 996 906 1068 gradus
933 995 1222 1052 sacerdotii
1250 1010 1282 1049 a
1326 1010 1541 1051 summo
1568 994 1820 1066 pontiﬁce

240 1098 459 1154 Christo
502 1100 905 1165 compensatur,
937 1100 997 1145 ut
1024 1091 1156 1146 nihil
1196 1091 1378 1147 minus
1406 1091 1589 1148 carnis
1622 1103 1677 1146 et
1701 1105 1820 1145 san-

243 1191 420 1262 guinis
465 1188 661 1243 habeat
705 1185 808 1240 hoc
850 1185 1168 1256 mysterium
1211 1200 1243 1239 a
1285 1185 1476 1254 quovis
1517 1184 1739 1255 indigno
1770 1183 1817 1250 τ,

242 1287 422 1334 tamen
444 1275 751 1348 apostolica:
764 1275 1074 1346 propaginis
1086 1275 1421 1331 consecratio
1439 1276 1756 1330 exhibeatur
1771 1277 1816 1328 ε.

247 1369 663 1425 Sacramentum
700 1367 844 1422 enim
879 1367 1235 1422 consecrandi
1263 1377 1368 1433 est,
1404 1366 1546 1436 quod
1574 1367 1736 1422 habet
1774 1366 1821 1421 is

241 1462 332 1533 qui
367 1460 670 1524 ordinatur,
711 1458 836 1528 quia
879 1474 984 1515 non
1026 1474 1092 1514 ex
1139 1471 1230 1524 eo,
1263 1458 1358 1514 sed
1400 1474 1466 1514 ex
1510 1455 1685 1514 cilicio
1711 1466 1819 1513 eta

242 1567 455 1607 summo
482 1550 735 1621 pontiﬁce
771 1549 942 1621 gratia
963 1565 1126 1621 quam
1156 1549 1272 1620 ipsa
1307 1547 1522 1604 Veritas
1553 1549 1818 1618 repromi-

243 1642 316 1697 sit
370 1641 644 1712 impletur,
673 1648 734 1695 ut
757 1640 811 1694 in
849 1638 995 1696 nullo
1029 1640 1388 1696 sacerdotium
1425 1638 1542 1709 ejus
1565 1650 1620 1694 et
1645 1639 1822 1709 ponti.

244 1731 435 1788 ﬁcatus
463 1731 715 1797 cilicium,
749 1730 973 1802 alicujus
1002 1731 1196 1786 merito
1225 1731 1545 1785 minaretur.
1576 1730 1604 1770 ιι
1637 1729 1822 1786 Virtus

242 1824 385 1879 enim
411 1822 763 1878 consecrandi
801 1830 883 1878 est
910 1822 963 1876 in
991 1836 1078 1887 eo,
1105 1823 1249 1892 quod
1271 1820 1433 1875 habet
1468 1820 1517 1876 is
1559 1821 1648 1890 qui
1677 1822 1823 1876 ordi-

1921 633 2159 704 ejusdem
2200 638 2403 694 virtute
2445 639 2498 694 in
2549 646 2892 694 sacramento
2936 653 2968 694 a
3011 638 3169 695 malis
3209 655 3404 712 corpus
3439 651 3499 700 et

1919 729 2137 800 sanguis
2160 729 2472 797 conﬁcitur,
2498 729 2626 787 licet
2653 730 2857 787 dictum
2888 731 2990 798 sit,
3019 734 3162 803 quod
3202 734 3344 791 Deus
3371 750 3498 808 pec-

1921 826 2133 874 catores
2153 835 2260 876 non
2289 821 2494 888 audiat,
2526 821 2654 893 quia
2691 829 2747 877 et
2793 836 2958 892 super
2993 837 3191 894 aquam
3215 825 3493 896 baptismi,

1921 913 1976 961 et
2022 921 2183 979 super
2215 909 2415 977 oleum,
2461 917 2517 966 et
2562 925 2725 982 super
2765 909 3200 980 Eucharistiam,
3243 923 3300 969 et
3335 930 3498 986 super

1921 997 2100 1066 capita
2119 1013 2306 1054 eorum
2322 997 2517 1070 quibus
2531 1015 2724 1056 manus
2745 1000 3038 1072 imponitur
3052 1003 3108 1058 in
3131 1015 3494 1073 sacramento,

1918 1086 2035 1142 haec
2069 1088 2248 1144 omnia
2280 1089 2333 1143 in
2361 1099 2699 1146 sacramento
2725 1104 2826 1162 per
2852 1091 3072 1164 angelos
3093 1103 3122 1142 ιι
3154 1092 3498 1150 celebrantur

1919 1186 1974 1232 et
2016 1179 2169 1233 ﬁunt.
2195 1177 2403 1235 Idcirco
2433 1180 2614 1235 valent
2638 1181 2800 1237 etiam
2847 1191 2902 1237 et
2945 1198 3043 1254 per
3082 1182 3402 1252 homicidas,
3430 1199 3497 1242 eo

1919 1272 2064 1342 quod
2087 1280 2190 1328 etsi
2229 1287 2336 1328 non
2378 1263 2615 1329 habeant
2652 1273 2910 1345 Spiritum
2944 1283 3212 1341 sanctum,
3244 1277 3388 1333 Deus
3413 1285 3498 1334 est

1921 1365 2012 1433 qui
2029 1364 2226 1435 datper
2243 1366 2604 1422 ministerium
2625 1381 2811 1422 eorum
2822 1367 3069 1423 eumdem
3091 1367 3352 1439 Spiritum
3372 1384 3499 1424 san-

1921 1465 2069 1511 ctum
2095 1467 2143 1523 τ,
2164 1467 2218 1512 et
2243 1467 2525 1513 consecrat
2544 1470 2610 1512 ex
2631 1456 2804 1514 oﬁicio
2830 1473 3025 1513 munus
3047 1473 3158 1514 sua:
3188 1458 3490 1530 largitatis;

1922 1546 2164 1616 alioquin
2191 1549 2469 1617 angustior
2497 1557 2581 1603 est
2626 1548 2800 1620 gratia
2828 1547 3029 1605 Christi
3068 1564 3228 1620 quam
3262 1549 3411 1606 fraus
3435 1559 3490 1606 et

1923 1635 2194 1690 calliditas
2244 1636 2463 1692 diaboli.
2519 1635 2578 1691 Si
2626 1637 2771 1692 enim
2813 1637 3000 1693 hortus
3048 1637 3136 1692 ille
3186 1638 3496 1694 deliciarum

1924 1726 2138 1783 clausus
2161 1729 2335 1796 potuit
2369 1728 2568 1783 habere
2589 1730 2771 1798 spinas
2796 1730 3114 1797 adversarii,
3138 1730 3306 1787 multo
3325 1733 3498 1804 magis

1923 1827 2076 1874 extra
2107 1828 2161 1873 et
2188 1820 2241 1873 in
2269 1835 2363 1875 eos
2403 1821 2495 1888 qui
2544 1821 2786 1877 membra
2817 1837 2923 1878 non
2955 1832 3082 1879 sunt
3121 1823 3343 1893 Christi,
3367 1841 3496 1897 pro-

243 1925 425 1972 natur.
458 1915 527 1970 Et
552 1915 671 1970 ideo
698 1922 1049 1978 revertentes,
1090 1914 1181 1984 qui
1213 1912 1473 1984 baptizati
1500 1920 1624 1967 sunt
1646 1913 1814 1982 prius,
1847 1901 1898 1964 Β
1924 1903 2065 1967 lecto
2095 1921 2313 1967 emanat
2339 1911 2458 1968 fons
2489 1912 2658 1982 ipsius
2686 1914 2890 1986 gratiae.

247 2006 388 2062 sicut
407 2021 512 2063 non
531 2005 934 2076 rebaptizantur
953 2045 968 2070 ,
998 2004 1073 2058 ita
1099 2004 1284 2072 utique
1303 2004 1394 2073 qui
1417 2003 1567 2074 prius
1587 2003 1818 2058 ordinati

245 2105 392 2162 sunt,
414 2111 604 2152 rursus
630 2110 736 2152 non
764 2095 1168 2159 reordinantur,
1198 2093 1265 2148 ad
1297 2095 1556 2149 unitatem
1593 2084 1821 2149 Catholi-

245 2208 384 2257 cam,
400 2191 445 2246 si
465 2190 806 2256 recesserint,
836 2188 1140 2245 redeuntes.
1165 2187 1271 2243 Sed
1293 2196 1387 2242 aut
1409 2188 1745 2254 ministrant,
1773 2187 1818 2242 si

243 2287 348 2341 hoc
376 2283 628 2340 Ecclesiae
651 2282 854 2338 utilitas
883 2279 1142 2353 postulat,
1169 2287 1262 2334 aut
1283 2279 1328 2334 si
1354 2294 1486 2345 non,
1513 2293 1822 2334 sacramen-

246 2386 356 2433 tum
408 2385 586 2432 tamen
631 2374 986 2431 ordinationis
1036 2388 1147 2428 suae
1191 2380 1425 2442 gerunt,
1474 2379 1530 2427 et
1574 2372 1695 2427 ideo
1741 2371 1821 2426 eis

243 2485 436 2526 manus
461 2469 602 2523 inter
629 2468 646 2508 ί
681 2465 846 2522 laicos
875 2481 984 2520 non
1010 2464 1324 2534 imponitur.
1355 2462 1535 2518 Manet
1560 2462 1724 2532 igitur
1766 2462 1820 2516 in

247 2565 328 2620 eis
355 2560 679 2618 sacramenti
708 2559 880 2614 virtus
909 2557 1008 2614 sibi
1040 2557 1328 2622 inutiliter,
1363 2557 1524 2612 etiam
1569 2557 1647 2611 rei
1695 2557 1820 2611 dum

245 2663 566 2712 consecrant
593 2652 640 2720 i,
673 2653 805 2709 satis
831 2659 1011 2707 tamen
1038 2649 1186 2706 utilis
1211 2657 1450 2722 potestas
1479 2656 1532 2702 et
1555 2647 1822 2704 ordinatio

241 2745 629 2813 consecrandi,
673 2744 810 2811 illis,
833 2743 932 2813 qui
960 2743 988 2783 ¹ί
1024 2742 1252 2815 gratiam
1297 2747 1568 2813 percepta:
1607 2737 1824 2794 benedi-

244 2837 441 2894 ctionis
492 2845 548 2891 et
599 2833 1079 2890 administrationis
1115 2831 1254 2899 ﬁde,
1303 2846 1397 2901 spe
1451 2839 1507 2885 et
1557 2827 1823 2885 charitate

246 2929 668 2987 communicant.
702 2925 718 2965 1
755 2925 940 2995 Neque
972 2939 1228 2996 perverso
1273 2923 1341 2978 ad
1383 2923 1608 2978 salutem
1654 2921 1821 2992 proﬁ-

247 3025 399 3076 ciunt
429 3021 546 3076 haec
574 3020 695 3074 vitae
723 3027 1064 3074 sacramenta
1099 3018 1164 3072 de
1189 3015 1399 3072 caelesti
1435 3014 1582 3070 fonte
1606 3029 1823 3069 manan-

252 3114 357 3179 tia;
392 3111 645 3182 quoniam
674 3109 817 3164 nulla
848 3109 1193 3179 participatio
1217 3107 1441 3176 justitite
1467 3122 1590 3162 cum
1620 3095 1822 3177 iniqui-

249 3213 380 3269 tate,
414 3204 552 3259 sicut
578 3217 676 3258 nec
705 3202 840 3257 lucis
865 3217 990 3257 cum
1038 3200 1292 3257 tenebris.
1325 3209 1366 3232 ³
1403 3199 1606 3255 Tamen
1633 3209 1662 3238 υ
1690 3197 1823 3255 tales

250 3297 375 3352 licet
403 3296 636 3361 oderint,
673 3293 902 3350 adulteri
933 3293 1042 3349 sint
1081 3301 1136 3348 et
1172 3292 1476 3357 homicidae,
1502 3300 1558 3346 et
1580 3305 1643 3346 ex
1673 3296 1826 3361 parte

250 3389 446 3445 diaboli
473 3388 626 3458 plura
655 3385 993 3453 admiserint,
1023 3385 1149 3440 dum
1179 3383 1317 3439 falce
1361 3382 1670 3454 evangelica
1698 3397 1826 3438 nec-

249 3481 377 3534 dum
428 3477 637 3548 pnecisi
684 3475 1033 3541 sacriﬁcant,
1083 3489 1190 3529 non
1241 3472 1582 3545 cogitandum
1630 3471 1722 3542 qui
1772 3479 1829 3527 et

248 3570 436 3640 quales
462 3569 586 3633 sint,
617 3567 707 3622 sed
733 3566 862 3640 quid
894 3567 1038 3632 dent,
1071 3564 1152 3620 vel
1179 3574 1204 3600 ο
1231 3564 1362 3635 quid
1405 3561 1639 3632 accipiat
1661 3563 1707 3616 is
1735 3561 1828 3632 qui

251 3679 372 3720 cum
406 3662 511 3716 ﬁde
531 3659 980 3725 communicatur,
1008 3671 1183 3726 neque
1204 3655 1325 3726 quis
1346 3654 1545 3709 habeat
1567 3652 1826 3707 virtutem

251 3751 626 3816 consecrandi,
672 3750 766 3805 sed
799 3748 926 3818 quid
957 3759 984 3798 P
1018 3747 1232 3802 habeat.
1258 3743 1398 3798 Nam
1437 3742 1578 3798 sicut
1615 3741 1830 3797 nomine

253 3843 480 3909 Christi,
507 3843 622 3913 ipso
649 3849 807 3907 teste,
825 3840 984 3896 etiam
1009 3855 1038 3893 a
1067 3837 1323 3895 membris
1347 3835 1547 3892 diaboli
1569 3834 1829 3891 daemonia

323 3989 349 4054 ξι
490 3981 610 4054 octo
647 3987 792 4054 mss.-
806 3971 1260 4054 Sirm..legit_non
1287 3970 1595 4054 attendere}.

325 4048 354 4087 ι»
397 4045 578 4105 llicin
611 4045 730 4099 cod.
771 4043 942 4099 Laub.
973 4039 1160 4113 incipit
1185 4057 1304 4112 cap.
1331 4039 1446 4113 LIV
1477 4058 1490 4093 :
1522 4039 1674 4105 Quod
1713 4039 1833 4095 licet

254 4117 603 4188 leprosus‘sil
652 4115 740 4185 qui
788 4114 984 4188 munda
1033 4112 1246 4184 prwbet,
1285 4112 1484 4168 munda
1528 4120 1647 4188 sunt
1699 4127 1833 4188 stupe

253 4181 762 4261 qquaccipiuntur,
791 4185 916 4255 quia
959 4181 1224 4261 noncaro
1252 4193 1319 4261 _et
1351 4182 1602 4261 _sanguis_
1628 4190 1703 4261 est
1755 4181 1832 4237 le-

251 4253 417 4329 prosi,
445 4253 534 4311 sed
563 4255 779 4322 Christi,
803 4253 924 4323 qua:
953 4254 1150 4309 nullius
1179 4253 1313 4308 valet
1345 4253 1681 4307 immunditia
1713 4268 1831 4306 sor.-

254 4329 452 4383 didari.
949 4332 955 4338 ’

333 4413 354 4442 ε
396 4399 474 4453 Ita
504 4416 599 4456 sex
632 4413 765 4454 mss.
794 4395 960 4460 Editi,
988 4395 1350 4450 sordidantur.

325 4469 354 4509 τι
398 4469 550 4527 Unus
579 4469 696 4525 cod.
728 4468 908 4539 regius
939 4484 953 4524 :
982 4465 1122 4521 Licet
1147 4466 1390 4521 sacerdos
1414 4481 1533 4521 reus
1567 4466 1656 4520 sit.

331 4552 356 4581 ο
395 4541 596 4607 Vatic.,
621 4539 872 4610 mysterii.

333 4612 371 4688 f_
397 4593 634 4688 sibila
673 4593 851 4681 quovis
881 4607 1093 4688 indigno
1139 4606 1461 4688 exhibentur,
1495 4606 1711 4662 omissis
1748 4606 1839 4688 his
1870 4593 2238 4688 unf‘dgatt'l:

259 4681 442 4738 verbis
491 4701 505 4737 :
550 4676 744 4736 Tamen
795 4676 1094 4750 apostolica:
1144 4678 1447 4750 propaginis
1490 4676 1828 4750 consecratio.

260 4754 448 4819 Mam.,
495 4771 527 4807 α
568 4751 746 4824 quovis
789 4747 1002 4818 indigno
1029 4747 1513 4824 quamqapostolica
1553 4747 1835 4824 propagine

259 4814 592 4879 consecrata:
617 4818 793 4876 Vatic.
831 4814 960 4874 vero
998 4814 1078 4874 sic
1113 4814 1373 4886 legit‘hoc
1407 4814 1708 4872 membrum
1725 4814 1748 4870 7:
1775 4814 1836 4872 Si

259 4904 437 4975 tamen
475 4890 770 4964 apostolica:
815 4889 1116 4961 propaginis
1150 4887 1476 4942 institutione
1517 4887 1838 4942 consecratio

261 4965 588 5020 exhibentur.

306 5105 309 5106 ν
338 5037 365 5075 ⁸
403 5035 558 5106 Apud
580 5032 738 5106 Mam.
767 5029 1332 5106 etUlim._et_in_codd_.
1357 5027 1616 5092 Puteano,
1647 5025 1836 5106 Major.

262 5105 434 5172 Mum,
451 5098 638 5161 'Laub.
657 5145 672 5170 ,
698 5103 756 5158 S.
794 5103 1057 5173 Remigii,
1085 5100 1394 5173 Colbertino
1419 5114 1546 5163 uno,
1570 5107 1627 5156 et
1650 5098 1834 5173 Germ.
1925 5146 1931 5152 .

265 5191 376 5233 uno
420 5169 804 5232 desiderantur
853 5169 977 5228 haec
1016 5173 1223 5227 verba:
1268 5169 1666 5224 Sacramentum
1703 5169 1842 5224 enim

263 5246 607 5316 consecrandi
634 5254 711 5316 est
733 5242 1128 5316 quodihabetis
1148 5242 1239 5312 qui
1267 5240 1560 5316 ordinatur.

336 5321 366 5359 ιι
409 5315 510 5372 Hic
536 5317 589 5372 in
616 5308 940 5371 codeaub.
968 5308 1171 5383 incipit'
1195 5326 1314 5383 cap.
1337 5310 1426 5383 LV
1459 5327 1473 5363 :
1508 5308 1662 5383 Quod
1682 5310 1843 5364 virtus

265 5386 611 5444 consecrandi
635 5387 702 5440 sit
723 5387 780 5440 in
799 5402 860 5441 eo
883 5384 1023 5454 quod
1052 5379 1200 5438 liabet
1224 5379 1313 5454 ille
1332 5381 1420 5454 qui
1443 5388 1516 5434 est
1549 5379 1843 5454 ordinatus,

267 5460 323 5512 id
343 5467 423 5514 est
443 5459 500 5513 in
524 5456 835 5531 sacerdotio.
858 5450 929 5531 Et
947 5454 1068 5531 ideo
1085 5470 1188 5531 non
1205 5451 1574 5531 reordinantur
1593 5450 1846 5531 lucretio},

265 5531 430 5600 etiam
476 5527 770 5600 sacerdotes
807 5525 884 5582 vel
921 5520 1186 5600 criminosi
1229 5522 1417 5600 quique
1445 5519 1694 5600 depositi,
1721 5521 1846 5589 quia

267 5596 403 5652 sicut
451 5615 555 5653 non
605 5598 705 5651 nisi
756 5612 919 5650 unum
965 5595 1250 5664 baptisma,
1305 5593 1397 5664 ita
1420 5605 1520 5643 non
1555 5593 1657 5643 nisi
1686 5605 1849 5664 unum

267 5668 645 5740 sacerdotium,
669 5667 944 5740 quodnon
966 5658 1195 5740 quidem“
1215 5660 1576 5740 perdiderunt,
1611 5658 1701 5740 sed
1746 5675 1850 5712 non

270 5737 609 5793 ministrandi
633 5730 994 5800 interdictum,
1024 5744 1073 5790 et
1115 5733 1338 5803 oﬂicium
1377 5730 1657 5800 paznitendi
1701 5744 1842 5784 sum-

289 5825 396 5863 ;ser
397 5817 509 5862 unt.

289 5828 302 5833 “
336 5828 363 5860 e
496 5847 509 5861 ο

271 5828 334 5879 P8
354 5828 577 5934 imSni‘rm.
609 5897 620 5932 :
657 5879 721 5934 Et
746 5879 861 5934 ideo
881 5877 955 5933 eis
985 5891 1170 5932 manus
1197 5875 1330 5929 inter
1358 5871 1519 5928 laicos
1545 5872 1850 5941 impon'tur,

1893 2056 1904 2068 ,
1991 2003 2045 2058 4.
2081 2003 2196 2059 Non
2221 2004 2386 2076 igitur
2409 2014 2701 2060 evacuatur
2720 2006 2865 2077 quod
2893 2006 3090 2078 ubique
3110 2008 3299 2078 pollet,
3323 2024 3498 2081 neque

1922 2093 2143 2150 alterius
2187 2109 2308 2151 esse
2354 2103 2560 2165 potest,
2599 2097 2741 2167 quod
2780 2099 3059 2170 proprium
3095 2100 3190 2156 Dei
3232 2111 3343 2167 est,
3371 2102 3498 2173 quia

1921 2185 2023 2238 etsi
2049 2192 2175 2238 sunt
2204 2183 2295 2253 qui
2322 2185 2504 2239 dicant
2523 2186 2640 2241 haec
2667 2187 2749 2242 sui
2779 2187 2958 2242 meriti
2979 2203 3122 2256 esse,
3143 2198 3198 2245 et
3220 2190 3500 2247 fornican-

1924 2278 2011 2325 tur
2037 2287 2068 2326 a
2098 2272 2229 2336 Deo,
2261 2287 2601 2343 nequaquam
2634 2275 2721 2329 illa
2756 2277 3141 2334 exhonoranda
3177 2290 3305 2336 sunt
3331 2281 3499 2338 divini

1915 2360 2056 2430 juris
2085 2371 2443 2427 sacramenta,
2477 2373 2539 2418 ut
2573 2379 2760 2420 eorum
2793 2367 2883 2422 illa
2925 2384 3043 2425 esse
3067 2379 3344 2440 putentur,
3372 2389 3496 2430 cum

1922 2451 2182 2508 Dominus
2223 2452 2323 2507 sub
2362 2453 2543 2523 specie
2590 2456 2894 2512 meretricis
2943 2468 3227 2531 synagogas
3257 2481 3270 2516 :
3300 2461 3498 2518 Protu-

1921 2545 2028 2599 listi
2049 2587 2062 2608 ,
2093 2546 2289 2617 inquit,
2331 2547 2396 2602 de
2429 2564 2560 2603 auro
2588 2565 2700 2605 meo
2725 2560 2773 2605 et
2808 2563 3023 2623 argento
3065 2570 3209 2619 meo,
3247 2563 3294 2608 et
3331 2555 3500 2624 fecisti

1922 2633 2015 2687 tibi
2035 2634 2287 2706 imagines
2304 2635 2647 2704 masculinas,
2678 2654 2724 2692 et
2751 2639 3011 2709 fornicata
3033 2656 3086 2694 es
3107 2641 3163 2695 in
3182 2641 3255 2695 eis
3279 2639 3496 2711 (Ezecli.

1922 2740 2037 2792 xvi,
2061 2724 2172 2796 l7).
2220 2725 2425 2782 Deinde
2452 2728 2529 2782 ait
2559 2744 2573 2781 :
2604 2727 2858 2799 Accepisti
2891 2731 3190 2784 vestimenta
3234 2747 3348 2785 mea
3387 2749 3499 2786 ver-

1923 2817 2170 2873 sicoloria
2203 2829 2248 2886 ι,
2296 2829 2345 2873 et
2397 2820 2646 2890 aperuisti
2699 2820 2844 2875 idola
2891 2830 3002 2876 tua.
3064 2820 3249 2876 Oleum
3297 2839 3499 2893 quoque

1922 2923 2095 2964 meum
2134 2917 2180 2962 et
2217 2907 2488 2963 incensum
2514 2926 2685 2963 meum
2723 2911 2943 2980 posuisti
2971 2921 3092 2966 ante
3117 2913 3305 2981 [aciem
3333 2913 3500 2968 idolo-

1925 3015 2043 3052 rum
2081 2999 2121 3052 ι.
2169 2997 2312 3053 Nam
2347 3007 2397 3052 et
2431 3016 2588 3069 panes
2617 3015 2756 3054 meos
2781 3017 2907 3072 quos
2932 3001 3052 3056 dedi
3079 3003 3193 3068 tibi,
3225 3013 3274 3058 et
3301 3005 3501 3060 simila-
3588 3012 3596 3018 ’

1924 3092 2095 3163 ginem
2118 3103 2170 3158 ιι,
2199 3101 2460 3163 postqum
2503 3092 2653 3147 melle
2700 3102 2749 3148 et
2790 3093 2900 3148 oleo
2935 3095 3099 3149 cibavi
3143 3105 3212 3152 te.
3255 3096 3502 3155 Profecto

1927 3184 2054 3254 quia
2101 3184 2205 3240 etsi
2257 3184 2490 3240 carnalis
2540 3184 2719 3240 anima
2765 3186 3034 3241 convertit
3089 3187 3155 3242 ad
3216 3189 3500 3259 imaginem

1848 3257 1899 3328 Ο
1927 3279 2366 3350 phantasmatum
2396 3293 2614 3333 suorum
2651 3280 2831 3334 omnia
2864 3289 3204 3336 sacramenta
3244 3289 3299 3336 et
3335 3284 3500 3338 verba

1931 3368 2074 3424 sacri
2099 3367 2321 3437 eloquii,
2378 3376 2556 3424 tamen
2587 3385 2693 3424 non
2719 3386 2814 3424 sua
2841 3372 2954 3426 haec
2980 3380 3126 3437 sunt,
3152 3386 3326 3441 neque
3353 3387 3502 3428 ama~

1928 3470 2105 3516 torum
2137 3477 2382 3527 suorum,
2418 3462 2513 3517 sed
2542 3462 2656 3527 Dei,
2703 3463 2832 3518 licet
2860 3463 3055 3519 habeat
3092 3465 3501 3520 fornicationem

1928 3566 2083 3605 suam
2117 3552 2336 3606 seducta
2371 3551 2456 3606 vel
2489 3552 2770 3607 seducens.
2812 3553 2966 3608 Un'de
3007 3562 3063 3608 et
3105 3554 3364 3611 Dominus
3405 3570 3501 3610 sua
3543 3577 3548 3579 -

1930 3639 2047 3696 ι)ωο
2080 3655 2201 3696 esse
2248 3649 2602 3711 protestatur,
2652 3651 2707 3696 et
2752 3641 2871 3697 ideo
2919 3659 3026 3698 non
3072 3645 3329 3701 debemus
3375 3645 3504 3717 ipsis

1929 3732 2168 3789 tribuere
2195 3749 2314 3804 quae
2341 3733 2434 3788 Dei
2463 3742 2610 3800 sunt,
2642 3749 2814 3803 neque
2860 3735 3012 3804 quasi
3045 3744 3074 3772 ν
3113 3736 3272 3792 noxia
3314 3751 3504 3807 repro-

1930 3824 2101 3891 bare,
2153 3824 2264 3879 imo
2321 3821 2574 3894 quamvis
2613 3822 2759 3896 apud
2825 3824 3169 3882 fornicariam
3221 3828 3504 3884 mulierem

1931 3958 2353 4034 repugnantibus
2381 3973 2511 4034 mss.
2540 3958 2633 4028 qui
2661 3973 2850 4034 omnes
2875 3965 2996 4034 cu'm
3019 3959 3270 4034 negativa
3290 3960 3502 4034 legunt:

1934 4030 2145 4100 Etideo
2173 4030 2246 4083 eis
2277 4046 2464 4100 manus
2492 4029 2625 4083 inter
2652 4029 2816 4084 laicos
2838 4046 2942 4084 non
2971 4029 3274 4100 imponitur.

2009 4099 2022 4150 i
2073 4099 2218 4155 Flor.
2249 4108 2304 4154 et
2327 4099 2520 4165 Laub.,
2547 4111 2938 4154 consecrantur.

2007 4171 2036 4252 ξι
2072 4169 2322 4252 Quinque
2349 4185 2509 4252 mss,
2529 4171 2736 4252 qui-per
2760 4171 3005 4252 gratiam.

2014 4241 2032 4280 1
2072 4241 2130 4296 In
2156 4241 2276 4316 cod.
2301 4239 2469 4296 Laub.
2495 4239 2585 4316 hic
2624 4239 2810 4310 incipit
2853 4253 2970 4310 cap.
3011 4240 3124 4298 LVI
3155 4260 3167 4296 :
3197 4243 3349 4310 Quod
3396 4261 3509 4316 per-

1937 4313 2284 4385 verso_magis
2310 4321 2529 4385 noceant
2555 4311 2664 4385 (nec
2687 4321 3022 4385 sacramenta
3036 4330 3192 4385 quam
3214 4311 3432 4385 prosint.

2009 4395 2049 4422 ω
2088 4383 2144 4436 ln
2174 4381 2605 4452 cod.Laub.rliic
2631 4381 2819 4450 incipit
2845 4397 2965 4452 cap.
2998 4381 3135 4438 LVII
3164 4402 3176 4438 :
3211 4381 3364 4450 Quod
3395 4387 3512 4439 licet

1939 4453 2163 4526 adulteri
2205 4461 2251 4506 et
2287 4451 2559 4505 homicida:
2596 4451 2698 4506 sint
2738 4451 3053 4526 sacerdotes,
3092 4465 3266 4526 tamen
3293 4457 3338 4509 si
3369 4455 3513 4526 lega-

1940 4525 2064 4596 liter
2103 4539 2204 4596 non
2242 4527 2588 4590 deponantur,
2623 4539 2726 4575 non
2752 4522 3086 4591 cogitandum
3111 4525 3234 4596 quid
3261 4526 3382 4591 sint,
3418 4522 3509 4579 sed

2015 4675 2042 4703 ιι
2079 4663 2136 4718 ιιι
2177 4662 2386 4735 duobus
2427 4661 2623 4735 regina;
2669 4660 2829 4735 Sigeo,
2860 4670 2916 4718 et
2952 4664 3158 4735 duobus
3191 4665 3352 4735 regiis
3379 4681 3510 4720 mss.

1940 4737 2142 4791 omisso
2173 4733 2301 4787 tales
2323 4733 2441 4787 licet
2466 4732 2694 4798 oderint,
2721 4731 2917 4804 legitur
2943 4751 2958 4788 :
2990 4734 3183 4791 Tamen
3213 4731 3330 4791 licet
3357 4737 3511 4790 hodie

1940 4810 2044 4858 sint
2080 4803 2327 4858 adulteri.

1940 4810 2044 4862 sint
2080 4803 2327 4860 adulteri.

2015 4884 2040 4912 ο
2080 4875 2291 4930 Laub.:
2331 4871 2438 4946 Vel
2463 4873 2876 4946 quidaccipiant
2903 4876 2966 4930 ab
3005 4876 3085 4930 Itis
3124 4877 3224 4946 qui,
3253 4892 3375 4946 cum
3411 4876 3515 4945 ﬁde

1944 4946 2353 5018 communicant.
2400 4943 2544 5018 Cod.
2571 4943 2759 5015 Major.
2793 4943 2958 5012 Mon.,
3005 4947 3096 5002 sed
3136 4943 3264 5018 quid
3294 4943 3511 5017 accipit,

1946 5019 2148 5075 omisso
2172 5015 2297 5086 quid
2319 5015 2441 5069 dent
2466 5013 2562 5068 vel.

2023 5099 2050 5139 ρ
2087 5085 2328 5158 Quatuor
2347 5100 2518 5158 Amss.,
2541 5085 2631 5140 sed
2665 5103 2698 5140 a
2720 5102 2823 5158 quo
2848 5086 3055 5142 habeat.

2018 5169 2047 5211 ιι
2085 5157 2226 5213 Edili
2251 5155 2509 5228 omittunt
2532 5172 2624 5226 per
2651 5155 2882 5228 angelos.

2021 5239 2045 5268 ι’
2084 5228 2252 5284 Laub.
2294 5243 2309 5312 ξ
2347 5226 2693 5312 Ecce‘tarnen
2725 5226 2802 5280 ea:
2848 5227 3013 5312 Micio
3063 5247 3182 5312 quo.
3203 5229 3514 5312 funguntur,

1949 5317 2140 5355 munus
2159 5313 2269 5353 sure
2289 5296 2546 5367 largitatis
2575 5296 2751 5367 diuina
2775 5295 2982 5367 exhibet
3007 5295 3379 5354 misericordia.
3410 5300 3518 5355 'Va-

1952 5372 2044 5426 tic.
2073 5384 2200 5441 cum
2225 5364 2396 5422 altero
2420 5381 2522 5420 ms.
2556 5383 2569 5419 :
2601 5364 2725 5441 Non
2749 5365 2890 5441 deest
2903 5376 3120 5441 tamen,
3158 5370 3249 5441 qui
3296 5374 3386 5425 dat
3426 5385 3519 5440 per

1951 5439 2295 5496 ministerium
2319 5452 2498 5491 eorum
2521 5434 2758 5505 eumdgm
2783 5435 3021 5505 spiritus.
3170 5434 3181 5441 ⁷
3365 5473 3372 5478 -

2025 5521 2048 5549 ι
2087 5504 2650 5582 Al.,_diuersi_coloris.
2674 5503 2844 5582 Laub.
2869 5520 2992 5582 cum
3019 5509 3193 5566 tribus
3219 5509 3340 5567 aliis
3358 5524 3521 5582 mss.,

1953 5577 2356 5636 diversicoloria.
2393 5575 2562 5640 Flor.,
2590 5575 2933 5630 versicoloris.

2031 5657 2050 5688 ι
2090 5646 2232 5705 Editi
2257 5646 2460 5700 addunt
2488 5656 2718 5698 tuorum.

2027 5732 2054 5760 ιι
2093 5717 2176 5773 Al.
2211 5715 2359 5771 addit
2387 5714 2639 5770 obtulisti.

2031 5801 2057 5826 ν
2096 5791 2174 5844 lta
2219 5787 2389 5842 Laub.
2435 5800 2557 5840 cum
2605 5785 2776 5842 tribus
2821 5789 2941 5849 aliis
2981 5811 3108 5852 mss.
3157 5795 3293 5851 Editi
3335 5795 3524 5853 legunt

2037 5811 2053 5826 '
2096 5811 2174 5844 Ita
2220 5811 2389 5842 h'duu.
2435 5811 2557 5840 cum
2607 5811 2776 5842 ιηυιιδ
2821 5811 2941 5849 allis
2981 5811 3108 5852 mss.
3157 5811 3293 5851 Etllll
3338 5811 3385 5850 le
3426 5811 3524 5853 ιεηι

1958 5861 2110 5933 quasi
2146 5874 2248 5914 non
2282 5857 2504 5927 cognita.
2551 5855 2672 5910 Put.
2723 5874 2852 5918 vero
2894 5865 3063 5921 V'atic.
3104 5867 3342 5922 Laudun.
3387 5811 3560 5936 glaj.‘
