4148 6344
662 393 800 449 15η

1453 397 1511 449 ὁ.
1549 393 1903 449 ausaausa
1942 388 2290 450 RADBERTI
2322 384 2612 445 ABBATIS
2645 379 3091 445 CORBEIENSIS

3788 381 3927 438 1516

660 506 801 563 dona
846 506 948 562 viri
983 506 1206 578 legitimi
1257 521 1671 580 recognoscere,
1702 515 1756 563 et
1804 507 1972 562 verbo
2009 505 2250 560 veritatis
2276 506 2325 567 Α
2354 503 2616 574 praestita,
2646 501 2719 556 ad
2752 499 2896 555 illam
2924 498 3206 553 tenderent
3231 496 3467 566 speciem
3509 496 3796 561 satietatis,
3836 494 3926 552 ubi

660 596 805 651 illam
869 597 1276 655 loruicationem
1328 598 1605 671 corrigere
1658 598 1703 653 si
1770 596 2049 662 valemus,
2120 611 2240 666 quae

660 688 872 761 propria
920 697 1003 745 est
1038 688 1321 760 impudica:
1370 687 1632 754 mulieris,
1680 686 1785 744 non
1816 686 1905 742 illa
1949 686 2085 741 dona
2127 685 2241 741 cul-

659 794 789 855 pare
838 795 957 853 quae
1016 780 1233 852 propria
1289 789 1413 835 sunt
1461 779 1672 835 Domini
1722 777 2064 855 miserantis,
2112 775 2239 847 quia

660 872 762 930 etsi
788 881 1188 929 sacramentum
1216 872 1405 945 gratiae
1431 872 1525 928 dat
1548 871 1692 927 Deus
1721 871 1883 928 etiam
1912 884 2011 942 per
2044 868 2235 935 malos,

662 964 833 1036 ipsam
863 979 991 1019 vero
1028 963 1258 1041 gratiam
1303 980 1410 1020 non
1445 964 1547 1019 nisi
1587 979 1685 1037 per
1709 963 1967 1033 seipsum,
1999 961 2052 1016 in
2080 976 2181 1030 qua
2211 972 2236 1001 ι

661 1065 743 1111 est
785 1054 1032 1112 remissio
1063 1056 1092 1096 δ
1129 1066 1509 1133 peccatorum,
1536 1071 1700 1129 quam
1752 1054 1941 1109 tribuit
1968 1053 2236 1110 interdum

660 1148 825 1205 etiam
860 1155 916 1202 et
942 1162 1039 1218 per
1076 1156 1297 1204 sanctos
1342 1163 1488 1203 suos.
1538 1146 1692 1205 Unde
1739 1145 1871 1202 nihil
1925 1144 2096 1219 majus
2145 1150 2237 1198 aut

660 1237 838 1292 minus
865 1244 949 1292 est
970 1252 1000 1291 a
1028 1236 1264 1308 quolibet
1294 1248 1317 1277 ο
1350 1238 1617 1303 ministro,
1650 1236 1752 1292 etsi
1786 1236 1961 1291 adhuc
1988 1235 2043 1290 in
2089 1241 2239 1289 tene-

658 1327 773 1387 bris
801 1328 896 1394 sit,
923 1328 1049 1384 dum
1078 1338 1134 1383 et
1159 1341 1559 1386 sacramentum
1584 1337 1874 1401 praestatur
1894 1344 1961 1382 ex
1981 1325 2155 1383 oﬂicio
2183 1334 2237 1382 et

658 1416 851 1489 gratia,
881 1431 948 1471 ex
978 1416 1391 1489 participatione
1417 1426 1472 1472 et
1498 1417 1704 1472 unitate
1731 1416 2013 1480 columba,
2045 1414 2098 1471 in
2128 1430 2234 1486 qua

659 1498 775 1562 lluit
806 1505 929 1562 fons
950 1507 1096 1573 vitae,
1116 1516 1173 1562 et
1199 1518 1385 1564 manat
1407 1508 1654 1564 remissio
1676 1517 2046 1579 peccatorum,
2078 1504 2234 1580 cujus

657 1600 911 1655 sacerdos
928 1596 1174 1654 Christus
1206 1608 1262 1656 et
1298 1598 1538 1671 pontifex
1564 1599 1616 1655 in
1642 1609 1902 1655 aeternum
1932 1598 2135 1668 expiat,
2178 1608 2233 1653 et

656 1690 813 1746 on‘ert
854 1692 1089 1762 seipsum
1134 1706 1232 1764 pro
1260 1691 1416 1749 nobis
1450 1692 1690 1765 Quotidie
1732 1699 1859 1747 ante
1882 1697 2229 1762 conspectum

657 1784 853 1840 divinae
884 1784 1203 1856 majestatis.

1213 1919 1443 1977 CAPUT
1478 1919 1596 1976 XIII
1621 1918 1673 1975 ἀ.

689 2043 716 2072 ⁸
746 2031 818 2088 Ut
846 2030 973 2104 quid
1006 2030 1119 2086 lucc
1142 2029 1365 2104 colorem
1402 2039 1495 2085 aut
1520 2044 1759 2099 saporem
1786 2029 1841 2084 in
1866 2035 2193 2083 sach

648 2132 651 2135 -
860 2102 868 2104 “
1162 2102 1372 2156 nissime
1398 2108 1717 2172 permutant.

724 2237 774 2292 l.
813 2235 968 2305 Quod
994 2235 1016 2274 ί
1045 2250 1174 2291 vero
1211 2234 1444 2291 colorem
1489 2242 1581 2288 aut
1626 2248 1875 2304 saporem
1904 2232 2083 2288 carnis
2129 2230 2229 2285 mi-

654 2328 799 2383 nime
823 2327 1043 2399 prabet,
1074 2326 1244 2382 virtus
1265 2335 1445 2381 tamen
1470 2322 1593 2379 ﬁdei
1617 2332 1672 2380 et
1695 2323 2079 2396 intelligentize,
2108 2335 2228 2392 quae

653 2418 785 2474 nihil
806 2418 870 2473 de
896 2417 1113 2473 Christo
1142 2416 1372 2482 dubitat,
1402 2423 1569 2471 totum
1594 2412 1725 2469 illud
1747 2414 2059 2485 spiritaliter
2086 2412 2227 2483 sapit

652 2518 709 2564 ct
731 2509 1019 2582 degustat;
1050 2507 1201 2581 quia,
1224 2516 1280 2562 ut
1312 2506 1443 2574 dixi,
1472 2506 1564 2576 qui
1591 2505 1756 2561 verbo
1781 2514 1972 2560 cuncta
2000 2503 2224 2568 creavit,

654 2604 768 2657 haec
811 2599 977 2657 verbo
1025 2615 1132 2656 una
1184 2615 1305 2656 cum
1343 2597 1547 2670 Spiritu
1580 2606 1767 2653 sancto
1807 2604 2143 2666 cooperator,
2172 2603 2227 2650 et

651 2694 772 2750 ideo
795 2693 930 2748 nihil
958 2691 1333 2757 dubitandum,
1359 2690 1449 2746 ubi
1474 2690 1616 2746 Deus
1639 2688 1877 2744 Trinitas
1897 2687 2019 2759 jure
2046 2687 2223 2760 opifex

651 2784 913 2840 creditur.
945 2781 1092 2838 Nihil
1124 2782 1149 2821 ε
1183 2780 1328 2835 enim
1356 2781 1409 2835 in
1443 2794 1508 2835 eo
1532 2779 1700 2844 deest,
1726 2776 1816 2832 ubi
1844 2770 2035 2832 eﬁicax
2057 2776 2226 2832 virtus

653 2874 893 2944 ejusdem
929 2873 1009 2928 rei
1034 2871 1287 2939 sentitur,
1319 2870 1409 2926 ubi
1457 2878 1509 2925 et
1554 2867 1709 2942 plena
1750 2868 2043 2924 similitudo
2070 2875 2225 2923 exte—

653 2964 767 3021 rius
789 2963 817 3003 1³
841 2970 897 3018 et
916 2976 1044 3016 vera
1063 2960 1238 3016 virtus
1260 2958 1395 3030 Agni
1417 2967 1580 3030 atque
1601 2973 1728 3015 caro
1747 2956 1864 3027 ejus
1882 2956 2225 3013 immaculata

651 3056 879 3112 interius
907 3061 1148 3109 voratur.
1189 3051 1333 3107 Nihil
1376 3051 1520 3106 enim
1570 3049 1971 3116 rationabilius,
2000 3058 2061 3105 ut
2102 3050 2224 3121 quia

653 3162 751 3203 nos
768 3145 882 3221 jam
910 3143 1315 3200 similitudinem
1339 3140 1528 3197 mortis
1548 3140 1667 3212 ejus
1696 3142 1749 3195 in
1780 3142 2048 3212 baptismo
2073 3156 2228 3199 acce—

2334 595 2445 669 jam
2472 608 2578 649 non
2602 607 2704 664 pro
2730 589 2971 663 peccatis
2996 588 3198 644 nostris
3233 588 3478 658 quotidie
3524 586 3779 643 Christus
3829 588 3927 642 ia-

2339 684 2659 750 molabitur,
2707 684 2803 738 sed
2844 680 3095 738 satietate
3138 679 3592 736 manifestationis
3635 679 3763 750 ejus
3809 678 3925 737 sine

2339 775 2445 831 ulla
2472 776 2822 846 corruptione
2852 788 3042 829 omnes
3071 773 3190 828 sine
3216 773 3322 828 line
3352 772 3625 842 fruemur;
3678 774 3921 845 alioquin

2340 866 2609 938 quomodo
2636 872 2676 896 ⁸·
2723 862 2930 919 ferrent
2985 864 3100 919 haec
3142 863 3319 918 adhuc
3363 864 3664 930 increduli,
3720 865 3769 920 si
3810 866 3919 937 ja-

2339 955 2587 1028 discipuli
2623 954 2751 1011 olim
2780 954 2885 1011 ista
2916 969 3052 1010 sono
3079 955 3227 1010 vocis
3253 955 3535 1011 audientes
3557 955 3709 1010 ferre
3732 957 3921 1027 nequi-

2337 1047 2575 1103 verunt?
2596 1045 2729 1103 Nam
2759 1062 2879 1102 cum
2914 1045 3169 1102 Salvator
3196 1045 3400 1101 diceret
3441 1062 3459 1098 :
3500 1045 3605 1112 Qui
3634 1047 3920 1101 manducet

2338 1154 2546 1193 carnem
2569 1153 2760 1204 meam,
2789 1146 2837 1192 et
2862 1136 2985 1190 bibit
3007 1136 3313 1207 stragi-im
3342 1151 3531 1199 meum,
3560 1137 3615 1190 in
3636 1153 3721 1190 me
3747 1147 3920 1192 mouet

2339 1230 2522 1304 (Joan.
2558 1246 2636 1297 vr,
2664 1229 2784 1302 57‘),
2831 1239 2962 1295 etc.,
2996 1237 3106 1284 tum
3158 1230 3433 1298 inquiunt,
3487 1230 3658 1284 durus
3709 1240 3791 1284 est
3838 1231 3920 1283 hic

2337 1336 2527 1385 sermo,
2573 1330 2621 1373 et
2662 1320 2780 1390 quis
2802 1319 2989 1389 poterit
3041 1319 3296 1373 sustinere
3353 1335 3468 1373 eum
3515 1318 3718 1390 (Ibit,
3759 1318 3825 1373 6|
3856 1318 3919 1389 )i

2338 1420 2544 1482 quanto
2568 1409 2740 1481 magis
2768 1418 2797 1448 υ
2826 1409 2983 1464 inscii
3009 1418 3064 1463 et
3098 1408 3289 1478 perﬁdi
3318 1409 3421 1465 ista
3460 1409 3653 1463 durius
3684 1409 3918 1474 (areas,

2336 1512 2391 1557 et
2427 1501 2706 1572 culparent
2732 1499 3070 1555 Christianos
3095 1497 3215 1556 fore
3240 1498 3738 1566 immundissim,
3776 1498 3918 1570 φιοά

2336 1608 2553 1647 carnem
2586 1591 2821 1647 hominis
2842 1591 3187 1646 comederent
3209 1600 3264 1645 et
3283 1599 3531 1661 potarent
3556 1591 3915 1662 samem;

2336 1700 2399 1739 ac
2434 1698 2531 1754 per
2557 1683 2662 1738 hoc
2688 1681 2843 1738 ﬁeret
2872 1680 3226 1747 exsecrabile,
3255 1682 3399 1751 quod
3435 1696 3537 1752 per
3561 1681 3731 1737 ﬁdem
3758 1682 3918 1737 delleb

2335 1793 2455 1833 mus
2495 1777 2719 1833 credere
2756 1789 2875 1832 esse
2913 1773 3306 1841 desiderabile,
3335 1773 3505 1829 etiam
3527 1782 3553 1810 °
3579 1788 3681 1844 per
3724 1774 3919 1829 intelli-

2255 1870 2306 1932 B
2333 1871 2569 1944 gentiam
2597 1885 2704 1926 non
2749 1869 3056 1936 carnaliter,
3095 1870 3191 1925 sed
3239 1858 3559 1940 spiritaliter
3603 1870 3914 1941 degustare.

2329 1959 2437 2017 Per
2475 1959 2636 2016 ﬁdem
2674 1961 2820 2017 enim
2850 1959 3211 2026 ambulamus,
3253 1969 3308 2016 et
3353 1976 3461 2016 non
3509 1976 3609 2031 per
3650 1962 3911 2032 speciem.

2329 2053 2483 2121 Quod
2511 2054 2556 2109 si
2587 2056 2765 2111 carnis
2792 2055 2998 2125 species
3020 2055 3075 2109 in
3106 2054 3193 2110 his
3212 2054 3441 2110 visibilis
3469 2065 3782 2125 appareret,
3802 2054 3914 2125 jam

2330 2162 2436 2202 non
2468 2145 2603 2202 ﬁdes
2631 2156 2776 2204 esset
2797 2155 2891 2202 aut
2920 2146 3236 2219 mysterium
3266 2156 3316 2213 r,
3344 2146 3441 2201 sed
3484 2146 3643 2201 ﬁeret
3667 2147 3913 2202 miracu-

2327 2238 2473 2306 lum;
2510 2254 2617 2309 quo
2644 2247 2737 2293 aut
2778 2238 2911 2293 ﬁdes
2951 2237 3109 2294 nobis
3153 2237 3394 2303 daretur,
3424 2247 3571 2293 aut!
3612 2253 3645 2292 a
3690 2237 3915 2308 perﬁdis

2327 2332 2630 2387 exsecratio
2666 2330 3188 2387 communicantibus
3238 2331 3597 2403 importunior
3635 2345 3915 2403 grassare-

2329 2431 2437 2478 tur.
2486 2421 2613 2478 thc
2649 2422 2815 2495 igitur
2850 2421 3196 2479 credentibus
3237 2422 3400 2478 etiam
3435 2432 3457 2461 π
3490 2421 3741 2478 ﬁdelibus
3784 2422 3914 2477 data

2328 2520 2478 2580 sunt,
2501 2513 2653 2584 signa
2679 2529 2811 2569 vero
2836 2522 2893 2569 et
2926 2512 3222 2580 miracula,
3271 2520 3331 2568 ut
3373 2512 3535 2569 ﬁdem
3580 2513 3911 2584 percipiant,

2329 2621 2437 2662 non
2464 2606 2831 2662 credentibus.
2862 2605 3018 2663 Unde
3044 2607 3282 2676 oportuit
3312 2608 3416 2662 ista
3451 2622 3558 2662 non
3586 2606 3911 2676 permutari,

2328 2709 2385 2844 ﬁt
2414 2700 2785 2760 credentibus.
2812 2697 2880 2755 de
2908 2699 2995 2755 bis
3026 2699 3163 2755 nihil
3194 2699 3381 2757 saltem
3412 2700 3479 2755 ad
3503 2699 3777 2757 modicum
3807 2700 3913 2756 du-

2371 2788 2525 2844 itare.

2880 2902 3110 2961 CAPUT
3146 2902 3267 2963 XIV
3294 2916 3315 2943 ⁸
3327 2944 3341 2959 .

2468 3010 2619 3083 Quod
2646 3013 2758 3070 hac
2783 3029 2920 3086 stupe
2945 3014 3137 3073 visibili
3162 3017 3329 3089 specie
3355 3020 3696 3090 apparuerint
3726 3022 3768 3074 ‘.

2399 3144 2450 3200 Ι.
2483 3142 2653 3201 Nemo
2677 3146 2771 3216 qui
2809 3156 3119 3204 sanctorum
3154 3150 3292 3206 vitas
3326 3160 3383 3207 et
3419 3153 3663 3225 exempla
3690 3154 3912 3227 legerit,

649 3240 849 3314 pimus,
873 3236 1278 3296 similitudinem
1301 3248 1514 3307 quoque
1540 3234 1718 3289 carnis
1739 3233 1854 3302 ejus
1876 3248 2151 3291 sumamus
2179 3236 2223 3302 ί,
2253 3236 2301 3303 C
2327 3242 2507 3306 potest
2530 3236 2801 3306 ignorare,
2823 3237 2968 3308 quod
2995 3252 3141 3310 saepe
3170 3240 3286 3297 haec
3314 3243 3539 3314 mystica
3571 3246 3822 3315 corporis
3855 3254 3914 3303 et

651 3340 705 3387 et
740 3328 1144 3387 similitudinem
1178 3327 1401 3400 pretiosi
1437 3326 1712 3399 sanguinis
1740 3333 2009 3397 putemus,
2053 3327 2123 3381 ita
2166 3335 2227 3382 ut

650 3423 856 3481 veritas
877 3437 989 3479 non
1013 3420 1225 3477 desit-in
1248 3428 1610 3485 sacramento,
1635 3428 1687 3475 et
1710 3418 1992 3474 ridiculum
2019 3418 2223 3474 nullum

650 3513 745 3569 ﬁat
768 3511 1012 3587 paganis,
1035 3510 1179 3583 quod
1208 3525 1458 3566 cruorem
1498 3509 1663 3565 occisi
1694 3508 1927 3565 hominis
1954 3509 2218 3568 bibamus.

648 3603 870 3659 Avidius
919 3602 1065 3659 enim
1109 3600 1402 3675 requiritur
1454 3599 1598 3670 quod
1655 3599 1818 3664 latet,
1845 3607 1899 3654 et
1935 3599 2221 3671 pretiosius

646 3706 731 3754 est
761 3696 906 3773 quod
958 3711 1082 3751 cum
1107 3693 1212 3750 ﬁde
1235 3695 1509 3766 quatritur.
1540 3694 1664 3749 ldeo
1692 3709 1905 3765 quoque
1932 3695 2009 3749 sic
2039 3693 2222 3750 debuit

648 3792 752 3847 hoc
778 3789 1089 3863 mysterium
1123 3787 1436 3858 temperari,
1470 3796 1529 3841 ut
1555 3795 1608 3842 et
1638 3803 1837 3842 arcana
1886 3794 2219 3842 secretorum

644 3879 993 3938 oelarenturi
1033 3878 1228 3943 inﬁdis,
1266 3888 1321 3934 et
1349 3878 1602 3935 meritum
1635 3878 1665 3921 κ
1699 3888 1973 3936 cresceret
1997 3878 2071 3935 de
2105 3878 2217 3935 vir-

645 3982 761 4029 tute
793 3973 935 4036 ﬁdei,
968 3978 1023 4027 et
1050 3970 1185 4026 nihil
1213 3970 1427 4026 deesset
1459 3970 1687 4026 interius
1713 3987 1840 4027 vere
1874 3969 2218 4030 credentibus

644 4064 928 4136 promissa:
963 4061 983 4102 ι
1015 4061 1282 4119 veritatis.

715 4154 772 4208 ‘2.
802 4154 1025 4224 Insuper
1051 4159 1107 4209 et
1144 4154 1286 4224 quod
1315 4152 1490 4226 majus
1517 4163 1618 4221 est,
1660 4170 1760 4227 per
1797 4154 1914 4212 haec
1956 4154 2220 4215 secretius

645 4347 817 4413 Mon.,
841 4344 896 4403 S.
922 4343 1184 4415 Audoeni,
1207 4344 1384 4415 regius
1407 4361 1567 4411 unus,
1582 4345 1819 4402 Colbert.
1842 4360 2007 4413 unus,
2027 4342 2213 4403 Colon.

644 4419 893 4476 Fratrum
919 4414 1120 4482 Preed.,
1148 4414 1297 4488 quasi
1320 4432 1423 4470 non
1452 4417 1674 4488 agenda.

716 4513 759 4555 α,
781 4499 887 4563 AL,
915 4499 969 4553 in
1000 4514 1123 4569 quo.

711 4571 741 4611 ιι
779 4569 886 4633 AL,
918 4570 1148 4623 omnium
1168 4577 1518 4636 peccatorum.

712 4651 736 4681 ε
774 4639 939 4703 Editi,
959 4657 991 4692 α
1019 4637 1243 4712 quolibet
1272 4640 1330 4692 in
1357 4637 1679 4705 ministerio;
1701 4646 1827 4697 octo
1850 4652 2011 4707 11:35.,
2034 4655 2070 4695 tt
2088 4654 2218 4712 quo-

640 4712 758 4765 libet
787 4711 840 4762 in
870 4710 1135 4778 mysterio.

708 4780 737 4820 ἀ
775 4779 906 4834 Cod.
926 4775 1105 4847 Laub.
1134 4790 1253 4847 cap.
1283 4775 1461 4833 LVIII.

713 4862 737 4891 ο
774 4849 995 4921 Reginus
1032 4846 1191 4921 saec.
1212 4849 1330 4921 duo
1578 4856 1633 4904 et
1671 4847 1793 4921 duo
1833 4848 1971 4919 regii
2019 4848 2212 4921 capitis

638 4922 796 4992 hujus
828 4918 1040 4973 titulum
1072 4918 1144 4971 ita
1169 4916 1400 4992 oﬁ‘erunt
1426 4936 1440 4971 :
1472 4916 1581 4972 Cur
1600 4918 1825 4975 colorem
1855 4916 2208 4992 autsaporem

637 4988 749 5046 Iuic
786 4997 1115 5043 sacramenta
1148 4989 1360 5042 minime
1383 5000 1712 5058 permutant;
1755 4989 1895 5058 apud
1930 4988 2152 5045 Mamer.
2187 5004 2202 5042 :

636 5062 716 5116 De
738 5060 906 5115 colore
927 5069 972 5111 et
995 5072 1181 5127 sapore
1211 5060 1383 5113 carnis
1411 5066 1458 5113 et
1481 5058 1545 5114 de
1569 5076 1753 5114 cruore
1777 5058 2005 5115 hominis
2026 5058 2199 5113 occisi.

635 5131 791 5201 Apud
812 5127 963 5201 ,Ulm.
997 5142 1126 5182 vero
1156 5145 1170 5180 :
1201 5126 1396 5183 Tamen
1433 5130 1478 5185 si
1521 5129 1649 5183 nihil
1692 5130 1997 5201 hujusmodi
2037 5129 2203 5187 oculis

634 5200 936 5283 carnalibus
958 5208 1229 5268 appareat,
1255 5200 1444 5257 uirtute
1471 5210 1647 5255 tamen
1665 5200 1791 5268 ﬁdei
1820 5200 1935 5259 hac,
1954 5200 2205 5257 veraciter

634 5287 792 5328 ευηιι.

712 5341 739 5388 ι
774 5339 947 5395 Vatic.
978 5347 1034 5395 et
1053 5337 1199 5395 Flor.
1226 5355 1243 5394 :
1271 5338 1520 5406 Quamuis
1545 5340 1683 5397 enim
1708 5338 1954 5397 colorem.

582 5462 589 5471 ,
670 5414 737 5495 ,ι
939 5410 1062 5492 μιῇ.
1102 5410 1267 5495 Hom,
1304 5408 1433 5495 nihil
1470 5410 1607 5491 enim
1645 5412 1796 5495 igneo.
1835 5420 1929 5495 est.
1955 5410 2085 5495 Cod.
2117 5428 2206 5468 re-

632 5484 770 5555 ginae
808 5479 1183 5538 Sueciaa'unus
1206 5489 1264 5537 et
1287 5480 1393 5537 duo
1416 5480 1549 5551 regii
1588 5497 1601 5534 :
1645 5479 1797 5535 Nihil
1837 5483 1975 5541 enim
2023 5484 2197 5539 incre-

632 5553 790 5608 dibile
815 5554 871 5606 in
904 5551 1083 5605 eodem
1111 5561 1207 5605 est.
1236 5550 1394 5609 Mam.
1424 5560 1481 5609 et
1512 5549 1668 5607 Ulim.
1700 5569 1714 5605 :
1761 5548 1910 5607 Nihil
1939 5556 1999 5615 in
2018 5555 2197 5609 eodem

629 5632 705 5677 est
726 5623 960 5677 dubium.

700 5695 725 5734 ιι
768 5693 823 5747 lu
852 5707 955 5747 ms.
978 5690 1217 5761 Puteano
1242 5700 1297 5747 et
1323 5700 1554 5761 quatuor
1581 5691 1703 5747 aliis
1725 5708 1853 5749 mss.
1886 5694 2200 5753 desideran-

540 5780 545 5783 '
634 5774 720 5839 tur
746 5764 875 5839 haec.
890 5761 1054 5839 verba
1080 5776 1093 5814 :
1122 5760 1191 5839 Et
1220 5760 1351 5816 vera
1377 5764 1538 5817 virtus
1574 5762 1733 5833 Agni,
1760 5774 1913 5835 atque
1941 5783 2064 5823 caro
2084 5770 2198 5839 ejus

630 5831 967 5888 immaculata
997 5830 1233 5884 interius.

2241 4599 2298 4662 D

2327 3326 2609 3399 sanguinis
2637 3336 2998 3397 sacramenta,
3026 3338 3120 3385 aut
3145 3340 3368 3403 propter
3397 3334 3601 3399 dubiam
3631 3344 3728 3390 aut
3750 3345 3913 3393 certe

2325 3426 2551 3490 propter
2577 3419 2853 3475 ardentius
2894 3431 3141 3477 amantes
3161 3422 3459 3491 Christum,
3490 3424 3684 3480 visibili
3718 3427 3910 3496 specie

2324 3507 2382 3563 in
2407 3508 2530 3579 agni
2562 3508 2813 3576 formam,
2841 3518 2934 3566 aut
2963 3511 3017 3565 in
3048 3512 3227 3567 carnis
3265 3521 3322 3569 et
3357 3515 3636 3583 sanguinis
3660 3514 3906 3572 calorem

2324 3607 2626 3655 monstrata
2666 3601 2794 3668 sint,
2844 3610 3114 3672 quatenus
3142 3605 3209 3660 de
3241 3619 3299 3660 se
3319 3604 3568 3661 Christus
3602 3606 3908 3664 clementer

2322 3693 2502 3748 adhuc
2544 3707 2651 3748 non
2696 3694 3044 3751 credentibus
3089 3695 3510 3765 ﬁdem—faceret,
3541 3698 3619 3754 ita
3662 3710 3726 3754 ut
3770 3700 3902 3755 dum

2320 3784 2502 3841 oblata
2550 3785 2890 3858 frangeretur
2922 3788 3009 3843 vel
3035 3786 3323 3845 oﬂ'erretur
3367 3790 3574 3857 hostia,
3622 3793 3905 3849 videretur

2320 3891 2492 3947 agnus
2513 3877 2567 3932 in
2600 3880 2848 3937 manibus
2869 3888 2925 3938 et
2950 3895 3115 3937 cruor
3135 3881 3188 3936 in
3213 3881 3404 3948 calice,
3432 3884 3590 3955 quasi
3617 3898 3686 3938 ex
3708 3887 3905 3939 inn-oo

2320 3966 2525 4023 latione
2556 3968 2841 4039 proﬂuere,
2869 3980 2929 4027 ut
2956 3973 3102 4042 quod
3137 3974 3343 4031 latebat
3384 3973 3439 4031 in
3476 3976 3757 4045 mysterio,
3800 3990 3903 4046 pa-

2319 4069 2552 4117 tesceret
2578 4062 2754 4134 adhuc
2776 4064 3140 4120 dubitantibus
3165 4064 3220 4120 in
3251 4063 3532 4122 miraculo.
3569 4066 3725 4121 Fecit
3748 4067 3899 4121 enim

2319 4152 2423 4208 hoc
2469 4152 2642 4225 pietas
2686 4154 2866 4213 divina
2913 4157 3232 4228 quibusdam
3264 4157 3379 4233 jam
3427 4158 3800 4226 credentibus,
3847 4169 3904 4215 et

2395 4354 2429 4430 ξ·
2452 4352 2611 4430 Mam.
2630 4356 2858 4430 et‘Ulim.
2882 4372 3005 4430 cum
3025 4357 3288 4430 Puteano,
3306 4358 3493 4430 Major.
3518 4357 3661 4413 lion.
3686 4360 3903 4417 duobus

2317 4421 2467 4505 Colb.
2500 4435 2554 4480 et
2581 4426 2791 4484 duobus
2830 4429 2991 4502 regiis
3021 4446 3033 4482 :
3066 4429 3134 4483 Et
3160 4421 3501 4486 similitudine
3527 4431 3746 4503 pretiosi
3775 4450 3900 4486 san.

2318 4509 2490 4567 guinis
2512 4506 2768 4567 potemur.

2395 4562 2411 4641 ξ
2457 4562 2635 4641 huic”
2669 4570 2963 4624 celarentur
2988 4572 3044 4625 in
3069 4572 3301 4641 perﬁdis.

2323 4707 2335 4720 .
2381 4634 2421 4720 ,ιι
2458 4635 2576 4719 puo
2606 4654 2758 4720 niss.,
2790 4651 2836 4695 et
2880 4634 3119 4720 nteritnm
3143 4634 3408 4713 cresceret,
3440 4652 3498 4697 ut
3531 4642 3666 4697 nihil
3695 4643 3895 4698 deesset

2317 4709 2533 4779 interius
2564 4711 2832 4779 promissw
2862 4712 3109 4769 veritatis.

2392 4772 2413 4812 ι
2455 4772 2574 4833 Βιιό
2592 4795 2721 4834 mss.
2734 4822 2748 4846 ,
2771 4782 2995 4834 uirtutis.

2316 4920 2328 4972 ἱ
2383 4848 2630 4972 ’δὲλὲιιρα
2666 4868 2678 4904 :
2712 4850 2983 4917 Quomodo
3014 4852 3211 4922 ferrent
3229 4854 3467 4908 homines
3488 4852 3563 4907 ad
3585 4853 3702 4907 haec
3718 4855 3893 4909 adhuc

2331 4938 2424 4972 ncr
2549 4937 2585 4972 ι.

2633 5008 2645 5044 :
2694 4988 2902 5057 Quanto
2934 4992 3101 5062 magis
3126 4992 3315 5051 adhuc
3362 4993 3517 5048 inscii
3555 5007 3577 5045 :
3622 4994 3719 5048 sed
3760 4992 3888 5048 illud

2306 5061 2589 5135 ari/tugﬂut
2612 5078 2716 5116 non
2745 5068 3131 5135 necessarium,
3162 5064 3370 5120 exsulat
3393 5079 3421 5117 a
3446 5064 3721 5135 plerisque
3750 5080 3900 5123 nassa

2380 5132 2581 5209 °_Editi
2630 5148 2754 5209 cum
2778 5133 2998 5209 aliquot
3041 5151 3193 5209 mss.
3220 5144 3266 5195 et
3300 5132 3461 5209 jamf
3480 5144 3535 5209 at
3574 5132 3745 5209 Laub.
3776 5145 3890 5191 tres

2308 5202 2367 5260 S.
2400 5202 2651 5259 Germani
2684 5211 2738 5258 et
2778 5201 3018 5270 Martin.,
3063 5207 3261 5271 etiam;
3301 5201 3445 5263 unus
3482 5207 3540 5260 S.
3593 5205 3809 5269 Germ,
3841 5215 3888 5261 et

2304 5290 2416 5346 per,
2448 5273 2648 5346 omisso
2669 5273 2805 5342 jam,
2828 5283 2987 5346 atque
3019 5275 3091 5333 ita
3118 5275 3260 5331 Flor.

2383 5356 2410 5395 Ρ
2442 5343 2571 5419 _Maj.
2599 5342 2763 5409 Mum,
2784 5343 2873 5399 sed
2898 5342 3046 5415 fieret
3076 5348 3375 5419 mysterium
3399 5345 3742 5419 numculuur.

2378 5424 2406 5465 ιι
2442 5413 2502 5489 In
2530 5424 2731 5489 septem
2754 5413 3030 5489 mss.,_aut
3062 5413 3297 5489 perﬁdis,
3320 5426 3594 5489 expuncto
3621 5433 3677 5469 a.
3709 5416 3882 5472 Vatia.

2301 5500 2432 5541 vero
2468 5485 2613 5543 hunc
2635 5486 2839 5559 locum
2883 5487 2962 5542 sic
2999 5485 3167 5559 legit,
3196 5498 3289 5542 aut
3332 5485 3549 5559 perﬁdis
3590 5489 3886 5543 exsecratio

2302 5556 2760 5613 contemnentibus.

2381 5638 2400 5664 τ
2440 5625 2607 5697 Εάίιί,
2636 5636 2700 5697 ει⁸
2703 5626 2843 5697 jam.

2376 5708 2397 5736 ι
2438 5695 2495 5769 in
2530 5697 2649 5751 cod.
2681 5695 2878 5763 Laub.,
2901 5713 3021 5769 cap.
3052 5697 3186 5769 LIX.

2339 5764 2681 5889 id‘ergptatuor
2705 5782 2833 5825 mss.
2859 5764 3100 5824 addunt:
3130 5768 3196 5825 Et
3221 5770 3284 5824 de
3311 5769 3561 5840 exemplis
3586 5785 3771 5826 eorum
3796 5766 3885 5843 qui

2303 5846 2546 5892 viderint.
