4148 6344
272 442 419 503 1317

1197 444 1322 503 LIB.
1363 442 1452 502 DE
1486 440 1805 500 CORPORE
1844 440 1933 497 ET
1975 440 2323 498 SANGUINE
2358 438 2615 498 DOMINI.

3397 442 3531 501 1318

274 569 462 615 tamen
484 554 661 613 adhuc
712 554 1100 621 dubitantibus,
1136 566 1195 611 ut
1241 566 1293 613 et
1350 557 1451 627 ipsi
1492 556 1741 612 tiduciam
1786 555 1853 610 de
1878 560 1924 621 Α
1951 554 2318 624 piscatorum;
2350 556 2606 609 continuo
2636 554 2895 621 subrisit;
2925 556 3066 626 quod
3094 556 3176 612 vir
3198 556 3294 612 Dei
3318 558 3527 623 videns,

275 653 511 707 veritate
548 650 910 720 perciperent,
954 658 1012 705 et
1053 650 1145 704 alii
1188 652 1253 706 de
1294 649 1554 705 miraculo
1595 650 1663 703 ad
1695 649 1853 703 fidem

274 741 664 805 solidarentur;
710 754 912 810 nosque
943 751 969 780 ι
997 739 1196 795 Christi
1249 741 1420 810 gratia
1462 755 1559 811 per
1606 740 1852 796 eamdem

274 832 435 885 tidem
467 830 689 885 uberius
727 827 1196 901 participaremus.
1242 831 1375 887 Nam
1413 848 1536 903 quzr
1582 831 1796 887 Veritas
1825 833 1854 873 δ

273 923 587 993 repromisit
634 924 753 979 sine
786 932 1004 995 aspectu
1053 924 1320 980 credenda
1371 934 1515 980 sunt.
1567 926 1676 981 Sed
1726 927 1853 994 quia

274 1013 590 1070 doricordes
618 1024 641 1054 ο
698 1029 904 1077 sumus,
953 1014 1123 1069 voluit
1170 1015 1347 1070 divina
1398 1018 1753 1072 mansuetudo
1799 1018 1853 1073 in

272 1103 597 1172 quibusdam
638 1105 889 1159 omnibus
916 1104 1251 1171 satisfacere,
1286 1115 1343 1160 ut
1368 1104 1397 1147 (ι
1424 1107 1650 1163 ulterius
1675 1108 1741 1164 de
1769 1108 1855 1165 his

268 1196 382 1266 jam
418 1211 580 1252 nemo
622 1197 843 1253 dubitet.
876 1196 1047 1253 Porro
1083 1199 1228 1268 quod
1263 1199 1309 1254 si
1352 1216 1450 1256 nec
1472 1210 1689 1257 ostensa
1734 1218 1853 1258 cre-

273 1286 497 1353 duntur,
527 1301 629 1343 nec
653 1302 718 1343 ea
756 1303 874 1357 quae
903 1286 1116 1344 Veritas
1163 1297 1412 1357 testatur,
1443 1305 1511 1346 ex
1557 1291 1661 1347 tide
1704 1307 1852 1348 com-

273 1374 648 1441 municantur;
690 1385 896 1446 quaerat
924 1378 1148 1448 quilibet
1175 1380 1244 1434 ob
1274 1381 1693 1437 satisfactionem
1734 1383 1851 1450 sui,

273 1467 403 1537 quid
430 1475 741 1538 exspectet,
769 1469 1027 1537 quoniam
1068 1469 1205 1524 nihil
1240 1480 1390 1526 extra
1422 1472 1702 1531 veritatem
1744 1483 1851 1540 est,

272 1568 330 1613 et
356 1559 619 1629 quidquid
644 1560 843 1616 veritas
889 1562 1075 1626 habet,
1111 1562 1214 1617 hoc
1243 1573 1267 1601 θ
1313 1564 1552 1620 ostensio
1596 1580 1694 1635 per
1731 1581 1852 1635 spe-

270 1649 437 1713 ciem,
467 1649 685 1719 quando
710 1651 995 1722 placuerit,
1023 1661 1391 1722 repmsentat.
1434 1653 1587 1711 Unde
1629 1657 1850 1713 credere

271 1750 488 1811 oportet
512 1742 657 1812 quod
702 1753 759 1798 et
804 1743 917 1798 haec
958 1745 1413 1820 opportunissime
1444 1756 1661 1803 ostensa
1717 1750 1847 1815 sint,

271 1839 330 1886 et
371 1831 505 1886 nihil
546 1832 798 1889 dubitare
844 1834 909 1890 de
946 1835 1031 1889 his
1065 1850 1185 1905 quae
1222 1832 1436 1892 Veritas
1482 1838 1808 1906 repromittit
1832 1879 1848 1906 ,

1953 648 2022 702 ab
2044 662 2106 702 ea
2127 648 2560 703 communionem
2584 663 2793 704 sacram
2824 651 3071 717 retraxit,
3094 659 3148 707 et
3172 665 3332 723 super
3360 650 3529 706 altare

1951 743 2152 812 posuit,
2185 742 2378 811 donec,
2400 743 2655 813 explicito
2684 744 2987 801 ministerio
3017 761 3172 802 sacro
3190 787 3205 809 ,
3231 746 3530 818 interroga-

1951 834 2031 889 vit
2057 850 2176 890 eam
2204 850 2301 889 cur
2328 836 2528 890 riserit.
2557 835 2629 890 At
2651 835 2741 890 illa
2770 852 2787 890 :
2814 835 3144 907 Recognovi,
3179 836 3375 907 inquit,
3397 850 3531 911 por-

1955 925 2246 980 tiunculam
2274 926 2563 982 oblationis
2593 941 2726 982 mete
2754 925 2918 982 fuisse
2968 943 3131 1001 quam
3180 940 3374 998 corpus
3419 924 3528 980 Do.

1953 1018 2083 1072 mini
2116 1028 2168 1072 te
2196 1019 2496 1089 appellasse
2520 1019 2723 1087 audivi,
2752 1026 2806 1075 et
2836 1019 2959 1077 ideo
2983 1019 3098 1075 risi.
3130 1016 3281 1075 Tunc
3310 1026 3530 1073 sanctus

1950 1108 2035 1162 vir
2073 1106 2365 1179 Gregorius
2398 1110 2625 1181 loquens
2669 1110 2738 1165 ad
2786 1110 3037 1183 populum
3059 1151 3076 1177 ,
3106 1110 3421 1166 exhortatus
3449 1116 3531 1164 est

1950 1212 2047 1253 eos
2074 1197 2247 1255 Deum
2268 1215 2496 1257 exurare
2520 1200 2771 1272 precibus
2793 1201 2861 1257 ad
2889 1200 3346 1261 corroborandam
3366 1200 3527 1255 ﬁdem

1950 1290 2212 1356 mulieris,
2247 1299 2307 1346 ut
2338 1290 2540 1347 visibili
2571 1307 2631 1348 se
2663 1299 2688 1327 ο
2713 1293 2897 1363 specie
2912 1292 3172 1349 Dominus
3198 1291 3533 1349 demonstra-

1950 1391 2072 1447 ret,
2117 1383 2260 1452 quod
2301 1384 2477 1443 oculis
2516 1384 2714 1443 mentis
2752 1384 2840 1438 illa
2886 1384 3110 1447 credere
3152 1390 3277 1439 non'
3295 1382 3525 1438 valebat.

1950 1473 2103 1541 Quod
2134 1490 2257 1531 cum
2287 1486 2499 1531 oratum
2539 1476 2751 1541 fuisset,
2778 1491 3005 1548 surgens
3027 1491 3135 1531 una
3161 1490 3284 1531 cum
3309 1473 3529 1546 populo,

1950 1581 2077 1623 mox
2129 1569 2479 1624 cernentibus
2527 1569 2738 1625 cunctis
2795 1569 2969 1640 palam
3018 1567 3243 1624 revolvit
3298 1558 3525 1630 aliaris,

1950 1666 2239 1714 contuente
2281 1659 2448 1714 etiam
2479 1658 2593 1726 illa,
2622 1660 2828 1715 invenit
2851 1666 3057 1732 partem
3084 1675 3242 1731 quam
3274 1664 3530 1730 posuerat

1951 1748 2004 1803 in
2032 1750 2251 1804 modum
2282 1749 2438 1822 digiti
2461 1750 2783 1807 auricularis
2808 1750 3069 1822 sanguine
3098 1761 3126 1801 ι)
3168 1746 3527 1820 superfusam.

1951 1836 2103 1892 Tunc
2148 1838 2363 1894 mulieri
2401 1840 2655 1896 sacerdos
2704 1841 2877 1911 inquit
2915 1855 2930 1895 :
2982 1839 3137 1895 Disce
3180 1855 3367 1895 verum
3410 1853 3532 1893 esse

272 1923 400 1993 quia
438 1924 683 1995 quisquis
709 1934 862 1980 extra
908 1927 1192 1981 veritatem
1239 1926 1443 1996 aliquid
1470 1931 1687 1999 quaerit,
1717 1946 1849 1987 non-
1878 1921 1924 1983 Β
1950 1928 2093 1997 quod
2123 1927 2339 1984 Veritas
2382 1930 2490 1994 ait,
2518 1931 2645 2000 quia
2682 1931 2841 2000 panis
2880 1945 3039 2003 quem
3070 1946 3167 1985 nos
3202 1928 3526 1992 oli'errimus,

273 2014 377 2071 nisi
409 2014 697 2072 falsitatem
738 2018 992 2078 inveniet.
1028 2027 1083 2074 et
1121 2019 1493 2089 semetipsum,
1526 2023 1573 2077 si
1613 2038 1732 2092 quae
1759 2040 1788 2078 a
1822 2024 1841 2064 ί

272 2105 493 2162 Christo
516 2107 657 2163 dicta
686 2116 813 2164 sunt
863 2124 973 2165 non
1012 2111 1311 2181 receperit,
1357 2121 1515 2168 extra
1560 2115 1847 2170 veritatem

269 2196 518 2254 secludit.
540 2198 697 2267 Quod
720 2208 899 2256 autem
928 2202 1039 2257 dixi
1064 2216 1206 2273 saepe
1237 2204 1262 2243 Β
1289 2203 1611 2272 quibusdam
1639 2205 1847 2262 visibile

268 2289 453 2360 specie
473 2291 782 2360 apparuisse
800 2332 816 2357 ,
844 2307 1015 2362 pauca
1034 2292 1063 2332 ιι
1100 2293 1167 2347 de
1198 2293 1443 2363 pluribus
1460 2296 1711 2365 pandam.

340 2382 401 2437 2.
443 2382 609 2438 Beato
653 2383 819 2454 igitur
862 2384 1064 2440 Basilio
1109 2385 1289 2441 divina
1335 2389 1593 2456 mysteria
1635 2388 1847 2460 publice

271 2481 490 2545 agente,
523 2472 785 2530 Hebraeus
804 2476 1024 2544 quidam
1049 2491 1109 2532 se
1127 2476 1267 2532 sicut
1289 2476 1628 2535 Christianus
1652 2479 1848 2550 populo

268 2564 636 2630 commiscuit,
671 2563 832 2620 oilicii
866 2565 1229 2625 ministerium
1253 2577 1310 2623 et
1335 2570 1573 2627 muneris
1608 2572 1623 2610 ί
1657 2570 1846 2641 explo-

270 2670 397 2713 rare
427 2655 649 2723 volens;
672 2657 808 2714 vidit
838 2657 1097 2714 infantem
1126 2660 1321 2728 partiri
1369 2661 1423 2717 in
1452 2661 1703 2719 manibus
1742 2661 1846 2717 Ba-

269 2746 415 2813 silii,
443 2754 499 2805 et
537 2749 1063 2807 eommunicantibus
1101 2751 1375 2817 omnibus,
1416 2753 1565 2807 venit
1613 2761 1667 2807 et
1710 2754 1845 2824 ipse,

176 2906 183 2909 _
269 2837 507 2908 dataque
530 2847 614 2895 est
639 2839 690 2894 ei
717 2854 844 2896 vere
870 2855 1002 2897 caro
1035 2839 1195 2896 facta.
1228 2840 1356 2897 lude
1398 2844 1625 2899 accessit
1652 2844 1720 2901 ad
1750 2861 1845 2901 ca-

268 2927 433 2985 licem
452 2930 714 3001 sanguine
735 2930 1019 3001 repletum,
1040 2940 1099 2988 ut
1126 2947 1253 2989 vere
1278 2942 1383 3000 est,
1409 2944 1465 2990 et
1484 2936 1651 3005 ipsius
1672 2936 1847 2999 lactus

269 3028 357 3077 est
383 3022 682 3093 particeps,
714 3030 877 3093 atque
924 3025 991 3079 de
1036 3025 1281 3095 utrisque
1310 3041 1531 3083 servans
1567 3029 1844 3100 reliquias,

270 3111 571 3183 abiensque
610 3113 671 3169 in
707 3112 927 3170 domum
956 3130 1140 3182 suam,
1172 3118 1409 3173 ostendit
1450 3120 1605 3175 uxori
1637 3136 1748 3175 suae
1778 3119 1845 3175 ad

268 3202 735 3263 confirmationem
761 3206 1051 3269 dictorum.
1082 3216 1134 3264 et
1169 3212 1410 3267 narravit
1454 3228 1573 3282 quae
1614 3214 1846 3283 propriis

1946 2033 2075 2075 vere
2099 2028 2183 2075 est
2207 2035 2408 2089 corpus
2436 2019 2663 2085 Christi,
2686 2019 2842 2088 juxta
2886 2020 3056 2089 ipsius
3085 2036 3269 2076 vocem
3288 2060 3303 2086 ,
3333 2028 3388 2074 et
3412 2034 3532 2073 san-

1947 2109 2066 2177 guis
2090 2124 2218 2166 vere
2245 2118 2326 2164 est
2351 2118 2531 2179 potus.
2579 2108 2751 2165 Crede
2786 2107 2902 2179 jam
2950 2109 3166 2165 tandem
3194 2108 3336 2180 quod
3383 2108 3527 2163 aliud

1947 2215 2065 2255 esse
2098 2215 2205 2255 non
2234 2208 2432 2270 potest,
2481 2199 2585 2255 nisi
2634 2200 2774 2271 quod
2818 2199 2999 2255 divina
3041 2198 3301 2270 majestas
3342 2198 3527 2254 voluit.

1948 2289 2151 2347 Deinde
2200 2293 2452 2347 sacerdos
2479 2291 2681 2347 Christi
2714 2292 2973 2349 continuo
3018 2290 3270 2362 precibus
3312 2291 3442 2360 egit,
3474 2298 3534 2345 ut

1947 2381 2136 2436 eadem
2165 2396 2295 2438 caro
2316 2389 2372 2438 et
2396 2382 2616 2455 sanguis
2651 2381 2938 2457 pristinam
2966 2383 3231 2455 reciperet
3258 2381 3528 2449 formam;

1948 2472 2133 2541 sicque
2164 2471 2364 2530 factum
2393 2482 2500 2538 est,
2546 2482 2608 2528 ut
2642 2488 2835 2531 omnes
2863 2472 3230 2546 glorificarent
3259 2475 3451 2539 Deum,
3476 2483 3532 2528 et

1950 2562 2239 2620 infidelitas
2260 2564 2551 2636 pelleretur
2573 2565 2812 2633 feminae,
2844 2582 3107 2641 sacroque
3128 2574 3315 2625 sancta
3337 2576 3364 2617 (ι
3389 2582 3531 2623 com—

1949 2656 2223 2711 municata
2249 2658 2511 2728 mysterio
2539 2668 2844 2714 sanaretur.

2016 2747 2072 2802 4.
2110 2746 2293 2804 Abhas
2337 2758 2516 2806 autem
2555 2748 2815 2805 Arsenius
2854 2758 2877 2787 τ
2917 2755 3081 2806 tanta:
3129 2747 3433 2807 sanctitatis
3476 2754 3531 2802 et

1949 2839 2391 2909 eompunctionis
2420 2839 2594 2913 gratia
2630 2840 2828 2897 dicitur
2862 2839 3096 2911 repletus
3131 2838 3321 2909 fuisse,
3347 2848 3405 2894 ut
3430 2851 3531 2911 pro

1948 2927 2114 2987 nimia
2145 2928 2509 3003 lacrymarum
2534 2929 2939 2997 exuberatione,
2962 2946 3199 3004 pannum
3216 2929 3283 2985 ad
3314 2938 3528 3002 tergen-

1949 3022 2078 3078 dum
2130 3022 2325 3080 faciem
2378 3037 2592 3096 semper
2648 3025 2703 3079 in
2748 3025 2873 3082 sinu
2917 3022 3170 3083 deferret.
3219 3021 3317 3078 Hic
3368 3022 3528 3077 etiam

1950 3113 2245 3182 saepissime
2262 3115 2521 3175 narrabat
2538 3115 2605 3171 de
2619 3116 2853 3186 quodam
2873 3129 3000 3172 sene
3022 3113 3209 3189 Scytbi
3231 3113 3528 3175 habitante,

1948 3206 2042 3276 qui
2078 3214 2200 3263 erat
2238 3222 2468 3279 magnus
2511 3207 2567 3263 in
2613 3208 2793 3264 activa
2822 3206 2954 3275 vita,
3000 3205 3228 3277 simplex
3262 3214 3442 3261 autem
3477 3206 3527 3259 iu

269 3297 444 3354 oculis
469 3297 695 3359 viderat.
726 3297 1004 3357 Credensi
1043 3315 1174 3370 ergo
1197 3302 1318 3357 ait:
1351 3300 1490 3359 Vere
1522 3305 1647 3373 quia
1673 3305 1850 3361 horri-
1874 3290 1920 3354 C
1952 3295 2079 3364 fide.
2119 3306 2178 3368 et
2207 3298 2423 3354 erth
2452 3314 2551 3369 pro
2582 3314 2647 3356 eo
2676 3299 2821 3371 quod
2843 3306 2963 3357 erat
2985 3297 3173 3364 idiota,
3224 3306 3279 3353 et
3318 3297 3531 3353 dicebat

270 3387 380 3445 bile
402 3388 433 3433 ¹ι
472 3397 528 3445 et
563 3389 883 3447 admirabile
926 3398 1012 3447 est
1048 3389 1479 3455 Christianorum
1512 3395 1846 3464 mysterium.

268 3478 329 3534 in
357 3478 597 3537 crastino
623 3478 770 3535 venit
796 3479 865 3535 ad
890 3478 1146 3536 Basiliam
1172 3521 1187 3546 ,
1220 3481 1497 3551 postulans
1523 3498 1584 3539 se
1623 3484 1740 3542 sine
1764 3485 1849 3540 di-

269 3572 475 3630 latione
494 3572 738 3641 aceipore
759 3574 904 3642 quod
934 3572 987 3627 in
1011 3571 1226 3629 Christo
1251 3582 1334 3629 est
1361 3572 1722 3644 signaculum.
1747 3575 1844 3631 Ba-

267 3662 425 3725 silius
472 3669 652 3723 autem
704 3670 927 3721 Sanetus
968 3678 1075 3719 non
1106 3661 1382 3729 differens,
1410 3664 1504 3719 sed
1532 3674 1846 3722 consuetam

267 3753 668 3813 Eucharistiam
691 3753 890 3811 volenti
922 3751 943 3794 ι
969 3768 1157 3811 omnes
1176 3753 1387 3813 salvere
1404 3752 1658 3820 ederetis,
1677 3754 1849 3826 bapti-

267 3846 421 3909 zavit
440 3861 571 3909 eum
591 3860 719 3909 cum
739 3845 889 3905 otnni
906 3845 1071 3907 domat
1094 3860 1192 3907 sua
1219 3845 1528 3903 credentem
1557 3845 1808 3903 Domino.

339 3936 394 3995 5.
426 3938 535 3995 Sed
579 3948 636 3995 et
678 3937 812 3995 illud
857 3954 927 3996 ex
972 3940 1083 3997 vita
1122 3937 1183 3993 Β.
1226 3937 1472 4010 Gregorii
1521 3938 1843 3995 addendum.

267 4028 408 4087 Cum
429 4038 681 4095 matrona
703 4030 953 4107 quasdam
979 4030 1176 4087 nobilis
1200 4029 1424 4101 singulis
1451 4030 1640 4087 diebus
1660 4029 1845 4086 Domi-

268 4122 413 4189 uicis
436 4121 741 4187 oblationes
773 4130 814 4159 ἰ
859 4119 1041 4179 facere
1069 4122 1438 4179 consuevisset
1484 4136 1634 4177 more
1671 4122 1845 4178 eccle-

267 4213 501 4277 siastico
522 4221 687 4286 atque
712 4211 928 4279 oﬂ‘erre,
956 4212 1188 4284 quadam
1217 4212 1304 4267 die
1332 4228 1455 4268 cum
1496 4213 1564 4287 ad
1606 4227 1850 4269 commu-

268 4305 487 4365 nionem
538 4312 785 4369 sanctam
828 4304 973 4363 inter
1025 4302 1157 4358 alias
1214 4302 1491 4367 venisset,
1540 4311 1600 4358 ut
1652 4319 1848 4375 corpus

267 4391 471 4459 Christi
501 4393 809 4467 acciperet;
837 4391 914 4449 illi
940 4400 1119 4447 autem
1155 4393 1347 4448 beatus
1376 4392 1611 4461 pontifex
1635 4391 1796 4448 oﬂ‘am
1819 4403 1848 4431 ιι

270 4482 541 4541 Dominici
569 4482 813 4559 corporis
844 4483 1108 4554 porrexit,
1139 4483 1327 4545 dicens
1352 4502 1364 4537 :
1399 4482 1604 4554 Corpus
1634 4484 1849 4543 Domini

228 4582 239 4595 ‘
270 4576 439 4633 nostri
454 4576 585 4633 Jesu
613 4574 807 4632 Christi
830 4577 993 4647 prosit
1026 4576 1118 4631 tibi
1148 4577 1203 4631 in
1225 4576 1578 4631 remissionem
1616 4578 1846 4633 omm'um

342 4763 371 4793 ι
409 4749 485 4807 lta
523 4766 712 4817 novem
747 4766 877 4809 mss.
908 4751 1047 4807 Editi
1079 4769 1092 4805 :
1124 4748 1193 4804 Et
1219 4749 1283 4805 de
1310 4748 1505 4806 Christi
1548 4749 1718 4821 gratia
1755 4765 1847 4820 per

268 4822 505 4892 eamdem
528 4821 684 4891 ﬁdem
711 4823 1174 4892 participarentur.

330 4892 391 4976 ’δ’
412 4890 661 4961 Quatuor
686 4890 841 4959 mss.,
883 4890 1105 4964 namque
1128 4892 1314 4946 veritas
1350 4899 1572 4945 testata
1596 4899 1645 4943 et
1672 4906 1850 4960 repro-

346 5043 369 5070 ο
412 5031 489 5088 lta
520 5032 760 5091 melioris
788 5041 927 5089 nota:
959 5047 1089 5088 mss.
1117 5030 1278 5096 Editi,
1311 5031 1430 5085 duri
1460 5031 1631 5084 corde.

341 5100 370 5142 ἆ
409 5102 577 5169 Editi,
630 5101 695 5156 Ut
737 5104 999 5159 alterius:
1032 5102 1286 5158 mendose
1334 5110 1389 5157 et
1429 5100 1850 5170 repugnantibus

269 5174 527 5245 omnibus
557 5188 687 5228 mss.
721 5176 811 5244 qui
847 5176 1027 5245 legunt
1051 5182 1108 5227 ut
1126 5170 1374 5245 ulterius.

347 5254 373 5282 θ
412 5241 600 5298 Plures
622 5241 776 5309 mssl,
806 5241 919 5298 haec
942 5244 1187 5298 ostensio.

348 5312 371 5352 τ
413 5312 545 5367 Cod.
570 5312 746 5380 Colb.,
774 5315 839 5368 de
860 5314 1085 5367 Christo.

346 5384 373 5424 ⁸
413 5382 591 5438 Editio
618 5384 782 5438 Sirm.
812 5403 824 5436 :
860 5383 1011 5454 Swpe
1046 5383 1359 5454 quibusdam
1387 5383 1663 5438 ardentius
1687 5381 1846 5438 Chri-

269 5462 413 5509 III.
451 5454 753 5524 amantibus
797 5454 989 5510 oisibili
1026 5454 1193 5524 specie
1240 5454 1560 5524 apparuisse.
1606 5455 1678 5509 At
1711 5468 1843 5507 mss.

269 5523 589 5652 terplum:
613 5523 765 5595 Sept
783 5523 1101 5608 quibusdam
1117 5524 1307 5579 visibili
1328 5525 1495 5604 specie
1516 5523 1842 5605 apparuisse.

317 5594 445 5651 aub.
503 5610 671 5652 vero.
723 5596 874 5651 Vattc
914 5594 1079 5649 Laud.
1132 5594 1437 5652 Remensrs.
1485 5592 1544 5651 S.
1591 5595 1842 5652 Remum.

317 5592 445 5651 atib.
503 5610 631 5650 vero
657 5636 671 5660 ,
702 5592 874 5651 'Va’tic
914 5594 1079 5649 Laud.
1132 5592 1437 5658 RemenSis,
1485 5592 1557 5651 S.
1586 5592 1843 5663 Remigii,

271 5665 499 5729 Turon.,
516 5664 810 5736 Maj.Mon.,
828 5667 1110 5729 Rothorm,
1125 5663 1466 5736 S.Audoeni,
1484 5664 1662 5735 regius
1673 5679 1812 5736 unus
1830 5680 1844 5717 :

270 5732 718 5819 .tmgntibus'bwc
745 5734 1352 5819 prter-nonslrat‘ttlfttisse;
1376 5732 1501 5789 Flor
1530 5732 1653 5819 eum
1682 5734 1843 5789 Mam.

269 5817 328 5864 et
357 5804 522 5864 “in.
554 5824 573 5860 :
1103 5804 1371 5861 Christum
1395 5804 1692 5863 amantibus
1719 5821 1850 5860 orte-

272 5886 563 5932 monstrata
589 5875 773 5943 fuisse.

1870 4647 1926 4711 D

1948 3404 2057 3447 non
2092 3404 2214 3448 esse
2243 3391 2488 3449 naturale
2511 3389 2645 3465 [al.,
2692 3390 3045 3467 naturaliter]
3096 3406 3290 3461 corpus
3329 3390 3531 3448 Christi

1946 3498 2141 3554 pauent
2166 3484 2329 3541 istum
2357 3500 2525 3555 quem
2553 3486 2838 3550 sumimus,
2864 3487 2962 3541 sed
2981 3484 3213 3557 ﬁguram
3238 3484 3356 3556 ejus
3384 3502 3523 3543 esse.

1948 3570 2105 3630 Hune
2140 3585 2322 3633 autem
2352 3575 2458 3631 duo
2492 3589 2650 3631 senes
2677 3575 2956 3631 audientes
2982 3575 3124 3647 quod
3155 3576 3357 3633 diceret
3388 3577 3529 3635 hunc

1947 3676 2251 3719 sermonem
2276 3703 2292 3730 ,
2328 3662 2562 3720 scientes
2612 3664 2735 3734 quia
2789 3678 2981 3735 magna
3011 3672 3161 3719 esset
3187 3663 3298 3719 vita
3327 3662 3441 3735 ejus
3476 3673 3532 3719 et

1947 3753 2324 3820 conversatio,
2378 3754 2749 3827 cogitaverunt
2786 3755 2910 3824 quia
2959 3755 3275 3813 innocenter
3310 3766 3365 3815 et
3396 3758 3528 3815 sim-

1945 3841 2157 3914 pliciter
2193 3843 2398 3899 diceret
2424 3843 2545 3899 hoc.
2580 3844 2649 3899 Et
2676 3851 2938 3901 venerunt
2973 3844 3043 3900 ad
3077 3860 3200 3899 eum
3221 3885 3236 3911 ,
3264 3854 3321 3901 et
3346 3846 3533 3902 dicunt

1947 3932 1999 3987 ei
2031 3949 2046 3986 :
2077 3932 2253 3997 Abba,
2301 3947 2606 3989 sermonem
2636 3932 2941 3988 audivimus
2963 3932 3241 4003 cujusdam
3274 3934 3526 4001 inﬁde’is,

1947 4024 2039 4095 qui
2063 4024 2192 4080 dicit
2232 4025 2356 4095 quia
2395 4039 2590 4097 panem
2638 4037 2797 4096 quem
2848 4025 3113 4085 sumimus
3138 4041 3244 4081 non
3285 4026 3530 4083 naturale

1948 4131 2147 4187 corpus
2172 4115 2406 4182 Christi,
2444 4115 2538 4173 sed
2584 4114 2754 4191 ﬁgura
2786 4124 2869 4172 est
2897 4115 3032 4187 ejus.
3064 4114 3240 4172 Senex
3266 4117 3342 4171 ait
3370 4132 3385 4171 :
3418 4117 3530 4190 Ego

1948 4224 2068 4265 sum
2089 4209 2181 4278 qui
2204 4209 2306 4266 hoc
2333 4208 2465 4265 dixi.
2490 4204 2571 4265 Illi
2600 4216 2779 4263 autem
2809 4207 3069 4280 rogabant
3098 4223 3220 4265 eum
3246 4207 3487 4264 dicentes
3514 4226 3525 4261 :

1948 4284 2065 4355 Non
2110 4300 2191 4355 sic
2224 4309 2447 4366 teneas,
2489 4300 2663 4366 abba.
2694 4300 2789 4357 sed
2817 4301 2957 4357 sicut
2987 4300 3225 4357 Ecclesia
3265 4300 3529 4356 catholica

1950 4391 2190 4446 tradidit.
2216 4391 2325 4451 Nos
2349 4402 2529 4449 autem
2559 4392 2832 4448 credimus
2854 4390 2978 4462 quia
3004 4391 3163 4465 panis
3182 4390 3295 4463 ipse
3331 4406 3528 4460 corpus

1949 4480 2151 4539 Christi
2178 4493 2281 4547 est,
2308 4492 2364 4540 et
2391 4484 2531 4543 calix
2573 4483 2687 4553 ipse
2725 4489 2808 4537 est
2843 4480 3063 4552 sanguis
3106 4479 3307 4539 Christi
3338 4495 3530 4539 secun—
3577 4504 3583 4510 ’

1950 4571 2075 4625 dum
2101 4573 2406 4637 veritatem,
2437 4580 2491 4626 et
2520 4585 2625 4627 non
2655 4569 2949 4627 secundum
2981 4568 3228 4639 ﬁguram.
3260 4568 3365 4624 Sed
3390 4569 3529 4625 sicut

2024 4748 2051 4786 ιι
2089 4747 2196 4803 Sex
2226 4762 2358 4803 mss.
2404 4747 2459 4801 hi
2498 4746 2752 4801 nimirum
2782 4745 2869 4815 qui
2903 4746 3157 4815 omittunt
3197 4760 3259 4800 ea
3298 4761 3417 4813 qua:
3459 4746 3526 4799 de

2095 4818 2296 4873 Basilio
2337 4825 2393 4873 et
2435 4817 2696 4888 Gregorio
2735 4814 3037 4885 seqttttntur
3069 4834 3082 4871 :
3114 4814 3289 4869 Unum
3320 4825 3369 4869 et
3408 4815 3525 4885 plu-

1953 4903 2000 4941 τι
2037 4905 2116 4942 us.

1952 4903 2116 4943 ηοω.

2031 4958 2149 5033 i‘ln
2180 4974 2287 5014 uno
2313 4960 2431 5033 cod.
2466 4960 2524 5014 S.
2562 4957 2777 5024 Germ.,
2824 4957 3057 5017 muneris
3095 4955 3257 5009 divini
3297 4958 3522 5033 gratiam

1953 5028 2224 5099 explorare
2266 5028 2456 5083 volens.
3087 5094 3119 5099 _,
3310 5028 3321 5033 ν
3448 5094 3451 5099 .

2030 5096 2043 5148 i
2093 5098 2254 5163 Editi,
2288 5099 2500 5153 credens
2524 5115 2643 5169 ergo
2668 5109 2726 5153 ut
2757 5115 2892 5163 uere,
2917 5105 2973 5151 at
3001 5094 3191 5153 melius
3220 5111 3373 5164 πιθα,
3414 5094 3525 5151 ore»

1950 5167 2078 5223 deus
2096 5185 2231 5239 ergo
2261 5170 2334 5222 ait
2354 5186 2371 5234 ;
2396 5186 2533 5233 vere,
2559 5167 2665 5223 etc.

1976 5276 1979 5281 -
2023 5239 2051 5283 κ
2092 5237 2243 5295 Unius
2280 5239 2453 5303 Colb.,
2486 5237 2734 5294 terribile.
2976 5284 2985 5295 .

2028 5308 2045 5347 ι
2088 5310 2161 5363 Ita
2190 5325 2379 5363 omnes
2402 5320 2531 5362 mss.
2558 5308 2694 5362 Editi
2730 5326 2742 5361 :
2780 5307 2969 5361 Valens
2991 5325 3168 5361 omnes
3194 5307 3414 5362 salvare.

2023 5391 2062 5419 πη
2099 5380 2265 5444 Editi,
2296 5379 2608 5450 oblationem
2634 5393 2651 5431 :
2678 5394 2804 5450 mss.
2834 5394 3043 5443 omnes,
3069 5379 3405 5450 oblationes;

2022 5461 2048 5486 ιι
2087 5450 2265 5514 Attic.,
2297 5448 2609 5519 particulam
2630 5458 2686 5519 Aet
2715 5448 2895 5518 offam.

2023 5530 2047 5557 ο
2087 5520 2162 5593 Ita
2191 5517 2358 5574 codex
2398 5518 2547 5593 Anic.
2576 5517 2693 5593 Alii‘
2715 5517 2842 5572 mss.
2880 5528 3195 5593 expungunt
3221 5534 3294 5581 se.

2024 5602 2050 5639 ρ
2087 5590 2197 5653 ΑΙ.,
2223 5590 2476 5658 sanguine
2506 5587 2803 5656 superfuso.

2018 5672 2046 5711 τι
2085 5660 2249 5722 Editi,
2279 5674 2529 5728 sacroque
2558 5667 2756 5711 sancto.

2026 5743 2046 5770 τ
2088 5730 2217 5799 Quae
2241 5729 2327 5789 hic
2358 5727 2646 5801 narrantur
2669 5743 2735 5783 ex
2764 5727 3016 5801 relatione
3038 5727 3257 5801 abbatis
3276 5727 3517 5801 Arsami,

1949 5804 2002 5858 in
2036 5796 2243 5856 duobus
2278 5798 2627 5870 continentur
2645 5814 2774 5870 mss.
2806 5798 2999 5870 reginae
3031 5796 3240 5855 Sueciar
3267 5796 3428 5866 ιδω,
3465 5802 3522 5854 et

1950 5874 2091 5943 regis
2122 5868 2569 5926 Cbristianissimi
2604 5868 2761 5922 4070.
