4148 6344
564 428 582 451 ⁸
624 414 760 473 1519

1413 424 1470 479 s.
1512 402 2248 478 Pascmsn'muuem't
2284 416 2574 471 ABBATIS
2610 413 3054 473 CORBEIENSIS
3145 409 3151 417 ‘

3749 415 3889 472 {320

620 531 693 602 Im
721 542 985 617 principio
1015 539 1288 610 pulverem
1328 535 1395 591 de
1432 545 1581 590 terra
1608 534 1846 604 acoepit,
1887 539 1943 588 et
1977 530 2207 601 plasma-
2233 531 2286 590 Α
2309 528 2474 598 οωρίι
2513 527 2934 597 omnipotentem
2972 525 3140 581 Deum
3168 525 3274 594 piis
3298 535 3320 563 ο
3349 522 3565 617 pulsare
3606 527 3888 617 precibus,

637 639 715 693 vit
753 634 1024 692 hominem
1061 630 1129 686 ad
1175 628 1466 700 imaginem
1517 641 1702 690 suam,
1748 632 1803 680 et
1842 637 2001 679 nemo
2033 627 2214 692 potest

639 731 819 787 dicere
856 726 993 798 quia‘
1023 739 1132 780 non
1169 730 1252 779 est
1281 721 1458 792 imago
1486 719 1583 775 Dei
1622 713 2207 787 incomprehensibilis;

638 822 711 876 ita
757 828 812 875 et
854 817 1011 890 panis
1032 829 1191 887 quem
1226 812 1360 868 dicit
1385 811 1510 880 quia
1539 824 1736 880 corpus
1762 821 1942 862 meum
1968 812 2070 869 est,
2099 817 2210 858 cre-

638 911 815 966 dimus
839 908 966 979 quia
995 903 1291 962 secundum
1322 901 1603 956 veritatem
1631 912 1827 968 corpus
1864 902 1949 950 est
1988 891 2208 949 Christi.

641 1001 818 1057 Senex
864 1008 1044 1054 autem
1079 998 1155 1052 ait
1181 995 1261 1050 eis
1294 1010 1310 1048 :
1350 992 1464 1047 Nisi
1511 1005 1627 1047 rem
1673 990 1844 1060 ipsam
1889 998 2211 1058 cognovero,

639 1110 748 1149 non
778 1091 911 1148 mihi
939 1087 1234 1147 satisfaciet
1261 1085 1448 1157 petitio
1488 1091 1688 1139 vestra.
1721 1080 1801 1136 Illi
1833 1089 2014 1135 autem
2059 1077 2211 1132 dixe-

641 1190 767 1240 runt
808 1183 877 1238 ad
921 1197 1044 1239 eum
1083 1197 1095 1233 :
1135 1181 1498 1249 Depreeemur
1542 1175 1830 1231 Dominum
1875 1169 2211 1227 hebdomada

640 1277 743 1332 hac
785 1275 851 1332 de
896 1272 1152 1347 mysterio
1195 1273 1330 1337 hoc,
1377 1279 1431 1325 et
1458 1267 1761 1331 credimus,
1793 1264 1918 1334 quia
1955 1261 2213 1317 Dominus

640 1367 844 1423 revelat
872 1366 1046 1422 nobis.
1073 1363 1251 1420 Senex
1281 1377 1412 1417 vero
1431 1359 1669 1430 suscepit
1689 1373 1813 1413 cum
1836 1355 2030 1426 gaudio
2052 1354 2212 1408 istum

638 1473 965 1523 sermonem,
999 1463 1057 1511 et
1083 1453 1472 1524 deprecabatur
1499 1451 1666 1505 Deum
1697 1449 1883 1504 dicens
1917 1465 1929 1500 :
1963 1445 2206 1508 Domine,

640 1558 695 1606 tu
726 1547 1008 1619 cognoscis
1038 1546 1164 1616 quia
1195 1559 1300 1600 non
1332 1557 1428 1613 per
1454 1540 1716 1596 malitiam
1747 1535 2055 1593 incredulus
2089 1549 2208 1590 sum

639 1642 693 1698 in
741 1655 800 1696 re
846 1641 970 1705 hac,
1005 1637 1101 1692 sed
1136 1651 1204 1690 ne
1251 1649 1349 1705 per
1391 1631 1749 1704 ignorantiam
1783 1644 1997 1694 errem;
2032 1625 2207 1681 revela

637 1748 766 1805 ergo
793 1731 950 1797 mihi,
979 1728 1204 1784 Domine
1247 1725 1374 1782 Jesu
1415 1724 1652 1788 Christe,
1697 1722 1840 1792 quod
1876 1725 2204 1782 verumest;

639 1823 733 1882 sed
755 1833 811 1880 et
837 1823 911 1879 illi
949 1836 1107 1879 senes
1131 1820 1393 1875 abeuntes
1423 1817 1475 1872 in
1502 1816 1666 1872 cellas
1691 1831 1834 1877 suas,
1865 1812 2128 1884 rogabant
2154 1819 2209 1866 et

2313 628 2372 674 ut
2417 618 2519 672 sibi
2570 625 2898 674 monstraret
2932 622 3185 671 naturam
3214 615 3460 687 corporis
3483 615 3696 672 Christi
3727 628 3892 690 atque

2311 712 2605 782 sanguinis.
2652 711 2836 780 Itaque
2873 726 2980 766 non
3029 724 3097 766 ex
3148 709 3501 776 inﬁdelitate,
3558 719 3620 765 ut
3667 712 3890 772 assolet.

2312 803 2407 858 sed
2456 819 2522 857 ex
2571 803 2771 872 pietate
2826 801 3026 857 mentis
3073 801 3176 857 ista
3225 799 3449 871 petivit;
3509 799 3691 855 fuerat
3743 802 3892 855 enim

2312 910 2342 950 a
2388 910 2556 965 puero
2598 895 2792 950 divinis
2838 894 3046 964 legibus
3093 894 3368 958 imbutus,
3395 902 3449 949 et
3477 903 3701 966 propter
3734 911 3892 950 amo-

2315 1000 2427 1041 rem
2462 986 2680 1056 superni
2719 983 2884 1054 Regis
2919 983 3046 1039 olim
3092 985 3278 1056 patriae
3324 985 3458 1040 fines
3497 994 3553 1041 et
3590 986 3771 1041 dulcia
3825 986 3893 1039 li-

2313 1089 2507 1150 querat
2550 1095 2698 1143 arva,
2747 1086 2808 1132 ut
2839 1076 3038 1133 Christi
3066 1077 3319 1149 mysteria
3365 1078 3518 1133 exsul
3565 1078 3752 1134 sedule
3808 1079 3898 1133 di-

2314 1179 2508 1227 sceret.
2531 1171 2738 1226 Idcirco
2765 1168 2880 1238 ejus
2907 1185 3095 1225 amore
3120 1169 3291 1240 magis
3344 1184 3654 1236 succensus,
3706 1172 3892 1240 quoti-

2313 1263 2398 1318 die
2441 1262 2676 1333 pretiosa
2736 1276 2959 1316 munera
3002 1259 3252 1325 offerens,
3300 1263 3557 1331 poscebat
3600 1263 3705 1318 sibi
3752 1278 3896 1332 pra:-

2311 1351 2603 1407 monstrari
2639 1366 2759 1421 qua:
2789 1351 2927 1406 foret
2951 1351 3159 1420 species
3195 1350 3414 1407 latitans
3454 1353 3555 1408 sub
3583 1352 3758 1407 forma
3789 1368 3893 1423 pa-

2312 1444 2397 1500 nis
2417 1452 2473 1498 et
2493 1443 2633 1509 vini;
2662 1459 2770 1500 non
2794 1444 2920 1514 quia
2956 1443 3024 1499 de
3049 1443 3250 1499 Christi
3283 1458 3510 1514 corpore
3551 1445 3750 1501 dubius
3805 1460 3896 1500 es-

2311 1543 2412 1601 set,
2438 1534 2533 1590 sed
2557 1536 2684 1606 quia
2722 1535 2806 1590 vel
2827 1535 2906 1590 sic
2926 1533 3202 1591 Christum
3238 1550 3462 1591 cernere
3485 1535 3667 1603 vellet,
3724 1553 3891 1607 quem

2311 1641 2471 1682 nemo
2499 1626 2805 1682 mortalium
2827 1625 2940 1695 jam
2967 1642 3129 1698 super
3152 1635 3298 1683 astra
3319 1627 3572 1696 levatum,
3623 1629 3680 1684 in
3728 1631 3896 1687 terris

2309 1716 2336 1755 «1
2364 1716 2564 1787 passim
2585 1717 2897 1788 conspicere
2921 1726 3116 1788 potest.
3133 1715 3372 1774 Venerat
3389 1734 3520 1791 ergo
3545 1720 3633 1775 die
3657 1727 3719 1774 ut
3744 1721 3892 1775 idem

2311 1807 2591 1863 celebrans
2620 1808 2708 1878 pie
2731 1807 2987 1864 solemnia
3026 1811 3315 1865 missarum
3337 1825 3488 1866 more
3539 1811 3703 1866 solito
3756 1827 3890 1882 pro-

639 1916 740 1987 ipsi
779 1914 948 1970 Deum
1003 1913 1056 1966 in
1113 1909 1264 1965 cellis
1312 1908 1424 1964 suis
1472 1906 1713 1961 dicentes
1756 1923 1768 1958 :
1810 1903 2034 1958 Domine
2078 1900 2204 1957 Jesu
2233 1893 2282 1955 B
2307 1898 2493 1953 cubuit
2534 1899 2796 1968 genibus:
2829 1899 2898 1954 Te
2942 1901 3189 1971 deprecor
3215 1942 3232 1967 ,
3275 1902 3477 1971 inquit,
3522 1901 3890 1973 Omnipotens,

636 2007 871 2071 Christe,
902 2003 1079 2060 revela
1118 2002 1235 2058 seni
1281 1999 1597 2071 mysterium
1645 1998 1780 2062 hoc,
1810 2004 1871 2050 ut
1898 1994 2106 2059 credat,
2153 2000 2208 2047 et

637 2113 743 2152 non
771 2095 960 2166 perdat
1003 2093 1242 2149 laborem
1272 2106 1447 2146 suum.
1473 2087 1761 2144 Exaudivit
1799 2086 1918 2142 illos
1944 2084 2206 2140 Dominus

637 2198 692 2248 et
735 2175 1066 2245 hebdomada
1096 2185 1361 2257 completa
1390 2190 1655 2239 venerunt
1701 2179 1981 2236 Dominico
2022 2178 2108 2234 die
2150 2178 2204 2232 in

635 2277 942 2343 ecclesiam,
969 2285 1024 2332 et
1052 2274 1308 2332 sederunt
1331 2271 1434 2343 ipsi
1462 2281 1572 2328 tres
1597 2269 1696 2325 soli
1736 2283 1898 2340 super
1941 2265 2108 2322 sedile
2141 2266 2207 2320 de

636 2370 812 2440 sirpo,
841 2367 982 2440 quod
1010 2368 1063 2421 in
1089 2365 1304 2420 modum
1352 2362 1517 2418 fascis
1553 2369 1673 2416 erat
1707 2359 1960 2431 ligatum;
1997 2356 2205 2412 medius

635 2463 827 2518 horum
855 2459 1076 2516 sedebat
1108 2472 1272 2514 senex
1305 2455 1411 2512 ille.
1439 2453 1624 2526 Aperti
1655 2463 1779 2509 sunt
1817 2460 1996 2506 autent
2042 2448 2203 2504 intel-

634 2550 892 2608 lectuales
920 2549 1061 2606 oculi
1090 2565 1276 2606 eorum
1294 2588 1310 2614 ,
1341 2555 1396 2602 et
1423 2546 1638 2617 quando
1664 2544 1825 2616 positi
1873 2551 2000 2598 sunt
2037 2555 2206 2612 panes

631 2643 689 2700 in
712 2643 905 2710 altare,
929 2643 1210 2699 videbatur
1230 2640 1336 2696 illis
1358 2635 1731 2694 tantummodo
1753 2634 1922 2690 tribus
1949 2643 2203 2703 tanquam

631 2734 892 2806 puerulus
909 2733 1100 2804 jacens
1149 2747 1313 2802 super
1358 2730 1550 2795 altare,
1604 2736 1660 2784 et
1705 2742 1828 2783 cum
1875 2724 2206 2780 extendisset

631 2827 912 2898 presbyter
941 2839 1192 2889 manum,
1227 2831 1287 2877 ut
1328 2820 1602 2890 frangeret
1639 2834 1831 2888 panem
1859 2860 1873 2883 ,
1926 2815 2202 2871 descendit

631 2917 854 2988 angelus
888 2915 1106 2973 Domini
1144 2914 1210 2970 de
1239 2912 1377 2969 cmlo
1412 2912 1617 2966 habens
1649 2909 1880 2965 cultrum
1915 2908 1970 2961 in
2015 2921 2199 2972 manu,

628 3017 686 3064 et
715 3007 1039 3064 sacrificavit
1065 3005 1347 3078 puerulum
1376 3003 1523 3058 illum
1541 3041 1558 3069 ,
1587 3000 1901 3069 sanguinem
1929 3013 2060 3054 vero
2085 2995 2202 3066 ejus

629 3098 932 3168 excipiebat
958 3095 1014 3152 in
1036 3096 1222 3152 calice.
1251 3092 1385 3150 Cum
1416 3100 1595 3148 autem
1623 3092 1904 3162 presbyter
1930 3088 2204 3158 frangeret

630 3193 682 3248 in
709 3192 891 3264 parvis
916 3192 1160 3263 partibus
1194 3203 1410 3261 panem,
1445 3187 1609 3242 etiam
1648 3192 1704 3240 et
1752 3183 1973 3256 angelus
2002 3181 2199 3236 incide-

2310 1993 2482 2062 pande
2507 1991 2633 2044 mihi
2661 1992 2847 2062 exiguo
2868 1992 2923 2046 in
2943 1992 3040 2046 hoc
3084 1994 3326 2062 mysterio
3373 2003 3616 2048 naturam
3653 1998 3891 2065 corporis

2309 2080 2521 2147 Christi,
2547 2091 2605 2136 at
2627 2083 2755 2136 mihi
2776 2082 2927 2137 liceat
2949 2099 3068 2138 eum
3088 2085 3378 2154 prospicere
3423 2095 3730 2155 prasente-nt
3775 2104 3893 2140 cor-

2307 2192 2462 2244 poreo
2491 2175 2621 2242 visu,
2657 2185 2707 2230 et
2735 2176 2962 2245 formam
2988 2177 3158 2245 pueri,
3191 2193 3342 2248 quem
3389 2177 3514 2231 olim
3543 2178 3692 2232 sinus
3727 2190 3750 2217 ε
3775 2195 3889 2231 ma-

2307 2269 2401 2322 tris
2427 2268 2546 2322 tulit
2587 2269 2895 2340 vagientem,
2942 2285 3079 2323 nunc
3121 2270 3362 2325 manibus
3403 2280 3768 2336 contrectare;
3798 2274 3891 2342 qui

2308 2360 2432 2415 dum
2463 2359 2590 2415 talia
2610 2371 2946 2430 precaretur,
2973 2360 3193 2432 angelus
3215 2363 3281 2417 de
3307 2363 3448 2418 cmlo
3475 2364 3700 2420 veniens
3757 2364 3893 2420 affa-

2307 2461 2434 2508 tur:
2482 2451 2672 2523 Surge,
2730 2453 2924 2524 inquit,
2976 2469 3224 2524 propere,
3274 2455 3322 2509 si
3364 2453 3640 2510 Christum
3704 2457 3895 2513 videre

2305 2543 2516 2614 placet;
2583 2545 2737 2600 adest
2783 2559 3022 2616 praesens
3072 2560 3333 2616 corporeo
3377 2548 3603 2602 vestitus
3660 2550 3894 2615 amictu,

2304 2651 2466 2708 quem
2490 2652 2649 2692 sacra
2672 2653 2937 2710 puerpera
2963 2640 3148 2712 gessit.
3203 2639 3352 2697 Tunc
3391 2645 3716 2700 venerabilis
3765 2661 3895 2714 pre-

2305 2731 2489 2802 sbyter
2525 2730 2746 2800 pavidus
2789 2732 2858 2785 ab
2884 2731 2992 2786 imo
3026 2730 3046 2769 ί
3075 2731 3543 2811 vultumerigens,
3579 2737 3716 2796 vidit
3739 2739 3768 2778 ε
3795 2754 3892 2792 su—

2304 2837 2403 2892 per
2435 2838 2585 2877 aram
2608 2821 2784 2877 Patris
2808 2821 3002 2878 Filium
3025 2840 3274 2895 puerum,
3321 2842 3481 2896 quem
3527 2828 3754 2885 Simeon
3806 2831 3892 2885 in-

2304 2912 2503 2968 fantem
2537 2922 2754 2983 portare
2782 2915 2895 2970 suis
2933 2915 3076 2970 ulnis
3104 2928 3500 2986 promeruerat.
3529 2919 3627 2975 Cui
3665 2922 3893 2993 angelus

2305 3003 2478 3074 inquit
2509 3018 2522 3057 :
2556 2993 2690 3071 Q’uia
2720 3003 2994 3061 Christum
3016 3006 3200 3062 videre
3243 3008 3479 3078 placuit,
3521 3025 3686 3080 quem
3733 3013 3894 3083 prius

2304 3099 2403 3153 sub
2439 3099 2617 3168 specie
2669 3098 2825 3168 panis
2857 3099 3036 3154 verbis
3082 3099 3328 3172 mysticis
3378 3117 3595 3157 sacrare
3644 3103 3886 3169 solebas,

2306 3205 2450 3245 nunc
2481 3189 2650 3244 oculis
2680 3189 2902 3259 inspice,
2933 3199 3160 3246 attrecta
3191 3192 3459 3247 manibus.
3509 3192 3647 3248 Tum
3699 3209 3893 3250 sacer-

627 3254 728 3340 bat
764 3254 934 3355 pueri.
964 3284 1205 3340 membra
1249 3296 1348 3352 per
1392 3279 1633 3335 modicas
1669 3254 1872 3348 partes.
1904 3275 2038 3331 Cum
2069 3289 2199 3343 ergo
2227 3254 2272 3317 (δ
2305 3282 2402 3337 dos
2435 3283 2643 3338 caelesti
2673 3254 2894 3338 mu'nere
2921 3282 3112 3351 fretus,
3143 3285 3284 3356 quod
3322 3286 3521 3342 mirum
3573 3286 3722 3342 dictu
3779 3301 3892 3353 est.

627 3376 944 3432 accessisset
969 3389 1132 3431 senex
1150 3413 1166 3440 ,
1194 3381 1256 3428 ut
1282 3371 1554 3441 acciperet
1595 3377 1837 3425 sanctam
1865 3367 2201 3424 communio-

626 3479 772 3531 nem,
824 3465 949 3520 data
992 3473 1076 3520 est
1127 3462 1229 3533 ipsi
1278 3461 1377 3517 soli
1422 3475 1550 3517 caro
1587 3459 1852 3530 sanguine
1895 3465 2197 3514 cruentata.

625 3555 780 3624 Quod
807 3571 930 3613 cum
959 3557 1199 3622 vidisset,
1228 3555 1522 3626 pertimuit,
1550 3561 1606 3608 et
1628 3551 1953 3608 exclamavit
1975 3550 2197 3606 dicens.

623 3645 834 3714 Credo,
882 3647 1144 3712 Domine,
1193 3647 1318 3716 quia
1346 3645 1502 3716 panis
1545 3643 1636 3713 qui
1676 3643 1730 3697 in
1777 3641 1934 3696 altari
1961 3641 2197 3712 ponitur,

622 3755 821 3812 corpus
846 3748 996 3796 tuum
1028 3748 1134 3807 est,
1159 3747 1213 3794 et
1241 3739 1378 3796 calix
1402 3748 1526 3793 tuus
1555 3745 1638 3793 est
1669 3737 1904 3808 sanguis,
1938 3745 1992 3791 et
2016 3737 2199 3792 statim

622 3833 768 3891 facta
796 3843 881 3891 est
915 3850 1045 3892 caro
1089 3833 1180 3888 illa
1225 3833 1281 3887 in
1333 3847 1496 3887 manu
1541 3828 1656 3900 ejus
1699 3829 1856 3900 panis
1899 3830 2197 3885 secundum

621 3927 1054 4000 mysterium,et
1101 3924 1330 3996 sumpsit
1366 3923 1495 3979 illud
1541 3924 1598 3978 in
1644 3939 1740 3979 ore
1782 3923 1986 3994 gratias
2032 3937 2200 3994 agens

621 4017 752 4074 Deo.
784 4019 1043 4074 Dixerunt
1087 4025 1266 4073 autem
1312 4014 1361 4070 ei
1391 4030 1548 4071 senes
1581 4031 1594 4067 :
1635 4015 1777 4070 Deus
1817 4015 1918 4069 scit
1963 4013 2200 4068 humana

620 4116 814 4164 natura
867 4107 994 4177 quia
1037 4122 1146 4162 non
1186 4114 1363 4178 potest
1409 4104 1553 4161 vesci
1595 4105 1853 4161 carnibus
1890 4103 2104 4170 crudis,
2145 4110 2202 4159 et

621 4203 910 4266 propterea
946 4193 1356 4250 transformavit
1393 4209 1590 4266 corpus
1628 4209 1786 4250 suum
1816 4195 1868 4249 in
1895 4209 2116 4270 panem,
2144 4201 2200 4248 et

620 4287 941 4357 sanguinem
976 4301 1134 4342 suum
1164 4286 1218 4342 in
1242 4286 1424 4341 vinum
1455 4285 1540 4340 his
1587 4285 1679 4356 qui
1718 4285 1851 4344 illud
1888 4284 1993 4341 fide
2021 4284 2195 4340 susci-

618 4375 802 4446 piunt,
828 4384 884 4432 et
917 4383 1146 4448 egerunt
1171 4376 1375 4449 gratias
1405 4376 1515 4431 Deo
1543 4376 1610 4432 de
1633 4390 1764 4432 sene
1785 4375 1898 4442 illo,
1930 4375 2057 4445 quia
2088 4389 2197 4430 non

617 4466 866 4537 permisit
896 4465 1041 4524 Deus
1084 4467 1263 4538 perire
1305 4468 1542 4524 laborem
1589 4467 1727 4538 ejus,
1757 4477 1812 4523 et
1839 4468 2042 4524 reversi
2071 4476 2197 4524 sunt

615 4574 808 4616 omnes
828 4576 952 4617 cum
975 4560 1171 4633 gaudio
1200 4561 1254 4616 in
1286 4560 1453 4617 cellas
1481 4577 1626 4617 suas.

691 4670 744 4726 5.
785 4683 812 4712 ι
844 4671 1240 4743 Nonnunquam
1273 4686 1406 4729 vero
1438 4671 1506 4727 ad
1537 4680 1720 4728 votum
1766 4669 2194 4727 desiderantibus

614 4763 890 4820 Christum
915 4764 1030 4820 haec
1062 4772 1474 4835 praemonstrata
1505 4763 1784 4835 leguntur;
1814 4763 1953 4818 sicut
1981 4761 2111 4816 illud
2138 4761 2192 4816 in

613 4857 782 4930 gestis
839 4856 1133 4929 Anglorum
1161 4897 1176 4923 ,
1230 4855 1372 4926 quod
1418 4855 1635 4928 quidam
1690 4856 1972 4926 presbyter
2028 4852 2193 4908 fuerit

615 4946 898 5017 religiosus
969 4942 1124 5000 valde
1149 4987 1164 5012 ,
1235 4943 1462 5016 Plecgils
1535 4945 1753 5001 nomine
1787 4984 1802 5010 ,
1877 4942 2191 5013 frequenter

615 5038 900 5095 missarum
941 5037 1204 5094 solemnia
1237 5037 1518 5093 celebrans
1545 5037 1614 5091 ad
1648 5050 1844 5106 corpus
1875 5033 1932 5089 S.
1959 5032 2130 5088 Ninia:
2159 5033 2188 5074 δ

611 5129 850 5202 episcopi
888 5138 946 5185 et
995 5125 1360 5194 confessoris,
1403 5127 1495 5198 qui
1549 5142 1672 5181 cum
1721 5125 1882 5196 digno
1936 5121 2187 5178 modera-

612 5222 760 5279 mine
802 5229 1044 5278 sanctam
1074 5261 1090 5288 ,
1135 5219 1355 5277 Christo
1397 5218 1631 5290 propitio
1655 5255 1671 5279 .
1718 5216 1940 5272 duceret
1983 5215 2183 5282 vitam,

679 5385 706 5414 ι
726 5371 897 5430 ‘Hicin
921 5373 1040 5430 cod.
1075 5371 1242 5428 Laub.
1268 5371 1458 5442 incipit
1487 5385 1606 5442 cap.
1632 5369 1747 5424 LXI
1777 5387 1790 5424 :
1823 5367 2073 5424 Miraculi
2100 5369 2182 5424 in-

607 5445 808 5500 timatio
837 5461 993 5515 super
1014 5444 1152 5499 idem
1175 5453 1564 5515 sacrosanctum
1590 5442 1915 5515 mysterium.

679 5515 708 5555 δ
745 5509 912 5582 Editi,
939 5513 1110 5579 Nini;
1135 5530 1237 5568 ms.
1264 5512 1450 5583 Major.
1479 5509 1661 5578 Mon.,'
1673 5509 1808 5566 Nili.

675 5594 702 5655 ε
739 5585 800 5640 In
827 5585 947 5642 cod.
978 5583 1102 5655 Mai.
1126 5600 1272 5655 mon.
1297 5585 1448 5640 deest
1472 5585 1592 5655 piis.

675 5654 703 5696 ἀ
728 5655 970 5725 Αηίοηθι
1001 5652 1447 5725 ΜέῇονηΜοηεδι.
1472 5652 1619 5710 ὀιιιη
1671 5653 1834 5711 Ulim.
1869 5653 1973 5710 ειη
2024 5662 2175 5725 terris

603 5742 835 5808 passam.
861 5724 1022 5806 Mam.
1051 5723 1173 5807 cum
1193 5724 1453 5789 Puteano,
1472 5725 1683 5797 Remig.
1709 5742 1816 5784 uno
1836 5726 1894 5782 S.
1919 5723 2174 5782 Germani

601 5804 803 5854 omittit
830 5804 1023 5865 passim
1042 5804 1153 5850 sive
1171 5811 1399 5865 passum.

676 5876 715 5924 ⁸.
729 5865 903 5925 Vatic.
938 5865 1166 5921 Virdinis
1189 5868 1382 5922 matria.

2303 3375 2444 3430 ulnis
2462 3376 2813 3432 trementibus
2832 3391 3058 3446 puerum
3079 3378 3308 3446 accepit,
3325 3387 3382 3432 et
3395 3387 3576 3448 pectus
3590 3381 3895 3448 proprium

2301 3466 2501 3522 Christi
2529 3469 2731 3536 pectori
2747 3465 2962 3536 junxit;
2987 3467 3181 3523 deinde
3198 3467 3448 3537 profusus
3471 3469 3524 3523 in
3546 3469 3891 3541 amplexum,

2303 3560 2394 3614 dat
2419 3557 2600 3614 oscula
2632 3557 2763 3624 Deo,
2787 3566 2842 3613 et
2869 3557 2980 3613 suis
3020 3557 3178 3613 labiis
3207 3560 3403 3628 pressit
3429 3559 3516 3631 pia
3547 3559 3690 3616 labia
3727 3563 3897 3619 Chri-

2301 3650 2390 3704 sti.
2417 3649 2624 3717 Quibus
2649 3651 2725 3704 ita
2759 3650 2988 3716 exactis,
3015 3650 3275 3721 praeclara
3311 3651 3404 3706 Dei
3455 3651 3578 3706 Filii
3637 3656 3894 3711 membra

2302 3742 2537 3797 restituit
2589 3743 2644 3798 in
2694 3741 2897 3798 vertice
2938 3741 3148 3808 altaris,
3171 3751 3228 3797 et
3271 3741 3496 3812 replevit
3533 3743 3749 3800 caelesti
3787 3762 3893 3818 pa—

2301 3834 2426 3890 bulo
2451 3835 2651 3890 Christi
2673 3850 2933 3890 mensam.
2967 3833 3104 3889 Tum
3143 3850 3332 3892 rursus
3358 3836 3388 3876 ιι
3418 3835 3584 3892 humo
3636 3848 3893 3907 prostra-

2300 3936 2388 3981 tus
2415 3927 2729 3997 deprecatus
2753 3939 2838 3983 est
2884 3926 3070 3996 Deum,
3118 3937 3177 3984 ut
3205 3928 3518 3999 dignaretur
3543 3929 3661 4000 ipse
3687 3930 3895 3988 iterum

2301 4021 2438 4076 verti
2467 4021 2520 4075 in
2545 4021 2827 4092 pristinam
2865 4022 3134 4092 speciem;
3183 4037 3290 4092 qua
3332 4021 3545 4101 expleta
3608 4025 3898 4090 oratione,

2301 4129 2526 4186 surgens
2559 4130 2590 4168 a
2621 4123 2786 4181 terra,
2811 4114 3016 4170 invenit
3041 4129 3239 4185 corpus
3295 4113 3497 4172 Christi
3545 4116 3603 4171 in
3648 4115 3895 4173 formam

2300 4223 2570 4263 remeasse
2606 4209 2862 4278 priorem,
2892 4208 2970 4262 uti
3013 4207 3331 4278 deprecatus
3379 4208 3586 4274 fuerat;
3639 4217 3698 4265 et
3747 4211 3900 4266 mira

2298 4302 2684 4374 omnipotentis
2711 4302 2808 4358 Dei
2838 4303 3196 4373 dispensatio,
3237 4304 3329 4374 qui
3350 4303 3421 4359 ob
3468 4303 3631 4360 unius
3670 4304 3902 4361 deside-

2301 4393 2441 4447 rium
2472 4393 2546 4447 ita
2573 4407 2632 4449 se
2657 4394 2898 4463 praebere
2943 4394 3192 4464 dignatus
3217 4401 3302 4449 est
3330 4392 3615 4458 visibilem,
3670 4403 3731 4450 et
3778 4411 3900 4451 non

2299 4483 2351 4539 in
2384 4483 2609 4556 ﬁguram
2636 4485 2780 4555 agni,
2803 4493 2862 4540 ut
2893 4485 3014 4541 aliis
3043 4485 3346 4558 quibusque
3379 4487 3397 4528 ί
3429 4487 3529 4542 sub
3549 4487 3656 4544 hoc
3679 4499 3899 4560 myste-

2299 4579 2396 4643 rio,
2425 4579 2519 4635 sed
2554 4579 2610 4634 in
2631 4577 2860 4634 formam
2889 4580 3068 4650 pueri,
3105 4588 3372 4650 quatenus
3425 4586 3479 4635 et
3538 4581 3750 4638 veritas
3793 4599 3898 4648 pa-

2299 4679 2530 4728 tesceret
2553 4671 2608 4726 in
2629 4679 2869 4738 ostenso,
2889 4679 2945 4726 et
2973 4672 3272 4727 sacerdotis
3301 4671 3632 4728 desiderium
3692 4672 3899 4744 imple-

2298 4770 2450 4818 retur
2475 4777 2542 4818 ex
2594 4762 2878 4828 miraculo,
2929 4771 3223 4834 nostraque
3275 4762 3409 4818 fides
3450 4761 3774 4819 firmaretur
3817 4781 3896 4821 ex

2295 4857 2490 4913 relatu.
2517 4855 2898 4911 Verumtamen
2927 4871 3032 4911 non
3061 4855 3209 4927 prius
3235 4854 3379 4910 idem
3436 4856 3898 4912 communicasse

2291 4951 2444 5021 pueri
2478 4964 2674 5020 corpus
2701 4958 2755 5006 et
2789 4951 3103 5021 sanguinem
3144 4948 3362 5020 legitur,
3397 4963 3562 5020 quam
3582 4949 3799 5006 rediret
3832 4950 3896 5005 in

2289 5042 2490 5114 prioris
2520 5042 2706 5098 formae
2735 5043 2990 5114 speciem,
3013 5055 3081 5095 ne
3117 5039 3408 5095 absurdum
3432 5039 3712 5095 videretur
3729 5040 3894 5110 quod

2287 5143 2729 5205 praesumpserat,
2754 5143 2809 5190 et
2854 5132 2987 5189 ﬁdes
3025 5132 3244 5187 uberius
3288 5130 3601 5201 requiratur
3641 5131 3894 5189 interius

2286 5227 2346 5284 in
2383 5227 2574 5284 eodem
2600 5227 2743 5297 quod
2767 5225 3008 5281 exterius
3028 5226 3145 5280 visu
3168 5231 3542 5294 conSpexerat.
3570 5221 3702 5278 Haec
3733 5222 3750 5274 i
3797 5225 3897 5279 in-

2358 5359 2378 5398 ί
2409 5361 2518 5428 AL,
2541 5362 2606 5417 ab
2626 5361 2803 5414 Immo.
2889 5406 2896 5412 .

2357 5439 2382 5478 ⁸
2409 5436 2542 5492 Cod.
2565 5431 2741 5487 Vatic.
2780 5433 2924 5487 hunc
2964 5429 3143 5487 locum
3185 5428 3266 5484 sic
3302 5427 3432 5499 legit
3460 5444 3490 5499 :_
3506 5427 3680 5497 Super
3716 5444 3892 5481 aram

2283 5503 3042 5590 summiPatrismunigenitam
3078 5497 3409 5562 incarmtunt
3455 5497 3661 5564 Iesum,
3709 5511 3888 5568 qua

2284 5595 2442 5634 senex
2456 5579 2634 5648 justus
2663 5573 2894 5636 Simeon,
2928 5580 3032 5629 etc.

2355 5649 2385 5690 ιι
2410 5647 2574 5712 Editi,
2598 5654 2890 5717 prostratus
2911 5644 3085 5699 homo.

2358 5722 2376 5760 ί
2404 5718 2566 5782 Editi,
2595 5716 2926 5787 quibusdam.

2356 5789 2370 5839 ἱ
2404 5773 2462 5846 In
2489 5773 2674 5844 codice
2697 5786 2867 5844 Laub.
2886 5786 2974 5843 hic
2997 5785 3187 5857 incipit
3218 5801 3340 5858 cap.
3357 5773 3510 5842 LXI:
3539 5773 3890 5847 Exemplum

2281 5864 2345 5918 de
2375 5875 2585 5918 manna.
