4148 6344
278 277 341 334 id
353 273 416 336 ιι

1205 283 1332 340 LIB.
1373 286 1462 342 DE
1499 286 1820 344 CORPORE
1859 290 1945 345 ET
1987 290 2334 347 SANGUINE
2373 292 2629 350 DOMINI.

3401 295 3542 354 1522

277 387 438 446 terim
463 390 664 449 dixisse
699 394 930 452 sulllciat
954 398 1024 454 de
1061 401 1372 456 ostensione
1423 405 1604 460 carnis
1655 404 1853 460 Christi
1883 415 1930 474 Α
1961 407 2056 472 ris,
2080 422 2188 478 quo
2223 418 2417 464 cuncta
2443 419 2624 472 creata
2653 420 2779 466 sunt
2823 411 3054 468 visibilia
3101 421 3154 468 et
3199 413 3534 480 invisibilis;

272 495 375 549 pro
412 485 714 542 assertione
739 489 1001 543 veritatis.
1177 523 1188 530 -
1246 547 1249 551 ,

345 575 398 628 6.
423 574 713 644 Caeterum,
744 581 789 634 si
810 581 1026 650 quise:
1057 598 1122 639 eo
1153 600 1256 640 non
1290 587 1463 642 credit
1484 588 1609 643 illud
1639 589 1858 658 quodin

270 664 565 735 Evangelio
603 669 950 738 praedicatur,
980 674 1278 742 prioribus,
1305 677 1547 746 inquam,
1573 677 1680 733 illis
1706 677 1858 733 dete-

269 756 387 810 rior
416 757 655 824 videtur,
678 760 796 830 qui,
823 760 926 816 sub
971 764 1131 819 unius
1160 767 1356 834 speciei
1409 776 1592 838 gustu,
1641 782 1857 824 omnem

265 863 519 917 saporem
543 857 598 903 et
620 864 784 906 omne
812 852 1270 912 delectamentum
1319 857 1426 914 ﬁde
1480 869 1852 930 perceperant.

265 936 380 992 Nec
403 948 582 994 tamen
614 941 745 996 illud
777 953 905 999 tunc
939 945 1086 1000 aliud
1110 959 1494 1013 monstratum,
1540 951 1668 1007 licet
1697 955 1854 1023 quid.-

263 1027 395 1095 quid
429 1029 641 1097 saporis
664 1039 719 1085 et
761 1032 1142 1091 delectamenti
1182 1048 1266 1094 est
1321 1039 1567 1106 interius,
1619 1044 1718 1098 sub
1751 1060 1856 1100 uno

265 1118 567 1191 emicatque
604 1123 788 1180 colore
829 1134 1003 1181 totum
1047 1145 1244 1186 manna
1277 1133 1612 1201 pmstitcrit.
1670 1135 1855 1192 Potior

263 1211 464 1279 quippe
489 1213 660 1268 virtus
684 1229 867 1269 rerum
917 1225 1020 1282 est,
1068 1233 1229 1288 quani
1280 1222 1490 1291 species
1541 1232 1596 1278 et
1643 1224 1853 1282 fucatus

266 1313 294 1341 ο
333 1301 501 1366 color,
555 1304 760 1361 idcirco
812 1307 985 1364 virtus
1034 1325 1227 1382 magna
1257 1313 1850 1384 bconsitleranda-est,

263 1413 428 1468 quam
460 1399 611 1455 color
634 1415 729 1455 seu
769 1417 931 1472 sapor
957 1406 1226 1472 exterius;
1283 1408 1409 1478 quia
1461 1409 1552 1478 qui
1584 1411 1852 1468 universis

265 1501 288 1526 ε
328 1491 578 1545 virtutem
608 1501 819 1548 naturae
842 1493 1007 1560 dedit,
1051 1495 1139 1550 hic
1165 1495 1192 1535 ά
1219 1497 1345 1554 huic
1390 1512 1733 1555 sacramento
1771 1503 1850 1556 di-

262 1581 462 1637 vinitus
491 1583 756 1650 indulsit,
800 1596 854 1639 ut
883 1586 954 1640 sit
987 1601 1116 1641 caro
1163 1599 1219 1643 et
1271 1591 1490 1661 sanguis
1550 1593 1740 1663 ipsius,
1793 1603 1851 1648 ut

257 1673 403 1739 quod
431 1688 560 1728 caro
589 1682 643 1727 et
673 1675 894 1746 sanguis
917 1675 1116 1731 Christi
1143 1677 1398 1733 Ecclesia:
1446 1681 1697 1745 contulit,
1747 1683 1847 1736 hoc

1959 495 2114 566 cujus
2138 512 2267 570 ergo
2295 501 2531 570 potentia
2567 512 2749 556 creata
2779 513 2922 561 sunt
2967 503 3140 575 prius,
3179 504 3302 574 eius
3353 507 3540 579 utique

1959 587 2124 644 verbo
2151 590 2218 645 ad
2248 590 2440 646 melius
2470 602 2806 659 recreantur,
2832 594 2958 662 quia
2989 611 3151 650 nemo
3172 605 3387 671 creator
3433 598 3536 664 ali-

1957 680 2113 752 cujus
2151 681 2164 730 i
2207 682 2305 747 rei,
2343 692 2438 737 aut
2465 685 2885 749 recreator,nisi
2911 701 3049 742 unus
3075 687 3218 743 Deus
3271 690 3541 761 catholico

1955 773 2300 843 praedicatur.
2333 774 2622 845 Propterea
2649 777 2976 849 veniendum.
2996 788 3082 834 est
3105 780 3173 834 ad
3197 780 3360 836 verba
3383 769 3542 838 Chri-

1957 865 2048 930 sti,
2073 872 2128 919 et
2153 865 2482 921 credendum
2506 867 2649 936 quod
2672 867 2726 922 in
2753 868 2994 939 ejusdem
3017 871 3197 927 verbis
3224 872 3325 928 ista
3369 859 3542 930 conii-

1955 954 2192 1010 ciuntur.
2221 955 2451 1027 Reliqua
2474 973 2602 1012 vero
2621 959 2805 1013 omnia
2835 975 2954 1030 quae.
2975 965 3228 1020 sacerdos
3253 964 3404 1032 dicit,
3445 975 3542 1042 aut

1953 1046 2133 1103 clerus
2160 1047 2328 1112 canit,
2363 1048 2386 1090 κ
2422 1047 2555 1104 nihil
2586 1047 2731 1104 aliud
2753 1064 2915 1121 quam
2941 1049 3126 1106 laudes
3153 1061 3208 1106 ct
3241 1055 3539 1124 gratiarum

1953 1137 2195 1192 actiones
2224 1148 2371 1205 sunt,
2408 1149 2500 1194 aut
2524 1150 2672 1196 certe
2693 1141 3101 1198 obsecratibTiEs
3133 1142 3390 1211 fidelium,
3429 1160 3541 1217 po-

1951 1226 2298 1294 stulationes,
2320 1231 2628 1299 petitiones.
2679 1231 2851 1288 Verba
2905 1244 3086 1289 autem
3144 1237 3345 1292 Christi
3397 1239 3541 1295 sicut

1952 1315 2130 1370 divina
2158 1329 2303 1383 sunt,
2337 1319 2410 1372 ita
2439 1318 2698 1385 efﬁcacia,
2747 1318 2764 1359 ι
2807 1331 2868 1375 ιιι
2896 1322 3031 1378 nihil
3076 1323 3222 1378 aliud
3251 1313 3541 1396 proveniat

1951 1423 2113 1478 quam
2148 1411 2290 1480 quod
2307 1411 2521 1481 jubent,
2550 1414 2675 1482 quia
2695 1421 2897 1468 aeterna
2921 1423 3066 1469 sunt.
3092 1415 3312 1482 Caelum,
3338 1419 3535 1488 inquit,

1949 1513 1994 1554 et
2023 1511 2163 1556 terra
2191 1507 2444 1559 transient
2473 1515 2536 1570 ⁸³,
2570 1507 2720 1562 verba
2745 1517 2916 1560 autem
2957 1524 3071 1562 mea
3099 1525 3204 1563 non
3236 1510 3538 1565 transibunt

1951 1591 2167 1663 (Matth.
2193 1611 2342 1660 xxiv,
2369 1596 2483 1665 ⁸55),
2518 1598 2610 1652 sed
2641 1597 2841 1652 facient
2878 1599 3058 1653 omnia
3098 1599 3168 1652 ad
3223 1615 3343 1668 quae
3395 1615 3536 1669 pra:-

1951 1687 2115 1741 niissa
2153 1697 2179 1725 ιι
2202 1696 2348 1753 sunt,
2383 1689 2508 1757 quia
2541 1689 2716 1744 Patris
2741 1691 2954 1744 nonnisi
2994 1705 3156 1744 unum
3193 1700 3249 1744 et
3291 1682 3544 1746 substan-'

257 1771 432 1818 totum
461 1774 863 1820 sacramentum
897 1766 1055 1835 hujus
1085 1769 1328 1839 mysterii
1355 1771 1645 1840 compleat,
1681 1780 1736 1826 et
1777 1774 1844 1826 ad
1875 1763 1918 1821 Β
1947 1776 2116 1830 tivum
2144 1785 2200 1831 et
2223 1779 2682 1833 consubstantiale
2723 1794 2790 1835 ac
2826 1780 3216 1849 sempiternum
3269 1791 3353 1836 est
3400 1781 3532 1836 Ver-

258 1856 721 1922 immortalitatem
750 1874 878 1915 suos
902 1859 1278 1915 immaculatos
1316 1860 1612 1917 clementer
1641 1863 1839 1932 perdu:

257 1956 378 2014 cat;
407 1948 656 2004 carnales
709 1964 925 2021 quoque
947 1959 1002 2004 et
1029 1952 1414 2022 corruptibiles
1465 1953 1532 2007 ad
1579 1953 1841 2024 spiritalia

256 2044 315 2090 et
335 2036 758 2108 incorruptibilia
794 2051 817 2079 ε
851 2039 1116 2110 proﬁcere
1140 2039 1324 2096 iaciat.
1370 2042 1665 2112 Propterea
1712 2058 1842 2112 ergo

256 2126 445 2196 debuit
473 2130 791 2200 spiritaliter
819 2131 1109 2198 celebrari,
1157 2141 1426 2202 quatenus
1455 2149 1553 2204 per
1595 2134 1612 2174 ῐ
1645 2135 1748 2190 hoc
1774 2138 1842 2191 de

255 2217 558 2279 visibilibus
579 2222 648 2276 ad
676 2222 966 2279 invisibilia
992 2223 1250 2290 feramur,
1280 2228 1506 2294 etquod
1547 2226 1726 2282 adhuc
1765 2227 1840 2289 lae

257 2318 357 2374 tet,
399 2313 504 2367 tide
551 2313 841 2370 instantius
873 2317 1235 2384 requiramus.
1287 2315 1539 2386 Nihilque
1591 2317 1841 2380 dubitan-

255 2398 384 2453 dum
410 2401 474 2455 de
503 2402 702 2471 specie,
735 2403 878 2472 dum.
917 2404 1091 2458 virtus
1136 2403 1338 2459 Christi
1395 2405 1622 2460 interius
1666 2415 1837 2460 totum

251 2498 475 2559 praestat
497 2509 563 2564 ex
593 2495 869 2565 mysterio,
891 2495 1152 2567 quidquid
1173 2496 1526 2570 Evangelium
1547 2501 1836 2570 repromit-

252 2583 319 2652 tit
348 2596 416 2637 ex
447 2584 750 2642 Divinitatis
781 2587 1020 2644 oraculo.

823 2736 1051 2794 CAPUT
1089 2738 1184 2794 XV
1210 2741 1255 2794 ⁸.

466 2846 666 2913 Quibus
687 2849 848 2904 verbis
879 2851 977 2905 hoc
999 2853 1300 2921 mysterium
1327 2853 1619 2922 conﬁcitur.

323 2960 374 3016 l.
410 2960 547 3017 Nulli
571 2963 789 3018 dubium
822 2965 966 3032 quod
989 2965 1129 3021 sicut
1158 2967 1376 3036 quando
1406 2968 1458 3022 in
1489 2967 1708 3023 nomine
1731 2969 1835 3024 Pa-

249 3055 372 3118 tris,
402 3063 457 3110 et
487 3053 631 3120 Filii,
658 3064 714 3110 et
750 3055 986 3127 Spiritus
1025 3059 1202 3115 sancti
1249 3060 1408 3116 tertio
1437 3058 1735 3132 mergimur
1775 3060 1828 3115 in

1942 1865 2093 1920 bum.
2128 1865 2282 1921 Unde
2305 1868 2560 1922 sacerdos
2589 1867 2742 1938 prius
2766 1869 2907 1925 inter
2926 1878 3121 1924 caetera
3150 1870 3314 1926 etiam
3363 1873 3529 1942 verba

1941 1956 2396 2026 evangelistarum
2422 1972 2723 2022 assumens,
2750 1958 2828 2013 ait
2854 1977 2867 2013 :
2894 1959 2999 2025 Qui
3022 1960 3190 2030 pridie
3230 1978 3389 2032 quam
3413 1979 3529 2034 _pa_-

1941 2057 2135 2101 teretur
2158 2049 2353 2119 accepit
2373 2064 2561 2118 panem
2582 2050 2637 2104 in
2663 2059 2872 2105 sanctas
2894 2067 2956 2104 ac
2978 2051 3294 2106 venerabiles
3335 2054 3526 2121 manus

1938 2154 2064 2192 suas
2089 2145 2136 2204 ο,
2161 2139 2372 2194 elevatis
2413 2140 2576 2195 oculis
2598 2142 2652 2194 in
2674 2141 2858 2196 caelum
2907 2143 2977 2197 ad
3018 2155 3066 2198 te
3117 2129 3527 2209 Patronusuum

1939 2230 2356 2298 omnipotentem,
2386 2232 2585 2300 gratias
2612 2233 2705 2285 tibi
2743 2249 2901 2303 agens
2945 2233 3228 2300 benedixit,
3275 2235 3430 2306 fregit
3473 2247 3526 2296 et

1938 2317 2079 2373 dedit
2125 2320 2394 2390 discipulis
2433 2323 2564 2375 suis.
2618 2322 2756 2378 Ecce
2803 2339 2972 2393 usque
3019 2323 3086 2379 ad
3131 2325 3293 2380 istum
3343 2325 3523 2390 locum

1939 2409 2102 2464 verba
2131 2419 2258 2465 sunt
2309 2412 2793 2482 evangelistaruin;
2845 2429 3006 2483 porro
3051 2415 3306 2485 deinceps
3355 2417 3554 2494 verba.

1938 2511 2062 2556 sunt
2088 2502 2204 2566 Dei,
2228 2511 2493 2572 potestate
2514 2513 2571 2558 et
2589 2505 2737 2558 omni
2769 2503 3052 2560 eﬂicientia
3079 2506 3236 2576 plena
3259 2525 3271 2560 :
3292 2508 3522 2576 Accipite
3547 2497 3551 2500 ’

1935 2604 1984 2648 et
2010 2595 2321 2649 manducate
2340 2612 2405 2650 ea:
2429 2598 2526 2651 hoc
2547 2613 2746 2662 omnes,
2773 2599 2868 2652 hoc
2881 2609 2956 2654 est
2967 2617 3103 2654 enim
3119 2616 3310 2671 corpus
3321 2617 3515 2656 meum.

1939 2683 2043 2739 Sed
2083 2700 2150 2739 ne
2175 2685 2314 2741 forte
2348 2695 2567 2756 putares
2589 2689 2732 2758 quod
2758 2689 2824 2744 de
2856 2688 2946 2744 illo
2973 2706 3082 2744 uno
3110 2699 3317 2746 tantum
3371 2677 3518 2761 pane

1937 2787 1991 2830 et
2021 2777 2073 2830 iu
2099 2777 2187 2831 illa
2219 2794 2323 2832 una
2384 2779 2516 2836 hora
2558 2781 2662 2836 hoc
2697 2796 2821 2836 eum
2877 2795 2997 2836 esse
3029 2783 3254 2852 jusserit
3298 2792 3546 2856 secutus.

1938 2864 2290 2936 eadjungens
2335 2867 2411 2922 ait
2459 2885 2475 2924 :
2539 2868 2653 2924 Iloc
2698 2869 2855 2939 facite
2899 2872 2953 2925 in
2998 2887 3167 2925 meam
3207 2889 3518 2936 commemog

1938 2959 2190 3012 rationem
2215 2957 2364 3028 (Luc.
2399 2975 2534 3026 χιιι,
2561 2960 2632 3015 9.0
2660 2971 2708 3014 et
2737 2960 2923 3032 seqq.).
2949 2972 2976 3011 τι
3013 2962 3164 3018 Unde
3211 2962 3542 3042 fatendum,

1935 3053 2079 3119 quod
2109 3050 2369 3120 quidquid
2410 3059 2535 3107 tunc
2561 3051 2691 3107 illud
2718 3052 2820 3108 fuit
2853 3055 2995 3124 quod
3045 3055 3287 3125 Apostoli
3332 3058 3400 3112 ab
3451 3073 3519 3112 eo

251 3145 422 3210 fonte,
451 3157 578 3203 tunc
605 3150 788 3216 utique
824 3150 1180 3219 baptizamur,
1213 3167 1317 3206 nou
1344 3151 1398 3206 in
1444 3129 1642 3208 virtute
1685 3154 1828 3210 illius

1939 3149 2302 3213 percepeumt,
2328 3142 2432 3199 hoc
2465 3151 2633 3200 totum
2656 3151 2760 3207 est.
2793 3144 2918 3214 quia
2947 3145 3174 3215 idipsum
3225 3156 3338 3212 est;
3395 3149 3518 3204 etsi

249 3249 304 3294 et
328 3247 596 3307 potestate
621 3240 713 3308 qui
745 3240 858 3295 haec
886 3241 1040 3305 dicit,
1061 3243 1155 3296 sed
1183 3243 1236 3296 in
1256 3243 1455 3298 virtute
1483 3243 1706 3311 Cliristi,
1737 3247 1830 3315 qui

249 3333 352 3387 hoc
377 3333 650 3402 praecepit,
681 3333 865 3387 dicens
889 3350 903 3386 :
927 3331 1028 3396 Ite,
1067 3334 1244 3388 docete
1270 3351 1446 3389 omnes
1499 3348 1694 3406 gentes,
1739 3337 1832 3392 ba-

248 3425 503 3493 ptisantes
523 3440 609 3478 eos
631 3425 686 3477 in
713 3424 920 3478 nomine
966 3421 1170 3489 Patris,
1209 3436 1258 3479 et
1299 3423 1452 3492 Filii,
1499 3437 1550 3481 et
1601 3426 1830 3498 Spiritus

247 3521 418 3573 sancti
442 3518 636 3590 (Mam.
662 3519 793 3589 XVI).
841 3517 934 3573 Sic
958 3519 1143 3590 utique
1179 3528 1236 3575 et
1277 3521 1380 3575 hoc
1432 3533 1858 3586 sacramentum.

249 3623 356 3663 non
388 3609 615 3673 meritis,
647 3625 752 3662 non
786 3610 965 3664 verbis
987 3610 1259 3675 humanis,
1291 3612 1385 3666 sed
1428 3612 1611 3680 procul
1667 3614 1830 3668 dubio

248 3700 446 3755 divinis
498 3698 727 3754 eliicitur
771 3710 825 3754 et
875 3710 1225 3755 consecratur
1261 3704 1550 3758 mandatis.
1603 3705 1830 3760 Creatur

245 3793 392 3846 enim
421 3791 616 3846 ibidem
639 3807 707 3846 ex
729 3791 928 3861 aliquo,
959 3808 1064 3847 non
1093 3792 1504 3862 qualiscunque,
1547 3796 1639 3850 sed
1689 3812 1826 3851 nova

246 3890 440 3944 salutis
460 3898 728 3953 creatura,
763 3903 892 3944 caro
941 3897 994 3943 et
1044 3890 1264 3960 sanguis
1312 3889 1535 3953 Christi,
1569 3891 1736 3950 veluti
1771 3892 1824 3947 in

249 3982 519 4052 baptismo
569 3981 811 4037 homines
842 3983 866 4020 ιι
905 3997 1041 4035 nova
1087 3973 1391 4036 ciliciuntur
1445 3993 1690 4038 creatura
1717 4025 1733 4049 ,
1772 3994 1828 4039 et

247 4087 448 4142 corpus
477 4071 700 4127 Christi.
731 4072 958 4142 (Ambr.)
988 4072 1190 4127 Idcirco
1213 4088 1316 4127 non
1339 4074 1720 4130 aestimandum
1744 4086 1828 4131 est

249 4162 393 4231 quod
417 4161 638 4216 alterius
663 4162 859 4223 verbis,
883 4162 1025 4230 quod
1074 4162 1233 4216 ullius
1265 4163 1280 4203 ί
1318 4162 1544 4218 alterius
1592 4165 1823 4231 meritis,
1864 4211 1866 4214 ,

246 4250 392 4307 auod
418 4260 684 4323 potestate
708 4251 935 4321 alicujus
965 4251 1064 4306 ista
1095 4253 1242 4316 ﬂant,
1291 4255 1384 4308 sed
1418 4254 1581 4310 verbo
1608 4254 1826 4312 Creato-

320 4439 347 4468 ο
377 4427 592 4496 Septem
617 4442 774 4493 mss.,
800 4417 1034 4497 fu‘scattts
1060 4427 1222 4482 color.

322 4497 355 4562 δ,
374 4498 536 4568 Editi,
557 4498 722 4552 virtus
748 4497 913 4568 magis
941 4499 1340 4568 consideranda.
1382 4556 1386 4560 ,

321 4573 352 4606 ε’
375 4567 574 4631 Vatic.,
596 4565 852 4624 universis
868 4569 1039 4622 rebus.
1072 4565 1245 4635 Flor.,
1289 4569 1538 4626 universe
1581 4571 1822 4626 virtutem

243 4647 452 4692 natura:
480 4637 641 4692 dedit.

311 4706 342 4747 ά
383 4706 484 4760 Ms.
511 4707 632 4776 Mai.
666 4722 835 4771 mon.,
861 4707 958 4761 hoc
979 4706 1119 4762 huic.

317 4788 343 4816 ο
379 4777 543 4858 Editi,
564 4775 795 4858 per/icit;
820 4776 965 4858 Flor_.
987 4788 1044 4858 et
1062 4793 1163 4833 ms.
1188 4775 1246 4836 ὃ.
1264 4778 1529 4846 Audoeni,
1551 4780 1824 4851 perﬁciat;

240 4862 375 4902 mss.
403 4856 548 4910 octo,
575 4847 819 4970 pehircere
843 4847 1024 4917 faciat.
1227 4895 1246 4904 ,
1552 4847 1561 4851 ⁷

319 4916 340 4956 ι
357 4913 440 4988 _lu
470 4915 604 4988 cod:
674 4917 745 4988 aj.
771 4931 917 4988 mon.
946 4927 1272 4988 expunctum
1292 4929 1388 4988 est
1414 4936 1505 4988 per
1525 4919 1641 4973 hoc.

317 4985 421 5056 'lur
440 4987 558 5040 cod.
582 4985 750 5041 Laub.
770 4985 1058 5056 hicincipit
1078 5003 1198 5056 cap.
1220 4987 1354 5042 LXII
1375 4985 1496 5044 cum
1519 4990 1620 5043 hoc
1646 4987 1820 5043 titulo:

239 5055 370 5110 Non
389 5055 734 5110 dubitandum
753 5056 817 5110 de
843 5055 1010 5124 specie
1046 5055 1171 5111 dum
1211 5060 1386 5114 virtus
1421 5058 1614 5113 Christi
1657 5069 1823 5113 totum

238 5127 460 5179 interius
482 5136 717 5194 prtestat.
745 5124 899 5194 Apud
921 5125 1081 5194 Mam.
1107 5127 1267 5183 Ulim.
1286 5139 1348 5194 _et
1379 5129 1430 5183 in
1463 5127 1666 5186 recenti
1697 5129 1816 5184 cod.

239 5195 298 5250 S.
319 5192 517 5270 Germ.
542 5213 565 5270 :_
591 5195 742 5270 Quod
764 5192 860 5270 hoc
881 5192 1182 5264 mysterium
1209 5192 1403 5270 nullius
1425 5197 1622 5253 meritis
1645 5215 1822 5252 conse-

235 5277 438 5330 cratur,
465 5265 566 5318 nisi
591 5263 732 5319 illius
759 5264 910 5334 cujus
934 5263 1061 5318 nutu
1083 5264 1403 5337 regunturet
1425 5279 1567 5322 sunt.

252 5403 276 5406 Α
309 5337 334 5376 δ
380 5334 489 5390 Sex
531 5350 700 5400 mss.,
741 5335 976 5389 homines
1012 5335 1303 5406 eﬁiciuntur
1330 5339 1466 5405 novi
1521 5348 1569 5392 et

423 5350 489 5409 ξι
531 5350 700 5400 ωεεη
741 5350 976 5389 nomines
1012 5350 1303 5406 επιειιιηιιιν
1330 5355 1465 5405 ,ηουι
1521 5350 1569 5392 ει
1633 5354 1821 5409 corpus

235 5403 456 5460 Christi.
1039 5403 1063 5406 ”
1330 5403 1332 5405 ’
1723 5403 1733 5409 ⁷
1817 5455 1821 5458 .

313 5477 329 5516 ί
378 5475 453 5549 Ita
478 5476 598 5549 cod.
629 5473 800 5530 Laub.
827 5493 840 5529 :
871 5473 1062 5546 reliqui
1085 5478 1444 5534 communiter
1463 5471 1594 5534 mss.
1619 5492 1820 5549 expun-

234 5553 371 5616 gunt
393 5544 636 5616 alterius.

312 5615 326 5663 i
377 5615 575 5684 Quiuq.
609 5629 762 5677 inss.,
792 5625 997 5669 creator
1019 5625 1179 5671 tanta:
1202 5619 1293 5672 rei.

306 5686 332 5724 ιι
375 5683 568 5748 Laub.,
597 5684 726 5738 nihil
761 5685 908 5739 aliud
949 5696 1253 5758 suntquam
1295 5683 1476 5744 Iaudes
1523 5691 1813 5762 gratiarum

555 5776 827 5838 Ρηιιοι..
873 5773 1074 5839 CXX.

1849 4475 1901 4536 D

1929 3235 2061 3291 velis
2087 3236 2273 3292 audire
2301 3236 2429 3308 quid
2456 3246 2555 3302 est,
2595 3236 2710 3291 Hoc
2746 3247 2843 3304 est,
2867 3237 3062 3307 inquit,
3105 3253 3292 3310 corpus
3322 3255 3538 3308 meum,~

1928 3327 2067 3397 quod
2125 3344 2220 3398 pro
2275 3329 2414 3382 vobis
2473 3328 2710 3382 tradetur
2761 3339 2804 3381 ι’.
2872 3327 3076 3391 Crede,
3139 3344 3172 3382 0
3223 3328 3336 3393 ﬁli,
3389 3330 3518 3399 quia

1931 3421 2006 3475 ita
2043 3430 2148 3484 est,
2173 3422 2424 3490 quoniam
2452 3421 2565 3491 ipse
2595 3421 2748 3484 dixit,
2799 3429 2854 3475 et
2881 3419 3083 3476 factum
3115 3421 3366 3477 dubitare
3403 3439 3514 3478 nou

1931 3523 2129 3583 potes;
2174 3514 2289 3584 ipse
2323 3514 2599 3568 mandavit
2636 3523 2692 3568 et
2734 3524 2976 3569 creatum
3022 3524 3126 3574 cst.
3177 3515 3513 3585 Praeceptum

1931 3623 2061 3678 ergo
2089 3607 2267 3676 posuit
2295 3618 2315 3645 ι
2342 3647 2356 3669 ,
2383 3605 2450 3659 In
2493 3622 2664 3660 meam
2707 3607 3250 3660 commemorationem
3291 3607 3388 3661 hoc
3431 3607 3514 3676 fa.

1929 3700 2058 3762 cite;
2091 3707 2146 3751 et
2180 3679 2300 3752 ideo
2319 3697 2742 3767 quotiescunque
2764 3695 2825 3750 ﬁt
2841 3697 3129 3760 catholice,
3155 3713 3281 3752 vere
3307 3699 3410 3755 hoc
3451 3698 3513 3754 ﬁt

1929 3791 2071 3860 quod
2094 3791 2296 3844 dictum
2322 3798 2406 3844 est
2437 3807 2450 3843 :
2479 3788 2592 3843 Hoc
2618 3799 2691 3843 est
2712 3805 2898 3860 corpus
2923 3806 3116 3844 meum.

1997 3882 2053 3936 2.
2095 3881 2269 3937 Simili
2312 3881 2467 3935 modo
2514 3890 2852 3952 posteaquam
2905 3891 3162 3935 eleuatum
3197 3890 3270 3935 est
3300 3895 3318 3933 :
3344 3879 3511 3938 refert

1930 3975 2186 4031 sacerdos
2205 3975 2370 4029 verba
2389 3973 2736 4044 evangelista:
2764 3991 2777 4026 :
2806 3973 3078 4040 Accipiens
3120 3975 3258 4027 hunc
3281 3974 3506 4044 prazcla-

1929 4081 2047 4119 rum
2070 4065 2304 4119 calicem.
2329 4064 2397 4119 Et
2417 4064 2710 4120 notandum
2740 4063 2881 4132 quod
2929 4063 3073 4117 hunc
3123 4078 3281 4132 quem
3329 4063 3510 4119 olleri-

1929 4172 2068 4221 mus,
2093 4166 2146 4211 ct
2169 4171 2275 4210 non
2305 4154 2490 4220 alium,
2519 4155 2574 4208 in
2596 4163 2806 4208 sanctas
2855 4170 2918 4207 ac
2955 4151 3276 4208 uenerabiles
3316 4170 3504 4207 manus

1928 4265 2051 4302 suas
2085 4251 2100 4283 ί
2152 4245 2266 4320 [ab
2307 4261 2372 4301 eo
2415 4246 2558 4316 quod
2619 4245 2860 4300 continet
2911 4243 2963 4299 id
3006 4243 3150 4314 quod
3198 4245 3508 4302 continetur

1929 4423 2158 4492 actiones
2181 4422 2417 4492 fidelium
2432 4422 2836 4478 obsecrationes.

2003 4491 2021 4532 ι
2061 4491 2192 4573 Cod.
2216 4491 2338 4561 Mai.
2369 4507 2539 4557 mon.,
2565 4491 2950 4573 ila-efﬁcientia:

1997 4575 2036 4602 In
2075 4564 2150 4618 Ita
2181 4560 2311 4619 mss.
2336 4577 2545 4618 omnes.
2573 4560 2734 4626 Editi,
2762 4560 3077 4615 transibunt.

1999 4643 2026 4670 ιι
2065 4633 2228 4696 Editi,
2258 4647 2379 4687 cum
2402 4631 2572 4696 Fler.,
2605 4631 2674 4684 ad
2700 4646 2816 4701 qua:
2843 4631 3002 4701 missa
3030 4639 3171 4687 sunt.

1999 4710 2026 4738 ο
2064 4702 2230 4768 Editi,
2253 4718 2375 4757 cum
2411 4701 2618 4772 aliquot
2647 4700 2801 4767 mas“
2850 4711 2897 4755 et
2945 4700 3193 4768 elevatis;
3241 4711 3297 4757 at
3325 4703 3507 4773 plures

1927 4790 2057 4830 mss.
2064 4782 2401 4855 ξξρμηευηβ
2424 4781 2497 4826 ετ·
2555 4841 2590 4855 ,,
2708 4841 2740 4855 ,Α
2807 4850 2817 4855 _
2881 4843 2893 4855 .

2000 4857 2027 4896 p
2064 4843 2225 4906 Editi,
2247 4842 2475 4907 secutus,
2497 4842 2740 4912 adjunxit
2771 4850 2819 4896 et
2840 4843 2935 4897 ait.
3497 4842 3504 4852 ’

2000 4927 2025 4966 ιι
2200 4913 2251 4997 ιλιι
2279 4912 2398 4997 οοιξ.
2429 4912 2816 4997 Lau‘bzincipit
2844 4927 2966 4997 cap.
2996 4911 3504 4997 ιλΧΙΙΙηεάέςηᾴιιηι

1925 4988 2064 5054 quod
2089 4981 2383 5054 illudquod
2404 4982 2624 5052 apostoli
2655 4981 2982 5054 acceperunt,
3014 4985 3226 5053 quando
3267 4983 3504 5040 Christus

1924 5052 1998 5110 eis
2021 5053 2153 5110 dixit
2176 5069 2195 5106 :
2220 5052 2446 5138 Hoclest
2474 5067 2670 5138 corpus
2695 5068 2896 5118 meum,
2924 5052 3061 5109 idem
3081 5072 3198 5122 nos,
3231 5072 3333 5111 non
3354 5055 3502 5120 aliud

1923 5129 2228 5204 accipimus,
2251 5124 2300 5204 _si
2317 5123 2470 5245 dl‘i‘gne
2487 5124 2793 5206 accipimus.

1998 5207 2018 5234 τ
2059 5197 2114 5251 ln
2135 5192 2295 5247 editis
2387 5194 2488 5247 lor.
2546 5201 2601 5248 et
2647 5211 2702 5248 ιιι
2749 5208 2852 5248 ms.
2891 5191 2947 5246 S.
2989 5193 3173 5249 Germ.
3235 5197 3504 5252 adduntur

1921 5265 2108 5348 istbmc
2141 5285 2153 5320 :
2189 5261 2256 5348 [ι
2282 5262 2378 5348 hoc
2404 5279 2524 5348 ergo
2545 5263 2693 5348 verbo
2710 5273 2918 5348 creat-ur
2935 5263 3084 5348 illud
3119 5281 3330 5336 corpus,
3357 5268 3501 5348 ⁸(μήτε

1927 5338 2162 5391 divinum
2194 5331 2415 5404 Verbum
2437 5331 2531 5389 est.
2554 5344 2601 5386 et
2632 5334 3001 5404 omnipotentia
3029 5331 3258 5404 plenum,
3314 5331 3500 5404 ubique

1927 5354 2162 5391 αιυιηωη
2198 5354 2415 5387 vernum
2437 5354 2531 5389 eu.
2554 5354 2600 5386 ει
2632 5354 3001 5401 οιηηψοιεηιια
3029 5354 3258 5404 plenum,
3314 5354 3400 5390 αυτ
3437 5355 3499 5391 νϐ

1925 5423 2172 5475 pra'sens,
2197 5403 2383 5472 ubique
2405 5405 2580 5457 omnia
2606 5402 2886 5475 complens.
2919 5403 2985 5455 Et
3017 5406 3156 5475 quod
3190 5406 3351 5462 dicit:
3385 5354 3499 5461 doc

1925 5471 2006 5532 est
2039 5491 2235 5545 corpus
2259 5471 2458 5535 meum,
2485 5473 2624 5542 quod
2638 5487 2737 5543 pro
2751 5471 2902 5528 vobis
2919 5471 3180 5543 tradetur,
3198 5476 3510 5539 crede.etc.'

1998 5559 2018 5584 ι
2060 5546 2202 5602 Editi
2230 5545 2434 5599 addunt
2449 5544 2648 5598 dicens.

1998 5559 2018 5584 ³
2060 5557 2202 5600 ιιιιηι
2230 5557 2434 5599 addunt
2449 5557 2648 5598 dicens.

1999 5617 2018 5654 ί
2061 5616 2268 5671 inclusa
2297 5614 2605 5683 parenthesi
2630 5615 2822 5669 desunt
2853 5612 2904 5666 in
2930 5614 3116 5670 Editis-
3144 5615 3287 5672 Flor.
3333 5624 3390 5672 et
3441 5616 3496 5672 in

1923 5702 2024 5742 ms.
2067 5685 2125 5741 S.
2157 5683 2340 5743 Germ.
2819 5749 2842 5766 ο
2909 5751 2912 5754 ,

2906 5777 2984 5841 52
