4148 6344
575 251 783 335 ἰω

1475 270 1533 327 Β.
1570 268 1925 328 PASCHASII
1963 265 2306 324 RADBERTI
2345 263 2635 322 ABBA'I‘IS
2672 263 3119 323 GOBBEIENSIS

3760 264 3902 324 πυ

635 388 926 446 ostendens
949 427 965 450 ,
1008 383 1138 440 dicit
1185 396 1310 438 eum
1348 378 1665 452 accepisse],
1714 381 1838 435 item
1882 379 1975 434 tibi
2011 377 2210 448 gratias
2236 383 2286 444 Α
2313 376 2452 431 sicut
2480 385 2609 431 tunc
2632 375 2652 415 ι
2691 376 2746 430 in
2775 376 3150 433 remissionem
3181 375 3334 432 fusus
3353 385 3435 431 est
3459 388 3809 444 peccatorum
3847 387 3906 436 et

636 494 798 550 agens
821 475 1102 540 benedtbit,
1127 480 1178 528 et
1197 472 1341 527 dedit
1365 471 1633 542 discipulis
1667 471 1800 536 suis,
1828 470 2006 524 dicens
2026 479 2072 521 ι.
2100 468 2209 521 Διι-

641 573 796 628 disne
820 570 1037 639 ubique,
1069 565 1212 636 quod
1241 565 1356 636 ipse
1376 564 1580 635 gratias
1631 563 1818 634 egerit,
1869 561 2012 632 quod
2050 561 2214 615 bene-

641 661 876 720 dixerit?
906 655 1260 716 et-ideollcet
1284 669 1382 710 nos
1417 654 1620 724 gratias
1660 667 1883 724 agamus
1939 651 2070 716 Deo,
2123 649 2212 707 ille

635 759 722 808 est
744 750 834 821 qui
871 763 968 821 pro
1002 746 1160 802 nobis
1184 744 1387 816 gratias
1416 743 1526 814 agit
1549 755 1648 813 per
1671 756 1750 806 se,
1783 749 1838 795 et
1887 755 1988 796 nos
2029 749 2208 795 tamen

633 858 734 914 per
757 841 937 904 illum;
983 847 1038 892 et
1072 837 1196 907 quia
1227 850 1325 906 per
1360 833 1532 899 illum,
1573 832 1692 901 ejus
1733 832 2030 904 gratiarum
2067 831 2212 886 actio

614 931 755 1001 jure
780 931 996 986 dicitur.
1045 926 1138 983 Sic
1184 927 1388 995 itaque,
1420 924 1549 978 licet
1595 923 1849 978 sacerdos
1905 920 2210 986 benedicat,

637 1023 754 1095 ipse
772 1030 856 1078 est
879 1021 969 1091 qui
999 1017 1269 1074 benedicit
1291 1024 1348 1071 et
1385 1014 1619 1084 frangit;
1662 1013 1900 1082 alioquin
1947 1012 2054 1068 nisi
2094 1012 2213 1081 ejus

636 1122 782 1170 esset
803 1108 1129 1171 benedictio,
1150 1106 1296 1161 nulla
1324 1105 1354 1145 ιι
1377 1104 1640 1159 sanctitas
1663 1103 1718 1157 in
1741 1117 1808 1157 eo
1827 1109 1976 1157 esset
2006 1118 2020 1154 :
2071 1100 2214 1154 unde

636 1205 693 1260 in
719 1201 960 1260 Levitico
990 1199 1059 1254 ad
1098 1199 1279 1252 Aaron
1323 1205 1380 1252 et
1416 1196 1484 1249 ad
1528 1193 1668 1248 lilios
1705 1190 1822 1261 ejus
1853 1210 1867 1246 :
1897 1189 2212 1246 Inuocabitis

635 1315 758 1370 ergo
785 1313 968 1352 nomen
995 1309 1166 1348 meum
1193 1306 1349 1361 super
1387 1288 1524 1358 ﬁlios
1562 1286 1754 1351 Israel,
1803 1295 1850 1340 et
1872 1300 1964 1355 ego
2006 1283 2216 1337 benedi-

636 1407 752 1446 cam
773 1405 858 1444 eos
882 1385 1069 1458 (Num.
1100 1399 1175 1448 vr,
1196 1383 1310 1452 27).
1340 1391 1363 1420 θ
1394 1379 1661 1435 Sacerdos
1683 1392 1812 1447 ergo
1834 1376 2076 1439 invocat,
2117 1372 2212 1428 sed

633 1484 750 1554 ipse
788 1478 1058 1536 benedicit
1111 1485 1166 1532 et
1210 1473 1441 1542 frangit;
1488 1471 1613 1540 quia
1660 1469 1763 1524 nisi
1803 1467 1893 1523 ille
1937 1466 2214 1537 frangeret

628 1573 778 1629 hunc
802 1585 1016 1642 panem,
1043 1566 1253 1640 parvuli
1274 1579 1462 1620 omnes
1479 1561 1649 1633 jejuni
1681 1567 2039 1615 remanerent.
2074 1556 2210 1612 Hinc

2321 467 2575 545 traditus,
2624 468 2696 522 ita
2751 468 2926 524 adhuc
2956 470 2983 510 ⁸
3011 467 3174 526 hodie
3225 467 3280 524 in
3329 466 3706 526 remissionem
3753 485 3907 527 com-

2317 557 2495 614 editur
2521 567 2576 614 et
2597 566 2816 630 potatur
2850 557 3169 615 delictorum
3200 577 3214 613 :
3248 569 3307 614 ut
3334 559 3461 630 quia
3508 557 3568 616 in
3593 559 3758 616 terris
3786 561 3908 616 sino

2312 650 2640 722 quotidianis
2663 650 2976 722 levibusque
2999 649 3214 706 delictis
3245 651 3427 706 vivere
3452 665 3559 706 non
3580 665 3900 722 possumus.

2312 750 2373 796 ut
2396 737 2651 812 praemisi,
2676 741 2766 796 tali
2791 756 2913 797 esca
2941 749 2997 798 et
3029 751 3156 813 potu
3182 739 3391 806 refecti,
3430 741 3548 797 sine
3600 741 3814 796 macula
3846 751 3903 796 et

2311 845 2442 901 ruga
2481 830 2840 895 inveniamur,
2870 839 2927 886 et
2949 845 3056 884 non
3084 829 3256 885 solum
3284 830 3410 895 hoc,
3433 831 3527 886 sed
3553 831 3720 885 etiam
3747 831 3900 885 omni

2311 921 2686 978 benedictione
2709 921 2939 986 ccclesti,
2962 937 3084 991 quae
3126 922 3180 975 in
3208 920 3315 976 illis
3342 929 3449 985 est,
3481 921 3817 992 repleamur,
3839 935 3904 976 ac

2310 1025 2409 1082 per
2431 1011 2534 1066 hoc
2559 1027 2725 1066 unum
2765 1025 2963 1082 corpus
2993 1027 3117 1066 cum
3160 1010 3253 1065 illo
3276 1019 3331 1065 et
3356 1011 3408 1065 in
3436 1010 3527 1066 illo
3561 1025 3904 1075 maneamus,

2311 1097 2403 1152 ubi
2430 1096 2682 1154 Christus
2723 1109 2884 1169 caput
2920 1108 2977 1155 et
3003 1114 3104 1154 nos
3145 1111 3338 1154 omnes
3383 1098 3624 1153 membra
3670 1114 3903 1154 censea—

2311 1203 2453 1244 mur.

2873 1279 3100 1336 CAPUT
3138 1278 3257 1335 XVI
3275 1279 3328 1334 δ.

2312 1387 2501 1444 Utrum
2538 1389 2638 1444 hoc
2684 1405 2872 1460 corpus
2915 1400 3032 1460 post
3059 1389 3526 1472 consecrationem
3575 1393 3729 1461 panis
3775 1397 3909 1461 jure

2913 1470 3068 1530 queat
3096 1470 3295 1513 uocari.

2381 1571 2434 1626 Ι.
2473 1568 2628 1639 Quod
2654 1570 2813 1643 panis
2853 1571 3017 1627 etiam
3069 1571 3316 1642 quamvis
3349 1587 3476 1627 vera
3503 1585 3634 1627 caro
3671 1573 3765 1637 sit,
3798 1572 3910 1627 hoc

625 1677 846 1735 quoque
866 1660 1125 1732 propheta
1171 1655 1468 1725 suspirans,
1525 1651 1648 1722 quia
1690 1651 1918 1705 necdum
1961 1647 2208 1703 Christus

2313 1661 2627 1732 mysterium
2674 1662 2844 1732 possit
2881 1661 3146 1715 nominari
3195 1660 3387 1730 probat
3441 1660 3756 1730 Apostolus,
3811 1661 3907 1715 ubi

631 1727 882 1818 venerat,
905 1727 1085 1806 aiebat
1104 1749 1158 1803 in
1184 1741 1685 1802 Lamentationibus
1705 1739 1852 1795 suis:
1880 1735 2098 1791 Parvuli
2116 1751 2209 1806 pe-

2313 1727 2445 1806 dicit
2477 1768 2490 1805 :
2521 1727 2714 1806 Probet
2745 1767 2799 1805 se
2842 1751 2996 1804 homo
3021 1761 3068 1804 et
3091 1750 3168 1803 sic
3189 1727 3254 1804 de
3282 1767 3415 1820 pane
3453 1727 3546 1804 illo
3569 1751 3715 1814 edat,
3761 1760 3814 1805 et
3836 1750 3907 1805 de

621 1849 824 1904 tierunt
844 1860 1050 1916 panem,
1073 1858 1164 1896 nec
1184 1848 1295 1895 erat
1317 1840 1404 1910 qui
1425 1837 1683 1907 frangeret
1702 1835 1776 1888 eis
1798 1830 2012 1904 (Thren.
2036 1844 2110 1895 tv,
2125 1827 2206 1898 4).

630 1938 699 1994 Et
722 1937 845 1992 ideo
864 1934 952 1989 hie
999 1932 1146 1988 solus
1183 1936 1268 1984 est
1299 1928 1392 1998 qui
1450 1925 1649 1997 frangit
1703 1923 1845 1977 hunc
1892 1934 2110 1991 panem,
2154 1925 2211 1973 et

625 2039 733 2097 per
759 2035 954 2079 manus
976 2020 1352 2075 ministrorum
1377 2014 1658 2070 distribuit
1681 2011 1709 2052 ἀ
1736 2010 2100 2074 credentibus,
2125 2009 2210 2064 di-

629 2127 763 2170 cens
795 2129 810 2167 :
840 2111 1070 2182 Accipite
1090 2118 1138 2164 et
1162 2108 1317 2162 bibite
1333 2121 1399 2161 ea:
1420 2106 1518 2158 hoc
1565 2118 1762 2166 omnes,
1809 2109 1919 2154 tam
1975 2097 2211 2154 ministri

631 2217 797 2275 quam
821 2208 878 2259 et
906 2199 1096 2272 reliqui
1115 2198 1410 2255 credentes
1436 2209 1458 2251 :
1481 2193 1584 2248 Hic
1627 2202 1703 2248 est
1741 2190 1895 2247 :cah'a:
1940 2189 2212 2260 sanguinis

627 2297 750 2364 mei,
777 2296 896 2352 nasi
913 2304 963 2351 et
981 2294 1162 2350 cterni
1207 2289 1518 2347 testamenti.
1549 2285 1620 2342 -ln
1647 2285 1751 2342 hoc
1799 2285 1996 2355 quippe
2042 2281 2213 2338 verbo

627 2389 854 2461 sanguis
875 2385 1124 2449 edicitur,
1156 2383 1300 2456 quod
1329 2390 1456 2437 ante
1481 2380 1664 2434 vinum
1711 2385 1768 2433 et
1812 2391 1951 2446 aqua
1998 2374 2208 2430 fuerat.

626 2479 872 2537 Eﬂicitur
908 2491 1039 2547 ergo
1061 2475 1308 2546 sanguis,
1343 2471 1438 2528 sed
1470 2470 1559 2526 ille
1605 2469 1795 2538 utique
1845 2482 2003 2538 quem
2047 2464 2208 2520 disci—

627 2569 771 2641 pulis
806 2567 1053 2632 tradidit;
1085 2564 1307 2636 sanguis
1337 2563 1498 2634 plane
1521 2559 1656 2616 Novi
1699 2568 1754 2614 et
1799 2557 1988 2614 interni
2024 2553 2213 2612 Testa-

627 2659 818 2725 menti,
859 2658 1004 2728 quod
1057 2663 1439 2711 testamentum
1495 2666 1772 2722 nunquam
1808 2646 2208 2712 immutabitur,

626 2751 755 2821 quia
791 2758 1054 2806 aternunt
1100 2756 1214 2813 est;
1265 2759 1540 2816 nunquam
1587 2748 1909 2806 veterascet,
1935 2751 2210 2808 nunquam

628 2842 845 2897 irritum
866 2840 971 2894 enit
1001 2855 1016 2892 :
1043 2846 1101 2893 et
1144 2838 1252 2892 hoc
1307 2845 1392 2891 est
1435 2841 1827 2890 testamentum
1882 2826 2212 2886 hereditatis

627 2938 848 2992 nostrae,
895 2942 996 2996 per
1013 2926 1158 2996 quod
1183 2924 1337 2980 nobis
1363 2923 1545 2978 divina
1569 2930 1626 2976 et
1643 2920 1883 2976 caelestia
1905 2919 2206 2974 traduntur.

696 3017 751 3072 3.
779 3016 892 3073 Hoc
915 3017 1081 3087 igitur
1105 3023 1193 3070 est
1214 3013 1532 3086 mysterium
1555 3010 1699 3066 fidei.
1747 3010 1824 3067 De
1846 3007 2014 3083 hujus
2056 3022 2211 3066 nam.

626 3125 734 3180 que
755 3085 1030 3181 sanguinis
1055 3107 1221 3178 ligura
1251 3105 1480 3180 populus
1507 3105 1874 3189 Sanctiﬁcatus
1896 3113 1980 3161 est
2007 3102 2214 3160 Veteris
2238 3085 2285 3150 ο

629 3201 989 3260 Testament't.
1017 3199 1125 3261 Sed
1154 3201 1208 3258 in
1231 3204 1320 3258 illo
1346 3202 1609 3273 sanguine
1629 3201 1818 3256 umbra
1845 3205 1982 3261 erat,
2007 3196 2095 3252 hic
2117 3211 2214 3250 au-

629 3310 738 3355 tem
763 3297 1003 3353 veritas:
1032 3297 1136 3364 Qui
1153 3313 1246 3367 pro
1266 3297 1429 3362 vobis,
1454 3294 1647 3365 inquit,
1683 3292 2002 3363 e/fundetur,
2035 3298 2081 3344 et
2116 3304 2211 3359 pro

626 3387 807 3446 multis
829 3389 886 3442 in
906 3388 1264 3442 remissionem
1307 3393 1662 3456 peccatorum.
1725 3381 1860 3438 Nam
1899 3380 1989 3435 ubi
2035 3378 2212 3435 Lucas

627 3477 784 3541 dixit,
806 3491 900 3547 pro
921 3476 1083 3543 vobis,
1114 3475 1188 3531 ibi
1203 3473 1486 3530 Matthteus
1499 3487 1592 3542 pro
1605 3469 1784 3525 multis
1801 3469 1979 3539 posuit
1993 3467 2208 3540 (Matth.

629 3585 743 3635 xvi,
765 3570 890 3640 98);
917 3568 1062 3624 unde
1095 3566 1419 3624 credendum
1463 3564 1609 3635 quod
1644 3562 1894 3619 Christus
1922 3569 2212 3628 utrumque

627 3661 851 3728 dixerit,
890 3659 1020 3732 quia
1066 3659 1156 3714 hic
1195 3657 1414 3728 sanguis
1461 3665 1518 3710 et
1555 3669 1655 3725 pro
1699 3652 1957 3724 apostolis
2006 3659 2061 3706 et
2112 3665 2210 3720 pro

569 3743 576 3748 ’
628 3751 812 3806 multis
847 3750 939 3820 qni
969 3747 1227 3806 credituri
1253 3755 1411 3801 erant
1459 3760 1558 3816 per
1603 3744 1828 3799 verbum
1865 3756 2052 3797 eorum
2074 3739 2208 3794 ellu-

627 3857 720 3899 sus
740 3851 843 3898 cst.
872 3839 972 3897 Hic
996 3840 1182 3909 utique
1202 3847 1258 3894 et
1281 3853 1387 3893 non
1413 3837 1569 3901 alius,
1591 3849 1767 3905 neque
1793 3831 2021 3903 alicujus
2036 3844 2060 3872 ο
2076 3831 2211 3887 alte-

631 3931 876 3999 rius,sed
902 3931 1123 4002 sanguis
1149 3927 1278 3984 Jesu
1310 3927 1514 3983 Christi
1556 3927 1612 3982 in
1640 3927 1743 3982 hoc
1767 3925 1934 3980 verbo
1952 3923 2207 3978 efficitur.

631 4023 790 4094 Viget
817 4031 1000 4078 autem
1034 4023 1137 4076 hoc
1171 4005 1414 4073 verbum.
1439 4027 1496 4071 et
1541 4025 1744 4080 manet,
1802 4014 1904 4070 Hic
1953 4024 2026 4068 est
2071 4012 2209 4065 enim

630 4111 774 4165 eali:
801 4109 1074 4180 sanguinis
1127 4109 1250 4172 mei,
1292 4106 1381 4176 qui
1419 4121 1512 4174 pro
1539 4105 1678 4158 vobis
1720 4104 1970 4172 fundetur
2017 4110 2066 4154 et
2113 4115 2208 4170 pro

627 4200 829 4255 multis.
867 4199 1224 4270 Quapropter,
1262 4213 1297 4251 υ
1340 4195 1532 4258 homo,
1603 4193 2025 4263 quotiescunque
2069 4188 2208 4244 bibis

627 4294 774 4348 hunc
800 4289 1048 4355 calicem,
1071 4299 1164 4342 aut
1185 4287 1476 4342 manducas
1498 4286 1641 4340 hunc
1668 4298 1880 4354 panem,
1913 4297 2016 4336 non
2039 4280 2206 4334 alium

627 4388 949 4460 sanguinem
971 4397 1025 4440 te
1045 4393 1200 4456 putes
1222 4383 1426 4445 bibere,
1455 4394 1619 4450 quam
1661 4392 1784 4431 eum
1819 4376 1911 4446 qui
1939 4389 2038 4445 pro
2071 4383 2123 4428 te
2150 4380 2206 4428 et

625 4497 728 4553 pro
753 4479 1006 4536 omnibus
1028 4476 1230 4532 eil‘usus
1255 4483 1338 4530 est
1362 4474 1415 4528 in
1442 4471 1810 4526 remissionem
1824 4474 2200 4537 peccatorum;

625 4583 802 4640 neque
829 4567 993 4623 aliam
1029 4579 1267 4626 carnem,
1301 4576 1464 4632 quam
1503 4574 1623 4630 quae
1655 4571 1753 4627 pro
1783 4564 1837 4610 te
1872 4563 1927 4611 et
1963 4569 2064 4626 pro
2089 4567 2203 4608 ctu-

626 4661 789 4716 nibus
811 4658 1008 4713 tradita
1029 4663 1112 4711 est
1138 4663 1194 4710 et
1220 4650 1474 4723 pependit
1501 4649 1556 4703 in
1595 4661 1776 4711 cruce,
1800 4645 1924 4715 quia
1953 4644 2032 4700 sic
2052 4640 2207 4696 Veri-

583 4744 593 4752 ’
625 4762 712 4806 tas
741 4757 970 4806 testatur
996 4765 1010 4801 :
1044 4743 1159 4801 Hoc
1208 4755 1284 4798 est
1329 4757 1518 4810 corpus
1547 4754 1740 4802 meum,
1771 4736 1910 4807 quod
1943 4751 2038 4806 pro
2067 4732 2206 4788 vobis

624 4842 882 4897 tradetur.
909 4839 976 4894 Et
997 4838 1064 4893 de
1089 4836 1286 4892 calice:
1317 4831 1417 4886 Hic
1439 4832 1573 4886 enim
1596 4847 1809 4901 sanguis
1829 4843 1973 4882 meus
1994 4836 2089 4888 est,
2114 4824 2206 4894 qui

625 4948 722 5003 pro
741 4931 884 4987 vobis
906 4929 1206 5000 effundatur
1229 4927 1286 4979 in
1304 4923 1658 4979 remissionem
1677 4929 2025 4992 peccatorum.
2051 4914 2206 4972 Unde

697 5055 725 5085 ι
758 5041 936 5098 Vatic.
965 5056 1087 5097 cum
1110 5039 1282 5094 altero
1301 5052 1405 5093 ms.
1437 5035 1642 5092 addunt
1673 5053 1687 5088 :
1721 5031 1950 5101 Accipite
1969 5037 2019 5085 et
2055 5027 2209 5083 bibite

629 5130 696 5170 ex
717 5129 778 5167 eo
805 5129 1002 5177 omnes,
1025 5113 1109 5164 hic
1128 5119 1202 5164 est
1223 5108 1359 5164 enim
1385 5107 1599 5175 sanguis
1620 5120 1783 5159 meus.

698 5185 727 5224 δ
766 5182 864 5238 Ms.
895 5174 1018 5250 Mai.
1055 5195 1222 5250 ιιιοιι.9
1255 5177 1400 5250 nulla
1421 5174 1604 5250 secura
1626 5174 1895 5250 sanctitas;

701 5263 725 5292 ε
762 5252 820 5308 ln
847 5238 1151 5307 codlaub.
1170 5238 1257 5302 hic
1283 5247 1468 5317 incipit
1488 5260 1606 5314 cap.
1626 5243 1784 5317 LX_lV
1815 5259 1827 5294 :
1858 5238 2013 5317 Quod
2033 5253 2210 5317 sacer:

626 5325 722 5380 dos
749 5307 959 5377 Domini
981 5322 1037 5376 in
1057 5307 1446 5374 consecratione
1469 5307 1815 5386 quorumlibet
1851 5311 2081 5373 inuocat,
2112 5307 2204 5361 sed

628 5393 871 5450 Christus
893 5390 1167 5453 benedicit,
1189 5386 1408 5456 frangit,
1433 5384 1708 5456 et‘tribuit.

696 5462 727 5504 ἀ
762 5461 897 5517 Tres
929 5475 1089 5523 mss.,
1119 5450 1381 5512 distribuit
1407 5457 1563 5509 etiam
1591 5453 1802 5508 calicem
1856 5450 2202 5505 credentibus.

700 5545 726 5603 ξ
764 5533 820 5603 in
855 5531 1126 5603 plerisque
1148 5541 1279 5603 mss.
1301 5523 1900 5603 desitleratur_alterius_.

705 5601 728 5644 ί
769 5589 872 5657 Ηίὲ
895 5611 1020 5656 tunc
1037 5589 1388 5655 'restituimns
1415 5610 1517 5669 Ope
1541 5595 1744 5654 codicis
1769 5591 2034 5658 Vaticani,
2058 5589 2203 5660 quod

633 5675 704 5729 ab
728 5673 848 5728 aliis
866 5669 1078 5727 exsulat
1095 5682 1226 5725 mss.
1796 5693 1801 5698 ι

2311 1841 2475 1897 calice
2515 1842 2654 1897 bibat
2681 1841 2743 1914 (1
2771 1841 2895 1898 Cor.
2928 1857 3009 1909 si,
3058 1841 3161 1913 28)
3189 1859 3204 1898 :
3235 1842 3360 1911 quia
3396 1843 3413 1883 ί
3451 1841 3656 1898 Christi
3690 1857 3824 1898 caro
3846 1851 3909 1899 et

2309 1947 2440 1990 vera
2468 1949 2618 2000 caro,
2647 1943 2703 1990 et
2725 1944 2903 1990 tamen
2932 1934 3089 2006 panis
3116 1934 3271 1989 vivus
3296 1934 3388 2005 qui
3419 1933 3486 1989 de
3503 1935 3646 1990 cmlo
3675 1935 3905 1990 descen-

2311 2021 2534 2093 ditajure
2571 2022 2836 2080 catholice
2875 2025 3244 2094 przedicatur:
3284 2039 3413 2080 caro
3441 2025 3662 2095 quidem
3693 2039 3901 2082 secun-

2309 2111 2438 2166 dum
2460 2112 2712 2184 gratiam,
2740 2114 2893 2185 panis
2921 2127 3050 2168 vero
3073 2114 3367 2169 secundum
3393 2113 3760 2180 ellicientiam,
3775 2116 3904 2186 quia

2310 2202 2453 2258 sicut
2488 2203 2576 2259 hic
2603 2204 2758 2273 panis
2785 2213 3032 2260 terrenus
3072 2205 3239 2260 vitam
3282 2205 3662 2262 subministrat
3689 2216 3902 2277 tempo-

2310 2293 2498 2358 ralem,
2523 2293 2599 2349 ita
2627 2295 2717 2351 ille
2735 2294 2971 2353 ctelestis
2989 2295 3154 2350 vitam
3183 2303 3403 2366 praestat
3427 2305 3689 2352 sternam
3715 2306 3773 2353 et
3792 2310 3907 2353 ca-

2309 2383 2523 2451 lestem,
2545 2387 2669 2456 quia
2691 2386 2799 2440 vita
2827 2397 2909 2442 est
2931 2389 3278 2459 sempiterna.
3321 2387 3565 2459 Denique
3594 2399 3653 2444 et
3676 2390 3907 2460 sanguis

2311 2477 2398 2533 hic
2418 2479 2710 2533 secundum
2731 2478 3095 2546 eliicientiam,
3123 2479 3288 2536 simili
3323 2481 3482 2536 modo
3502 2482 3691 2536 vinum
3718 2483 3909 2554 typice

2309 2577 2489 2638 potest
2521 2567 2728 2633 vocari,
2762 2569 2886 2640 quia
2929 2570 3069 2625 sicut
3110 2570 3294 2624 vinum
3334 2570 3568 2626 laetificat
3595 2585 3700 2627 cor
3724 2573 3898 2627 homi-

2309 2673 2438 2714 num
2459 2658 2638 2713 sobrie
2658 2668 2920 2730 potatum,
2953 2660 3027 2714 ita
3047 2658 3203 2729 longe
3241 2659 3559 2730 locupletius
3579 2661 3686 2718 hoc
3712 2664 3910 2718 vinum

2309 2748 2586 2820 sanguinis
2613 2748 2847 2804 lmtifical
2869 2765 2966 2805 cor
2991 2751 3228 2806 hominis
3257 2751 3551 2818 interioris,
3587 2761 3644 2808 et
3665 2754 3909 2809 inebriat

2311 2847 2548 2894 mentem
2574 2854 2758 2894 amore
2783 2839 3006 2910 spiritali
3042 2859 3055 2895 :
3090 2842 3229 2896 unde
3255 2842 3456 2897 dictum
3487 2853 3571 2897 est
3614 2861 3630 2898 :
3680 2842 3839 2899 Catia:
3881 2844 3900 2893 ἱ

2309 2931 2742 2989 rueusinebricus
2784 2948 2939 3006 quam
2966 2931 3250 3004 νηπίαν-κε
3298 2943 3373 2990 est
3398 2935 3580 3007 (Psal.
3616 2936 3848 3007 “11.5)
3891 2957 3908 2993 :

2311 3028 2418 3085 Et:
2445 3030 2619 3083 viuum
2658 3028 2891 3097 fictilia-at
2921 3045 3012 3082 cor
3041 3028 3263 3083 hominis
3293 3026 3476 3100 (Psal.
3503 3045 3619 3092 CIII.
3664 3029 3912 3094 15).‘De

2313 3135 2421 3191 quo
2447 3120 2702 3174 nimirum
2743 3119 2869 3173 vino
2891 3133 3086 3188 sponsa
3113 3119 3166 3174 in
3195 3117 3435 3176 Canticis
3459 3120 3720 3186 exsultat,
3753 3122 3910 3191 quod

2311 3211 2561 3268 Christus
2589 3211 2642 3266 in
2686 3226 2749 3266 ea
2779 3225 2933 3266 suam
2961 3211 3294 3267 ordinaverit
3329 3212 3666 3268 charitatem.
3717 3212 3911 3270 Celeo

2311 3318 2431 3360 rum
2460 3304 2751 3359 secundum
2784 3303 3114 3373 praemissam
3144 3302 3408 3359 doctrinae
3435 3303 3733 3369 veritatem,
3755 3305 3912 3362 nihil

2311 3392 2452 3449 aliud
2473 3408 2634 3464 quam
2665 3407 2792 3448 caro
2812 3391 3012 3447 Christi
3035 3400 3090 3448 et
3113 3391 3334 3464 sanguis
3351 3390 3474 3460 jure
3492 3392 3750 3458 creditur,
3774 3407 3914 3466 qua

2310 3500 2415 3540 non
2440 3496 2632 3554 sapore
2659 3482 2858 3545 carnis,
2889 3481 2982 3537 sed
3029 3481 3255 3552 spiritali
3286 3481 3568 3538 dulcedine
3604 3482 3909 3556 degustan-

2310 3583 2417 3639 tur,
2445 3583 2501 3628 et
2535 3573 2654 3628 fidei
2685 3573 2890 3628 ratione
2920 3571 3310 3642 intelliguntur.

2857 3727 3085 3784 CAPUT
3126 3727 3265 3783 XVII
3292 3729 3342 3782 ι.

2313 3839 2498 3898 Utrum
2535 3857 2653 3912 plus
2682 3857 2748 3896 ex
2776 3857 2836 3896 eo
2861 3840 3068 3900 habeat,
3094 3841 3194 3923 qui.
3224 3841 3397 3910 majus
3441 3852 3536 3896 aut
3581 3843 3676 3912 qui
3722 3843 3906 3896 minus

2961 3921 3237 3964 acceperit.

2961 3927 3237 3980 acceperit.

2379 4037 2431 4092 l.
2473 4037 2530 4092 Si
2560 4037 2704 4091 enim
2733 4038 2900 4107 ﬁgura
2929 4035 3087 4092 istius
3114 4038 3436 4092 sacramenti
3464 4038 3520 4092 in
3560 4054 3765 4094 manna
3806 4041 3906 4096 illo

2309 4127 2518 4182 caelesti
2573 4126 2869 4196 praecessit,
2914 4139 3042 4180 vere
3072 4133 3125 4179 et
3167 4125 3326 4194 hujus
3381 4127 3459 4181 rei
3508 4129 3652 4182 ratio
3703 4130 3909 4184 exinde

2307 4226 2491 4288 aperte
2510 4224 2866 4281 monstratur,
2890 4215 3032 4284 quod
3055 4214 3251 4268 dicitur
3275 4231 3288 4268 :
3317 4214 3423 4280 Qui
3445 4215 3564 4285 plus
3592 4215 3907 4286 collegerat.

2308 4324 2411 4361 non
2438 4307 2616 4360 habuit
2649 4305 2665 4344 ι
2699 4305 2945 4375 amplius,
2977 4320 3139 4374 neque
3167 4305 3254 4375 qui
3299 4311 3473 4359 minus
3503 4319 3790 4376 paraverat
3822 4311 3909 4362 in-

2305 4398 2438 4450 venit
2463 4394 2864 4463 minus(Ea:od.
2903 4409 3015 4458 XVI,
3062 4395 3160 4458 l8;
3200 4392 3265 4448 II
3293 4393 3417 4449 Cor.
3448 4410 3564 4454 vm.
3613 4397 3737 4468 i5).
3787 4399 3906 4452 Non

2305 4494 2389 4539 est
2416 4484 2636 4538 omnino
2655 4483 2928 4552 quantitas
2950 4483 3180 4537 visibilis
3212 4484 3264 4536 in
3292 4485 3395 4538 hoc
3435 4484 3764 4539 aestimanda
3787 4503 3905 4556 my-

2306 4571 2492 4636 sterio,
2523 4571 2618 4626 sed
2657 4572 2832 4626 virtus
2883 4572 3209 4626 sacramenti
3252 4573 3554 4642 spiritalis;
3599 4575 3749 4631 sicut
3800 4591 3907 4632 nec

2306 4661 2580 4730 quantitas
2605 4659 2840 4715 hominis
2867 4659 3066 4715 Christi
3099 4661 3374 4716 metienda
3421 4664 3758 4733 incorpore,
3803 4667 3904 4721 sed

2303 4751 2478 4804 virtus
2506 4750 2560 4804 in
2589 4764 2655 4804 eo
2701 4757 2758 4804 et
2805 4749 3061 4805 divinitas
3100 4752 3497 4807 consideranda
3555 4770 3731 4809 :nam
3779 4756 3908 4826 plus

2305 4839 2491 4894 retulit
2523 4839 2714 4894 mulier
2746 4838 2835 4892 illa
2863 4841 2916 4893 in
2948 4839 3259 4911 Evangelio,
3286 4856 3406 4910 qua:
3430 4840 3702 4896 fimbriam
3731 4847 3908 4898 vesti-

2309 4929 2478 4986 menti
2505 4928 2622 4999 ejus
2665 4928 2860 5000 tetigit,
2909 4943 3070 4999 quam
3119 4931 3273 4984 turba
3320 4944 3442 4999 qua:
3490 4938 3662 4986 totum
3697 4947 3907 5002 corpus

2381 5043 2408 5084 ⁸
2445 5041 2608 5106 Editi,
2636 5041 2706 5096 ad
2735 5041 2853 5106 hoc,
2886 5051 3076 5097 contra
3105 5041 3263 5096 fidem
3289 5044 3531 5098 omnium
3560 5059 3695 5100 mss.

2379 5112 2408 5154 ιι
2445 5112 2503 5167 In
2531 5111 2652 5166 cod.
2682 5110 2852 5166 Laub.
2889 5127 3005 5181 cap.
3038 5111 3195 5181 LXV.

2385 5184 2402 5222 ί
2442 5182 2575 5237 Cod.
2605 5181 2797 5246 Laub.,
2837 5180 2966 5246 quia
3004 5184 3067 5235 de
3105 5180 3313 5236 Christo
3339 5201 3464 5239 caro
3497 5201 3621 5240 nera
3644 5201 3776 5240 caro
3791 5198 3903 5243 est.

2382 5253 2396 5303 Ι
2448 5251 2561 5306 Duo
2582 5267 2736 5314 mss.,
2759 5251 2914 5304 Calix
2937 5261 3076 5304 tuus.

2379 5321 2407 5362 Ιι
2430 5321 2620 5395 ιῃροὰ.
2641 5320 2938 5395 La_ub.cap.
2956 5320 3136 5395 I.X_Vl_.
3156 5321 3366 5395 Titulus
3384 5339 3513 5379 vero
3525 5323 3685 5394 hujus
3700 5327 3911 5395 capitis

2306 5394 2447 5449 anud
2462 5391 2622 5448 Ulim.
2638 5401 2694 5446 et
2717 5393 2770 5445 in
2795 5392 2997 5446 recenti
3021 5390 3077 5444 S.
3097 5391 3349 5446 Germani
3375 5410 3505 5448 mss.
3527 5390 3610 5449 sic
3628 5390 3865 5449 etl'erinr
3886 5412 3902 5448 :

2360 5465 2430 5516 im
2444 5473 2492 5517 et
2521 5460 2772 5533 rationem
2814 5461 2971 5530 hujus
2995 5465 3310 5533 sacramenti
3337 5466 3576 5531 corporis
3606 5474 3654 5518 et
3676 5465 3905 5533 sangui-

2305 5534 2386 5588 nis
2427 5531 2636 5586 Domini
2655 5546 2870 5600 prorsus
2896 5531 3177 5600 arationis
3217 5546 3370 5588 sensu
3403 5549 3514 5588 esse
3544 5531 3899 5589 reconditis.

2291 5621 2299 5627 -
2384 5600 2401 5640 ι
2443 5601 2501 5656 1η
2529 5599 2738 5673 duobus
2757 5615 2888 5655 mss.
2916 5599 3064 5654 deest
3091 5601 3274 5653 habuit
