4148 6344
339 319 474 378 ιω

1266 320 1391 377 UB.
1431 320 1518 376 DE
1554 316 1876 377 CORPOBE
1916 316 2002 370 ET
2040 316 2384 372 SANGUNE
2422 316 2676 374 DOMINI.

3454 318 3586 376 [5'20

335 432 551 502 pressit,
597 432 722 501 quia
748 432 866 503 plus
892 448 1016 490 eum
1058 442 1238 487 mente
1282 432 1552 502 concepit,
1595 445 1719 486 cum
1750 441 1777 472 ι
1809 427 1913 482 ﬁde
1940 431 1989 490 Α
2015 426 2298 496 sumptive,
2332 426 2602 497 accepturi
2649 437 2845 489 essent,
2899 426 3064 482 voluit
3102 426 3332 496 formam
3374 432 3586 483 cunctis

332 520 580 579 credidit.
608 519 814 576 Idcirco
839 521 1181 593 cogitandum
1220 530 1304 576 est
1334 537 1367 576 a
1403 520 1581 583 nobis,
1607 534 1713 575 non
1742 533 1915 588 quan-
1940 522 1943 525 '

336 624 448 668 tum
479 612 641 667 dente
662 612 950 681 premitur,
973 613 1069 667 sed
1096 621 1354 682 quantum
1382 611 1485 667 fide
1512 620 1565 666 et
1587 607 1916 666 dilectioneb

289 695 304 715 ⁶
332 701 564 769 capitur.
595 699 710 755 Non
744 702 893 755 enim
929 712 1076 757 recte
1103 716 1232 757 caro
1256 700 1459 757 Christi
1495 701 1613 756 sine
1639 698 1917 754 divinitate

335 789 587 849 sumitur.
611 803 713 844 nec
736 789 989 845 divinitas
1014 791 1132 845 sine
1154 806 1317 846 carne
1350 799 1652 861 prmstatur.
1687 788 1838 846 Unde
1860 789 1914 843 in

334 876 663 949 Evangelia:
695 876 932 947 Regnum
960 881 1205 935 calorum
1235 882 1405 935 simile
1437 881 1631 935 dicitur
1670 881 1914 935 thesauro

331 968 636 1023 abscondito
666 972 721 1024 in
748 988 899 1040 agro,
924 989 1076 1039 quem
1105 974 1193 1043 qui
1229 974 1419 1027 invenit
1445 973 1619 1039 homo,
1652 984 1675 1011 ο
1702 973 1841 1025 vadit
1865 981 1913 1026 et

330 1060 499 1113 uendit
526 1060 724 1125 omnia,
752 1071 797 1114 et
822 1062 943 1114 emit
973 1080 1157 1132 agrum
1194 1062 1343 1117 illum
1370 1063 1594 1133 (Matth.
1643 1079 1760 1126 xm,
1784 1063 1909 1129 44).

331 1147 469 1216 Quia
525 1165 624 1205 nec
667 1165 818 1219 ager,
872 1167 1068 1221 corpus
1106 1154 1351 1208 videlicet
1380 1154 1600 1218 Christi,
1630 1154 1745 1209 sine
1793 1155 1914 1211 the-

332 1253 517 1302 sauro,
541 1236 568 1278 ἀ
610 1255 707 1294 nec
737 1241 1021 1294 thesaurus
1041 1241 1337 1297 divinitatis
1366 1242 1481 1297 sine
1509 1258 1638 1313 agro
1668 1254 1691 1283 ο
1734 1245 1913 1299 carnis

323 1326 446 1396 iure
467 1343 826 1401 comparatur.
849 1332 936 1398 Et,
959 1347 993 1386 ο
1010 1349 1169 1402 quam
1192 1333 1327 1389 bene
1353 1334 1372 1373 τ
1402 1336 1454 1389 in
1479 1351 1608 1405 agro
1632 1337 1914 1393 thesaurus

331 1419 631 1474 absconsus
658 1420 893 1475 dicitur!
929 1422 1053 1491 quia
1102 1422 1157 1475 in
1206 1437 1369 1477 carne
1410 1423 1611 1478 Christi
1658 1426 1910 1480 divinitas

330 1508 684 1577 corporaliter
727 1511 1033 1566 inhabitans
1085 1512 1250 1566 etiam
1304 1513 1356 1567 in
1416 1514 1517 1569 hoc
1558 1515 1817 1585 mysterio
1842 1515 1910 1569 ab

327 1609 547 1669 aspectu
563 1601 836 1656 oculorum
858 1618 924 1656 ne
954 1604 978 1643 ε
1004 1603 1251 1658 videatur
1284 1602 1640 1669 subtrahitur,
1675 1616 1733 1659 ut
1754 1605 1855 1660 fide
1879 1607 1909 1647 ιι

327 1690 537 1745 avidius
585 1702 875 1760 quaeratur,
921 1694 1146 1762 qumsita
1177 1696 1357 1750 verius
1402 1699 1419 1737 ί
1456 1696 1777 1759 inveniatur,
1823 1697 1909 1752 in-

2018 519 2147 574 dare
2172 518 2714 584 comnmnicantibus,
2744 518 2873 589 quid
2912 520 3056 583 boni,
3098 518 3293 590 quidve
3318 518 3442 574 mali
3465 534 3586 591 per-

2015 606 2218 676 cipiant
2249 624 2263 660 :
2303 616 2357 659 et
2382 616 2407 656 P
2437 608 2555 660 ideo
2581 606 2747 661 Judas
2790 608 2843 661 in
2891 605 3114 675 figuram
3140 608 3381 662 omnium
3419 606 3587 662 malo-

2016 709 2134 748 rum
2162 695 2227 748 ad
2259 695 2658 764 percipiendum
2686 705 2714 745 τι
2741 695 3059 749 admittitur.
3094 694 3225 748 Nam
3246 758 3249 761 _
3269 696 3313 750 si
3345 704 3464 765 post
3496 708 3583 749 re-

2014 784 2401 837 surrectionem
2430 771 2600 846 ﬁeret,
2621 784 2734 851 jam
2768 784 2933 839 Judas
2959 800 3079 839 cum
3104 796 3305 839 sanctis
3328 786 3585 854 apostolis

2015 878 2415 932 communicare
2459 894 2563 931 non
2608 888 2805 949 posset,
2851 878 2974 947 quia
3018 878 3221 948 judicio
3241 888 3442 933 mterno
3469 878 3583 947 jam

2016 966 2303 1021 damnatus
2342 976 2479 1022 erat.
2504 960 2641 1021 Nam
2672 984 2767 1037 per
2795 968 2897 1021 hoc
2923 968 3237 1037 mysterium
3265 969 3442 1037 passio
3482 968 3586 1023 Do-

2015 1059 2143 1112 mini
2166 1068 2223 1113 et
2250 1075 2394 1115 mors
2423 1059 2760 1129 prmdicanda
2806 1068 2955 1113 erat:
2980 1061 3099 1113 ideo
3138 1060 3306 1130 magis
3340 1060 3585 1131 congruit

2014 1146 2066 1201 itt
2096 1149 2211 1217 ipso
2258 1151 2523 1219 passionis
2562 1150 2787 1204 articulo
2832 1150 2935 1205 hoc
2986 1151 3219 1213 tradere,
3253 1166 3412 1219 quam
3463 1166 3580 1221 poss

2014 1237 2461 1291 resurrectionem
2490 1257 2504 1291 :
2535 1238 2657 1307 quia
2694 1239 2758 1293 ad
2782 1240 2883 1293 hoc
2906 1239 3211 1294 immolatus
3232 1250 3309 1294 est
3338 1240 3519 1309 Agnus
3536 1250 3583 1307 τ,

2012 1332 2075 1381 ut
2125 1343 2223 1381 nos
2276 1326 2392 1396 eius
2451 1344 2670 1384 carnem
2735 1329 3118 1396 comedamus;
3151 1332 3291 1385 unde
3339 1331 3580 1387 Paulus:

2012 1414 2221 1472 Pascha
2249 1431 2483 1474 nostrum
2514 1421 2813 1476 immolatus
2850 1434 2923 1477 est
2948 1423 3207 1478 Christus.
3240 1423 3428 1495 Itaque
3453 1442 3583 1496 epu-
3676 1450 3685 1458 ’

2010 1506 2179 1561 temur
2203 1505 2251 1578 (1
2285 1505 2407 1562 Cor.
2455 1525 2504 1572 v,
2536 1510 2621 1577 7).
2654 1510 2935 1577 Cancrum,
2968 1514 3093 1582 quia
3119 1514 3231 1583 ipse
3272 1514 3579 1569 transiliat'

2005 1596 2116 1668 jam
2147 1600 2213 1654 de
2244 1600 2345 1655 hoc
2375 1602 2569 1656 sarculo
2603 1603 2672 1655 ad
2708 1602 2944 1668 Patrem,
2978 1605 3028 1658 id
3051 1614 3134 1661 est
3162 1606 3227 1658 de
3256 1606 3356 1659 hac
3384 1614 3585 1660 morta-

2011 1686 2159 1743 litate
2188 1690 2252 1743 ad
2278 1689 2755 1757 immortalitatem,
2785 1692 2911 1748 fecit
2950 1697 3126 1751 adhuc
3158 1696 3399 1750 mortalis
3439 1695 3583 1766 quod

329 1789 486 1834 venta
509 1796 634 1835 vero
655 1782 874 1837 charius
902 1782 1184 1849 habeatur,
1207 1794 1263 1838 et
1292 1784 1469 1838 habita
1501 1785 1910 1841 desiderabilius
1939 1775 1984 1835 Β
2010 1794 2110 1833 nos
2134 1789 2254 1849 post
2285 1795 2406 1834 eum
2437 1790 2491 1835 et
2538 1784 2590 1835 in
2638 1782 2726 1836 illo
2753 1782 2945 1839 facturi
2977 1800 3194 1840 eramus
3230 1786 3389 1841 simili
3424 1787 3583 1843 modo

327 1866 608 1935 fruamur;
644 1882 658 1920 t
698 1874 822 1939 quia
858 1871 911 1925 in
949 1871 1165 1928 Christo
1205 1875 1380 1927 omnis
1410 1875 1684 1944 plenitudo
1721 1891 1913 1945 corpo-

328 1960 512 2015 raliter
562 1963 848 2027 inhabitat,
895 1965 1010 2019 sine
1077 1966 1261 2028 dubio,
1333 1966 1647 2021 divinitatis.
1708 1967 1912 2022 Idcirco

327 2063 551 2104 necesse
579 2060 683 2114 est,
710 2052 799 2121 qui
828 2068 1026 2121 corpus
1064 2052 1182 2121 eius
1230 2053 1543 2115 comederit,
1574 2055 1639 2108 de
1682 2055 1911 2123 plenitu-

326 2138 454 2195 dine
476 2140 773 2196 divinitatis
802 2143 927 2196 illud
965 2141 1039 2216 [f.
1072 2142 1247 2215 iL‘ius]
1291 2142 1394 2197 [ide
1435 2145 1716 2213 percipiat.
1759 2145 1910 2200 Unde

323 2238 544 2285 sanctus
590 2231 955 2302 evangelista:
994 2233 1062 2305 Et
1119 2250 1316 2296 omnes,
1348 2234 1540 2302 inquit,
1590 2236 1655 2288 de
1678 2236 1906 2303 plenitu-

333 2322 453 2373 dine
489 2321 603 2389 ejus
629 2323 917 2391 accepimus
961 2321 1153 2393 (Joan.
1187 2340 1229 2387 t,
1260 2323 1377 2393 16).
1429 2322 1677 2393 Alioquin
1710 2326 1809 2378 nisi
1843 2327 1908 2380 de

327 2412 663 2478 plenitudine
692 2412 717 2453 ιι
744 2414 893 2483 prius
923 2415 1179 2484 accipias,
1211 2430 1309 2469 nec
1340 2416 1406 2467 ad
1437 2416 1703 2470 modicum
1731 2418 1907 2472 carnis

332 2501 619 2569 pervenire
666 2502 890 2571 poteris,
940 2504 1064 2572 quia
1097 2518 1202 2556 non
1248 2502 1531 2558 thesaurus
1559 2506 1755 2558 emitur
1782 2506 1908 2574 pro-

323 2602 445 2661 pter
472 2607 679 2663 agrum,
717 2595 810 2647 scd
849 2609 975 2663 ager
996 2602 1217 2664 propter
1245 2593 1578 2648 thesaurum.
1635 2594 1765 2648 Nam
1790 2596 1906 2650 the-

324 2697 519 2737 saurus
555 2683 620 2737 de
654 2683 981 2752 plenitudine
1033 2684 1330 2737 divinitatis
1378 2700 1499 2739 cum
1547 2700 1611 2738 eo
1660 2694 1717 2739 et
1758 2686 1810 2739 in
1841 2700 1906 2740 eo

323 2776 667 2831 credentibus
714 2775 731 2815 ι
769 2777 1148 2841 venundatur;
1185 2785 1239 2832 et
1286 2778 1423 2842 ideo,
1460 2778 1556 2842 lili,
1583 2779 1684 2832 hoc
1708 2787 1907 2849 myste-

324 2866 462 2919 rium
493 2868 618 2920 dum
658 2869 1047 2933 communicas,
1094 2869 1257 2923 dilata
1303 2870 1480 2922 sinum
1541 2870 1736 2924 mentis
1776 2879 1903 2935 tum,

322 2956 557 3009 emunda
588 2957 995 3017 conscientiam.
1023 2967 1078 3011 et
1101 2959 1318 3028 percipe
1344 2975 1449 3012 non
1478 2968 1736 3027 quantum
1764 2959 1903 3014 mica

323 3044 565 3109 exhibet,
600 3046 691 3099 sed
734 3055 993 3115 quantum
1040 3048 1172 3103 lides
1208 3051 1390 3118 capit;
1433 3051 1558 3119 quia
1603 3050 1655 3104 itt
1684 3049 1905 3106 Christo

2012 1870 2292 1931 mortales,
2331 1880 2596 1941 quatenus
2626 1873 2716 1926 tali
2758 1890 2855 1927 nos
2901 1874 3085 1928 refecti
3136 1876 3351 1945 pabulo,
3398 1884 3451 1941 et
3496 1875 3583 1930 in-

2009 1960 2202 2014 ebriati
2234 1963 2444 2031 poculo,
2471 1962 2729 2018 faciamus
2756 1981 2854 2034 pro
2884 1966 2971 2019 il'o
2994 1969 3168 2021 securi
3199 1969 3265 2022 de
3302 1970 3584 2024 immorta-

2010 2050 2159 2105 litate
2183 2053 2325 2121 quod
2372 2054 2459 2107 ille
2485 2070 2581 2124 pro
2609 2055 2764 2109 nobis
2791 2056 2939 2125 prior
2984 2057 3110 2110 fecit
3141 2059 3384 2114 mortalis
3416 2062 3434 2096 ί
3467 2076 3482 2125 ;
3515 2058 3583 2114 ad

2010 2141 2112 2195 hoc
2157 2143 2351 2211 quippe
2400 2143 2818 2201 immorutlitatis
2854 2148 3102 2216 praestitit
3138 2150 3473 2213 alimoniam,
3525 2159 3585 2204 ut

2010 2243 2237 2288 mortem
2262 2251 2367 2289 non
2402 2237 2703 2292 timeamus.
2750 2241 2819 2293 At
2851 2257 2979 2295 vero
3010 2244 3151 2311 quod
3182 2243 3426 2297 ultimum
3480 2255 3583 2308 εει,

2007 2324 2050 2378 si
2100 2334 2221 2394 post
2268 2329 2714 2383 resurrectionem
2750 2332 2850 2384 hoc
2890 2333 3142 2397 dedisset,
3181 2335 3374 2389 dicturi
3403 2344 3586 2389 essent

2007 2416 2263 2481 lueretiei,
2318 2420 2462 2488 quod
2505 2431 2533 2458 ιι
2578 2420 2971 2489 incorruptibili
3012 2423 3125 2492 jam
3170 2422 3386 2480 Christo
3435 2433 3491 2479 et
3529 2427 3583 2480 iu

2006 2509 2142 2563 coelo
2168 2510 2359 2576 posito,
2398 2526 2502 2565 non
2532 2520 2712 2579 posset
2760 2513 2810 2566 in
2845 2514 3002 2567 terris
3046 2513 3160 2581 ejus
3212 2531 3339 2569 caro
3376 2530 3407 2569 a
3448 2515 3585 2571 lide-

2004 2597 2144 2653 libus
2170 2602 2368 2654 vorari.
2395 2601 2546 2655 Nunc
2573 2616 2699 2657 vero
2719 2606 2858 2672 quod
2880 2606 3161 2674 integeret
3183 2614 3207 2641 ν
3243 2607 3583 2676 incorruptus

2006 2699 2212 2753 manet,
2234 2689 2462 2745 dicimus
2491 2701 2682 2747 contra
2712 2708 2823 2751 eos.
2873 2696 3015 2762 quod
3045 2696 3096 2747 in
3132 2707 3303 2749 morte
3332 2696 3447 2764 ejus
3479 2697 3580 2751 ista

2005 2778 2335 2847 percipimus
2367 2789 2425 2833 ut
2466 2796 2636 2850 usque
2683 2782 2748 2835 ad
2798 2782 2959 2835 linem
3014 2784 3193 2838 saeculi
3243 2801 3430 2839 omnes
3460 2787 3585 2840 inde

2002 2879 2309 2934 pascamur,
2328 2877 2383 2923 et
2400 2877 2575 2923 tamen
2603 2869 2745 2938 quod
2771 2870 3090 2924 seminatum
3125 2880 3210 2927 est
3245 2888 3530 2945 resurgens
3556 2889 3584 2921 ι

2005 2954 2371 3026 incorruptum
2402 2968 2734 3027 permaneat.
2782 2959 2863 3013 Ad
2906 2960 3009 3015 hoc
3043 2976 3172 3029 ergo
3195 2979 3420 3032 granum
3470 2964 3583 3017 fru-

2006 3048 2174 3102 menti
2216 3049 2268 3103 in
2302 3060 2499 3104 terram
2532 3050 2747 3114 cecidit,
2790 3060 2848 3105 ut
2879 3052 3105 3105 multum
3154 3053 3387 3108 fructum
3416 3053 3580 3109 all‘er-

322 3135 599 3205 plenitudo
626 3136 925 3191 divinitatis
957 3146 1158 3202 manet,
1188 3139 1239 3193 in
1272 3148 1324 3194 te
1365 3148 1543 3194 autem
1580 3140 1646 3195 de
1674 3140 1907 3210 plenitu-
1932 3133 1978 3197 C
2010 3146 2133 3192 ret:
2180 3139 2225 3192 si
2263 3139 2406 3193 enim
2461 3140 2563 3195 hoc
2612 3140 2699 3194 ille
2721 3142 2991 3196 concessit
3039 3143 3358 3209 seminibus,
3411 3147 3580 3201 multo

322 3226 469 3290 dine,
508 3242 613 3282 non
659 3236 859 3298 quanta
907 3236 1012 3291 est,
1060 3230 1154 3285 sed
1180 3239 1441 3301 quantum
1476 3230 1699 3286 idoneus
1718 3230 1905 3298 fueris,

320 3326 633 3387 praestatur.

855 3410 1086 3469 CAPUT
1122 3411 1284 3468 XVIII
1324 3424 1388 3468 1³³.

432 3498 545 3555 Cur
572 3501 671 3557 hoc
712 3504 1011 3575 mysterium
1039 3514 1160 3576 ante
1198 3505 1491 3573 passionem
1526 3504 1797 3576 discipulis

996 3574 1243 3628 traditur.

396 3679 533 3733 Ante
559 3685 863 3750 passionem
893 3693 1073 3739 autem
1108 3682 1321 3739 Domini
1360 3685 1462 3742 hoc
1505 3696 1903 3745 sacramentum

323 3770 446 3827 ideo
494 3772 824 3829 celebratum
874 3784 975 3838 est,
1012 3784 1069 3830 ut
1095 3775 1161 3831 de
1199 3775 1353 3847 legali
1394 3779 1593 3847 pascha
1621 3780 1900 3846 continuo,

321 3861 449 3930 quia
495 3862 686 3919 umbra
720 3865 1043 3920 removenda
1070 3874 1206 3931 erat,
1246 3875 1303 3922 ut
1334 3868 1580 3924 veritatis
1611 3879 1637 3909 ιι
1667 3869 1759 3925 lux
1788 3870 1901 3926 cla-

323 3964 580 4007 resceret.
637 3952 920 4025 Nunquam
954 3962 980 3991 ο
1008 3956 1196 4010 umbra
1241 3966 1419 4027 potest
1464 3958 1745 4023 desistere,
1798 3961 1903 4018 nisi

318 4042 570 4099 radiante
609 4043 747 4100 luce.
778 4045 935 4100 Aliud
977 4060 1105 4101 vero
1132 4044 1380 4102 Christus
1407 4060 1649 4114 noverat,
1675 4051 1819 4122 quod
1846 4060 1905 4107 et

321 4131 447 4187 boni
475 4133 655 4204 digne.
674 4144 730 4191 et
751 4135 880 4192 mali
903 4135 1118 4208 indigne
1145 4136 1249 4193 hoc
1270 4140 1610 4209 mysterium,
1629 4140 1753 4197 licet
1771 4156 1904 4213 prai-

392 4293 419 4323 ο
458 4283 538 4356 Ita
553 4283 735 4356 locum
761 4284 922 4339 istum
946 4284 1279 4356 restituimus
1305 4299 1409 4354 ope
1441 4300 1543 4356 ms.
1579 4285 1699 4354 Maj.
1725 4303 1899 4356 mon.,

318 4368 446 4424 nam
473 4354 561 4407 alii
588 4370 715 4409 mss.
736 4364 1007 4424 expuncto
1028 4370 1145 4409 cum
1192 4354 1407 4421 legunt:
1433 4354 1501 4409 Et
1526 4357 1631 4424 [ide
1654 4354 1896 4414 credidit.

391 4421 435 4504 δ.
460 4424 683 4479 Mamer.
712 4421 837 4481 eum
860 4425 1033 4478 tribus
1059 4425 1500 4489 mss.,dilectione
1518 4421 1566 4480 et
1588 4426 1896 4484 dilatatione

316 4501 569 4559 capitum.

1917 4478 1972 4537 D

2007 3227 2181 3298 magis
2228 3226 2279 3281 id
2318 3228 2420 3283 sibi
2457 3230 2727 3299 praestitit,
2754 3239 2813 3284 ut
2859 3230 3087 3301 idipsum
3134 3242 3349 3287 maneat
3400 3234 3579 3290 incorv

2005 3325 2247 3385 ruptum,
2289 3326 2346 3372 et
2372 3318 2622 3389 deinceps
2667 3319 2890 3373 multam
2917 3321 3226 3376 alimoniam
3259 3323 3578 3380 immortali-

2007 3408 2137 3461 tatis
2186 3407 2424 3477 przebeat
2453 3423 2520 3464 ex
2569 3424 2665 3464 sua
2691 3419 2721 3459 γ
2746 3409 3161 3468 fructificatione
3211 3416 3576 3472 credentibus.

2007 3493 2161 3550 Unde
2180 3495 2356 3565 qualis
2384 3496 2473 3551 ille
2490 3498 2804 3561 resurrexit,
2830 3499 2961 3553 talia
2990 3509 3117 3555 sunt
3153 3511 3208 3556 et
3236 3502 3351 3558 haec
3372 3506 3579 3561 semina

2004 3580 2448 3652 immortalitatis,
2476 3601 2595 3656 qua:
2645 3587 2976 3645 immortales
3017 3589 3219 3646 faciant
3261 3592 3419 3663 digae
3447 3610 3546 3665 per

2004 3672 2310 3743 cipientes:
2350 3684 2405 3730 et
2451 3675 2572 3731 ideo
2598 3679 2811 3747 quoties
2871 3678 2971 3735 ista
3015 3682 3380 3749 comedimus,
3426 3701 3575 3741 mor-

2004 3774 2112 3821 tem
2166 3768 2374 3824 Domini
2423 3772 2826 3837 annuntiamus,
2860 3774 2986 3845 quia
3017 3775 3083 3830 de
3129 3786 3301 3832 morte
3340 3777 3440 3834 ista
3475 3780 3577 3835 im-

2006 3860 2254 3916 mortalia
2284 3862 2601 3929 meruimus,
2631 3873 2653 3903 ²
2685 3864 2857 3923 donec
2883 3866 3063 3922 veniat
3089 3868 3199 3938 ipse
3217 3869 3371 3925 vivus
3389 3878 3447 3927 et
3475 3874 3576 3927 im-

2003 3949 2267 4013 mortalis,
2292 3958 2353 4005 ut
2388 3967 2509 4007 cum
2542 3968 2605 4007 ea
2650 3953 2891 4010 etiamet
2925 3970 3025 4011 nos
3050 3956 3141 4010 tali
3173 3956 3328 4027 longe
3376 3960 3575 4033 diuque

2003 4036 2190 4094 refecti
2219 4052 2277 4081 ια
2310 4040 2598 4097 immortali
2638 4043 2761 4100 cibo
2794 4043 2895 4115 ipsi
2938 4059 3035 4116 per
3077 4062 3201 4103 cum
3240 4048 3574 4109 immortales

2002 4143 2306 4202 regnemus.

2072 4293 2102 4325 ιι
2138 4284 2302 4361 Editi,
2351 4297 2411 4341 ut
2456 4297 2648 4345 ueritas
2672 4290 3202 4361 elaresceret;mss.,
3254 4305 3315 4350 ut
3340 4298 3572 4355 ueritatis

2001 4353 2099 4409 tua:
2118 4355 2439 4413 claresceret.

2072 4432 2099 4505 ἑ
2136 4426 2301 4505 ξξειίιῇ,
2329 4440 2594 4505 nunquam
2630 4431 2840 4505 igitur;
2880 4431 3361 4505 Eloglnnunquqm
3410 4439 3569 4494 enim.

2069 4504 2098 4577 Ρ
2136 4495 2234 4551 Hic
2263 4497 2314 4551 in
2344 4495 2509 4553 Laub.
2540 4495 2727 4569 incipit
2750 4515 2868 4571 cap.
2892 4500 3098 4559 LXVIII
3131 4521 3144 4557 :
3173 4495 3252 4559 De
3272 4501 3417 4559 Iuda
3447 4524 3575 4577 pro.

392 4571 417 4603 ε
620 4578 760 4620 unus
784 4564 963 4636 regius
991 4563 1181 4620 addit:
1222 4564 1528 4634 Abscondit,
1547 4576 1597 4622 et
1623 4583 1735 4637 pra:
1758 4584 1891 4638 gata-
1996 4561 2186 4638 ditare.

315 4630 409 4685 dio
437 4632 604 4689 ilius.

352 4700 595 4825 bzsfmiti
614 4703 819 4760 addunt
839 4720 855 4761 :
882 4702 1185 4761 Diainitatis
1198 4720 1218 4769 ;
1232 4705 1375 4774 quod
1395 4706 1465 4762 ab
1485 4706 1737 4762 omnibus
1759 4721 1891 4764 mss.

319 4782 495 4825 IDCSI.

396 4851 422 4913 ξ
462 4840 632 4913 ξιον..
662 4842 773 4898 sine
791 4860 939 4913 agro,
964 4844 1016 4898 id
1033 4852 1119 4900 est
1139 4858 1365 4913 corpore,
1376 4840 1590 4899 Christi.

394 4909 417 4951 ί
460 4912 597 4967 Editi
625 4909 954 4982 :Quiquant
1003 4913 1167 4976 bene;
1195 4909 1298 4966 nis.
1346 4912 1549 4968 Laud.:
1600 4914 1704 4982 Qui
1732 4915 1890 4981 bene:

317 4981 427 5035 duo
442 4997 573 5038 mss.
592 5000 607 5038 :
627 4980 764 5054 Quia
783 4980 938 5054 quam
960 4984 1121 5046 bene;
1150 4982 1187 5037 l"
1196 4983 1293 5038 lor.
1316 5000 1330 5036 :
1359 4982 1501 5038 Bene
1521 4980 1715 5038 autem.
1747 4983 1887 5049 Qua-

319 5062 444 5105 tuor
465 5068 594 5107 mss.
623 5066 638 5105 :
669 5051 733 5105 Et
761 5051 972 5107 o'auam
994 5054 1136 5107 bene.

396 5122 423 5160 ⁸
462 5121 625 5185 Editi,
656 5137 779 5177 cum
804 5121 968 5187 Flor.,
1001 5140 1063 5177 ne
1092 5138 1217 5177 caro
1243 5122 1499 5177 uideatur.

391 5193 419 5235 δ
459 5190 594 5247 Tres
623 5206 773 5255 mss.,
797 5208 860 5247 ne
885 5191 1017 5260 ﬁdes
1040 5193 1261 5247 avidius.

396 5264 414 5303 ι
460 5260 684 5315 Putean.
706 5262 849 5323 cod.,
879 5264 1097 5330 quiesita
1126 5262 1334 5315 veritas.

395 5331 410 5382 l
460 5330 601 5385 Editi
631 5341 687 5384 et
710 5330 877 5393 Ποῖ-η
924 5336 1153 5398 fruatur.

393 5403 421 5443 κ
462 5401 626 5466 Editi,
654 5400 719 5455 de
758 5400 1075 5476 plenitudine
1113 5400 1249 5469 ejus,
1278 5399 1374 5454 sed
1421 5415 1550 5455 mss.
1582 5413 1891 5471 expungunt

316 5488 709 5605 ηιθὶίιιωετη
740 5538 902 5597 Ulim.
922 5554 1043 5594 cum
1070 5540 1307 5610 quinque
1325 5553 1481 5610 ωδε..
1514 5557 1546 5595 a
1573 5539 1898 5595 credentibus

316 5615 555 5676 emitur,-
601 5612 711 5667 duo
738 5609 1281 5679 mss.,__emendatur;
1320 5609 1513 5679 Laub.,
1560 5610 1893 5664 emundatur.

393 5693 435 5723 ³·
448 5682 629 5741 .Laub.
663 5693 781 5752 cap.
808 5676 1010 5733 LXVII.

2066 4643 2093 4712 tt
2131 4634 2187 4712 hi
2209 4650 2340 4691 mss.
2362 4636 2508 4712 Maj._
2527 4652 2670 4692 mon.
2687 4638 2854 4712 deest
2877 4640 2948 4693 ad
2966 4641 3371 4712 percipiendum.

2071 4710 2093 4742 ι’
2130 4704 2265 4779 Ires
2286 4704 2460 4779 mss,
2474 4707 2653 4779 Agrius
2675 4707 2932 4764 Christus.

2068 4781 2090 4811 ⁸
2132 4771 2317 4838 Ulim.,
2341 4771 2945 4853 $irm.,:1_‘ransitums;
2970 4779 3158 4847 Mam.,
3187 4798 3309 4837 cum
3338 4796 3571 4853 quatuor

1996 4854 2157 4919 ms‘s.,_
2180 4847 2857 4919 _tmnsiens.i_Reliquifere
2893 4866 3083 4909 omnes
3106 4860 3263 4919 ωδε..
3290 4847 3567 4913 transibat.

2072 4914 2091 4947 ι
2132 4912 2235 4970 ΑΙ..
2270 4916 2597 4970 mortalibus.

2066 4991 2094 5020 ιι
2135 4982 2210 5065 ita
2236 4999 2365 5065 mss.
2388 5000 2523 5065 pene
2552 5000 2741 5065 omnes
2766 4986 2906 5065 Editi
2935 5006 2948 5042 :
2982 4987 3139 5057 Quod
3160 4990 3571 5065 incorruptibilis

1984 5048 2104 5117 jam
2131 5050 2367 5128 Christus
2388 5048 2435 5108 'et
2463 5056 2517 5110 in
2547 5056 2686 5128 ctelis
2705 5059 2923 5128 positus.

2066 5128 2095 5155 '
2134 5121 2295 5204 Editi,
2320 5121 2728 5196 incorruptibilis
2755 5139 2953 5193 manet;
2969 5136 3026 5184 at
3047 5144 3206 5195 mss...
3230 5131 3568 5204 incorruptus

1992 5202 2166 5245 manet
2172 5230 2188 5244 .

2069 5272 2096 5301 ι
2136 5261 2270 5316 Tres
2310 5279 2464 5329 tnss.,
2518 5274 2745 5337 resurget
2783 5267 3166 5337 incorruptum,
3202 5269 3406 5327 omisso
3451 5289 3569 5341 per-

1995 5340 2226 5385 maneat.

2073 5406 2101 5445 ἵ
2140 5399 2289 5472 fat”
2318 5413 2367 5456 et
2395 5420 2491 5456 sua
2514 5404 2929 5472 mortiﬁcatione.

2076 5476 2097 5505 ³
2137 5469 2299 5543 Ειιίιὶ,
2318 5472 2488 5525 Donec
2504 5469 2830 5543 veniat'vivns
2854 5486 2901 5528 et
2924 5477 3383 5543 mortalis,eontra
3409 5478 3568 5534 ﬁdem

2002 5540 2242 5664 omnittg‘t
2280 5557 2408 5596 mss.
2448 5544 2538 5609 qui
2590 5542 2772 5613 legunt
2796 5545 2958 5599 donec
2988 5540 3330 5604 ueniat—uiuus
3367 5558 3415 5602 et
3473 5550 3573 5605 im»

2004 5620 2164 5660 ικοηι.
2247 5648 2263 5664 .

2004 5620 2263 5664 mortuus.

2075 5689 2135 5718 ιι
2175 5679 2311 5733 Editi
2342 5692 2395 5734 et
2416 5679 2583 5745 Flora,
2615 5682 3024 5738 immortalitatis
3042 5684 3176 5743 cibo.
