4148 6344
582 321 710 381 ηδ

1110 437 1335 494 CAPUT
1376 436 1492 492 X1X
1531 450 1558 478 ι
1592 475 1609 492 .

649 530 723 588 Ut
767 531 894 604 quid
934 530 989 585 in
1031 527 1512 604 sangui_ne_Christi
1538 528 1794 604 fragmen
1859 530 2087 597 corporis

1163 600 1515 654 admisceatur
1538 599 1564 640 δ
1581 638 1595 652 .

650 718 704 774 1.
747 716 902 772 Patet
948 729 1137 771 sensus
1192 713 1334 783 quod
1364 711 1474 782 jam
1519 726 1649 766 caro
1692 709 1981 781 frangitur,
2033 708 2157 778 quia

576 807 797 880 sanguis
817 815 900 861 est
927 806 979 861 in
1009 803 1177 860 calice
1223 803 1315 872 qui
1363 802 1430 856 de
1458 801 1625 855 latere
1672 801 1929 866 manavit,
1959 809 2011 853 et
2041 800 2160 854 ideo

575 915 738 970 quam
780 907 927 953 recte
961 911 1092 952 caro
1137 893 1383 966 sanguini
1434 889 1691 956 sociatur,
1730 893 1852 962 quia
1889 908 1987 946 nec
2030 907 2160 945 caro

575 990 695 1043 sine
740 985 1006 1056 sanguine
1030 983 1236 1052 utique,
1282 996 1385 1036 nec
1422 981 1642 1050 sanguis
1671 981 1788 1036 sine
1836 997 1999 1036 carne
2039 979 2160 1049 jure

574 1076 1027 1130 communicatur.
1066 1072 1234 1127 Totus
1282 1070 1428 1126 enim
1459 1069 1644 1134 homo,
1695 1069 1788 1139 qui
1839 1086 1903 1126 ex
1953 1068 2160 1125 duabus

573 1177 787 1223 constat
825 1165 1162 1227 substantiis,
1221 1161 1524 1224 redimitur,
1571 1169 1625 1214 et
1659 1161 1777 1214 ideo
1800 1171 1960 1216 carne
2001 1161 2156 1214 simul

573 1255 777 1312 Christi
824 1265 880 1310 et
927 1253 1189 1325 sanguine
1227 1251 1522 1321 saginatur.
1562 1250 1800 1317 Denique
1845 1265 1970 1312 non,
2021 1250 2161 1304 sicut

572 1347 792 1416 quidam
820 1344 1031 1407 volunt,
1062 1342 1241 1396 anima
1281 1339 1394 1395 sola
1434 1341 1536 1394 hoc
1581 1339 1838 1407 mysterio
1874 1335 2155 1406 pascitur;

573 1436 702 1504 quia
731 1450 834 1489 non
859 1433 970 1488 sola
1000 1431 1282 1487 redimitur
1325 1437 1499 1483 morte
1536 1428 1756 1493 Christi,
1787 1437 1842 1482 et
1879 1428 2157 1493 salvatur;

573 1543 765 1582 verum
789 1527 954 1581 etiam
981 1533 1037 1579 et
1061 1538 1188 1579 caro
1219 1530 1400 1575 nostra
1427 1534 1523 1589 per
1547 1520 1648 1573 hoc
1677 1519 1744 1573 ad
1788 1515 2162 1573 immortalita-

574 1629 685 1674 tem
741 1626 797 1672 et
839 1614 1296 1684 incorruptionem
1363 1620 1668 1681 reparatur.
1727 1607 1890 1664 Carni
1943 1609 2161 1678 quidem

574 1717 773 1764 nostra:
798 1721 926 1762 caro
953 1704 1153 1762 Christi
1193 1701 1508 1773 spiritaliter
1531 1711 1553 1739 ο
1581 1699 1953 1756 conviscerata
1983 1709 2158 1754 trans-

1374 323 1441 377 3.
1471 320 1836 378 PASCHASII
1873 319 2218 378 BADBERTI
2255 317 2544 374 ABBATIS
2582 314 3025 372 CORBEIENSIS

3703 315 3845 374 139.8

2188 441 2233 497 Α
2265 450 2460 504 corpus
2482 435 2744 503 pertinet,
2789 433 3027 488 addidit:
3062 431 3131 485 Et
3158 447 3249 501 ego
3289 432 3605 487 resuscitabo
3633 451 3750 487 eum
3787 437 3843 488 in

2263 525 2539 578 novissimo
2572 525 2678 587 die,
2711 533 2769 578 ut
2799 525 2939 577 sicut
2966 523 3171 593 integre
3198 529 3412 576 creatus
3439 530 3526 577 est
3549 523 3732 588 homo,
3765 525 3840 577 ita

2261 631 2474 685 quoque
2524 615 2835 683 redemptus
2888 613 3094 684 integre
3141 613 3491 682 praedicetur;
3538 629 3602 668 ac
3647 614 3846 670 deinde

2261 708 2314 762 in
2355 707 2648 762 novissimo
2676 707 2741 759 ad
2770 706 3038 774 integrum
3073 705 3406 774 reparandas
3437 706 3709 759 credatur.

2332 798 2385 851 5.
2435 795 2448 834 ι
2485 795 2654 850 Porro
2697 797 2750 850 in
2799 795 2987 860 calice,
3029 804 3290 865 quantum
3339 794 3500 848 datur
3541 795 3768 864 intelligi
3809 813 3844 848 ει

2259 887 2464 942 sanctis
2506 886 2778 946 Patribus,
2815 885 2933 941 ideo
2975 884 3136 938 simul
3173 900 3371 954 corpus
3401 892 3456 939 et
3485 885 3707 955 sanguis
3745 899 3848 956 per

2260 980 2400 1036 hanc
2430 992 2639 1052 partem
2667 978 2990 1047 junguntur,
3021 977 3145 1047 quia
3177 977 3314 1032 calix
3343 977 3610 1046 passionis
3639 977 3848 1032 Christi

2260 1073 2568 1142 prteﬁgurat
2621 1070 2970 1142 mysterium,
3021 1069 3160 1124 sicut
3211 1068 3426 1122 canitur
3469 1070 3524 1121 in
3571 1067 3844 1137 psalmis:

2261 1160 2486 1216 Calicem
2529 1161 2779 1216 salutaris
2821 1160 3094 1229 accipiam,
3132 1171 3179 1212 et
3227 1176 3413 1212 nomen
3458 1158 3669 1212 Domini
3698 1158 3849 1211 inro-

2261 1251 2388 1308 cabo
2429 1251 2603 1321 (Psal.
2643 1267 2770 1315 cxv,
2813 1250 2920 1321 15),
2957 1249 3064 1304 Per
3102 1249 3324 1303 calicem
3373 1263 3608 1317 namque
3653 1247 3853 1301 salutis

2259 1343 2442 1413 passio
2485 1339 2818 1410 designatur.
2854 1337 2910 1392 ln
2943 1351 3050 1408 qua
3091 1337 3346 1391 nimirum
3384 1337 3635 1406 passione
3682 1335 3850 1390 simul

2261 1447 2390 1486 caro
2432 1430 2631 1484 Christi
2682 1444 2807 1483 cum
2849 1442 2947 1482 suo
2990 1427 3255 1497 sanguine
3299 1425 3432 1491 fuit;
3481 1425 3685 1480 idcirco
3727 1424 3848 1492 jam

2264 1519 2536 1574 immolato
2571 1517 2804 1593 'Christo
2847 1529 2945 1586 per
2995 1525 3393 1570 sacramentum
3434 1514 3629 1569 divina:
3676 1515 3850 1567 tradi—

2264 1605 2446 1671 tionis,
2477 1621 2674 1677 corpus
2703 1604 2974 1675 frangitur
3011 1605 3078 1660 ad
3119 1620 3301 1659 escam
3331 1602 3563 1674 ponaris,
3589 1611 3644 1656 et
3676 1605 3851 1672 parti-

2267 1709 2354 1755 tur
2381 1699 2654 1764 ﬁdelibiis;
2682 1698 2903 1770 sanguis
2929 1713 3058 1753 vero
3088 1698 3139 1752 in
3163 1698 3331 1754 calice
3353 1713 3417 1752 ac
3441 1698 3488 1751 si
3515 1697 3569 1751 in
3591 1697 3850 1766 passione

577 1804 880 1866 lormatur;
912 1798 939 1838 ἀ
983 1797 1157 1869 [teste
1185 1794 1423 1856 llilario,
1473 1803 1530 1847 ut
1569 1808 1732 1847 unum
1777 1792 1946 1847 simus
1986 1792 2037 1846 in
2095 1806 2162 1846 eo
2187 1784 2234 1843 B
2263 1789 2431 1854 fusus,
2464 1789 2782 1859 spiritaliter
2819 1799 3168 1844 consecratus
3206 1803 3304 1858 pro
3344 1788 3499 1843 nobis
3538 1787 3853 1842 ostenditur

577 1908 674 1963 per
701 1893 803 1947 hoc
849 1887 1166 1960 mysterium
1217 1884 1556 1943 naturaliter,
1599 1892 1659 1937 ut
1708 1889 1763 1936 et
1790 1880 1990 1936 Christi
2037 1881 2164 1935 sub-

574 1982 772 2038 stantia
807 1980 862 2035 in
893 1986 1077 2033 nostra
1106 1989 1271 2032 carne
1297 1969 1669 2042 inveniatur,]
1698 1971 1838 2024 sicut
1883 1977 1937 2024 et
1988 1969 2160 2039 ipsum

577 2082 821 2129 nostram
845 2071 899 2124 in
920 2083 1073 2124 suam
1101 2072 1312 2122 constat
1337 2063 1694 2132 assumpsisse
1726 2062 2002 2126 deitatem,
2023 2061 2164 2115 unde

571 2153 796 2220 orantes
817 2160 886 2216 ad
907 2159 1075 2214 Deum
1097 2172 1223 2213 cum
1250 2155 1514 2224 Propheta
1536 2153 1764 2206 dicimus
1787 2165 1801 2205 :
1829 2150 2123 2205 Memorare
2139 2161 2163 2189 ο

573 2269 695 2325 qua:
715 2267 831 2307 mea
858 2250 1154 2304 substantia
1185 2263 1203 2301 :
1233 2243 1470 2314 nunquid
1493 2244 1629 2296 enim
1669 2257 1800 2296 vane
1848 2240 2162 2294 constituisti

575 2358 752 2396 omnes
785 2341 925 2410 ﬁlios
975 2339 1243 2392 hominum
1271 2336 1340 2404 ?(
1364 2331 1508 2386 Psal.
1539 2346 1803 2394 Lxxxvm,
1856 2328 1982 2400 L8.)
2031 2328 2162 2394 Qua:

573 2434 748 2501 igitur
770 2431 943 2501 major
972 2427 1236 2483 securitas
1261 2423 1516 2485 hominis,
1543 2437 1704 2492 quam
1752 2420 1818 2474 ad
1857 2435 2011 2474 suam
2038 2420 2164 2473 sub-

570 2523 835 2577 stantiam
855 2535 1038 2584 orare,
1067 2527 1122 2573 et
1151 2532 1270 2571 eam
1306 2515 1325 2554 ί
1379 2515 1433 2569 in
1467 2513 1634 2568 Deum
1681 2512 1954 2574 venerari,
2002 2520 2164 2579 atque

575 2628 677 2684 per
718 2613 979 2666 unitatem
1030 2621 1276 2680 personae
1329 2604 1557 2659 ﬁdenter
1581 2605 1607 2644 ε
1636 2603 1818 2658 dicere
1850 2619 1863 2655 :
1901 2601 1945 2656 0
1996 2599 2159 2664 Deus,

573 2723 690 2760 mea
719 2705 1030 2768 substantia,
1059 2701 1146 2772 qui
1189 2717 1270 2754 me
1321 2697 1634 2753 constituisti
1672 2706 1720 2750 et
1762 2695 1973 2761 creasti,
2027 2712 2163 2748 nun-

575 2797 702 2868 quid
729 2811 860 2850 vane
882 2810 962 2847 me
991 2791 1222 2846 creasti?
1252 2803 1355 2845 non
1382 2789 1591 2858 utique,
1616 2785 1741 2840 licet
1783 2785 2012 2839 vanitati
2039 2785 2163 2839 sub-

573 2887 755 2956 iaceat
784 2886 947 2939 homo
965 2884 994 2923 h
1030 2882 1235 2944 vivens,
1263 2879 1389 2949 quia
1413 2878 1556 2932 Deus
1577 2885 1813 2940 creator,
1840 2884 1894 2931 et
1923 2873 2159 2930 Verbum

581 2974 759 3030 Patris
805 2973 978 3028 factus
1012 2972 1028 3011 ί
1064 2971 1248 3025 homo.
1292 2967 1453 3027 Unde,
1491 2974 1704 3022 constat
1737 2980 1834 3037 per
1885 2965 1989 3019 hoc
2017 2962 2161 3033 quod

576 3075 634 3122 et
655 3081 753 3121 nos
787 3065 840 3120 in
871 3063 981 3128 illo,
1009 3073 1062 3118 et
1091 3061 1178 3116 ille
1210 3060 1395 3130 utique
1443 3059 1496 3114 in
1548 3059 1724 3121 nobis,
1766 3059 1894 3112 dum
1939 3055 1953 3106 i
1992 3069 2159 3110 carne

573 3155 892 3226 spiritaliter
1032 3151 1286 3213 refundit,
1309 3122 1377 3206 iit
1412 3163 1510 3205 nos
1553 3163 1648 3220 per
1679 3148 1780 3203 hoc
1810 3149 1863 3202 in
1913 3147 2160 3205 incorruo
2185 3122 2230 3185 (ἶ

575 3247 818 3316 ptionem
849 3242 1318 3298 transformemur.

654 3338 711 3392 ἓ.
753 3335 922 3390 Porro
961 3333 1180 3403 sanguis
1219 3331 1354 3402 ejus,
1386 3338 1446 3383 ιιι
1471 3329 1600 3394 dixi,
1631 3336 1863 3399 potatur,
1890 3335 2159 3397 quatenus

586 3431 786 3495 anima,
811 3445 930 3499 qua:
959 3430 1012 3484 in
1035 3425 1296 3498 sanguine
1319 3425 1520 3495 peccati
1548 3432 1654 3489 est,
1682 3433 2000 3488 renovetur;
2033 3421 2159 3492 quia

582 3534 639 3580 et
682 3522 882 3579 Christi
926 3521 1118 3575 anima.
1154 3534 1259 3572 non
1304 3517 1357 3572 in
1401 3515 1664 3586 sanguine
1699 3514 1930 3584 peccati,
1962 3513 2057 3569 sed
2103 3514 2159 3568 in

582 3613 846 3682 sanguine
880 3610 1084 3674 carnis,
1113 3608 1276 3662 etiam
1303 3606 1380 3660 uti
1407 3615 1598 3660 natura
1631 3613 1714 3659 est
1743 3603 2000 3668 hominis,
2033 3618 2158 3657 ear-

583 3722 710 3761 nem
741 3706 1053 3768 humanam,
1087 3715 1248 3774 quam
1274 3699 1518 3754 Christus
1548 3705 1878 3766 susceperat,
1916 3694 2158 3749 viviﬁca-

581 3791 679 3851 vit.
715 3796 918 3850 Idcirco
947 3809 1054 3850 non
1085 3803 1231 3848 recte
1257 3805 1384 3846 caro
1418 3790 1531 3844 sine
1565 3788 1824 3856 sanguine
1856 3785 2160 3842 communi-

584 3897 771 3954 catur;
824 3886 919 3942 sed
961 3896 1022 3941 ut
1057 3900 1186 3940 caro
1219 3883 1413 3938 habeat
1453 3881 1767 3936 relationem
1800 3869 1865 3933 ad
1899 3879 2156 3942 animam,

577 3996 704 4053 quae
733 3980 785 4034 in
821 3978 1084 4046 sanguine
1113 3974 1310 4032 Christi
1341 3982 1446 4037 est,
1474 3980 1529 4026 et
1561 3971 1742 4026 anima
1769 3969 2094 4024 viviﬁcatrix
2134 3967 2159 4008 Ιι

585 4069 770 4128 Carnis
809 4085 906 4140 per
947 4068 1264 4138 sanguinem
1302 4064 1614 4119 relationem
1651 4061 1844 4116 habeat
1873 4061 1939 4116 ad
1971 4060 2178 4129 Deum,

585 4171 753 4230 atque
775 4161 852 4214 ita
877 4167 1026 4215 totus
1049 4158 1210 4212 homo
1233 4163 1471 4210 sanetur.
1497 4152 1633 4207 Hinc
1659 4166 1874 4221 quoque
1903 4150 2163 4206 Dominus

584 4267 716 4316 cum
739 4249 966 4318 dixisset
992 4266 1005 4302 :
1035 4246 1138 4320 Qui
1171 4245 1458 4299 manducat
1498 4257 1667 4296 meam
1709 4257 1916 4294 carnem
1953 4251 2002 4294 et
2037 4240 2163 4294 bibit

584 4322 759 4394 meum
805 4339 1130 4409 sanguinem,
1168 4335 1318 4389 habet
1366 4334 1524 4387 vitam
1573 4341 1820 4386 (sternam
1847 4368 1863 4397 ,
1908 4330 2166 4384 continuo

586 4431 818 4502 subjecit
852 4449 865 4486 :
897 4429 967 4485 Et
1011 4445 1104 4500 ego
1149 4427 1465 4483 resuscitabo
1513 4441 1631 4479 eum
1680 4424 1736 4476 in
1767 4423 2042 4477 novissimo
2080 4421 2166 4474 die

585 4519 768 4594 (Joan.
795 4537 873 4586 vt,
895 4520 1014 4592 55).
1042 4517 1211 4574 Habet
1253 4530 1484 4586 namque
1526 4514 1652 4568 ideo
1693 4513 1850 4576 dixit,
1883 4512 2008 4581 quia
2038 4525 2165 4566 mox

584 4613 766 4668 anima
794 4626 960 4668 carne
989 4609 1166 4666 soluta
1194 4609 1360 4664 intrat
1389 4608 1450 4662 in
1490 4606 1618 4659 vitae
1650 4602 2043 4674 promptuaria,
2072 4603 2164 4658 ubi

539 4767 542 4769 λ
585 4713 900 4760 sanctorum
951 4703 1146 4758 anima:
1199 4699 1568 4772 requiescunt.
1617 4695 1854 4761 Deinde,
1902 4695 2047 4767 quod
2096 4693 2166 4750 ad

657 4892 685 4921 ι
722 4879 888 4934 Laub.
914 4895 1032 4950 cap.
1057 4876 1243 4934 LXIX.

657 4950 688 4991 δ
722 4950 854 5006 Cod.
884 4943 1047 5004 Laub.
1081 4950 1264 5003 addit:
1292 4947 1361 5002 Et
1383 4945 1522 5018 quod
1544 4962 1646 5018 non
1664 4945 2051 5018 solum_anima,
2073 4943 2165 5018 sed

586 5008 775 5089 corpus
797 5019 893 5072 hoc
925 5020 1166 5089 mysterio
1188 5008 1640 5089 pascitur._Codex
1672 5031 1800 5089 vero
1828 5015 1886 5070 S.
1909 5011 2170 5089 Germani~

591 5083 805 5158 recente
848 5083 1007 5142 manu
1060 5083 1400 5158 conscriptus
1444 5087 1587 5141 hunc
1634 5083 1854 5158 praaiert
1893 5083 2107 5158 titulum
2145 5100 2161 5158 :_

591 5155 834 5228 Corporis
859 5169 904 5211 et
931 5157 1199 5226 sanguinis
1232 5153 1440 5212 Domini
1486 5153 1862 5226 perceptionem
1901 5153 2049 5208 nobis
2093 5153 2166 5208 ad

589 5228 814 5292 salutem,
833 5244 944 5281 esse
969 5229 1334 5281 necessariam.

664 5309 687 5336 ε
729 5289 898 5352 Laub.
924 5296 1217 5365 specialiter
1255 5296 1604 5350 conviscerata
1625 5309 1646 5359 ,°
1688 5307 1790 5346 ms.
1837 5289 1958 5361 Maj.
1987 5306 2158 5356 mon.,

588 5366 932 5435 spiritualiter
951 5376 1270 5435 consecrata.

595 5431 623 5507 ,ξ
646 5437 686 5505 4
723 5436 932 5507 [inclusa
959 5435 1164 5490 ansulis
1187 5434 1384 5489 desunt
1403 5434 1454 5487 iu
1484 5431 1655 5487 Editis

597 5501 688 5575 ,ίέο
727 5505 869 5562 Editi
891 5522 1012 5560 cum
1042 5519 1149 5560 uno
1176 5519 1607 5570 ms.,memorare
1633 5518 1759 5556 mea:
1783 5501 2110 5557 substantia.
2149 5549 2152 5552 .

668 5575 687 5614 ί
732 5576 893 5639 Editi,
915 5591 1030 5628 eam
1056 5575 1182 5630 Deo.
2146 5613 2152 5626 ,

667 5648 692 5686 ⁸
731 5645 906 5709 Auic.,
929 5645 1180 5712 ﬁdentes;
1212 5659 1342 5700 mss.
1392 5641 1578 5713 Major.
1613 5657 1759 5704 mon.
1794 5641 1852 5699 S.
1897 5641 2160 5711 Audoeni,

586 5727 648 5774 et
672 5730 808 5770 unus
829 5716 1028 5785 regius,
1043 5713 1286 5782 ﬁdeliter.

2196 4474 2247 4536 D

2265 1881 2332 1934 ad
2361 1881 2674 1952 potandum,
2707 1880 2818 1935 Deo
2844 1879 2991 1934 Patri
3020 1897 3048 1934 a
3079 1895 3290 1935 summo
3320 1879 3572 1950 pontiﬁce
3606 1879 3848 1940 oblatus.

2263 1981 2529 2042 quatenus
2569 1985 2634 2025 eo
2665 1973 2842 2041 pretio
2885 1987 2992 2042 quo
3039 1973 3300 2042 redempti
3340 1987 3526 2027 sumus
3561 1972 3629 2027 de
3670 1984 3855 2026 morte

2265 2063 2332 2115 ad
2363 2063 2552 2124 vitam,
2579 2070 2633 2116 et
2670 2064 2721 2115 in
2763 2075 2990 2132 corpore
3017 2063 3218 2117 Christi
3263 2065 3557 2134 aggregati,
3578 2079 3854 2118 cxuamur

2265 2169 2295 2206 a
2333 2153 2507 2222 culpis
2542 2154 2874 2224 quotidianis
2922 2154 3237 2224 levibusque
3263 2157 3520 2224 peccatis.
3545 2156 3752 2210 Deinde
3782 2171 3856 2210 eo

2263 2245 2380 2314 ipso
2417 2245 2541 2299 cibo
2587 2254 2826 2316 potuque
2870 2261 3156 2316 pascantur
3185 2257 3238 2302 et
3276 2256 3522 2318 potemnr
3550 2249 3616 2304 ad
3652 2250 3855 2312 vitam,

2262 2350 2324 2391 ut
2363 2352 2431 2392 ex
2485 2337 2602 2408 ipso
2652 2355 2750 2408 per
2789 2338 2961 2408 ipsum
3014 2339 3200 2394 refecti
3251 2342 3688 2396 conviscereinur
3794 2343 3852 2396 in

2263 2426 2501 2492 Christo,
2532 2437 2805 2496 quatenus
2834 2438 2888 2482 et
2914 2428 3014 2498 ipsi
3040 2445 3162 2482 cum
3194 2446 3259 2485 eo
3288 2447 3458 2484 unum
3481 2431 3851 2493 inveniamur,

2263 2521 2502 2591 alioquin
2530 2522 2695 2576 vitam
2725 2523 2777 2576 in
2809 2523 2965 2577 nobis
2993 2522 3192 2577 habere
3217 2513 3320 2576 nDlI
3351 2538 3670 2593 possumus;
3703 2523 3857 2577 unde

2264 2613 2378 2682 ipse
2421 2612 2712 2666 Salvator:
2757 2611 2879 2666 Nisi
2919 2614 3378 2677 manducareritis,
3405 2613 3598 2682 inquit,
3633 2629 3856 2665 carnem

2262 2701 2362 2769 ﬁlii
2383 2701 2609 2756 hominis
2630 2714 2674 2756 et
2705 2703 2936 2756 biberilis
2959 2702 3073 2772 ejus
3101 2705 3431 2773 sanguinem,
3463 2719 3566 2757 non
3589 2692 3857 2756 habebitis

2263 2792 2418 2846 vitam
2447 2794 2500 2846 in
2532 2793 2670 2848 vobis
2698 2793 2881 2864 (Joan.
2922 2808 2995 2856 Vt,
3028 2793 3139 2863 54).

2331 2881 2386 2934 4.
2428 2881 2769 2953 Quapropter
2823 2885 2986 2938 etiam
3040 2882 3279 2938 nonnulli
3337 2891 3616 2951 quarunt,
3659 2882 3704 2937 si
3750 2899 3836 2954 qu

2261 2972 2623 3044 baptizantur,
2671 2985 2726 3030 et
2776 2976 3034 3044 praeventi
3099 2984 3272 3030 morte
3322 2976 3524 3029 iuerint
3579 2976 3854 3040 velocius,

2263 3080 2364 3120 nec
2393 3065 2644 3120 sinuntur
2667 3082 2889 3121 carnem
2913 3066 3124 3121 Domini
3149 3067 3498 3131 manducare,
3523 3080 3702 3135 neque
3729 3066 3858 3134 ejus

2265 3155 2579 3225 sanguinem
2628 3154 2831 3219 bibere,
2859 3164 3040 3210 utrum
3079 3155 3162 3210 vel
3204 3163 3461 3224 quantum
3492 3165 3716 3219 noceat;
3749 3166 3854 3210 aut

2264 3245 2310 3300 si
2348 3245 2480 3300 nihil
2515 3253 2727 3309 noceat,
2753 3246 3053 3314 praesertim
3088 3259 3209 3299 cum
3239 3259 3364 3298 mox
3397 3245 3564 3298 renati
3595 3245 3647 3298 in
3678 3243 3852 3300 Chri-

2263 3344 2369 3399 sto,
2401 3351 2566 3390 uuum
2607 3351 2730 3390 cum
2761 3350 2827 3390 eo
2851 3351 3047 3407 corpus
3080 3330 3278 3398 ell‘ecti,
3310 3335 3362 3388 in
3403 3335 3738 3404 adoptionem
3783 3335 3856 3390 ti-

2263 3425 2456 3480 liorum
2497 3426 2594 3482 Dei
2644 3426 2858 3480 venisse
2906 3441 3034 3480 vere
3078 3425 3394 3480 creduntur.
3437 3423 3584 3480 Unde
3621 3435 3858 3481 constat

2263 3520 2390 3589 quia
2437 3519 2609 3573 renati
2659 3519 2728 3573 ad
2772 3519 2970 3583 vitam,
3020 3533 3145 3573 mox
3203 3517 3447 3572 translati
3478 3530 3574 3586 per
3607 3527 3854 3572 mortem

2262 3610 2444 3666 carnis
2485 3609 2553 3664 ad
2593 3609 2762 3680 ipsam
2807 3609 3160 3678 eamdemque
3203 3609 3394 3672 vitam,
3428 3622 3547 3676 qua:
3591 3606 3854 3662 Christus

2263 3712 2367 3768 est,
2395 3703 2512 3759 sine
2539 3702 2698 3758 ullius
2736 3703 2854 3758 labe
2887 3702 3112 3772 peccati,
3154 3701 3206 3755 in
3261 3703 3376 3770 ipso
3404 3710 3432 3736 ιι
3461 3701 3855 3769 concorporati

2265 3794 2643 3859 inveniuntur;
2681 3803 2737 3849 et
2768 3794 2891 3848 ideo
2917 3809 3022 3847 non
3060 3794 3252 3846 obesse
3283 3791 3554 3845 credimus
3603 3804 3702 3845 eos
3735 3791 3828 3843 via
3861 3775 3868 3779 ’

2267 3883 2432 3938 ticum
2463 3899 2568 3937 non
2599 3883 2876 3953 accepisse
2922 3881 3080 3950 hujus
3123 3883 3446 3936 sacramenti
3481 3880 3550 3934 ad
3588 3880 3758 3933 vitam
3799 3865 3854 3932 in

2265 3974 2384 4038 via;
2413 3974 2538 4044 quia
2571 3974 2623 4028 in
2658 3973 2803 4029 nullo
2840 3983 2962 4044 post
2996 3981 3304 4043 perceptam
3345 3972 3508 4025 vitam
3543 3971 3858 4025 declinave-

2268 4072 2394 4118 runt
2420 4071 2445 4098 °
2487 4080 2516 4118 a
2547 4063 2654 4127 via,
2685 4064 2780 4118 sed
2827 4071 3143 4117 manserunt
3189 4063 3241 4116 in
3283 4062 3411 4125 vita,
3440 4076 3563 4130 quae
3598 4058 3860 4115 Christus

2265 4166 2372 4222 est,
2397 4166 2451 4212 et
2485 4155 2604 4210 ideo
2631 4171 2737 4210 non
2764 4153 3082 4210 defecerunt
3111 4156 3161 4209 in
3189 4156 3298 4218 via,
3331 4155 3499 4209 donec
3528 4162 3858 4224 perventum

2264 4247 2435 4308 estad
2458 4246 2765 4311 veritatem,
2799 4247 2851 4300 in
2878 4261 2981 4315 qua
3012 4247 3344 4315 sempiterna
3374 4254 3430 4299 et
3454 4261 3580 4300 vera
3605 4253 3695 4299 est
3713 4245 3856 4298 vita.

2266 4337 2531 4392 Caeterum
2576 4338 2892 4407 quantisper
2945 4336 3030 4390 hic
3081 4337 3485 4392 remanentibus
3532 4335 3690 4390 valde
3729 4351 3863 4406 per-

2270 4428 2610 4484 necessarius
2639 4436 2722 4482 est
2747 4428 2815 4482 ad
2838 4428 3001 4482 vitam
3033 4426 3119 4482 ille
3141 4427 3294 4483 cibus
3317 4423 3556 4482 caelestis
3582 4435 3640 4481 et
3667 4437 3859 4496 potus,

2269 4529 2539 4589 quatenus
2569 4528 2597 4568 P
2623 4517 2766 4574 sicut
2788 4517 3007 4573 aluntur
3034 4519 3171 4575 cibis
3201 4517 3433 4593 terrenis
3458 4517 3525 4574 ad
3554 4526 3775 4586 tempus
3799 4527 3860 4571 ut

2266 4611 2475 4676 vivant,
2519 4610 2600 4666 sic
2651 4611 2866 4665 alantur
2911 4611 3229 4682 spiritaliter
3265 4611 3438 4666 renati
3485 4625 3585 4682 per
3625 4611 3745 4666 hac
3793 4610 3862 4664 ad

2268 4709 2584 4773 perpetuam
2620 4701 2813 4767 vitam,
2843 4715 2911 4757 ne
2940 4701 3196 4758 deﬁciant
3234 4701 3290 4756 in
3328 4701 3432 4767 via,
3465 4701 3639 4756 donec
3669 4709 3861 4755 trans-

2338 4877 2369 4919 δ
2410 4878 2574 4942 Editi,
2597 4880 2762 4933 omnis
2785 4880 2938 4932 homo
2961 4880 3154 4934 vivens.

2275 4988 2278 4990 ν
2346 4949 2363 5018 ξ
2411 4949 2573 5012 Editi,
2607 4949 2774 5018 factus
2795 4959 2869 5002 est
2899 4949 3075 5003 homo.

2341 5016 2355 5068 i
2408 5019 2571 5082 Editi,
2601 5016 2726 5071 dum
2754 5019 2808 5072 in
2843 5035 3021 5072 carne.

2339 5087 2365 5158 If
2405 5089 2513 5152 AL,
2538 5088 2797 5155 vioiﬁcata
2833 5088 3027 5142 Christi
3054 5104 3147 5158 per
3166 5089 3494 5156 sanguinem.

2341 5156 2359 5195 ι
2400 5159 2529 5224 Quae
2565 5167 2864 5228 sequuntur
2885 5156 3063 5226 usque
3080 5157 3148 5211 ad
3175 5159 3384 5211 interim
3422 5167 3597 5211 tamen
3621 5157 3862 5226 justum,

2265 5227 2722 5284 desiderantur’in
2753 5228 3000 5282 undecim
3037 5242 3168 5282 mss.

2336 5306 2373 5328 ⁸⁸
2416 5297 2574 5362 Eiliti,
2607 5313 3044 5350 convesceremur.
3289 5342 3291 5344 .

2341 5377 2370 5422 η
2407 5366 2571 5442 Editi,
2598 5383 2704 5442 non
2726 5367 3063 5442 incorporati,
3089 5381 3196 5421 non
3221 5365 3295 5420 ita
3315 5365 3474 5442 bene.

2304 5507 2317 5520 ο
2342 5444 2367 5472 ⁰
2407 5437 2538 5496 Cod.
2593 5436 2808 5508 regius,
2835 5436 3270 5504 ‘declinaverunt,
3307 5436 3399 5492 s'cd
3445 5447 3756 5492 manserunt
3804 5439 3866 5490 in

2341 5587 2369 5628 ι’
2405 5574 2537 5630 Cod.
2581 5576 2784 5646 regius,
2815 5587 3072 5648 quatenus
3121 5577 3198 5631 sic
3245 5576 3463 5632 alantur
3507 5575 3870 5646 spiritualitu'

2269 5647 2438 5702 renati
2466 5663 2560 5717 per
2586 5649 2696 5702 ha'c
2721 5648 2790 5701 ad
2817 5658 3117 5717 perpetuen:
3143 5648 3322 5702 vitam.
3743 5680 3772 5684 --
