4148 6344
333 321 477 377 4589

330 443 458 489 cant
500 449 600 506 per
643 444 871 492 mortem
908 439 1087 493 carnis
1136 439 1202 492 ad
1245 448 1578 510 perpetuam,
1613 441 1712 495 ubi
1739 439 1915 520 nullus
1943 443 1986 502 Α

333 525 578 583 delectus
604 537 707 595 est,
733 541 786 586 et
815 531 1196 601 sempiternam
1225 535 1414 590 vitam.

401 616 456 672 5.
497 619 656 689 (Aug.
687 621 740 673 in
767 620 958 687 10am,
984 639 1029 676 c.
1059 622 1137 693 6.)
1168 622 1389 677 interim
1418 632 1595 678 tamen
1623 622 1828 693 justum
1861 632 1916 678 et

331 697 800 775 pernecessarium
829 718 888 764 ut
913 712 1222 782 redemptus
1267 711 1443 768 alatur
1467 714 1534 767 ad
1562 714 1914 782 incorruptio-

331 811 456 850 nem
499 805 556 850 et
598 782 814 868 potetur
838 800 906 854 ad
933 804 1120 854 vitam.
1163 801 1455 872 Propterea
1497 818 1621 857 mox
1663 802 1912 857 Salvator

332 885 552 939 intulit:
587 885 724 941 Caro
767 891 906 942 enim
948 906 1062 944 mea
1105 908 1219 946 vere
1261 902 1334 946 est
1374 891 1553 958 cibus,
1603 903 1650 947 et
1696 895 1911 963 sanguis

331 992 474 1028 meus
499 993 612 1030 uere
634 988 708 1030 est
735 988 889 1046 potus
913 979 1092 1050 (Joan.
1124 998 1198 1047 vt,
1221 982 1311 1053 56)
1338 1001 1352 1036 :
1381 999 1446 1039 ac
1467 985 1514 1039 si
1540 985 1759 1049 diceret,
1782 986 1909 1055 quia

327 1066 654 1135 generaliter
700 1069 946 1125 homines
977 1072 1158 1126 cibum
1187 1083 1243 1129 et
1269 1083 1453 1145 potum
1491 1078 1561 1132 ob
1601 1077 1654 1132 id
1697 1093 1911 1148 perma-

331 1159 474 1213 xime
503 1168 783 1230 appetunt,
819 1171 879 1216 ut
904 1180 1009 1217 non
1041 1166 1286 1219 esuriant
1312 1183 1486 1235 neque
1513 1169 1717 1234 sitiant,
1749 1179 1802 1224 et
1840 1186 1909 1226 ne

329 1247 654 1311 moriantur,
702 1251 804 1304 hoc
834 1252 1024 1321 utique
1053 1256 1359 1309 communis
1398 1257 1500 1311 iste
1543 1273 1648 1312 non
1688 1266 1909 1327 praestat

332 1338 480 1392 cibus
508 1348 568 1394 et
585 1348 769 1409 potus,
798 1343 893 1397 sed
923 1358 1058 1398 caro
1079 1360 1201 1400 mea
1227 1355 1286 1401 et
1313 1347 1552 1418 sanguis,
1583 1348 1706 1416 quia
1744 1360 1769 1389 α
1807 1350 1908 1404 im-

327 1430 584 1486 mortales
619 1441 673 1487 et
715 1433 1150 1504 incorruptibiles
1189 1436 1338 1505 facit,
1369 1451 1427 1495 et
1453 1441 1574 1496 ideo
1602 1457 1728 1497 vere
1755 1443 1911 1499 cibus

325 1529 382 1574 et
418 1530 578 1590 potus
621 1524 932 1579 nominatur
960 1527 1011 1580 ι’.
1051 1527 1278 1584 Constat
1305 1531 1468 1601 igitur
1503 1540 1557 1587 et
1587 1532 1753 1603 liquet
1789 1549 1905 1589 om-

327 1610 508 1676 nibus,
536 1614 678 1681 quod
723 1614 776 1668 in
818 1614 922 1670 hac
969 1619 1183 1672 mortali
1217 1620 1323 1675 vita
1372 1622 1487 1676 sine
1526 1623 1648 1676 cibo
1683 1633 1738 1677 et
1776 1633 1903 1692 potu

329 1718 437 1758 non
472 1703 711 1757 vivitur:
739 1705 817 1759 sic
847 1705 1029 1776 itaque
1061 1709 1128 1763 ad
1169 1709 1313 1764 illam
1351 1720 1611 1766 aeternam
1647 1729 1750 1770 non
1779 1731 1901 1783 per-

1264 327 1386 384 LIB.
1426 327 1514 383 DE
1548 327 1868 384 CORPORE
1904 329 1990 382 ΕΤ
2028 330 2385 389 δςιΝευιΝε.
2409 334 2676 392 βοιιιιΝιι

3452 343 3596 398 -ιδδο

2573 445 2801 502 caper
2838 446 2934 501 xx
2974 450 3012 503 ι.
3591 521 3593 526 η

2021 530 2196 608 Quare
2222 532 2249 608 _i
2291 552 2427 608 nunc
2471 554 2502 589 a
2541 537 2743 606 jejunis
2796 541 3096 608 mysterium
3146 557 3313 598 sacra
3360 559 3598 602 commu-

2087 603 2742 687 niolttis‘celebra‘tttlr,cum
2789 603 3040 664 Dominus
3075 622 3192 682 post
3231 629 3434 669 cernant
3472 633 3600 687 apo-

2029 691 2032 694 ’
2083 673 2232 728 stolis
2257 676 2353 728 hoc
2383 673 2676 731 tradiderit.

2009 844 2035 857 -
2085 783 2136 837 l.
2180 782 2590 840 Sacramentum
2639 803 2768 858 ergo
2811 787 2944 854 fuit,
2991 792 3135 861 quod
3176 792 3434 852 Dominus
3467 803 3601 869 past

2012 887 2223 927 ctenam
2255 875 2512 943 apostolis
2535 877 2640 933 hoc
2664 879 2902 934 tradidit.
2931 879 3021 938 Sic
3045 884 3190 940 enim
3219 885 3350 945 illud
3381 889 3598 962 impleri

2010 963 2296 1031 oportebat
2339 966 2482 1021 circa
2521 966 2682 1022 linem
2707 969 2811 1024 diei
2855 971 2922 1026 ad
2969 988 3272 1045 vesperam,
3309 987 3368 1033 ut
3397 981 3528 1036 hora
3561 982 3589 1021 ³

2012 1054 2126 1125 ipsa
2155 1055 2408 1111 sacriﬁcii
2432 1060 2742 1116 ostenderet
2759 1062 2872 1132 jam
2895 1063 3056 1118 linem
3080 1068 3259 1123 saeculi
3287 1071 3588 1136 advenissm

2011 1143 2154 1198 unde
2198 1141 2480 1201 Joannes:
2512 1145 2696 1202 Filioli
2759 1152 2889 1216 mei,‘
2935 1150 2969 1190 1‘
2996 1155 3276 1211 novissima
3331 1160 3461 1213 hora
3512 1172 3589 1215 est

2011 1231 2063 1303 (Ι
2094 1232 2256 1288 Juau.
2284 1252 2345 1301 ιι,
2371 1237 2448 1305 8).
2490 1238 2656 1293 Porro
2693 1242 2918 1310 apostoli
2963 1243 3292 1316 ideo‘jejani
3327 1247 3439 1317 jam
3483 1232 3614 1305 non.

2008 1333 2182 1390 erant,
2205 1327 2329 1396 quia
2353 1343 2574 1384 necesse
2597 1329 2702 1384 fuit
2718 1339 2776 1385 ut
2796 1335 2992 1402 pascha
3019 1335 3151 1391 illud
3176 1339 3412 1409 typicnm
3436 1339 3592 1410 prius

2007 1416 2390 1486 eompleretnr,
2413 1419 2611 1475 deinde
2631 1422 2698 1476 ad
2727 1438 2912 1478 verum
2940 1427 3154 1496 paschae
3185 1441 3586 1488 sacramentum

2008 1506 2323 1561 transirent.
2353 1507 2465 1563 ll‘oc
2507 1510 2652 1565 enim
2684 1514 2736 1566 in
2773 1516 3030 1583 mysterio
3066 1527 3192 1573 tunc
3230 1519 3430 1576 factum
3476 1528 3595 1586 est,

2007 1602 2066 1649 ut
2112 1605 2167 1650 et
2207 1596 2399 1651 umbra
2451 1599 2611 1654 linem
2659 1601 2950 1672 acciperet,
2992 1607 3218 1663 veritate
3262 1619 3499 1676 ostensa,
3534 1623 3592 1668 et

2006 1686 2110 1756 ipsi
2137 1688 2330 1743 deinde
2359 1691 2422 1744 ad
2447 1705 2628 1746 veram
2665 1709 2790 1749 mox
2829 1698 3123 1754 transirent
3161 1701 3475 1758 novitatem.
3508 1705 3589 1762 Ex

327 1793 564 1858 venitur,
593 1794 695 1848 nisi
734 1795 941 1853 duobus
982 1798 1102 1854 istis
1138 1801 1206 1855 ad
1247 1801 1704 1858 immortalitatem
1736 1777 1900 1876 spiri-
1932 1787 1978 1846 Β
2005 1791 2112 1845 quo
2140 1777 2338 1876 r399!"
2367 1783 2508 1850 quod
2537 1781 2705 1852 jejuni
2741 1801 2934 1855 corpus
2962 1798 3017 1844 θί
3045 1794 3358 1861 sanguine!“
3400 1796 3589 1866 primi“

329 1882 508 1937 taliter
535 1885 836 1952 nutriatur;
871 1896 923 1942 et
947 1888 1070 1944 ideo
1099 1891 1236 1945 bene
1263 1892 1422 1947 simul
1455 1894 1508 1948 in
1532 1893 1702 1952 calice
1729 1908 1750 1934 θ
1782 1898 1903 1952 red-

325 1975 550 2038 duntur,
583 1975 708 2044 quia
761 1977 828 2032 de
876 1995 981 2034 uno
1023 1981 1195 2038 calice
1240 1986 1506 2054 passionis
1551 1987 1748 2044 Christi
1787 1991 1903 2048 hinc

329 2065 434 2119 duo
479 2065 634 2120 nobis
677 2065 745 2120 ad
783 2068 950 2124 vitam
997 2083 1303 2129 manarunt.
1330 2075 1436 2131 Sed
1469 2078 1653 2134 infelix
1681 2089 1763 2136 est
1786 2083 1903 2137 ani-

330 2171 472 2220 mus,
497 2156 589 2226 qui
619 2156 721 2213 hoc
741 2173 846 2213 non
886 2161 1018 2215 satis
1046 2164 1239 2229 credit,
1267 2174 1322 2220 et
1353 2175 1529 2222 tamen
1561 2185 1666 2224 non
1695 2171 1904 2226 dubitat

326 2245 469 2314 quod
517 2245 639 2301 cibo
687 2254 744 2301 et
790 2256 916 2316 potu
961 2252 1070 2305 vita
1127 2251 1360 2308 humana
1405 2266 1754 2313 sustentetur.
1784 2258 1811 2298 ά
1843 2259 1901 2315 Si

326 2335 473 2389 enim
505 2335 559 2390 in
591 2335 694 2391 hoc
723 2339 937 2394 mortali
978 2341 1101 2396 cibo
1136 2351 1283 2398 tanta
1319 2345 1401 2400 vis
1436 2347 1596 2413 inest,
1630 2358 1688 2404 ut
1719 2351 1899 2420 quoti-

327 2429 413 2485 die
443 2429 606 2483 vitam
653 2429 922 2487 labentem
953 2445 1168 2504 reparet
1205 2447 1260 2493 et
1300 2438 1444 2495 vires
1475 2442 1743 2509 restituat,
1772 2444 1902 2514 quid

327 2518 667 2574 sentiendum
703 2521 772 2576 de
816 2522 918 2577 hoc
961 2525 1247 2580 immortali
1277 2529 1400 2583 cibo
1434 2539 1489 2584 et
1532 2539 1682 2599 potu,
1716 2532 1767 2586 in
1794 2548 1901 2602 quo

330 2609 438 2663 vita
466 2619 669 2665 aeterna
692 2619 981 2680 praestatur
1010 2623 1065 2670 et
1091 2615 1468 2675 immortalitas
1497 2631 1520 2658 θ
1550 2623 1770 2692 regnat?
1804 2622 1902 2679 Ye-

326 2703 463 2755 ritas
499 2701 646 2756 enim
687 2712 772 2758 est
813 2702 974 2771 Deus,
1008 2715 1064 2760 et
1103 2707 1352 2763 Christus
1395 2711 1597 2766 veritas
1637 2713 1910 2783 est,,quia.

327 2791 518 2860 utique
561 2791 703 2849 Deus
748 2812 761 2848 :
809 2807 1118 2866 propterea,
1155 2815 1189 2854 ο
1239 2802 1420 2866 homo,
1454 2803 1500 2856 si
1546 2804 1747 2861 veritas
1794 2815 1910 2872 est,.

325 2884 508 2950 crede,
535 2899 666 2942 caro
693 2885 894 2943 Christi
925 2898 980 2944 et
1001 2891 1220 2962 sanguis
1248 2893 1375 2965 quia
1406 2894 1514 2952 vita
1543 2905 1626 2950 est
1651 2913 1665 2961 ;
1699 2905 1757 2951 et
1782 2896 1900 2952 ideo

327 2970 542 3030 Veritas
570 2986 934 3045 protestatur:
964 2979 1068 3046 Qui
1102 2983 1384 3041 manducet
1412 3001 1581 3042 meam
1612 3003 1822 3042 carnem
1852 2997 1900 3042 et

326 3064 451 3117 bibit
499 3081 671 3120 meum
717 3071 1044 3138 sanguinem,
1087 3071 1236 3130 habet
1276 3074 1437 3130 vitam
1481 3085 1730 3130 (uernam
1763 3076 1816 3130 :‘n
1845 3094 1898 3131 se

324 3168 620 3213 manentem
657 3158 840 3231 (Joan.
866 3179 938 3226 vr,
963 3163 1086 3235 55);
1119 3177 1424 3224 manentem
1455 3169 1638 3240 utique
1663 3181 1718 3228 et
1741 3190 1845 3228 non
1873 3171 1892 3213 ί

326 3245 616 3316 labentem,
648 3254 773 3328 quia
810 3256 862 3315 iu
900 3258 1000 3316 hac
1028 3260 1135 3316 vita
1167 3277 1326 3317 nemo
1362 3263 1512 3330 vivit,
1540 3267 1642 3321 nisi
1671 3267 1899 3324 vivendo

324 3339 542 3396 labatur
585 3343 640 3398 in
690 3356 942 3403 mortem.
981 3350 1038 3406 ln
1082 3351 1169 3407 illa
1197 3369 1328 3410 vero
1372 3369 1584 3426 semper
1615 3357 1671 3412 in
1708 3359 1897 3414 eodem

321 3441 465 3487 statu
520 3438 788 3494 manendo
833 3441 950 3496 sine
993 3443 1206 3499 defectu
1249 3446 1464 3502 vivitur.
1497 3448 1662 3519 Igitur
1697 3451 1741 3505 si
1775 3452 1896 3520 quis

319 3523 618 3592 sequitur‘.
643 3528 831 3595 viam,
876 3541 1022 3588 tenet
1062 3536 1378 3604 veritatem;
1423 3547 1480 3594 et
1523 3540 1617 3609 qui
1663 3542 1898 3598 tenuerit

319 3609 624 3682 veritatem,
655 3616 766 3686 jam
800 3621 968 3677 vitam
1017 3625 1179 3680 habet
1219 3626 1272 3681 in
1319 3642 1376 3683 se
1412 3639 1737 3697 manentem,
1767 3633 1893 3703 quia

317 3700 570 3759 Christus
595 3716 680 3762 est
701 3707 804 3775 via,
830 3711 961 3777 vita,
987 3721 1042 3767 et
1067 3715 1298 3781 veritas;
1328 3717 1470 3773 unde
1492 3725 1546 3774 et
1574 3700 1892 3791 hocfmyste-

317 3794 458 3848 rium
488 3811 872 3872 nonnunquam
911 3803 1168 3860 viaticum
1195 3808 1514 3877 appellatur,
1543 3812 1667 3881 quia
1699 3813 1744 3868 si
1770 3814 1892 3884 quis

316 3883 412 3939 illo
439 3885 638 3944 fruitur
678 3891 740 3945 in
772 3893 880 3959 via,
922 3898 1166 3965 pervenit
1191 3900 1259 3954 ad
1290 3901 1476 3967 vitam,
1505 3919 1665 3972 quam
1687 3901 1798 3973 jam
1835 3907 1888 3960 in

315 3989 378 4030 se
409 3977 600 4045 habet,
617 3989 675 4034 et
697 3980 932 4040 falsitate
959 3985 1100 4041 nulla
1132 3987 1349 4056 fallitur,
1374 3991 1498 4060 quia
1527 3992 1754 4048 veritate
1785 3996 1888 4050 Do-

316 4067 502 4124 minici
545 4074 788 4146 corporis
829 4085 885 4132 et
918 4079 1194 4150 sanguinis
1225 4081 1291 4137 ad
1331 4083 1494 4137 vitam
1532 4083 1828 4142 illustratus
1858 4089 1883 4131 δ

312 4167 614 4228 vegetatur.

331 4487 334 4491 λ
387 4435 414 4507 ς
452 4423 618 4507 ξὶᾲίιὶ,
643 4431 733 4507 qui
757 4431 1076 4490 immortales
1105 4436 1249 4507 facit.

387 4493 414 4532 δ
451 4496 559 4560 ΑΙ.,
586 4493 940 4559 nominantur.

387 4569 412 4638 ἢ
452 4565 694 4638 Quatuor
723 4589 874 4638 mss.,
907 4577 1208 4631 creduntur.

386 4634 550 4725 θέμις
577 4634 1026 4725 incipitiueodice
1048 4647 1216 4725 hauh.
1231 4663 1353 4719 cap.
1373 4648 1516 4706 LXX
1533 4691 1548 4706 .
1573 4651 1883 4725 Exemplum

310 4705 377 4757 de
403 4706 514 4760 cibo
545 4705 754 4765 mortali
775 4715 843 4766 ad
871 4716 1164 4770 mortalem.

389 4785 413 4813 ο
451 4774 527 4896 Ita
579 4794 767 4836 omnes
807 4800 936 4839 mss.
985 4785 1204 4842 Mamcr.
1256 4797 1310 4842 et
1356 4788 1518 4847 Sirm.
1568 4803 1881 4864 expungunt

389 4861 471 4896 1110
500 4885 513 4896 .

311 4859 513 4907 regnat.

391 4912 410 4950 ί
449 4913 582 4985 :I’res
613 4935 737 4985 tus.,
769 4923 1049 4980 labantem.

387 4985 413 5065 ξ
447 4983 609 5065 ξξᾶίςί,
646 4983 834 5065 signis
864 4999 1098 5065 sequitur
1124 4999 1300 5053 vitam.

385 5053 647 5136 h_Vatic.,
676 5053 972 5136 illustratur
1000 5077 1275 5136 regelatus.
1301 5068 1458 5129 Mam.
1487 5080 1542 5127 et
1570 5070 1731 5129 Ulim.
1755 5088 1880 5128 cum

311 5121 521 5207 δυριψε
551 5121 710 5207 mas-1
740 5132 1035 5207 ειιςιειι-αιιιν
1055 5121 1110 5207 fe.
1129 5121 1421 5207 regelatur;

449 5193 656 5274 thcod.
688 5199 1016 5274 Laub.,cap.
1050 5193 1235 5263 ιΧΧῑ.

388 5262 422 5350 ἰ-
449 5262 612 5350 Editi,
638 5285 780 5350 _t_:n.m
830 5262 1038 5350 duobus
1081 5262 1230 5350 mss.
1253 5279 1418 5334 adunt
1456 5281 1782 5350 generaliter.
1817 5283 1876 5339 ιιι

311 5346 445 5407 mss.
480 5349 610 5390 vero
637 5336 760 5407 Maj.
787 5358 930 5396 mon.
974 5347 1054 5400 sic
1086 5347 1306 5402 eﬂ‘ertur
1335 5350 1420 5404 hic
1447 5336 1630 5405 titulus
1662 5368 1677 5405 :
1714 5336 1878 5407 Ceae;

311 5402 493 5457 raliter
525 5422 665 5488 nunc
691 5402 880 5500 jeju'ut‘)
913 5412 1074 5500 [forte
1106 5435 1144 5500 (τί
1158 5418 1368 5500 jejuno]
1391 5402 1689 5490 mysterium

311 5478 702 5560 communionis
742 5478 1057 5560 celebratur.
1103 5478 1501 5560 Oinissisg’quiie
1556 5478 1878 5560 sequuntur,

308 5559 434 5667 grta:
455 5546 616 5602 etiam
646 5549 699 5604 in
727 5553 913 5608 codice
939 5553 1351 5628 Rothomagensi
1380 5546 1435 5616 Ξ.
1463 5546 1702 5617 Αιιόοὲηἰ
1729 5546 1881 5618 emit:

336 5629 406 5667 un
434 5629 517 5667 ur.

335 5629 517 5671 llﬂllll'.

331 5753 338 5758 Α
385 5683 408 5720 ¹¹
448 5681 644 5756 Vatia,
676 5701 727 5746 ut
755 5695 882 5748 liora
912 5694 1071 5764 ipsius
1101 5697 1364 5766 sacriﬁcii.

1912 4489 1966 4548 D

2009 1875 2096 1923 tus
2139 1869 2361 1925 minime
2403 1887 2711 1943 percepere.
2753 1876 3020 1934 Cazterum
3064 1884 3495 1941 universaliter"
3533 1889 3588 1943 in

2007 1960 2246 2016 Ecclesia
2277 1978 2465 2036 omnes
2489 1981 2608 2020 cum
2639 1982 2848 2024 summa
2881 1972 3138 2043 religione
3154 1975 3323 2046 jejuni
3346 1995 3588 2036 commu-

2007 2053 2190 2108 nicare
2220 2067 2636 2112 consueverunt.
2681 2059 2771 2116 Sic
2805 2063 2947 2118 enim
2975 2067 3179 2136 placuit
3207 2069 3430 2141 Spiritui
3462 2089 3590 2128 san-

2005 2155 2093 2201 cto
2113 2163 2210 2217 per
2236 2151 2508 2218 apostolos
2532 2163 2557 2190 η
2581 2162 2640 2208 ut
2664 2155 2727 2209 in
2756 2156 3014 2214 honorem
3048 2162 3178 2215 tanti
3209 2165 3450 2235 mysterii
3475 2166 3587 2236 pri-

2007 2240 2172 2295 mitus
2199 2257 2396 2312 corpus
2429 2243 2628 2300 Christi
2659 2257 2715 2301 et
2749 2251 2970 2320 sanguis
3008 2253 3187 2308 sobrie
3226 2256 3583 2325 acciperetur,

2005 2343 2166 2399 quam
2217 2333 2395 2387 caeteri
2445 2334 2583 2399 cibi,
2623 2344 2678 2390 et
2719 2336 2838 2392 ideo
2883 2353 2981 2409 per
3028 2358 3242 2397 omnem
3289 2345 3584 2402 Ecclesiatu

2005 2419 2204 2476 Christi
2243 2437 2361 2477 mos
2395 2422 2497 2477 iste
2537 2425 2670 2480 satis
2708 2427 2964 2483 decenter
2995 2445 3060 2485 ac
3091 2433 3312 2502 provide
3343 2434 3580 2492 inolevit.

2008 2512 2242 2583 °Neque
2277 2515 2872 2582 observandum,,sicut
2921 2524 3360 2599 apocryphorum.
3404 2530 3581 2582 muni-

2004 2615 2186 2661 menta
2216 2606 2531 2674 decernunt,
2577 2610 2747 2665 donec
2787 2625 2848 2666 ea
2882 2613 3194 2686 digerantur
3236 2618 3290 2672 in
3334 2634 3581 2689 corpore,

2003 2709 2073 2750 ne
2101 2698 2404 2754 communis
2443 2700 2596 2755 cibus
2635 2701 2955 2772 accipiatur,
2999 2706 3095 2760 sed
3134 2708 3586 2780 satis'invigilan-

2004 2786 2150 2850 dum,
2189 2796 2252 2842 ut
2301 2796 2459 2844 antea
2505 2805 2565 2845 se
2595 2791 2822 2862 quisque
2863 2805 3151 2865 praeparet,
3181 2807 3235 2852 et
3269 2809 3390 2869 post
3428 2816 3578 2855 acce-

2004 2883 2153 2946 ptam
2179 2878 2404 2949 gratiam
2430 2880 2607 2936 nullus
2630 2881 2904 2954 indignum
2937 2900 2995 2941 se
3016 2888 3226 2943 reddat.
3256 2889 3584 2962 Spiritalitcr

2003 2968 2150 3023 enim
2180 2969 2293 3024 haec
2315 2970 2628 3040 accipienda
2651 2983 2776 3032 sunt
2804 2983 2856 3030 et
2881 2989 2989 3034 non
3019 2981 3331 3040 carnaliter.

2022 3084 2024 3088 τ
2073 3059 2124 3114 2.
2169 3057 2322 3118 Licet
2340 3061 2506 3134 igitur
2528 3076 2695 3122 reare
2723 3067 2775 3122 in
2807 3084 3047 3138 carnem,
3075 3082 3129 3127 ct
3151 3075 3331 3130 viuum
3353 3093 3582 3134 convero

2003 3159 2148 3208 tatur
2180 3152 2233 3208 in
2270 3156 2609 3226 sanguinem,
2638 3157 2801 3214 veluti
2830 3169 2858 3211 ει
2887 3177 2916 3214 a
2958 3175 3150 3218 natura
3195 3167 3470 3235 probatur,
3503 3181 3582 3224 ta-

1999 3257 2123 3298 men
2162 3243 2323 3299 altius
2368 3246 2483 3301 haec
2527 3247 2916 3305 consideranda
2965 3263 3109 3320 sunt,
3141 3256 3231 3310 ubi
3271 3273 3374 3312 non
3418 3261 3580 3314 modo

1997 3350 2125 3391 caro
2160 3344 2256 3390 aut
2291 3337 2514 3408 sanguis
2540 3338 2741 3395 Christi
2771 3341 2824 3396 in
2852 3349 3091 3398 nostram
3133 3354 3154 3383 τ
3193 3357 3581 3406 convertuntur

1997 3438 2214 3480 carnem
2244 3434 2336 3480 aut
2374 3429 2711 3498 sanguinem,
2741 3445 2927 3486 verum
2954 3448 3053 3489 nos
3084 3451 3115 3489 a
3141 3439 3446 3496 carnalibus
3469 3442 3580 3498 ele-

1995 3522 2126 3568 vant
2163 3523 2220 3570 et
2264 3515 2536 3586 spiritales
2575 3517 2811 3575 alliciunt
2840 3532 2884 3575 ι.
2931 3522 3044 3580 Hoc
3069 3541 3200 3581 sane
3235 3530 3477 3586 nuttiunt
3518 3533 3574 3589 in

1996 3609 2152 3665 nobis
2178 3611 2319 3681 quod
2347 3626 2415 3666 ex
2436 3611 2547 3668 Deo
2578 3623 2766 3671 natum
2794 3625 2898 3682 est,
2927 3627 2984 3673 et
3006 3636 3112 3676 non
3143 3626 3285 3693 quod
3315 3639 3378 3680 ex
3411 3643 3577 3684 carne

1993 3706 2050 3752 et
2083 3699 2362 3769 sanguine.
2392 3700 2553 3757 Dedit
2582 3703 2764 3774 itaque
2791 3708 2951 3763 nobis
2978 3709 3224 3767 Christus
3252 3724 3575 3784 potestatem

1996 3789 2132 3846 lllios
2161 3792 2254 3846 Dei
2294 3792 2430 3859 lleri,
2461 3804 2830 3852 verumtamen
2863 3815 2967 3855 non
2997 3816 3064 3856 ex
3087 3803 3362 3863 voluntate
3407 3812 3423 3847 ί
3457 3827 3576 3867 car-

1993 3878 2098 3943 nis,
2127 3894 2303 3949 neque
2336 3897 2404 3936 ex
2453 3882 2728 3941 voluntate
2768 3887 2890 3951 viri,
2923 3890 3016 3944 sed
3055 3907 3123 3947 ex
3162 3893 3271 3950 Deo
3301 3898 3577 3956 nascimur

1993 3969 2172 4038 (Joan.
2206 3971 2265 4042 t).
2302 3972 2395 4028 llla
2425 3986 2452 4013 ιι
2477 3990 2606 4046 ergo
2646 3977 2899 4035 nativitas
2937 3992 3142 4051 nostra,
3185 4003 3304 4059 quae
3347 4006 3412 4046 ex
3467 3993 3576 4049 Deo

1991 4073 2093 4126 est,
2126 4066 2312 4136 utique
2347 4068 2610 4136 spiritalis
2639 4077 2663 4105 '
2688 4079 2790 4135 est,
2822 4074 2947 4142 quia
2976 4075 3116 4132 Deus
3139 4081 3358 4151 spiritus
3386 4095 3490 4148 est,
3520 4095 3577 4142 et

1991 4151 2115 4209 ideo
2146 4155 2265 4210 haec
2308 4157 2566 4227 mysteria
2601 4175 2707 4214 non
2749 4163 3004 4230 carnalia,
3035 4165 3160 4222 licet
3192 4185 3321 4226 caro
3365 4182 3420 4228 et
3450 4190 3576 4231 san-

1988 4247 2106 4318 guis
2142 4248 2281 4313 sint,
2320 4249 2414 4304 sed
2459 4252 2720 4320 spiritalia
2759 4252 2882 4324 jure
2924 4271 2952 4298 ι
2982 4259 3371 4331 intelliguntur.
3423 4266 3574 4324 Unde

1989 4337 2145 4410 longe
2173 4338 2403 4396 inferius
2439 4343 2548 4396 vita
2585 4353 2772 4399 nostra
2816 4347 2918 4403 ista
2965 4352 3278 4422 temporalis
3309 4371 3572 4428 corporeo

2070 4445 2086 4487 ι
2127 4446 2290 4518 Editi,
2314 4448 2432 4518 jam
2463 4450 2744 4504 novissima
2775 4453 2907 4506 hora
2937 4465 3031 4510 est.

2063 4528 2102 4556 ιιι
2129 4515 2296 4582 Flor.,
2316 4515 2564 4572 universa
2593 4521 2646 4573 in
2672 4519 2929 4576 Ecclesia.

2066 4597 2091 4623 ιι
2131 4586 2271 4642 Editi
2301 4587 2505 4642 addunt
2541 4589 2804 4658 ordinare,
2819 4594 2963 4662 quod
2987 4595 3195 4653 exsulat
3223 4600 3292 4656 ab
3313 4603 3568 4661 omnibus

1992 4671 2123 4711 mss.
2488 4697 2490 4699 »

2064 4734 2106 4806 °_
2129 4724 2307 4806 Hic_in
2331 4727 2514 4806 codice
2536 4727 2704 4806 Lanb.
2728 4729 2919 4806 incipit
2943 4748 3063 4806 cap.
3077 4735 3286 4803 LXXII,
3310 4755 3432 4796 cum
3455 4743 3560 4798 hoc

1991 4795 2146 4850 titulo
2166 4814 2184 4877 ξ
2216 4795 2267 4848 Ν
2272 4814 2338 4850 οη
2364 4799 2739 4877 obseruandum
2761 4802 2816 4877 iu
2839 4795 2938 4877 hoc
2959 4795 3100 4875 quod
3119 4795 3333 4877 quidam
3355 4795 3559 4875 dicunt,

1989 4867 2384 4949 commisccatur
2429 4866 2517 4920 ille
2573 4869 2719 4924 cibus
2754 4866 2983 4929 diuinus'
3012 4866 3143 4930 cum'
3175 4879 3275 4934 isto
3318 4866 3579 4949 mortali

1989 4935 2150 4990 donec
2179 4936 2464 5005 digeratur.

2061 5016 2087 5054 p
2130 5005 2288 5078 Ulii_n.
2328 5023 2450 5060 cum
2502 5009 2662 5064 Anic.
2709 5009 2953 5068 Laudun.
2991 5023 3046 5070 et
3087 5031 3198 5072 uno
3225 5017 3285 5076 S.
3322 5017 3508 5078 Germ.
3539 5036 3581 5076 :~

1985 5074 2129 5146 Licet
2152 5075 2292 5146 enim
2318 5078 2466 5146 panis
2495 5079 2548 5131 in
2577 5095 2808 5136 carnem.

1985 5215 2014 5270 ὁ
2055 5156 2082 5195 ιι
2117 5145 2339 5201 Mamer.
2369 5163 2491 5202 cum
2537 5163 2646 5205 uno
2689 5167 2848 5218 mss.,
2871 5153 3009 5210 velut
3051 5156 3098 5211 si
3138 5173 3172 5210 a
3207 5169 3398 5214 natura
3434 5177 3580 5232 pro»

2018 5224 2157 5269 atur.

2018 5224 2157 5269 atur.

2060 5295 2080 5322 τ
2121 5285 2292 5349 Flor.,
2323 5303 2427 5341 non
2457 5297 2750 5344 uertuntur.

2061 5365 2082 5393 ³
2105 5355 2160 5408 In
2179 5355 2347 5431 haub.
2365 5358 2449 5431 hic
2467 5357 2786 5431 incipiteap.
2803 5360 3014 5420 LXXIII
3033 5383 3044 5418 :
3064 5363 3218 5431 Quod
3241 5383 3346 5423 non
3360 5365 3587 5428 nutrici.

1988 5425 2368 5506 cibAus_divinus
2396 5427 2497 5481 nisi
2520 5425 2659 5498 quod
2684 5425 2882 5506 eaiDeo
2910 5443 3007 5499 est,
3029 5425 3318 5506 digeratur.

2065 5499 2083 5530 ⁸
2126 5494 2259 5570 Tres
2283 5511 2438 5570 t_n_ss.,
2463 5494 2564 5551 non
2594 5515 2657 5552 ea:
2677 5498 2958 5570 uoluptate.

2059 5576 2085 5602 υ
2124 5565 2255 5642 Cod.
2291 5564 2475 5642 Major.
2509 5582 2676 5631 mou.,
2702 5568 2756 5624 in
2781 5564 2872 5625 illo
2894 5588 3036 5642 ergo.

2059 5642 2085 5716 ἑ
2132 5635 2185 5716 [ιι
2209 5633 2326 5714 cod.
2356 5633 2543 5716 Major.
2577 5633 3013 5711 mon..repetitur
3039 5645 3366 5716 spiritualis..

2063 5715 2085 5743 ³
2124 5703 2229 5762 AL,
2254 5703 2378 5771 jure
2405 5706 2728 5762 creduntur-
2813 5703 2829 5768 ἶ
3019 5755 3022 5762 .
3064 5703 3090 5760 ’,
