4148 6344
569 351 699 411 1351

1354 351 1411 434 s.
1445 349 1799 407 PASCHASll
1836 346 2187 404 RADBERTI
2228 344 2518 399 ABBATIS
2557 315 3002 400 consumas

3685 310 3822 397 issi

569 473 675 527 isto
703 467 973 524 communi
1013 467 1174 519 alitur
1199 465 1320 520 cibo
1347 473 1402 519 et
1424 474 1572 535 potu,
1604 463 1760 534 longe
1798 477 1928 516 vero
1967 457 2146 516 excel-
2173 459 2223 519 Α
2250 456 2522 524 nequitiae.
2557 465 2585 493 ιι
2616 452 2752 508 Nam
2779 454 2832 508 in
2856 453 3027 509 calice
3055 453 3186 507 nihil
3213 451 3359 508 aliud
3392 453 3627 509 bibimus
3658 471 3822 525 quam

569 564 684 618 sius
705 575 768 616 ac
789 558 1228 631 praeminentius
1250 559 1356 612 vita
1379 558 1467 612 illa
1489 573 1609 628 qua:
1636 557 1896 612 absconsa
1918 563 2002 612 est
2021 570 2144 610 cum

569 653 702 716 Deo,
749 665 853 719 qua
897 647 1204 704 conlormes
1252 647 1326 702 illi
1371 658 1426 702 et
1461 648 1778 718 contigurati
1819 662 2024 710 sumus,
2052 647 2147 702 illo

570 740 851 810 saginatur
875 739 995 793 cibo
1021 747 1075 793 et
1102 747 1248 808 potu,
1277 755 1436 809 quem
1475 739 1527 794 in
1557 738 1852 808 Scripturis
1884 747 1941 792 et
1969 737 2036 792 de
2065 738 2146 792 al-

573 830 675 887 tari
705 830 1020 901 accipimus,
1048 838 1102 883 et
1127 831 1425 884 transvehit
1457 846 1554 884 nos
1579 831 1644 883 ad
1673 830 1959 898 spiritalia,
1988 839 2046 884 ut
2075 830 2149 887 ibi

570 925 817 979 vivamus
847 936 872 964 ι
900 923 1116 987 exinde,
1141 922 1228 977 ubi
1268 924 1377 977 vita
1411 932 1594 977 nostra
1629 924 1657 964 ι’
1699 934 1950 979 servatur
1990 933 2148 980 atter-

570 1029 640 1069 na
667 1013 820 1069 °.'Ac
870 1029 967 1084 per
1011 1014 1115 1067 hoc
1160 1014 1250 1082 qui
1290 1014 1370 1067 sic
1409 1012 1624 1082 accipit,
1653 1014 1810 1084 digne
1834 1015 2054 1084 accipit,
2095 1024 2151 1072 et

569 1105 662 1176 qui
693 1105 850 1175 digne
882 1104 1010 1158 illud
1046 1102 1334 1172 acceperit,
1367 1103 1529 1158 habet
1551 1103 1663 1173 jam
1693 1103 1858 1158 vitam
1888 1113 2149 1162 aeternam

569 1195 625 1250 in
653 1209 712 1250 se
743 1203 1069 1248 manentem.

642 1287 695 1342 5.
729 1285 753 1324 ἀ
794 1284 1065 1340 Frivolum
1095 1294 1178 1340 est
1200 1300 1352 1355 ergo,
1381 1285 1519 1340 sicut
1547 1286 1598 1340 in
1627 1287 1816 1341 eodem
1845 1289 2152 1360 apocrypha

571 1377 710 1432 libro
734 1377 951 1448 legitur,
985 1377 1040 1431 in
1067 1377 1167 1432 hoc
1192 1377 1446 1447 mysterio
1473 1379 1710 1447 cogitare
1739 1380 1806 1435 de
1838 1392 1860 1419 ε
1888 1390 2152 1444 stercore.

568 1482 640 1522 ne
669 1466 1090 1521 commisceatur
1124 1467 1176 1520 in
1217 1467 1512 1538 digestione
1557 1467 1780 1522 alterius
1825 1469 1950 1523 cibi.
1984 1469 2150 1525 Deni-

569 1572 676 1628 que
704 1556 791 1611 ubi
825 1557 1084 1628 spiritalis
1115 1572 1238 1612 esca
1269 1566 1322 1612 et
1353 1568 1510 1628 potus
1537 1559 1789 1624 sumitur,
1829 1569 1885 1614 et
1919 1559 2153 1631 Spiritus

569 1657 789 1702 sanctus
819 1663 914 1717 per
945 1663 1067 1702 eum
1111 1648 1163 1702 in
1208 1648 1425 1702 homine
1457 1658 1734 1718 operatur,
1767 1658 1821 1703 ιιι
1850 1651 1892 1704 si
1926 1651 2053 1720 quid
2099 1652 2153 1707 in

569 1738 728 1792 nobis
775 1738 996 1794 carnale
1032 1739 1209 1792 adhuc
1238 1747 1320 1792 est
1345 1779 1360 1802 ,
1403 1738 1764 1794 transferatur
1798 1739 1848 1793 in
1881 1741 2148 1810 spiritum,

2247 545 2450 601 Christi
2488 546 2805 616 sanguinem
2835 585 2850 611 ,
2902 543 2993 598 ubi
3031 553 3086 598 et
3106 557 3222 602 .nos
3250 558 3348 614 per
3376 559 3572 613 aquam
3607 546 3824 602 admisti

2252 643 2279 672 °
2301 635 2504 692 counitl
2535 651 2722 690 sumus
2753 653 2766 688 :
2794 635 2847 688 in
2875 648 3012 704 pane
3040 648 3172 687 vero
3202 631 3334 688 nihil
3361 642 3558 705 prteter
3604 649 3825 705 corpus,

2249 727 2341 783 ubi
2386 741 2486 782 nos
2522 742 2618 798 per
2651 724 2853 781 Christi
2901 725 3337 802 conspersionem
3370 735 3399 776 ι)
3431 723 3543 794 jam
3582 727 3828 782 membra

2250 833 2467 882 sumus;
2496 833 2615 886 qute
2653 817 2908 870 nimirum
2945 817 3256 886 conspersio
3284 832 3383 886 per
3409 833 3606 888 aquam
3651 820 3830 874 sancti

2252 906 2485 977 Spiritus
2515 907 2595 971 lit,
2620 907 2684 962 de
2711 922 2815 975 qua
2847 904 3092 960 Christus
3121 907 3173 960 in
3203 906 3492 975 Evangelio
3522 907 3702 974 (Joan.
3732 923 3831 970 vtt,

2250 997 2340 1068 58)
2376 1016 2387 1050 :
2421 997 2523 1063 Qui
2544 997 2728 1060 credit,
2755 996 2947 1065 inquit,
2979 995 3033 1048 in
3063 1012 3162 1059 me,
3183 995 3406 1065 ﬂumina
3430 997 3494 1050 de
3514 1009 3690 1051 centre
3714 998 3834 1065 ejus

2251 1088 2414 1157 ﬂuent
2441 1102 2591 1156 aqua:
2613 1086 2758 1139 vitae.
2802 1084 2866 1138 Et
2891 1085 3147 1139 continuo
3175 1084 3503 1154 evangelista
3533 1103 3548 1138 :
3580 1085 3696 1139 Hoc
3727 1105 3834 1140 au—

2253 1186 2353 1230 tem
2377 1175 2577 1228 dicebat
2603 1175 2667 1227 de
2690 1173 2911 1244 Spiritu,
2937 1191 3086 1245 quem
3105 1180 3371 1242 accepturi
3392 1185 3540 1228 erant
3564 1177 3836 1230 credentes

2252 1268 2306 1321 in
2337 1282 2474 1320 eum.
2504 1264 2630 1319 llzec
2658 1266 2822 1336 igitur
2847 1265 3156 1334 eonspersio
3187 1265 3253 1318 de
3279 1264 3461 1319 multis
3492 1266 3676 1335 granis
3705 1267 3840 1321 fecit

2255 1372 2422 1410 unum
2449 1370 2665 1425 corpus,
2695 1371 2909 1425 corpus,
2934 1357 3175 1424 inquam,
3201 1354 3528 1410 sinceritatis
3555 1365 3610 1410 et
3635 1356 3842 1410 verita-

2254 1446 2348 1509 tis,
2378 1447 2420 1500 si
2456 1455 2632 1500 tamen
2663 1461 2849 1500 sumus
2873 1446 3070 1515 azymi,
3103 1445 3154 1498 id
3180 1453 3263 1499 est
3284 1485 3299 1508 ,
3333 1446 3537 1514 absque
3567 1443 3844 1499 fermento

2255 1536 2474 1590 malitia:
2500 1545 2556 1590 et
2584 1535 2856 1604 nequitize,
2885 1545 2914 1584 ς
2946 1544 3002 1588 ut
3032 1535 3192 1606 digne
3224 1536 3368 1589 hunc
3399 1549 3590 1605 panem
3634 1537 3704 1590 de
3735 1535 3848 1591 bac

2255 1641 2395 1696 aqua
2441 1639 2790 1695 conspersum
2846 1625 3091 1694 accipere
3143 1626 3434 1694 possimus.
3471 1624 3517 1680 Ο
3554 1626 3694 1680 mira
3741 1625 3846 1681 Dei

2255 1720 2640 1790 omnipotentis
2683 1720 3048 1790 dispensatio,
3101 1735 3204 1788 qua
3241 1729 3265 1757 ι’
3300 1718 3464 1773 tantis
3517 1719 3850 1774 inStruimur

565 1837 626 1882 et
674 1827 768 1882 liat
816 1829 976 1884 homo
1027 1829 1308 1898 spiritalis,
1348 1829 1476 1898 quid
1516 1829 1906 1884 comutistionis
1952 1831 2152 1887 habere

2259 1809 2559 1880 disciplinis
2585 1819 2640 1865 et
2667 1810 2945 1864 lirmamur
2963 1810 3244 1880 exetuplis,
3273 1810 3316 1864 si
3347 1824 3450 1864 nou
3481 1810 3553 1864 sit
3577 1823 3734 1864 mens
3765 1810 3852 1864 in-

571 1921 810 1989 poterit?
856 1920 1126 1988 Quantum
1163 1921 1325 1992 igitur
1352 1922 1516 1974 distat
1554 1921 1663 1974 vita
1700 1921 1787 1974 illa
1837 1930 2037 1976 aeterna
2084 1924 2156 1980 ab

571 2013 678 2066 ista
707 2013 918 2068 mortali
947 2015 1079 2076 vita,
1122 2022 1329 2067 tanttttn
1357 2022 1410 2067 el
1457 2014 1558 2068 iste
1587 2013 1741 2069 cibus
1766 2016 1986 2070 omnino
2011 2032 2152 2087 prte-

574 2103 780 2158 eminet
815 2104 881 2157 ab
912 2103 1002 2158 illo
1031 2103 1326 2168 contnzuni,
1359 2119 1465 2174 quo
1494 2104 1654 2159 simul
1681 2105 1958 2159 nobiscum
1987 2107 2153 2162 etiam

571 2195 828 2250 animalia
870 2182 1158 2261 vivunt,’et
1187 2197 1308 2251 ideo
1337 2199 1638 2252 communis
1675 2197 1995 2268 appellatur,
2027 2201 2155 2271 quia

570 2290 812 2342 omnium
839 2299 944 2352 est,
973 2290 1236 2344 honorum
1266 2290 1474 2344 scilicet
1499 2299 1553 2346 et
1578 2290 1840 2345 malorum
1867 2331 1883 2355 ,
1941 2307 2154 2348 necnon

572 2388 629 2434 et
673 2380 1018 2438 animalium:
1070 2379 1089 2419 τ
1133 2389 1187 2434 at
1228 2395 1355 2435 vero
1394 2381 1496 2435 iste
1536 2381 1750 2436 nonnisi
1790 2379 2018 2434 filiorum
2057 2381 2152 2437 Dei

571 2481 656 2526 est
683 2472 855 2533 cibus,
892 2481 950 2527 ut
984 2475 1010 2513 ³
1044 2472 1168 2527 inde
1198 2473 1412 2527 alantur
1451 2473 1592 2527 unde
1636 2473 1824 2527 vivttnt
1871 2492 1884 2527 :
1936 2473 2156 2529 Christo

572 2564 719 2619 enim
771 2564 1020 2629 vivimus,
1059 2563 1214 2633 cujus
1261 2571 1316 2618 et
1357 2564 1596 2620 membra
1626 2581 1832 2619 sumus.
1866 2565 2156 2636 Dispen~a~

572 2655 680 2710 tive
711 2656 844 2710 satis
889 2655 1162 2724 provisum
1194 2663 1278 2708 est
1301 2695 1316 2718 ,
1357 2663 1416 2708 ut
1446 2670 1511 2709 ex
1543 2654 1632 2708 illo
1668 2655 1937 2710 interdum
1968 2671 2154 2725 pasca-

572 2761 714 2809 ntur,
750 2754 1018 2814 quatenus
1042 2761 1137 2814 per
1169 2745 1269 2800 hoc
1295 2761 1417 2800 cum
1447 2745 1538 2799 illo
1565 2755 1619 2800 et
1642 2747 1694 2800 in
1725 2747 1814 2801 illo
1844 2763 2008 2801 unum
2038 2763 2155 2803 coro

569 2851 673 2906 pus
701 2837 1058 2892 inveniamur.
1097 2838 1125 2877 ιι
1162 2837 1546 2893 Verumtamen
1592 2843 1735 2909 quod
1779 2837 1949 2908 jejuni
2002 2857 2154 2896 com-

572 2929 955 2993 municamus,
1015 2929 1149 2982 satis
1201 2929 1421 2999 provide
1478 2929 1560 2992 ﬁt,
1605 2938 1662 2982 ut
1713 2931 1838 2985 dum
1887 2932 2154 2988 sobrietas

572 3015 767 3088 ﬂagrat
786 3018 838 3071 in
861 3033 1106 3088 corpore,
1133 3017 1257 3071 dum
1279 3019 1456 3073 onmis
1485 3019 1668 3074 fervor
1697 3023 1876 3077 carnis
1901 3023 2152 3092 quiescit,

573 3118 629 3164 et
666 3110 682 3151 ί
718 3125 908 3166 omnes
937 3112 1100 3164 animi
1133 3127 1323 3166 sensus
1354 3113 1419 3166 ad
1451 3123 1466 3163 ι
1508 3114 1915 3184 intelligentiam
1955 3124 2010 3171 et
2042 3117 2154 3171 dis-

575 3203 831 3258 cernendi
883 3204 1147 3258 rationem
1195 3203 1391 3260 fortius
1438 3207 1656 3274 vigent,
1703 3207 1792 3262 illo
1841 3209 1992 3278 prius
2035 3210 2158 3266 cibo

572 3296 806 3351 interior
842 3306 1023 3352 noster
1068 3299 1229 3353 homo
1262 3299 1583 3366 inebrietur,
1611 3310 1880 3369 quatenus
1903 3303 2156 3373 deinceps

573 3389 719 3457 quod
751 3390 1064 3460 praeminet
1097 3391 1149 3444 in
1189 3391 1344 3446 nobis
1374 3400 1678 3462 vegetatum
1717 3393 1926 3448 caelesti
1968 3394 2158 3450 dulce-

575 3478 701 3533 dine
725 3519 741 3544 ,
793 3479 920 3534 illud
964 3480 989 3519 ιι
1032 3490 1183 3550 regat
1209 3493 1264 3535 et
1298 3483 1580 3552 gubernet,
1612 3483 1754 3552 quod
1783 3483 2007 3539 inferius
2032 3494 2118 3540 est
2139 3526 2155 3551 ,

576 3582 677 3621 nec
708 3567 773 3620 ad
806 3568 965 3622 noxia
995 3579 1051 3623 et
1076 3569 1342 3640 superﬂua
1379 3587 1436 3625 se
1470 3571 1695 3626 relaxet.
1735 3573 1962 3644 Dignum
1996 3575 2158 3644 igitur

577 3657 703 3723 fuit,
727 3669 786 3713 ιιι
810 3661 952 3732 quod
982 3661 1266 3718 sublimius
1291 3672 1394 3726 est,
1419 3664 1609 3734 majori
1632 3666 1838 3719 honore
1867 3667 2157 3734 potiretur,

577 3749 772 3806 deinde
803 3751 944 3821 quod
982 3749 1206 3807 inferius
1235 3793 1250 3816 ,
1289 3765 1346 3807 et
1379 3762 1557 3808 tamen
1591 3755 1994 3820 necessarium,
2026 3755 2042 3794 ι
2079 3757 2160 3810 in-

575 3843 904 3915 dulgentiam
942 3845 1099 3900 istius
1125 3845 1250 3898 vita:
1283 3846 1604 3915 perciperet,
1650 3847 1800 3916 pritts
1851 3855 2030 3902 tamen
2090 3848 2157 3903 ad

577 3936 817 3992 coelestia
849 3944 903 3991 et
930 3945 1131 3992 :eterna
1163 3946 1389 4007 utroque
1418 3945 1456 3967 ³
1488 3935 1696 3993 felicius
1739 3939 1987 3992 invitato.
2032 3939 2159 3995 Haec

578 4038 660 4083 est
692 4043 922 4101 namque
952 4043 1078 4082 vera
1107 4035 1162 4081 et
1193 4043 1327 4081 nova
1367 4028 1682 4097 conspersio
1729 4028 2059 4082 sinceritatis
2103 4037 2160 4083 et

579 4119 843 4182 veritatis,
889 4125 948 4171 ut
984 4118 1153 4172 simus
1177 4117 1352 4188 azymi
1383 4117 1500 4172 sine
1545 4115 1811 4171 fermento
1846 4116 2066 4171 malitia:
2106 4127 2161 4174 et

653 4244 679 4273 ι
719 4231 964 4292 hiantem.
995 4233 1225 4284 vivamus
1257 4246 1322 4284 ex
1349 4233 1472 4297 fide.

652 4302 682 4340 ι’
722 4302 830 4364 AL,
864 4300 949 4352 ubi
976 4309 1151 4354 nostra
1181 4312 1414 4353 seruatur
1440 4300 1724 4354 mternitas.

656 4383 680 4411 ο
719 4371 776 4425 ln
816 4371 975 4425 editis
1019 4383 1073 4424 ct
1126 4371 1178 4424 in
1216 4371 1334 4423 cod.
1374 4369 1561 4439 Major.
1594 4385 1738 4423 mon.
1787 4369 2162 4426 desiderantur

583 4444 699 4498 hmo.
728 4440 922 4494 veritas
950 4458 1011 4494 ac
1033 4457 1124 4506 per
1145 4441 1242 4493 hoc
1261 4441 1350 4509 qui
1373 4441 1449 4493 sic
1477 4441 1869 4510 accipiudigne
1896 4442 2103 4510 arripit.

2256 1911 2411 1972 grata
2448 1901 2514 1956 de
2545 1903 2710 1956 tantis
2743 1901 3038 1966 beneﬁciis,
3066 1902 3301 1956 etduhia
3322 1901 3388 1955 de
3416 1911 3522 1954 tam
3554 1900 3853 1955 immensis

2255 1995 2555 2065 promissis.
2592 1993 2799 2050 Idcirco
2827 2035 2843 2059 ,
2896 2009 2930 2048 o
2974 1994 3168 2058 homo,
3200 2008 3354 2048 serva
3393 1993 3847 2062 conspersionem

2255 2087 2478 2156 gratim,
2509 2086 2633 2156 quia
2667 2085 2794 2141 licet
2819 2085 3060 2140 triticum
3099 2086 3208 2149 sis,
3240 2084 3342 2139 nisi
3372 2085 3616 2139 doctrina
3648 2092 3705 2137 et
3732 2083 3851 2137 vir-

2257 2189 2371 2233 tute
2398 2178 2637 2250 Spiritus
2659 2179 2830 2233 sancti
2869 2178 2935 2230 ad
2961 2177 3102 2232 hanc
3126 2177 3385 2231 unitatem
3410 2186 3465 2230 et
3492 2175 3846 2246 conspersio-

2255 2285 2377 2324 nem
2432 2268 2601 2325 fueris
2659 2269 2798 2324 bene
2837 2268 2888 2322 in
2942 2266 3172 2322 farinam
3224 2274 3576 2331 attenuatus,
3645 2266 3854 2320 deinde

2255 2372 2580 2427 conspersus
2627 2357 2796 2427 grati]
2825 2364 2878 2410 et
2910 2357 3030 2425 igne
3060 2355 3345 2411 charitatis
3389 2355 3645 2409 decoctus
3666 2395 3682 2418 ,
3731 2369 3851 2409 non

2254 2450 2458 2516 poteris
2498 2448 2564 2502 ad
2605 2447 2930 2502 soliditatem
2960 2446 3080 2501 lidei
3115 2446 3338 2500 lirmari.
3388 2445 3682 2518 Propterea
3714 2456 3737 2484 ι
3771 2446 3852 2501 sit

2256 2543 2351 2597 tibi
2381 2557 2593 2612 semper
2619 2543 2756 2596 mola
2787 2542 3033 2612 superior
3061 2555 3183 2610 spes
3206 2539 3600 2611 promissionis,
3622 2547 3679 2595 et
3698 2540 3851 2595 mola
3891 2544 3894 2546 ⁷

2255 2633 2481 2688 inferior
2537 2633 2699 2687 timor
2751 2632 3005 2702 perfectze
3043 2631 3356 2694 charitatis,
3397 2631 3594 2699 quibus
3629 2630 3851 2684 duobus

2254 2726 2390 2780 bene
2413 2732 2723 2778 attenuatus
2747 2723 2922 2792 possis
2936 2722 3171 2791 Spiritus
3183 2722 3352 2775 sancti
3370 2722 3542 2792 gratia
3567 2722 3618 2775 in
3639 2721 3851 2776 Christi

2254 2831 2484 2886 corpore
2515 2815 2676 2868 uniri.
2728 2813 2881 2866 Patet
2909 2813 3075 2884 igitur
3100 2813 3240 2882 quod
3270 2813 3387 2867 lucc
3412 2811 3641 2881 mystica
3673 2820 3807 2866 sunt
3833 2854 3850 2878 ,

2255 2913 2310 2959 et
2341 2905 2482 2969 ideo,
2516 2904 2611 2972 fili,
2641 2903 2721 2959 sic
2765 2903 2864 2958 ista
2893 2903 3062 2958 debes
3083 2903 3346 2974 cogitare,
3375 2902 3529 2970 quasi
3557 2901 3850 2966 coelestia;

2257 2995 2336 3050 sic
2361 2995 2698 3061 contingere,
2729 2994 2884 3062 quasi
2914 2993 3134 3057 divina;
3167 2994 3246 3047 sic
3277 2993 3526 3062 accipere
3555 2999 3615 3044 ut
3634 2991 3850 3046 saluta-

2259 3083 2377 3146 ria,
2411 3083 2462 3135 in
2494 3082 2689 3152 quibus
2719 3081 2828 3134 vita
2875 3089 3076 3135 aeterna
3129 3081 3558 3151 repromittitur;
3605 3079 3685 3135 sic
3725 3094 3854 3133 cre-

2186 3156 2230 3215 C
2263 3175 2392 3229 dere
2418 3215 2433 3235 ,
2460 3182 2519 3228 ttt
2545 3174 2826 3237 dicuntur;
2855 3173 3050 3227 deinde
3073 3173 3154 3227 sic
3182 3173 3366 3226 vivere
3387 3213 3402 3236 ,
3431 3180 3492 3225 ut
3523 3171 3579 3225 in
3623 3169 3856 3225 Christo

2259 3281 2474 3333 semper
2500 3265 2728 3319 veritate
2759 3273 2816 3319 et
2838 3265 3151 3319 sinceritate
3177 3278 3506 3334 conspersus
3538 3262 3854 3318 membrum

2258 3356 2376 3425 ejus
2406 3357 2718 3412 inveniaris.
2807 3425 3036 3482 CAPUT
3075 3424 3195 3479 xx]
3235 3426 3253 3462 ι

2262 3519 2404 3585 Quid
2439 3519 2507 3572 sit
2538 3519 2678 3588 quod
2713 3518 2966 3571 Dominus
2994 3522 3068 3570 ait
3107 3530 3125 3568 :
3159 3514 3295 3588 Non?
3321 3515 3503 3588 bibam
3549 3515 3750 3569 amodo
3781 3515 3858 3588 de

2329 3590 2430 3644 hoc
2458 3586 2728 3656 genimine
2765 3590 2908 3653 vitis,
2951 3588 3127 3642 donec
3171 3587 3304 3642 illud
3345 3587 3526 3642 bibam
3561 3601 3766 3642 novum
3796 3586 3855 3642 in

2330 3675 2496 3730 regno
2525 3658 2701 3712 Patris
2727 3659 2850 3712 mei.

2333 3759 2382 3812 l.
2416 3758 2616 3827 (llier.)
2642 3758 2719 3813 Ex
2746 3759 2847 3813 hoc
2874 3773 3002 3830 ergo
3022 3758 3142 3812 loco
3168 3756 3384 3827 quidam
3411 3754 3554 3811 mille
3581 3771 3856 3812 annorum

2259 3845 2494 3902 fabulam
2522 3855 2790 3912 astruunt,
2822 3860 2848 3887 ιι
2878 3847 3020 3918 quod
3051 3847 3296 3902 Christus
3321 3845 3682 3915 corporaliter
3709 3856 3739 3883 ν
3783 3847 3860 3901 sit

2260 3950 2598 4010 regnaturus,
2630 3940 2845 4008 quando
2882 3949 2937 3996 et
2962 3941 3076 3995 haec
3106 3954 3240 3993 nova
3273 3938 3629 4007 corporaliter
3657 3938 3860 3992 debeat

2262 4032 2548 4088 comedere
2589 4033 2672 4086 vel
2703 4041 2923 4102 potare,
2970 4047 3090 4102 qua:
3119 4045 3290 4101 usque
3318 4030 3386 4083 ad
3417 4030 3856 4085 consummatio-

2262 4138 2385 4176 nem
2417 4121 2595 4176 steculi
2642 4138 2748 4178 non
2786 4139 2845 4176 se
2877 4121 3164 4186 facturum,
3196 4131 3255 4175 ιιι
3303 4120 3475 4184 aiunt,
3508 4119 3863 4174 denuntiavit

2333 4241 2371 4264 "
2413 4233 2510 4287 llic
2548 4235 2758 4288 variant
2791 4250 2925 4288 mss.
2968 4233 3074 4288 Sex
3116 4232 3350 4302 legunt:
3381 4228 3615 4302 Utroque
3642 4229 3860 4302 felicius

2263 4304 2485 4356 invitati.
2517 4303 2758 4372 Septem,
2789 4321 2909 4356 eum
2943 4300 3210 4363 Mamerf,
3248 4301 3463 4372 felicius
3497 4300 3710 4353 inuitati
3759 4316 3861 4354 ex-

2265 4383 2466 4442 puncto
2498 4371 2738 4442 utraque.
2766 4373 2902 4436 Duo,
2925 4373 3131 4440 felicius
3153 4371 3450 4442 invitatum.

2337 4453 2364 4480 η
2408 4443 2502 4521 llic
2530 4437 2717 4521 incoli.
2738 4443 2903 4521 Laub.
2926 4437 3108 4521 incipit
3129 4455 3249 4508 cap.
3275 4437 3507 4517 LXXVII
3531 4456 3548 4491 :
3568 4437 3727 4504 Quod
3745 4455 3859 4494 non

653 4512 679 4552 ἀ
722 4513 777 4566 ln
805 4512 925 4564 cod.
951 4503 1118 4564 Lauh.
1147 4503 1335 4579 incipit
1366 4511 1452 4564 hic
1475 4503 1599 4579 cap."
1623 4503 1834 4566 LXXIV
1858 4503 2162 4565 :Friéolum
2188 4503 2242 4564 D
2266 4513 2322 4565 in
2343 4511 2506 4566 calice
2533 4512 2680 4565 aliud
2707 4513 2985 4569 sumimus.
3008 4503 3108 4564 nisi
3134 4503 3462 4578 sanguinem.

583 4593 656 4638 est
687 4582 824 4650 quod
855 4583 1114 4643 qua'titur
1145 4591 1320 4633 utrum
1350 4581 1403 4633 in
1433 4591 1684 4634 stercora.
1953 4629 1963 4638 ,

659 4664 682 4691 ε
725 4650 993 4705 Ηειοὶιηιισι.
1026 4650 1317 4710 Autisiod..
1345 4659 1397 4703 et
1425 4650 1632 4704 Raban.
1659 4650 1896 4717 Moguut.
1928 4651 2160 4707 antis'it.

584 4721 641 4776 in
665 4721 859 4776 lautam
894 4721 1413 4774 Stercurauistart'tm
1443 4719 1689 4774 lueresim
1717 4719 2015 4774 declinasse
2037 4736 2166 4774 con-

587 4792 759 4845 tendit
795 4789 1029 4846 Iacobus
1057 4791 1122 4843 de
1149 4788 1556 4843 Sainc-‘e-Benue
1587 4791 1638 4843 in
1669 4789 1926 4858 singulari
1957 4791 2162 4844 disser-

587 4860 791 4914 tatione
831 4876 950 4929 quae
994 4875 1157 4929 penes
1188 4873 1273 4912 me
1313 4868 1396 4929 est
1439 4859 1824 4926 manuscripta.
1854 4858 2162 4929 Utrumque

586 4931 656 4982 ab
681 4945 744 4983 ea
779 4926 970 4999 purgat
996 4926 1420 4999 Mabilloniusin
1453 4929 1766 4996 prtul'atione
1802 4926 1870 4981 ad
1905 4926 2159 4985 saeculttm

586 5000 653 5054 IV
673 4996 1050 5070 ABetiedeart.
1079 5015 1137 5070 tt.
1165 5014 1292 5070 pag.
1317 4996 1387 5070 52
1415 5006 1470 5070 et
1500 5012 1614 5065 seq.

664 5068 684 5109 ί
731 5070 828 5125 llic
858 5065 1058 5123 ἰιῖροιθ.
1086 5065 1255 5123 Laubl
1282 5067 1470 5137 incipit
1493 5065 1854 5137 cap.LXXV:
1886 5066 2040 5134 Quod
2061 5069 2159 5123 iste

587 5141 736 5194 cibus
763 5139 987 5192 nonnisi
1009 5137 1239 5207 ﬁliorum
1274 5136 1365 5190 Dei
1386 5137 1474 5188 sit.

661 5213 687 5252 ⁸
726 5209 899 5265 Vatic.
928 5219 980 5263 et
1010 5205 1210 5270 Laub.,
1234 5215 1288 5258 ut
1316 5207 1451 5259 unde
1483 5205 1720 5268 aluntur,
1762 5206 1880 5260 inde
1903 5208 2100 5260 vivant.

659 5281 685 5321 ιι
720 5281 776 5336 In
807 5279 927 5334 cod.
963 5279 1127 5330 Lauh.
1159 5276 1243 5329 hic
1270 5275 1475 5346 incipit,
1515 5291 1638 5346 cap.
1680 5275 1892 5331 LXXVI
1928 5295 1943 5331 :
1985 5275 2161 5343 Quare

580 5350 752 5420 jejuni
783 5348 1248 5420 communicamus.

665 5424 680 5463 ί
728 5420 894 5483 Etliti,
919 5427 965 5472 et
996 5417 1164 5470 omnis
1199 5416 1364 5472 animi
1389 5431 1591 5469 sensus.

661 5490 676 5540 i
726 5489 913 5552 Manu,
942 5486 1104 5543 Ulim.
1129 5502 1250 5541 cum
1274 5494 1506 5556 quatuor
1528 5501 1658 5541 mss.
1677 5526 1692 5551 ,
1725 5484 2065 5556 intelligentia
2113 5496 2161 5540 et

585 5561 913 5614 discernendi
947 5559 1166 5612 ratione.

660 5631 685 5669 Ιι
720 5629 852 5684 Tres
877 5644 1030 5690 mss.,
1057 5627 1189 5681 illud
1215 5636 1375 5682 servet
1398 5636 1446 5681 et
1468 5625 1733 5696 gubernet.

588 5767 624 5818 ὁ
663 5697 683 5816 ὶ
728 5697 889 5780 Ulim.
917 5713 1040 5753 cum
1064 5713 1159 5753 sex
1187 5712 1318 5753 mss.
1339 5737 1354 5762 ,
1378 5695 1738 5766 indulgentia;
1767 5695 1874 5751 duo
1894 5711 2048 5762 mss.,
2079 5699 2157 5751 in-

629 5784 660 5818 κ
685 5778 899 5818 aestu...

629 5769 899 5834 ulqeutiav

2338 4593 2362 4616 υ
2400 4581 2593 4643 Vatic.,
2623 4583 2836 4635 admisti
2858 4581 3201 4634 communiter
3218 4577 3435 4644 sumus;
3463 4577 3570 4632 duo
3593 4579 3756 4648 regii,
3786 4579 3859 4632 ad

2266 4652 2541 4720 mysticum
2591 4652 2791 4704 couniti
2824 4667 3046 4714 sumus;
3074 4659 3201 4720 tres
3234 4663 3389 4711 mss.,
3420 4648 3658 4720 admisti,
3709 4663 3860 4702 com-

2266 4721 2488 4790 muniti;
2521 4720 2686 4790 Flor”
2716 4737 2809 4788 per
2835 4737 2985 4790 aqua:
3013 4719 3375 4790 admistionent
3405 4719 3542 4771 uniti
3569 4734 3780 4790 sumus.

2337 4800 2364 4840 ι)
2393 4789 2553 4846 Ulim.
2575 4800 2630 4843 et
2653 4787 2840 4860 Situm,
2869 4787 2983 4860 ejus
3011 4789 3131 4859 jam
3165 4790 3396 4843 membra
3420 4803 3607 4842 sumus
3640 4801 3660 4839 :
3692 4787 3794 4843 sed
3822 4802 3856 4843 a

2265 4875 2422 4920 mss.,
2449 4860 2658 4915 exsulat
2687 4858 2820 4930 ejus.

2335 4941 2361 4979 ιι
2402 4930 2518 5001 Duo
2544 4929 2797 5001 mss.,;ob
2821 4929 2960 5001 quod
2989 4929 3163 5001 digne.

2340 5009 2362 5037 τ
2401 4998 2557 5053 Ulim.
2609 5010 2662 5054 et
2699 4995 2890 5062 Sirui,
2931 4995 3142 5069 quantis
3175 4995 3858 5069 instruimurhdisciplinis.

2269 5067 2466 5132 Vatic.,
2498 5086 2590 5136 per
2614 5086 2771 5138 quant
2793 5066 2954 5122 tantis
2986 5069 3298 5121 instruimur
3317 5066 3632 5138 disciplinis.
3655 5066 3857 5138 Mam"

2265 5136 2635 5211 cutuseplettt
2654 5154 2808 5200 mss.,
2835 5139 3110 5211 qu_i_tqntis
3136 5138 3446 5211 instruimur
3471 5136 3793 5211 disciplinis.

2339 5220 2360 5247 ι
2395 5204 2530 5262 Editt
2579 5223 2701 5262 cum
2743 5204 2858 5262 ms:
2896 5204 3017 5274 Maj.
3072 5223 3217 5260 mon.
3251 5223 3263 5256 :
3307 5204 3710 5275 Propterea‘sit
3758 5206 3859 5260 tibi

2265 5291 2468 5343 semper
2487 5276 2624 5347 mola
2648 5277 2869 5347 inferior
2891 5278 3093 5331 timoris
3118 5286 3166 5329 et
3191 5276 3429 5347 superior
3447 5275 3707 5347 perfecth
3724 5281 3869 5347 cling

2269 5347 2459 5400 ritatis.
2504 5346 2664 5400 Metu.
2707 5342 2764 5401 et
2800 5345 2959 5402 Ulim.
2990 5387 3004 5409 ,
3035 5342 3278 5416 perfecta’
3308 5342 3600 5416 clgari'tatis.
3637 5342 3860 5416 Reliqui

2271 5431 2460 5485 omnes
2495 5432 2623 5485 mss.
2661 5427 2898 5470 nostram
2921 5413 3213 5485 praeferant
3251 5413 3560 5470 lectionem.

2349 5490 2366 5522 ⁸
2407 5481 2574 5540 LattI).
2603 5502 2720 5556 Cap,
2762 5481 3038 5541 LXXVIII.

2340 5568 2366 5596 υ
2401 5555 2556 5610 Αηίο.
2579 5565 2635 5610 et
2662 5554 2768 5611 duo
2807 5557 2963 5611 Colb.
3001 5554 3204 5610 addunt
3236 5555 3486 5610 dicentes.

2340 5635 2364 5659 '
2397 5623 2452 5680 In
2485 5625 2656 5680 tribus
2685 5642 2812 5679 mss.
2844 5627 3219 5681 desiderantur
3245 5627 3358 5680 bzec
3395 5625 3556 5680 verba
3597 5642 3611 5678 :
3647 5622 3728 5679 Sit
3769 5640 3858 5679 rev

2264 5704 2547 5764 gnaturus.
2574 5695 2784 5765 quando
2813 5707 2859 5751 et
2892 5697 3000 5752 Ita'c
3031 5713 3158 5750 novi
3191 5697 3554 5761 carporaliter,
3582 5693 3764 5757 lapsu,
3796 5702 3858 5746 ut

2266 5766 2497 5830 videtur,
2529 5765 2890 5820 librariorum.
