4148 6344
610 321 632 375 Ι
645 316 752 373 355

1423 315 1478 372 S.
1517 312 1873 371 PASCUASII
1917 309 2264 370 RADBERTI
2303 310 2594 369 ABBATIS
2628 310 3075 370 CORBEIE‘NSIS

3747 311 3889 368 1336

605 427 1208 507 l.t_mur,.transformatl
1246 427 1299 480 in
1326 411 1619 482 novitatem
1646 467 1661 490 .
1693 427 1816 495 quia
1845 439 2044 496 corpus
2072 423 2190 492 ejus
2219 427 2265 484 Α
2291 421 2406 493 27).
2438 426 2577 492 Quia
2603 425 2940 496 profecto'in'
2959 427 3064 482 ist‘o
3089 441 3225 498 agro
3251 426 3498 497 corporis
3528 422 3735 483 Christi
3767 429 3888 484 the-

606 537 818 588 sumus,
855 536 920 577 ex
959 533 1068 590 quo
1097 534 1156 574 se
1195 519 1249 574 in
1273 510 1450 591 'rcgno
1486 518 1662 574 Patris
1703 518 1831 573 illud
1871 533 2066 573 novum
2110 513 2191 571 bi-

607 617 739 672 bere
789 622 1018 670 testatur
1051 609 1071 667 ':
1116 611 1352 682 alioquin
1399 627 1523 666 eum
1562 611 1614 665 in
1663 610 1755 666 illo
1803 624 1970 681 regno
2009 609 2191 664 futuro

607 711 753 766 hunc
791 717 978 778 potum
1007 720 1270 775 corporeo
1294 713 1451 775 gustu
1474 713 1531 759 et
1558 720 1736 760 escam
1763 704 1906 758 hanc
1935 718 2033 758 nec
2055 715 2080 743 ι
2105 717 2190 758 re-

607 798 693 856 c'te
715 800 1011 853 bibiturum
1041 814 1138 852 nec
1167 805 1548 866 percepturum
1582 795 1881 861 credimus;
1912 797 2007 850 sed
2051 796 2190 850 sicut

606 891 722 961 ipse
757 890 786 932 δ
812 889 1068 944 sacerdos
1108 897 1162 942 et
1194 896 1388 941 auctor
1424 886 1614 941 salutis
1659 885 1932 950 instituit,
1970 900 2035 940 ex
2081 901 2190 956 quo

603 983 848 1035 renovati
877 979 1051 1034 sancti
1092 977 1320 1048 apostoli
1365 992 1461 1046 per
1488 977 1774 1031 adventum
1803 976 1972 1029 sancti
2019 974 2191 1044 Spiri-

605 1065 802 1128 tus'de
826 1063 1000 1132 caelis,
1029 1078 1084 1124 et
1113 1068 1360 1124 inebriati
1398 1076 1525 1122 sunt
1563 1075 1741 1122 musto
1779 1067 2060 1121 charitatis
2085 1081 2100 1119 :
2121 1081 2187 1120 ex

604 1175 672 1218 eo
697 1175 829 1217 sane
865 1160 1138 1216 credimus
1181 1161 1325 1214 hunc
1350 1158 1572 1213 calicem
1610 1157 1664 1212 in
1715 1157 1951 1212 Ecclesia
2000 1170 2192 1213 consc-

604 1263 842 1316 cratum,
869 1251 1012 1321 quod
1057 1261 1078 1289 ε
1114 1249 1202 1305 ille
1229 1248 1463 1319 Spiritus
1489 1248 1752 1314 veritatis,
1798 1248 1850 1303 in
1891 1263 1999 1318 quo
2026 1263 2187 1303 reno-
2223 1229 2237 1241 ’

604 1344 716 1399 vati
763 1353 888 1399 sunt
924 1358 988 1397 ex
1021 1351 1330 1406 vetustate,
1387 1341 1673 1396 induxerat
1721 1356 1815 1395 eos
1870 1340 1921 1394 in
1973 1355 2187 1394 omnem

604 1437 914 1503 veritatem.
937 1446 993 1490 et
1014 1435 1437 1491 conlirmaverat
1472 1434 1523 1488 in
1553 1433 1940 1504 plenitudinem
1984 1431 2187 1486 doctri-

605 1543 712 1582 nat.
743 1525 995 1582 Profecto
1029 1525 1119 1580 ubi
1155 1523 1268 1592 jam
1313 1524 1471 1578 sicuti
1515 1539 1546 1576 a
1577 1523 1828 1586 Christo,
1863 1523 1932 1576 ita
1964 1535 2096 1576 sane
2120 1520 2191 1576 ab

603 1619 684 1673 eis
705 1626 760 1672 et
780 1617 1036 1686 deinceps
1058 1616 1110 1670 in
1133 1615 1370 1670 novitate
1395 1614 1616 1684 spiritus
1630 1621 2000 1668 consecratur.
2019 1611 2192 1665 Aliter

604 1717 786 1764 autem
817 1725 960 1762 meus
993 1708 1138 1761 cibus
1168 1717 1266 1771 est,
1297 1706 1471 1775 inquit
1491 1704 1764 1774 (Joan.tv,
1783 1704 1896 1774 '54),
1916 1714 1969 1757 ut
1995 1703 2188 1772 faciam

2293 547 2487 587 saurus
2527 531 2874 586 absconditus
2913 528 3380 623 verua‘t‘lloribus
3425 529 3889 586 immarcessibili-

2291 631 2414 696 bus,
2441 639 2495 685 et
2523 629 2730 686 redolet
2755 630 3116 685 suavitatemu
3143 630 3350 695 odoris,
3378 648 3529 701 quem
3568 631 3660 702 qui
3688 633 3888 688 invenit

2291 733 2445 788 homo
2463 773 2478 799 ,
2503 733 2644 786 radit
2665 741 2714 787 et
2741 733 2912 787 vendit
2940 732 3116 786 omnia
3139 749 3256 802 qua:
3277 733 3453 798 habet,
3477 743 3524 787 et
3550 733 3675 786 emit
3695 749 3885 803 agrum

2290 835 2447 887 istum
2491 832 2705 903 (Matth.
2757 847 2890 897 xm,
2934 831 3028 900 M)
3063 846 3078 885 :
3108 832 3240 886 ubi°
3286 830 3531 886 thesauri
3568 848 3764 887 omnes
3804 848 3890 886 sa-

2289 933 2506 1003 pientia:
2535 943 2698 1002 atque
2744 933 2986 987 scientia:
3013 931 3471 1002 contemplantur.
3507 933 3582 988 De
3611 948 3722 1001 quo
3752 945 3887 986 sane

2292 1051 2421 1106 agro
2442 1038 2597 1106 panis
2618 1036 2740 1090 vita:
2763 1036 2943 1091 carnis
2960 1046 2987 1086 tt
3005 1076 3020 1100 ,
3047 1044 3103 1090 et
3127 1044 3286 1106 potus
3309 1035 3588 1106 sanguinis
3604 1076 3618 1098 ,
3650 1035 3886 1089 creden-

2291 1138 2435 1194 tibus
2460 1137 2700 1208 quotidie
2727 1137 3022 1202 exuberat,
3054 1144 3110 1191 et
3150 1152 3180 1190 a
3224 1136 3473 1191 ﬁdelibus
3523 1115 3886 1190 messiiiturq.

2289 1225 2347 1281 In
2377 1241 2485 1298 quo
2513 1227 2698 1295 utique
2725 1241 2892 1281 verus
2928 1224 3098 1281 Jacnb
3129 1227 3488 1290 benedicitur,
3529 1233 3584 1280 et
3628 1225 3890 1280 dominus

2291 1323 2518 1379 fratrum
2542 1341 2765 1380 suorum
2790 1326 3175 1391 constituitur;
3200 1326 3325 1396 quia
3347 1325 3605 1380 nimirum
3634 1326 3757 1381 sine
3781 1325 3892 1380 isto

2291 1428 2434 1483 nulla
2484 1443 2665 1484 rerum
2710 1426 2815 1481 alia
2866 1426 3085 1496 proiicit
3125 1425 3434 1482 benedictio
3480 1427 3623 1480 unde
3669 1426 3887 1482 beatus.

2290 1528 2471 1592 idem,
2511 1527 2651 1582 ESau
2699 1525 2848 1582 ferus
2902 1536 3131 1581 venator
3165 1526 3234 1580 ad
3278 1525 3710 1581 benedicendum
3759 1539 3888 1580 cum

2292 1618 2498 1673 tardior
2524 1616 2888 1682 occurrisset,
2913 1615 3293 1672 benedictione
3315 1615 3429 1692 hac
3448 1613 3565 1684 jam
3609 1613 3771 1668 fratri
3799 1614 3888 1669 in-

2292 1713 2472 1777 dulta,
2505 1714 2581 1767 ait
2615 1730 2628 1766 :
2668 1710 2817 1766 Venit
2864 1727 3143 1783 germanus
3181 1721 3303 1765 tuus
3350 1707 3719 1779 fraudulenter
3761 1720 3781 1758 :
3821 1719 3890 1761 ac

602 1798 920 1851 voluntatem
951 1797 1066 1867 ejus
1085 1799 1174 1866 qui
1199 1798 1340 1849 misit
1371 1813 1470 1858 me,
1499 1806 1546 1849 et
1567 1795 1813 1863 impleam
1841 1793 1867 1832 ἀ
1895 1811 2025 1863 opus
2049 1793 2185 1862 ejus.

2294 1805 2487 1860 deinde
2512 1821 2525 1858 :
2565 1802 2849 1882 Frumento
2866 1780 2918 1858 et
2949 1804 3064 1858 vino
3089 1802 3318 1857 stabiliri
3358 1818 3477 1856 eum
3502 1799 3662 1870 (Gen.
3695 1815 3884 1862 xxvu,

603 1886 806 1959 (Hien)
838 1887 981 1958 Ergo
1000 1888 1126 1941 dum
1160 1886 1390 1941 facimus
1429 1885 1756 1940 voluntatem
1787 1883 1986 1948 Patris,
2010 1891 2064 1936 et
2091 1883 2189 1937 im-

601 1981 785 2048 pletur
835 1991 860 2016 ε
900 1994 1035 2047 opus
1076 1978 1378 2042 charitatis,
1405 1977 1655 2032 Christus
1703 1976 1888 2045 utique
1911 1975 2188 2030 nobiscum

603 2066 748 2124 bibit
771 2071 823 2124 iu
857 2085 1022 2139 regno
1065 2069 1319 2124 Ecclesiae
1348 2085 1458 2124 sum
1500 2069 1818 2139 sanguinem
1847 2084 2027 2131 suum,
2063 2068 2186 2136 quia

584 2163 692 2217 .ille
733 2170 992 2232 caput,et
1037 2177 1135 2216 nos
1184 2161 1425 2216 membra
1457 2176 1662 2216 sumus.
1707 2159 1861 2215 Hunc
1902 2159 2090 2229 utique
2117 2159 2190 2213 ci-

601 2256 735 2309 bum
789 2253 955 2308 Jacob
989 2253 1300 2323 patriarcha
1344 2252 1651 2315 esuriebat,
1685 2251 1909 2306 dicens:
1939 2248 1997 2304 Si
2031 2251 2189 2320 fuerit

600 2347 861 2400 Dominus
892 2363 1117 2412 mecum,
1139 2355 1191 2399 et
1210 2345 1411 2399 dederit
1436 2344 1563 2399 mihi
1592 2360 1776 2414 panem
1803 2343 1872 2396 ad
1907 2342 2187 2409 edendum,

600 2445 648 2490 et
680 2428 1037 2492 vestimentum
1062 2437 1130 2491 ad
1161 2417 1482 2490 induendum
1512 2432 1664 2506 (Gen.
1692 2449 1880 2496 xxvm,
1907 2433 2020 2504 20).

672 2527 726 2581 ὅ.
759 2523 1034 2597 Quotquot
1064 2542 1192 2598 ergo
1227 2527 1281 2580 in
1325 2525 1544 2581 Christo
1587 2523 2000 2596 baptizantur‘,
2032 2523 2190 2578 Chri-

600 2631 746 2678 stum
781 2623 1042 2686 induuut,
1071 2631 1127 2676 et
1153 2636 1345 2691 panem
1376 2619 1669 2674 comedunt
1704 2617 2018 2688 angelorum
2039 2619 2098 2682 σς
2131 2617 2187 2670 in

601 2731 710 2786 quo
740 2714 998 2769 nimirum
1026 2711 1299 2783 mysterio
1327 2709 1602 2764 benedixit
1640 2707 1791 2763 isaac
1825 2707 2072 2763 eumdem
2095 2705 2188 2760 Ja-

601 2795 903 2860 cOb'liIium
935 2817 1128 2865 suum,
1172 2799 1328 2870 quasi
1370 2798 1514 2854 nulla
1557 2798 1664 2852 alia
1711 2807 1855 2853 esset
1884 2796 2188 2852 benedictio

599 2905 766 2966 quam
790 2877 1048 2948 frumenti
1071 2900 1126 2946 et
1146 2891 1278 2957 viui,
1305 2890 1512 2946 scilicet
1527 2890 1580 2944 in
1603 2905 1742 2959 pane
1758 2889 1940 2945 carnis
1959 2888 2184 2952 Christi,

597 2989 654 3040 et
695 2985 749 3040 in
777 2993 906 3054 potu
951 2982 1257 3051 sanguinis,
1288 2997 1409 3052 quae
1451 2981 1518 3035 de
1547 2995 1679 3051 agro
1716 2979 2005 3049 corporish
2030 2979 2187 3033 nobis

596 3077 842 3148 quotidie
878 3063 982 3144 per
1025 3074 1259 3129 ollicium
1289 3072 1588 3127 sacerdotis
1616 3078 2017 3134 maturescunt,
2042 3068 2183 3124 bibi-

2289 1897 2391 1961 55,
2423 1896 2512 1966 37)
2541 1913 2554 1948 :
2587 1897 2730 1965 quod
2752 1904 2835 1951 est
2859 1905 3046 1966 aperte
3082 1895 3293 1957 dicere,
3325 1893 3566 1948 Firmavi
3593 1908 3720 1947 eum
3745 1905 3890 1960 pane

2288 1987 2536 2056 corporis
2560 1986 2757 2041 Christi
2776 1995 2834 2040 et
2851 1985 2980 2040 vino
3007 1985 3313 2056 sanguinis,
3336 1985 3388 2038 in
3415 1983 3615 2053 quibus
3630 1993 3838 2039 aeterna
3860 1992 3888 2020 ι’

2290 2078 2378 2132 illa
2407 2084 2622 2132 maneat
2654 2076 3010 2130 abundantia.
3041 2074 3156 2128 Tibi
3182 2084 3392 2138 autem,
3419 2074 3529 2142 fili,
3579 2073 3724 2126 ultra
3756 2072 3887 2143 quid

2289 2167 2482 2237 faciant
2520 2165 2708 2236 (Ibid.)
2727 2177 2774 2218 ³.
2808 2165 2948 2233 Quid
2975 2165 3177 2236 igitur?
3203 2173 3385 2218 tantus
3408 2173 3465 2219 et
3491 2163 3616 2218 talis
3640 2164 3736 2218 Dei
3764 2164 3886 2220 cul-

2291 2269 2376 2316 tor
2413 2259 2458 2314 si
2489 2259 2623 2314 nihil
2653 2259 2858 2313 invenit
2890 2258 3000 2312 tilio
3027 2257 3170 2312 ultra
3203 2257 3333 2327 quid
3367 2256 3600 2328 praebat,
3654 2257 3763 2310 nisi
3793 2272 3888 2311 ea-

2289 2351 2411 2405 dem
2453 2349 2527 2403 illi
2573 2350 2714 2403 votis
2763 2348 3047 2418 imploret?
3099 2347 3369 2411 Putasne,
3417 2347 3559 2416 quod
3609 2348 3788 2412 absit,
3838 2347 3885 2400 si

2290 2441 2460 2497 fueris
2498 2441 2753 2512 indignus
2792 2450 2941 2495 tanta
2972 2441 3178 2512 gratia,
3214 2439 3338 2494 ullis
3381 2441 3525 2509 quod
3553 2439 3764 2509 polleas
3789 2439 3887 2493 bo-

2289 2531 2374 2587 nis
2391 2573 2407 2596 ,
2437 2530 2579 2585 ultra
2600 2545 2764 2600 quam
2789 2529 2924 2584 nihil
2947 2529 3180 2599 amplius
3204 2529 3256 2582 in
3286 2527 3390 2583 hac
3415 2528 3526 2581 vita
3555 2536 3887 2597 praestatur,

2290 2635 2385 2680 aut
2417 2625 2557 2681 forte
2583 2625 2704 2680 ideo
2738 2624 3126 2696 parvipendes,
3157 2623 3285 2692 quia
3318 2625 3370 2676 in
3397 2637 3496 2677 ore
3519 2623 3627 2677 nan
3663 2623 3766 2676 tibi
3796 2638 3887 2678 sa-

2287 2717 2400 2788 pit,
2434 2715 2578 2787 quod
2608 2715 2662 2770 in
2693 2716 2888 2784 spiritu
2919 2715 3010 2770 ille
3038 2714 3196 2787 longe
3231 2720 3596 2782 pnesenserat
3622 2713 3677 2766 in
3703 2707 3806 2776 eo,
3829 2722 3889 2766 et

2288 2807 2396 2864 frui
2444 2806 2825 2863 desiderabat?
2861 2804 2968 2860 Sed
3002 2815 3059 2860 et
3084 2806 3190 2859 hoc
3216 2804 3348 2858 licet
3397 2803 3450 2857 in
3500 2817 3597 2871 spe
3644 2801 3891 2858 refectus

2287 2901 2417 2957 olim
2453 2901 2728 2956 Abraham
2763 2898 2963 2962 fuerat,
3007 2898 3131 2952 ideo
3168 2895 3485 2951 benedictus
3514 2894 3628 2949 Deo
3665 2895 3891 2950 excelso

2288 2993 2464 3047 dictus
2495 3000 2597 3046 est.
2639 2991 2774 3058 Quia
2798 2989 3028 3058 denique
3045 2987 3418 3042 benedictione
3446 2994 3567 3055 post
3589 3000 3718 3039 eum
3743 2985 3888 3039 Deus

2290 3081 2438 3138 Isaac
2494 3080 2838 3152 perfuderat,
2889 3087 3181 3150 propterea
3235 3085 3292 3131 et
3345 3075 3457 3145 ipse
3501 3074 3672 3128 lilium
3722 3091 3887 3129 suum

595 3143 722 3222 mus
744 3169 757 3206 ί
783 3153 807 3232 ,’
839 3143 896 3222 et
935 3163 1289 3220 comedimus.
1322 3161 1460 3216 Hinc
1502 3174 1719 3230 quoque
1760 3159 1902 3213 idem
1935 3158 2011 3212 ait
2041 3177 2054 3212 :
2087 3157 2185 3213 Det

2289 3176 2456 3232 Jacoh
2485 3143 2688 3230 eisdem
2718 3143 2927 3227 dita-bat
2946 3173 2963 3208 τ
2994 3143 3188 3232 bonis,
3235 3181 3290 3222 et
3332 3143 3633 3236 prophetali
3664 3165 3890 3237 eloquio

596 3260 692 3313 tibi
723 3257 861 3313 Deus
899 3257 964 3310 de
997 3273 1114 3310 rore
1139 3254 1254 3309 caeli
1271 3294 1286 3318 ,
1309 3263 1357 3307 et
1379 3254 1444 3307 de
1465 3249 1813 3321 pinguedinei
1849 3260 2002 3304 terra:
2021 3249 2187 3304 abun-

596 3352 832 3405 dantiam
877 3349 1124 3419 frumenti
1172 3357 1221 3400 et
1265 3346 1372 3401 vini
1414 3344 1568 3416 (Gen.
1599 3358 1780 3407 xxvn,
1811 3342 1926 3413 28).
1957 3342 2014 3396 In
2061 3356 2186 3398 rore

597 3444 816 3512 quidem
849 3441 995 3508 coeli,
1017 3443 1143 3512 quia
1173 3441 1288 3494 Iure
1311 3437 1569 3510 mysteria
1590 3435 1894 3490 divinitatis
1924 3449 2026 3506 ope
2055 3449 2186 3490 con-

595 3535 876 3590 ficiuntur.
940 3532 1016 3588 De
1065 3529 1394 3602 pinguedine
1440 3543 1575 3583 vero
1633 3535 1828 3590 terrae,
1881 3526 2008 3595 quia
2056 3540 2185 3580 caro

595 3625 798 3681 Christi
828 3625 892 3678 de
925 3622 1142 3692 Virgine
1172 3628 1292 3674 orta
1320 3617 1562 3673 creditur
1590 3634 1607 3670 ε
1632 3616 1721 3670 ubi
1752 3615 1941 3686 procul
1970 3615 2135 3670 dubio
2154 3614 2182 3655 ι

595 3717 738 3788 plebi
767 3715 1202 3770 Clnistianorum
1229 3711 1544 3782 plenissima
1570 3716 1877 3780 pmstatur,
1904 3709 2184 3763 abundau-

596 3809 670 3861 tia
698 3807 854 3877 panis
878 3813 934 3862 et
972 3805 1082 3860 vini
1111 3803 1125 3843 ι
1152 3844 1166 3870 ,
1201 3803 1252 3858 ἱιι
1284 3803 1480 3874 quibus
1507 3803 1625 3857 sine
1658 3801 1824 3856 dubio
1847 3801 1952 3855 vita
1984 3798 2184 3855 ll‘uitur

595 3901 928 3971 angelorum.

665 3994 722 4049 ι.
763 3993 926 4049 Necm
964 3993 1144 4063 igitur,
1174 3989 1494 4045 charissime
1517 3987 1611 4052 liii,
1637 3987 1794 4042 istam
1825 3984 2182 4056 parvipendas

592 4091 792 4153 vitam,
825 4086 916 4141 ubi
965 4094 1112 4140 tanta
1134 4083 1375 4138 redolent
1411 4088 1770 4136 sacramenta.
1806 4077 1985 4132 Habes
2015 4091 2178 4146 quam

591 4181 800 4250 alonge
829 4187 1010 4233 tantus
1047 4176 1355 4246 patriarcha
1385 4173 1556 4229 sensit
1584 4172 1637 4226 in
1687 4170 1799 4225 lilio
1827 4167 2177 4238 fragrantiam

593 4271 759 4341 hujus
792 4267 1071 4340 mysterii;
1100 4265 1179 4320 ait
1218 4265 1362 4320 enim
1399 4281 1412 4317 :
1449 4263 1585 4316 Ecce
1620 4260 1753 4314 odor
1785 4257 1883 4326 ﬁlii
1916 4255 2018 4309 mei
2042 4256 2177 4310 sicut

591 4360 723 4414 odor
743 4359 858 4428 agri
888 4355 1057 4426 pleni,
1087 4355 1172 4408 cui
1205 4353 1462 4410 benedixit
1509 4349 1762 4409 Dominus
1803 4342 1958 4416 (Gen.
1994 4359 2175 4409 xxvii,

660 4525 687 4553 ι
726 4511 866 4567 Ulim
896 4518 952 4566 et
979 4509 1142 4564 Sirm.
1174 4514 1486 4577 expuugunt
1510 4513 1668 4558 recte.

559 4587 565 4594 “
661 4583 687 4622 b
717 4583 914 4644 Vatic.,
945 4583 1078 4634 sicut
1109 4579 1217 4649 ipse
1252 4588 1535 4649 praeceptor
1563 4581 1843 4649 et_a_uctor.

661 4667 681 4730 ις
878 4661 938 4730 ct_
962 4644 1137 4730 _Flo_r.,
1163 4644 1520 4730 quoniamnille
1549 4644 1781 4730 spiritus.

611 4727 620 4733 ’
655 4722 680 4761 ἀ
710 4723 848 4776 Ιίάίιί
873 4721 1077 4774 addunt
1101 4711 1188 4788 qui
1227 4720 1282 4771 in
1323 4715 1462 4769 caelis
1488 4724 1560 4767 est
1589 4729 1607 4767 :
1633 4729 1753 4782 quae
1782 4713 1944 4768 verba
1976 4711 2173 4768 desunt

586 4795 639 4848 in
672 4795 924 4848 omnibus
951 4807 1085 4846 mss.

661 4877 683 4902 θ
709 4862 907 4926 V'atic.,
937 4873 982 4916 et
1007 4859 1250 4929 impletur
1277 4872 1310 4908 a
1336 4855 1500 4912 nobis.
1546 4853 1699 4910 Tres.
1733 4868 1887 4917 mss.,
1911 4864 1960 4910 et
1991 4852 2174 4923 imple-

519 4933 523 4938 ’
583 4951 699 4997 ntus
729 4949 854 5001 opus
876 4929 1174 5001 charitatis.

662 5003 679 5042 τ
711 4993 847 5058 Tres
889 5017 1046 5064 mss.,
1095 4996 1442 5068 baptizamur,
1487 4993 1754 5048 Christum
1794 4993 2170 5060 induintus,et

580 5090 768 5141 panem
804 5070 1120 5126 cmnedimus
1151 5065 1473 5136 angelorum.

657 5146 681 5182 ⁸
707 5141 805 5197 llic
832 5140 1020 5210 incipit
1039 5138 1093 5194 in
1115 5136 1309 5210 codice
1324 5135 1521 5210 Lauh.,
1545 5150 1665 5210 cap.
1694 5131 1933 5210 LXXXII
1961 5132 2173 5210 :Quare

584 5213 743 5268 Isaac
765 5205 1407 5268 benedictionem’dederit
1437 5205 1604 5274 Iacob
1637 5205 1886 5274 frumenti
1911 5215 1959 5259 et
1990 5205 2112 5258 vini.

653 5286 679 5322 ιι
706 5283 861 5338 Colb.
909 5290 966 5336 et
1007 5279 1160 5335 Anic.
1193 5278 1430 5342 addunt,
1476 5273 1709 5338 Christi;
1760 5274 1932 5341 Flor.,
1981 5274 2173 5331 Christi

579 5354 835 5422 ejusdem.

661 5426 673 5464 ί
705 5424 760 5478 In
794 5423 956 5478 editis
979 5419 1321 5476 desideratur
1361 5417 1602 5471 bibimus.

633 5495 668 5542 -i
704 5495 760 5550 In
785 5504 1015 5563 quatuor
1044 5506 1174 5547 mss.
1203 5488 1547 5563 desideratur
1579 5497 1757 5544 terrm.

654 5566 677 5604 ¹ι
704 5565 760 5620 lu
789 5559 950 5619 editis
979 5564 1131 5618 deest
1159 5559 1311 5629 plebi.

663 5635 675 5672 ¹
709 5636 762 5689 In
798 5635 966 5689 tribus
998 5649 1124 5687 mss.
1159 5631 1211 5683 in
1248 5646 1352 5684 non
1379 5638 1676 5700 comparet.

653 5715 688 5738 "
713 5705 853 5760 Editi
873 5745 885 5768 ,
917 5704 996 5758 Ne
1023 5703 1200 5774 igitur,
1227 5699 1530 5756 citatissime
1555 5699 1658 5770 ﬁli,
1680 5701 1776 5755 ista
1799 5701 2162 5771 patripemlas,

2288 3266 2613 3336 implorabat
2646 3265 2792 3334 quod
2818 3261 3074 3316 omnibus
3097 3267 3217 3314 erat
3247 3258 3654 3327 repromissum.

2355 3357 2410 3411 5.
2456 3355 2708 3425 Magnum
2737 3353 2901 3424 igitur
2930 3352 3128 3406 bonum
3155 3358 3210 3404 et
3236 3363 3462 3403 summa:
3486 3347 3894 3403 benedictionis

2286 3465 2546 3506 arcanum
2576 3450 2628 3504 in
2655 3449 2795 3503 hoc‘l
2820 3446 3049 3517 mystice
3078 3443 3279 3499 Christi
3322 3441 3574 3496 Ecclesia:
3599 3454 3891 3509 prmpara-

2286 3553 2396 3606 tur,
2433 3539 2525 3594 ubi
2575 3538 2828 3592 Christus
2870 3546 2949 3591 est
2995 3535 3224 3590 conviva
3261 3532 3577 3587 deliciarum
3607 3539 3661 3584 et
3691 3531 3889 3585 convi-

2284 3632 2451 3688 vium.
2471 3632 2546 3686 De
2574 3632 2676 3686 hoc
2693 3630 2890 3700 quippe
2913 3629 3056 3683 bono
3076 3626 3374 3682 Zacharias
3395 3625 3523 3680 olim
3548 3623 3887 3693 repromisso

2285 3724 2563 3778 admirans
2590 3723 2666 3776 ait
2698 3736 2713 3775 :
2749 3721 2817 3774 Et
2844 3721 2969 3791 quid
3006 3721 3194 3773 bonum
3236 3719 3354 3788 ejus
3383 3726 3496 3781 est,
3537 3727 3586 3770 et
3609 3717 3741 3786 quid
3760 3715 3885 3785 pul-

2283 3815 2465 3870 chrum
2488 3813 2599 3882 ejus
2620 3853 2634 3876 ,
2675 3813 2776 3866 nisi
2798 3812 3118 3880 frumentum
3143 3811 3424 3864 electorum
3447 3849 3463 3872 ,
3485 3819 3533 3861 et
3556 3809 3738 3861 cimini
3757 3824 3880 3878 gen-

2283 3909 2491 3961 ntinans
2512 3903 2974 3976 virgines?(Zat-h.
3000 3919 3078 3964 Ix,
3105 3902 3216 3966 l7.)
3236 3911 3259 3938 ν
3281 3901 3380 3956 Ubi
3412 3901 3709 3953 notandum
3735 3899 3878 3967 quod

2283 4014 2389 4052 non
2425 3997 2526 4051 nisi
2559 3996 2855 4050 electorum
2881 4002 2966 4049 est
2993 3994 3148 4048 cibus
3169 4034 3182 4055 ,
3213 4008 3278 4046 ex
3309 4008 3419 4062 quo
3451 3993 3654 4046 bonum
3685 3991 3880 4046 salutis

2282 4087 2561 4165 Ecclesiae,
2588 4096 2643 4142 et
2663 4085 3012 4155 pulchritudo
3034 4084 3248 4138 decoris
3274 4091 3466 4154 praesta
3477 4091 3581 4136 tur.
3608 4081 3747 4150 Quia
3773 4084 3877 4136 etsi

2281 4178 2519 4250 quotidie
2533 4175 2823 4239 sordescit,
2847 4175 3041 4230 exinde
3057 4181 3362 4243 reparatur,
3379 4182 3441 4226 ut
3455 4187 3654 4243 sponsa
3667 4171 3879 4228 Christi

2280 4273 2398 4329 sine
2423 4270 2631 4327 macula
2660 4278 2716 4323 et
2744 4281 2872 4338 ruga
2900 4267 3098 4322 talibus
3135 4267 3448 4321 inveniatur
3474 4281 3730 4335 respersa
3759 4282 3879 4320 mu-

2277 4366 2530 4432 neribus;
2560 4363 2800 4433 alioquin
2846 4362 2973 4418 dum
3004 4360 3250 4432 quotidie
3291 4374 3618 4430 peccamus,
3650 4359 3781 4414 licet
3821 4359 3876 4412 in

2196 4489 2252 4553 Β
2277 4522 2363 4576 ubi
2412 4522 2532 4575 vita:
2581 4529 2732 4573 tanta
2776 4517 3011 4572 redolent
3069 4526 3438 4580 sacramenta,
3481 4513 3579 4568 sed
3629 4521 3872 4568 nostram

2274 4593 2562 4648 lectionem
2591 4592 2826 4646 retinent
2853 4596 3058 4658 septem
3091 4601 3222 4641 mss.

2346 4673 2370 4699 ι’
2396 4660 2534 4718 Editi
2557 4700 2572 4724 ,
2598 4660 2868 4713 suauitate.

2347 4731 2501 4794 °Al.,
2551 4729 2654 4785 Ubi
2700 4731 2970 4782 thesauros
3012 4727 3183 4780 omnis
3225 4725 3496 4796 sapientite
3541 4732 3594 4778 et
3638 4723 3869 4777 scientia

2273 4800 2674 4868 contemplatur.
3314 4829 3319 4834 -

2351 4885 2376 4922 ρ
2402 4873 2536 4925 Editi
2559 4911 2572 4931 ,
2602 4870 2656 4923 id
2687 4881 2759 4923 est
2792 4871 2988 4922 carnis.

2347 4955 2374 4992 (ι
2401 4941 2765 5010 Hiciuoipitin
2790 4941 2916 5010 cod.
2943 4938 3112 4993 Laub.
3128 4952 3246 5010 cap.
3265 4934 3566 5010 LXXXII;
3593 4935 3865 5001 Quodsine

2278 5016 2374 5069 hoc
2393 5007 2721 5066 sacramento
2751 5009 2896 5063 nulla
2927 5010 3033 5062 alia
3057 5008 3260 5078 proficit
3285 5007 3594 5078 benedictio.

2352 5094 2372 5120 τ
2398 5082 2534 5138 Editi
2554 5123 2565 5135 .
2597 5081 2650 5133 in
2680 5081 2865 5149 quibus
2893 5079 2968 5132 illi
2992 5075 3185 5132 a’terna
3213 5087 3400 5149 manet
3414 5075 3760 5149 abundantia.

2349 5165 2370 5192 ⁸
2389 5156 2442 5208 In
2458 5151 2579 5208 cod.
2599 5144 2765 5204 Latih.
2782 5151 2967 5222 incipit
2982 5149 3066 5204 hic
3079 5163 3199 5222 cap.
3214 5146 3477 5222 LXXXI)!
3496 5164 3510 5222 ξ
3529 5145 3685 5222 Quod
3700 5144 3862 5222 siquis

2277 5226 2512 5294 ingratus
2542 5222 2721 5294 divina
2739 5214 2942 5294 respuat
2953 5214 3188 5294 corporis
3201 5229 3248 5294 et
3263 5218 3534 5294 sanguinis
3553 5214 3750 5294 Christi
3761 5232 3863 5282 my-

2275 5283 2456 5356 steria,
2473 5291 2602 5346 nihil
2631 5293 2698 5345 sit
2723 5283 2862 5360 quod
2885 5290 2963 5343 illi
2993 5283 3156 5342 in'hat:
3173 5289 3275 5342 rita
3289 5283 3473 5341 melius
3496 5287 3693 5340 tribuat
3707 5283 3859 5338 Deus.

2363 5369 2378 5402 ¹
2409 5364 2546 5418 Editi
2568 5403 2581 5428 ,
2611 5363 2811 5414 di'abat
2839 5361 3011 5414 donis.

2357 5450 2379 5475 υ
2408 5422 2592 5492 Μςιιιιί.
2624 5433 2676 5486 in
2717 5433 2816 5485 hac
2845 5431 3058 5500 mystice
3092 5428 3326 5485 Ecclesia
3361 5436 3715 5500 pra’paratur.
3744 5422 3855 5500 μιῇ.

2283 5523 2430 5562 ιιιοτι.
2459 5520 2561 5558 ms.
2594 5519 2712 5557 cum
2744 5494 2918 5554 altero
2943 5500 2998 5553 S.
3029 5498 3239 5564 Gerun,
3268 5501 3322 5553 in
3361 5494 3727 5567 hoc'mystica:
3769 5494 3857 5547 lic-

2281 5577 2453 5632 t'lesin!
2483 5582 2832 5644 pra'pnratur.

2357 5658 2379 5681 "
2416 5634 2510 5699 Hii:
2545 5634 2602 5696 in.
2634 5644 2753 5694 ml.
2798 5641 2968 5695 Latth.
3008 5641 3191 5710 incipit
3232 5659 3350 5712 cap.
3383 5638 3626 5696 LXXXV
3673 5654 3685 5690 :
3717 5634 3855 5702 Qned

2281 5736 2379 5772 non
2404 5719 2467 5771 sit
2503 5718 2598 5770 nisi
2629 5713 2906 5768 electorum
2949 5713 3114 5766 ribus.
