4148 6344
287 314 419 375 155³1
473 322 476 326 ’

1201 300 1328 360 LIB.
1368 300 1458 359 DE
1497 297 1821 357 CDBPORE
1861 294 1950 350 ET
1990 295 2338 356 SANCUINE
2381 299 2636 358 DOMINI.

3416 301 3553 358 £338

287 426 521 485 minimis
541 464 556 489 ,
582 421 852 493 quomodo
871 419 988 474 sine
1013 418 1220 472 macula
1239 431 1361 472 esse
1386 412 1708 485 possumus?
1728 409 1854 466 Non
1884 410 1934 471 Α
1961 411 2017 466 In
2047 428 2113 469 eo
2140 415 2325 484 utique
2358 415 2695 485 replebimini
2716 457 2730 479 ,
2756 415 2882 470 licet
2921 416 3018 468 tria
3051 417 3392 486 promiserit,
3425 417 3552 488 quia

287 532 366 577 est
387 533 519 590 ergo
549 512 891 571 immaculata
916 525 1078 580 quam
1106 509 1244 563 necvi
1271 505 1601 578 obsccenitas
1627 503 1860 559 dedeco-

288 623 390 668 rat.
435 609 542 674 Sed
586 606 711 676 quia
755 619 854 673 per
892 603 1005 656 haec
1048 596 1546 670 purgaturjugiter,
1577 594 1862 664 pulchrum

287 706 399 775 ejus
421 711 507 760 est
539 702 644 756 hoc
668 711 864 767 corpus
883 736 896 758 ,
921 708 990 748 ex
1023 709 1130 762 quo
1151 691 1265 758 jam
1309 689 1558 758 speciosa
1587 701 1684 756 per
1717 686 1864 739 lava-

289 812 433 853 crum
463 791 695 861 amplius
721 784 1080 857 pulchrescit,
1112 791 1172 836 ut
1197 780 1431 834 candore
1458 778 1556 837 lilii
1582 786 1639 832 et
1666 777 1864 830 rubore

287 886 562 958 sanguinis
589 883 644 937 in
673 881 776 936 hoc
800 875 1058 949 mysterio
1077 874 1382 930 decoretur.
1407 870 1617 924 Bonum
1644 867 1864 936 quippe.

288 991 345 1035 ut
385 979 452 1034 ad
497 977 665 1031 vitam
707 980 968 1028 aeternam
996 965 1375 1037 proﬁciamus,
1403 957 1688 1033 pulchrum
1711 974 1866 1024 vero,

288 1074 408 1129 dum
457 1062 880 1124 immortalitatis
918 1058 1086 1128 gloria
1132 1057 1416 1118 vestimur,
1459 1063 1518 1106 ut
1557 1061 1611 1106 et
1637 1050 1867 1104 interius

289 1163 528 1218 fruamur
555 1157 677 1211 vita:
703 1151 1026 1215 dulcedine,
1076 1157 1131 1203 et
1173 1146 1414 1202 exterius
1460 1142 1763 1213 fulgeamus
1792 1139 1870 1192 ni-

290 1254 450 1310 tidius
481 1251 548 1306 de
576 1247 708 1304 tanti
738 1242 987 1300 beneficii
1033 1239 1228 1311 gratia.
1280 1237 1348 1290 Et
1391 1237 1602 1298 vinum,
1651 1231 1863 1300 inquit,

288 1345 579 1417 germinans
607 1338 850 1409 virgines.
892 1333 1042 1388 Felix
1091 1331 1300 1386 fructus
1329 1325 1624 1389 ubertatis,
1665 1339 1732 1378 ex
1759 1337 1867 1393 quo

288 1411 566 1504 virginitas
590 1427 948 1499 germinatur.
969 1433 997 1461 ι
1026 1420 1160 1474 Nam
1186 1418 1240 1472 in
1264 1417 1368 1471 hoc
1395 1413 1566 1470 nostri
1606 1411 1869 1483 germinis

287 1503 411 1579 vino
458 1521 681 1577 castitas
729 1513 1111 1583 corrumpitur,
1157 1511 1226 1564 ab
1277 1511 1381 1564 isto
1430 1521 1560 1562 vero
1628 1503 1868 1572 virgines

287 1623 671 1688 procreantur;
721 1617 777 1664 et
823 1607 946 1662 ideo
979 1603 1103 1672 jure
1148 1600 1334 1658 omnis
1377 1595 1617 1652 Ecclesia
1663 1591 1868 1648 Christi

286 1708 436 1778 virgo
455 1703 786 1763 nominatur,
809 1697 962 1767 quia,
989 1695 1094 1749 isto
1111 1690 1322 1760 repleta
1347 1689 1490 1750 vino,
1508 1683 1713 1740 nullum
1734 1694 1866 1750 prae-

288 1811 369 1854 ter
394 1795 670 1852 Christum
719 1804 902 1846 amare
933 1788 1103 1851 novit,
1124 1785 1152 1824 δ
1183 1783 1388 1840 nullum
1421 1779 1630 1836 esurire
1661 1775 1866 1838 alium,
1897 1770 1945 1830 B

287 1887 596 1954 nullumque
634 1881 818 1945 sitire,
867 1877 1125 1947 quoniam
1169 1886 1446 1930 summum
1493 1867 1612 1938 ejus
1655 1866 1860 1920 bonum

289 1988 397 2045 est,
424 1987 481 2034 et
505 1989 715 2032 summa
762 1968 1107 2042 pulchritudo
1148 1965 1315 2020 vestis
1345 1962 1432 2017 illa
1469 1966 1727 2018 contexta
1767 1955 1863 2010 de-

289 2085 444 2140 super
460 2083 527 2123 ex
551 2065 749 2120 vellere
766 2062 902 2133 Agni
917 2101 932 2124 ,
961 2074 1082 2129 qua:
1100 2054 1359 2126 nuptialis
1382 2052 1512 2107 alibi
1538 2048 1858 2120 appellatur.

290 2165 394 2221 Sed
417 2174 474 2219 et
494 2159 780 2218 charitatis
803 2157 928 2211 vino
958 2154 1108 2209 ebria
1130 2152 1252 2222 jure
1291 2147 1470 2203 omnis
1497 2145 1676 2200 anima
1694 2183 1710 2209 ,
1742 2155 1866 2210 qua:

289 2254 484 2313 Christi
510 2259 729 2324 potatur
753 2245 1016 2318 sanguine
1045 2243 1195 2312 virgo
1227 2239 1447 2295 dicitur.

356 2367 409 2422 6.
441 2365 656 2427 Habes,
695 2358 1048 2420 charisslmc,
1097 2360 1410 2410 sanctorum
1459 2347 1584 2402 vitae
1626 2346 1863 2407 bonum,

289 2457 428 2528 quod
447 2467 469 2495 ο
496 2453 705 2508 nullum
731 2458 813 2506 est
833 2447 1010 2511 aliud;
1039 2444 1206 2499 habes
1237 2440 1520 2512 pulchrum
1545 2433 1863 2495 venustatis,

289 2527 393 2619 quo
422 2555 544 2601 tuas
572 2541 814 2598 infantia:
839 2539 1029 2594 abluas
1059 2535 1352 2591 fmditates.
1390 2531 1597 2585 Excrce
1624 2537 1676 2581 te
1705 2527 1756 2580 in
1785 2540 1872 2580 ca-

291 2642 504 2705 stitate,
552 2635 810 2707 quoniam
857 2632 948 2688 hic
992 2629 1212 2702 sanguis
1257 2626 1390 2681 nihil
1439 2623 1611 2694 magis
1661 2619 1869 2690 diligit,

291 2747 450 2803 quam
490 2730 544 2784 in
587 2726 804 2782 Christo
843 2723 1117 2794 virgines;
1169 2719 1442 2789 virgines,
1481 2717 1732 2784 inquam,
1777 2710 1873 2764 sed

289 2801 582 2895 prudentes
625 2826 680 2874 et
715 2815 970 2887 pudicas,
1004 2813 1130 2882 quia
1173 2818 1301 2865 sunt
1351 2815 1406 2863 et
1451 2806 1611 2860 fatua:
1644 2804 1790 2858 intus
1818 2801 1874 2855 in

290 2913 498 2978 animo,
526 2926 632 2966 non
659 2909 922 2965 habentes
949 2904 1129 2960 oleum
1155 2901 1382 2957 secumd
1419 2899 1655 2970 Spiritus
1678 2895 1872 2951 sancti.

290 3005 476 3075 Quod'
522 3001 768 3075 profecto
815 3000 859 3055 si
908 2998 1030 3069 quis
1071 3012 1176 3050 non
1213 2991 1622 3056 habuerit,~hic
1652 3003 1757 3043 non
1793 2993 1878 3041 est

290 3095 510 3153 Christi.
553 3093 688 3148 Nam
739 3105 915 3160 neque
962 3087 1291 3142 frumentum
1357 3082 1539 3136 carnis
1595 3080 1713 3135 sine
1746 3077 1870 3131 vino

291 3187 484 3244 sullicit
506 3182 802 3254 sanguinis,
835 3193 1008 3249 neque
1038 3191 1165 3230 caro
1209 3186 1302 3228 aut
1331 3171 1552 3242 sanguis
1593 3170 1710 3224 sine
1750 3168 1871 3222 oleo

293 3278 523 3349 Spiritus
571 3265 743 3328 saneti
797 3268 1018 3340 prodest
1063 3265 1246 3326 nobis,
1296 3264 1404 3316 imo
1461 3255 1871 3343 magis_ollicit.

297 3371 318 3410 ί
352 3369 472 3424 Ideo
497 3363 743 3436 quisquis
772 3368 918 3414 recte
960 3355 1074 3410 vult
1108 3351 1550 3413 communicare,
1601 3334 1684 3402 sic
1727 3346 1876 3402 vivat

295 3473 513 3516 necesse
538 3465 642 3521 est,
667 3461 727 3507 ut
755 3449 1014 3520 templum
1038 3445 1271 3516 Spiritus
1293 3455 1506 3510 semper
1530 3453 1652 3494 esse
1672 3446 1868 3508 queat;

291 3551 415 3622 quia
445 3549 490 3603 si
516 3547 630 3618 quis
672 3541 921 3613 templum
951 3537 1048 3592 Dei
1089 3533 1391 3598 violaverit,
1423 3529 1683 3600 disperdet
1721 3527 1873 3580 illum

299 3617 434 3696 beas
462 3637 512 3710 (1
530 3617 658 3690 Cor.
698 3650 791 3699 ιιι,
823 3629 934 3700 l7).
980 3627 1119 3681 Hinc
1157 3638 1374 3694 quoque
1418 3620 1620 3676 Paulus
1651 3637 1666 3674 :
1698 3617 1875 3672 Nolite

296 3707 608 3786 contristare
652 3725 910 3794 Spiritum
957 3728 1198 3773 sanctum
1243 3716 1298 3768 in
1340 3729 1442 3784 quo
1503 3710 1694 3781 signati
1753 3707 1876 3762 estis

297 3820 459 3891 (Eph.
501 3832 572 3881 tv,
606 3816 728 3884 '50);
762 3809 1007 3881 profecto
1038 3807 1160 3876 quia
1212 3805 1329 3860 sine
1357 3802 1446 3856 illo
1481 3800 1625 3855 nulla
1672 3795 1875 3853 Christi

297 3889 469 3987 gratia
494 3911 746 3966 habetur.
779 3904 1071 3973 PrOpterea
1103 3908 1157 3952 et
1184 3897 1301 3952 Joel
1330 3889 1453 3950 cum
1488 3889 1878 3962 paenitentibus

297 4009 510 4064 veniam
558 4002 991 4075 repromitteret,
1039 3992 1303 4064 respondit
1348 3987 1636 4048 Dominus,
1672 3980 1876 4050 inquit,

297 4113 344 4157 et
367 4100 500 4154 dixit
538 4093 729 4168 populo
752 4109 846 4146 suo
872 4107 889 4144 :
915 4086 1050 4140 Ecce
1072 4101 1163 4155 ego
1187 4084 1335 4135 mitto
1364 4077 1506 4133 vobis
1538 4075 1875 4144 frumentum,

298 4192 475 4246 vinum
495 4230 508 4253 ,
538 4161 799 4242 vet'oleum
818 4223 833 4249 ,
875 4189 921 4234 et
965 4173 1285 4248 replebimini
1309 4171 1362 4224 in
1388 4186 1446 4223 eo
1473 4165 1632 4238 (Joel.
1663 4179 1699 4218 tt
1719 4203 1750 4242 ,ί
1769 4161 1876 4232 lli).

373 4399 395 4426 ο
424 4384 522 4440 Hic
547 4380 737 4451 incipit
763 4378 815 4451 in
833 4375 953 4451 cod.
976 4347 1150 4451 Laub.
1174 4384 1293 4440 cap.
1316 4361 1620 4451 Lxgtxvxf
1647 4359 1879 4451 Quodjn

300 4454 419 4510 vino
447 4455 609 4507 nostri
649 4432 892 4521 grerminis
915 4445 1127 4500 castitas
1154 4432 1527 4508 corrumpitur,
1554 4433 1617 4486 ab
1649 4433 1748 4484 ista
1777 4432 1856 4484 vir
1907 4475 1957 4534 υ

301 4533 446 4597 gines
474 4534 745 4597 procreari:
757 4535 839 4572 ur.

377 4598 404 4636 δ
420 4570 914 4660 ἰὸἑιῖ.ἰιῐιῖᾳ’⁷ιίιόη.,
935 4584 1137 4641 omisso
1165 4577 1367 4636 nullum
1390 4573 1588 4630 esurire
1607 4612 1622 4638 ,
1663 4570 1882 4640 subjicit

302 4655 508 4722 nullum
535 4665 664 4719 sitit.

751 4724 1088 4799 mon.,__quod
1121 4718 1250 4799 nihil
1279 4715 1426 4771 aliud
1457 4723 1553 4768 est.
1599 4709 1713 4776 AL,
1743 4710 1884 4782 quod

302 4806 510 4861 nullum
535 4814 609 4858 est
636 4791 783 4855 aliud
811 4791 979 4854 simile
1007 4794 1084 4850 vel
1113 4791 1322 4846 melius.

375 4875 404 4915 δ
428 4876 740 4945 Διηεεςιηη
767 4889 799 4924 a
824 4867 1026 4945 Spiritu
1047 4873 1250 4945 sancto.

381 4958 406 4985 ε
428 4921 1057 5001 ἰδ’ϐδῖῖιῖιιιῖυέὀοάθι
1075 4975 1089 4998 ,
1125 4942 1180 4988 et
1209 4932 1373 4994 bene,
1403 4939 1530 4981 nam
1561 4921 1794 4978 refertur
1822 4921 1888 4988 ad

307 5020 524 5074 oleum:
562 5013 649 5067 alii
682 5026 809 5066 mss.
844 5007 1011 5073 Quem
1047 5004 1297 5075 profecto.

388 5061 965 5141 (“iuvem-lll‘sau‘bfhic
992 5061 1180 5144 incipit
1207 5087 1326 5141 cap.
1358 5064 1644 5144 LXXXVII
1681 5082 1694 5120 :
1742 5061 1889 5129 Quo-

307 5139 468 5212 modo
496 5139 660 5210 vivere
688 5151 868 5221 debeat
891 5146 980 5219 qui
1008 5139 1394 5221 communicare
1413 5139 1580 5221 debet.

387 5230 413 5268 ε
435 5202 655 5279 Murder:
686 5202 931 5277 etvlili'm'.
959 5231 1079 5271 cum
1122 5215 1278 5268 Anic.
1326 5209 1545 5280 Majoris
1571 5222 1724 5280 mon.
1749 5213 1804 5280 et

308 5298 482 5362 Aud.,
515 5295 750 5364 alioquin
786 5276 928 5344 malo
961 5303 1050 5364 nec
1076 5300 1314 5364 caronec
1349 5276 1596 5349 sanguis,
1638 5277 1724 5331 sed
1737 5276 1891 5347 judi-

307 5371 454 5422 cium
471 5355 617 5437 quod
636 5355 927 5437 percipitur
937 5358 1062 5437 _si_ve
1085 5355 1325 5437 percipit:

381 5414 862 5492 it"l‘lllviti"curaliis.
908 5429 1032 5500 Maj.
1065 5414 1209 5481 mon.
1229 5414 1456 5479 'addunt
1493 5417 1691 5488 Spiritu
1711 5457 1726 5481 ,
1752 5414 1893 5486 quod

308 5509 383 5563 ab
412 5507 663 5561 omnibus
694 5520 824 5558 mss.
855 5501 1085 5555 exsulat.

392 5557 732 5636 "tr—issu
760 5557 945 5645 quibus
970 5567 1208 5645 Christus
1235 5557 1730 5645 Ecclesiqm‘replet.

392 5646 400 5654 ο

389 5646 403 5696 i
439 5625 863 5715 tusis”
911 5639 1047 5714 quod
1092 5639 1200 5690 sine
1233 5636 1388 5689 dubio
1414 5625 1612 5700 alisque
1649 5629 1738 5680 illo
1771 5625 1898 5706 nihil

306 5729 386 5774 est
411 5703 551 5790 quod
577 5716 812 5771 habetur.
854 5703 858 5707 ’
924 5703 934 5714 ι
1865 5703 1868 5706 ’

1967 517 2095 557 caro
2125 512 2180 558 et
2207 505 2428 574 sanguis
2453 520 2550 574 per
2587 502 2850 568 ennnlem
2869 504 3128 573 Spiritum
3152 516 3397 561 sanctum
3421 522 3554 563 con-

1967 605 2234 659 secratur,
2265 595 2501 664 alioquin
2523 596 2548 635 σ
2577 595 2704 650 mihi
2731 610 2829 649 nec
2858 610 2988 649 caro
3014 574 3129 660 est,
3162 611 3262 652 nec
3296 567 3556 665 sanguis,

1967 687 2059 742 sed
2082 686 2346 756 judicium
2369 687 2511 756 quod
2538 687 2778 758 percipio
2798 727 2813 750 ,
2842 687 2967 756 quia
2988 686 3107 741 sine
3133 687 3410 742 donanteh
3438 687 3556 742 nul-

1968 780 2077 834 lum
2101 780 2240 835 male
2262 779 2714 850 praesumentibus
2732 779 2930 838 donum
2951 794 3014 832 ex
3041 778 3150 832 Deo
3173 777 3552 847 praestabatur.

1968 869 2100 924 Nam
2134 871 2272 924 idem
2303 877 2356 923 et
2384 868 2619 937 Spiritus
2644 868 2844 924 donum
2893 868 3115 930 dicitur,
3150 867 3196 922 si
3231 875 3437 936 septem
3471 865 3554 934 ip-

1967 962 2081 1018 sius
2107 961 2245 1015 dona
2272 961 2541 1024 dicantur,
2574 959 2807 1029 quibusi
2843 956 3096 1012 Christus
3118 964 3174 1010 et
3202 954 3446 1010 Ecclesia
3473 970 3560 1010 re-

1967 1053 2160 1124 pletur.
2195 1053 2300 1107 Sed
2328 1052 2416 1106 ille
2445 1052 2512 1106 ad
2539 1051 2756 1121 plenum
2789 1051 2905 1104 hmo
2928 1046 3404 1108 omniavdonorum
3435 1058 3560 1113 pos-

1968 1145 2127 1206 sitiet;
2156 1143 2397 1198 Ecclesia
2421 1156 2552 1195 vero
2575 1156 2672 1210 per
2693 1149 2877 1208 partes
2903 1136 3198 1200 intlividue,
3221 1135 3362 1191 sicut
3383 1134 3558 1190 eidem

1967 1235 2232 1308 placuerit
2258 1234 2348 1304 qui
2379 1246 2438 1288 se
2465 1232 2658 1286 dividit
2689 1231 2739 1284 iu
2769 1228 2998 1298 singulis
3021 1236 3076 1281 et
3110 1225 3421 1294 impertitur
3449 1238 3560 1275 out-

1969 1329 2146 1383 nibus.
2176 1326 2231 1380 In
2259 1340 2324 1380 eo
2358 1333 2538 1378 tamen
2576 1320 2837 1377 divinitus
2868 1317 3255 1387 adimplemur,
3285 1314 3410 1385 quia
3441 1313 3559 1366 sine

1968 1419 2060 1474 illo
2084 1418 2262 1472 anima
2287 1416 2546 1487 cujusque
2567 1429 2736 1468 vacua
2761 1411 3050 1466 invenitur.
3078 1407 3202 1463 Ideo
3226 1407 3372 1461 hunc
3417 1417 3559 1460 sem-

1970 1524 2066 1579 per
2096 1521 2346 1572 oremus,
2382 1507 2526 1560 hunc
2555 1503 2930 1572 desideremus
2956 1498 3180 1570 jugiter,
3226 1505 3285 1550 ut
3328 1493 3445 1562 ejus
3473 1507 3561 1552 ro-

1969 1600 2181 1670 pleatur
2230 1597 2389 1652 bonis
2439 1594 2771 1652 desiderium
2805 1599 3087 1652 nostrum,
3139 1596 3194 1642 et
3233 1601 3447 1655 semper
3490 1583 3560 1638 ab

1970 1691 2062 1746 illo
2133 1695 2444 1752 renovetur,
2513 1700 2579 1741 ac
2645 1685 2692 1739 si
2749 1681 2980 1752 aquilae,
3045 1678 3304 1748 juventus
3374 1683 3559 1728 nostra

1974 1781 2148 1854 (Psal.
2180 1781 2300 1849 cu).
2635 1798 2646 1802 -

2034 1875 2090 1927 7.
2130 1873 2324 1942 Liquet
2349 1885 2480 1941 ergo
2506 1866 2679 1940 quodi
2720 1867 2838 1922 sine
2873 1865 2968 1919 illo
2993 1861 3130 1918 nihil
3171 1869 3256 1916 est
3287 1857 3429 1928 quod
3463 1858 3559 1910 ha‘

1964 1966 2144 2028 betur,
2193 1961 2325 2016 nihil
2374 1961 2518 2029 quod
2562 1956 2861 2027 percipitur
2894 1972 2907 2006 :
2934 1967 3000 2006 eo
3033 1950 3176 2020 quod
3209 1947 3390 2003 omnia
3413 1945 3555 1999 dona

1967 2055 2227 2110 virtutum
2254 2054 2359 2108 hoc
2397 2049 2549 2106 unok
2579 2047 2919 2103 claudantur.
2949 2037 3196 2096 Idcirco1
3231 2038 3277 2092 si
3311 2035 3560 2089 volumus

1966 2145 2282 2202 caelestibus
2327 2140 2488 2196 ditari
2516 2139 2708 2201 donis,
2755 2135 2953 2192 donum
2985 2131 3165 2196 Patris
3209 2143 3274 2182 ac
3318 2124 3473 2188 Filii,
3506 2123 3562 2176 id

1967 2246 2051 2292 est
2074 2234 2333 2304 Spiritum
2359 2241 2608 2286 sanctqu
2627 2239 2666 2267 ιιι
2696 2226 2790 2294 qui
2840 2224 2908 2278 ab
2948 2222 3029 2276 eis
3075 2211 3560 2274 consubstantialis

1968 2324 2214 2398 procedit
2255 2330 2312 2377 et
2354 2329 2690 2381 coaeternus,
2717 2311 2932 2367 ardenti
2964 2309 3146 2363 animo
3187 2315 3470 2375 petamus,
3503 2309 3564 2354 ιιι

1968 2434 2067 2490 per
2093 2431 2217 2473 eum
2239 2425 2267 2452 ιι
2308 2413 2547 2468 charitas
2580 2409 2633 2463 in
2668 2404 2923 2461 cordibus
2965 2397 3285 2454 retundatur
3323 2392 3558 2454 nostris,

1971 2522 2132 2583 atque
2154 2510 2206 2564 in
2236 2507 2352 2577 ipso
2389 2507 2736 2558 reuasceutes
2759 2537 2773 2560 ,
2794 2491 3036 2565 quotidie
3063 2489 3130 2542 ad
3161 2487 3327 2540 vitam
3352 2483 3562 2536 sumti-

1971 2607 2233 2666 llcemur;
2282 2598 2411 2668 quia
2455 2603 2809 2665 quoscunque
2857 2584 2946 2640 ille
2996 2574 3426 2637 sanctiﬁcaverit
3475 2571 3558 2626 sui

1973 2699 2115 2754 roris
2141 2663 2491 2764 aspersione,
2516 2701 2610 2741 eos
2635 2679 2880 2753 profecto
2917 2675 3134 2730 Patrem
3166 2678 3222 2725 et
3249 2667 3444 2721 Filium
3471 2663 3557 2717 in-

1973 2753 2221 2846 habitare
2243 2781 2536 2838 credimus.
2564 2775 2702 2830 Hinc
2726 2772 2868 2826 idem
2891 2767 3061 2822 Filius
3085 2763 3161 2818 ait
3190 2778 3204 2814 :
3236 2757 3352 2830 Ego
3372 2765 3427 2846 et
3445 2753 3560 2846 Pa-

1977 2891 2055 2934 ter
2075 2894 2096 2915 ο
2133 2875 2202 2930 ad
2232 2888 2351 2930 eum
2382 2869 2643 2924 veniemus
2668 2871 2714 2917 et
2737 2857 3062 2913 mansionem
3088 2850 3230 2922 apud
3260 2863 3378 2901 eum
3403 2844 3564 2914 facie-

1977 2985 2095 3023 mus
2120 2966 2436 3036 (Joan.x1v,
2464 2957 2593 3025 23);
2625 2967 2730 3009 non
2760 2946 2915 3018 quasi
2943 2942 3309 3016 praatermisso
3357 2936 3565 3021 Spiritu

1980 3012 2095 3023 .....-
2121 3012 2164 3036 κ-
2182 3012 2299 3020 η---
2424 3012 2436 3024 ,
2542 3012 2590 3025 Ι,
2777 3012 2795 3018 _
2945 3012 2961 3016 _
3412 3012 3424 3021 ‘

1980 3068 2186 3122 sancto,
2215 3055 2310 3112 sed
2336 3054 2616 3123 signanter
2650 3044 2936 3099 insinuans
2973 3035 3118 3106 quod
3138 3033 3206 3088 ad
3227 3047 3323 3087 eos
3351 3037 3560 3086 tantum

1972 3155 2135 3209 Pater
2155 3159 2209 3205 et
2233 3149 2346 3218 ipse
2366 3143 2584 3198 veniant
2605 3150 2652 3202 ι),
2674 3150 2812 3208 quos
2837 3133 2980 3187 idem
2995 3143 3105 3184 suae
3120 3131 3398 3196 prae-ventu
3425 3118 3564 3188 aspi-

1973 3241 2200 3301 rationis
2253 3209 2677 3295 sanctilicaverit
2711 3225 2985 3295 Spiritus,
3037 3218 3166 3271 licet
3209 3215 3264 3268 in
3311 3209 3566 3265 omnibus

1972 3337 2076 3393 sibi
2105 3345 2319 3402 seraper
2345 3321 2684 3393 cooperatrix
2735 3317 2807 3372 sit
2853 3322 2962 3368 tota
2993 3308 3254 3364 Trinitas.
3277 3314 3305 3354 τι
3342 3302 3460 3370 Qua
3493 3301 3562 3355 de

1973 3441 2136 3485 causa
2157 3395 2300 3480 sicut
2325 3419 2457 3476 nihil
2482 3419 2534 3472 in
2558 3417 2661 3471 hac
2685 3412 2794 3466 vita
2823 3406 3035 3462 felicius
3059 3406 3200 3457 bono
3220 3395 3556 3456 Christiano,

1973 3483 2048 3576 ita
2081 3515 2216 3574 nihil
2245 3513 2336 3569 illo
2362 3505 2752 3582 periculosius,
2787 3500 2834 3555 si
2864 3498 3113 3554 desertus
3141 3507 3172 3544 a
3204 3495 3354 3543 tanta
3387 3483 3559 3554 gratia

1976 3615 2072 3669 tlat
2114 3609 2414 3664 membrum
2477 3595 2782 3656 meretricis
2807 3603 2850 3646 τ.
2902 3590 2968 3644 Et
3012 3586 3163 3647 ideo,
3211 3575 3566 3636 charissime,

1976 3710 2186 3760 castum
2217 3707 2273 3752 te
2299 3692 2540 3754 custodi,
2569 3689 2697 3758 quia
2724 3686 2828 3740 hoc
2853 3693 3051 3736 munus
3079 3689 3188 3745 quo
3215 3669 3452 3739 virgines
3474 3680 3567 3736 ge-

1977 3803 2260 3855 nerantur,
2298 3786 2556 3842 nimirum
2599 3794 2706 3835 non
2737 3773 2900 3830 modo
2925 3769 3106 3826 carnis
3136 3762 3409 3819 luxuriam
3430 3798 3445 3823 ,
3476 3771 3570 3811 ve-

1979 3903 2098 3943 rum
2122 3884 2284 3938 etiam
2314 3877 2514 3934 mentis
2541 3876 2792 3928 exsecrat
2814 3877 2836 3906 ³
2869 3860 3156 3922 desidiam,
3173 3863 3228 3910 et
3245 3865 3405 3908 omne
3425 3846 3569 3917 quod

1979 3986 2093 4041 est,
2127 3973 2268 4029 unde
2316 3979 2502 4025 noster
2527 3968 2545 4002 ι
2597 3959 2823 4018 interior
2867 3957 3030 4010 homo
3071 3946 3241 4020 possit
3283 3939 3567 3998 maculari.

1980 4073 2099 4139 Quo
2134 4067 2294 4122 velim
2315 4105 2329 4129 ,
2356 4063 2484 4132 quia
2529 4057 2816 4111 ordinante
2865 4051 2977 4103 Deo
3012 4042 3126 4111 jam
3160 4037 3332 4094 sacris
3357 4030 3572 4088 assistis

1981 4163 2280 4225 altaribus,
2333 4158 2452 4211 lava
2496 4154 2640 4209 inter
2685 4150 3044 4204 innocentes,
3074 4149 3183 4191 non
3223 4145 3353 4187 cum
3386 4126 3564 4184 Pilato

2053 4365 2082 4404 ι
2106 4361 2204 4417 Ms.
2242 4355 2366 4424 Mai.
2393 4369 2566 4419 mon.,
2601 4349 2697 4404 hoc
2718 4361 2822 4399 uno
2851 4341 2988 4395 dono
3020 4331 3355 4391 claudantur.
3389 4323 3572 4397 Anim,

1982 4436 2078 4490 hoc
2113 4448 2218 4486 uno
2240 4429 2544 4482 laudantur.
2756 4486 2766 4490 _
2864 4481 2874 4490 _
3155 4469 3361 4490 ,ΝΛΜ
3397 4465 3543 4490 “mn.

2065 4474 2082 4544 ί
2109 4469 2682 4557 ’ῗιζὲξιῖικεξῒξῖἆοὶνερ
2719 4469 3361 4557 sivolumusmcaslnest‘ihus
3390 4469 3572 4557 ncqui-

1989 4541 2585 4630 ramtis
2633 4555 2811 4610 Patris
2851 4562 2898 4606 et
2949 4547 3110 4610 Filii,
3150 4541 3404 4612 Spiritum
3448 4551 3570 4587 san-

1991 4657 2150 4700 ctum.

2063 4689 2286 4765 gibeest
2311 4704 2452 4776 apud
2479 4702 2645 4758 Sirm.
2673 4696 2728 4751 id
2762 4703 2835 4776 est
2866 4689 3402 4776 Spiritumsanctum.
3455 4727 3458 4729 λ

2062 4794 2092 4822 ’³
2113 4756 2470 4841 unus,
2493 4756 2590 4840 per
2612 4784 2730 4841 eum
2761 4756 3033 4821 charitatis
3059 4756 3275 4810 donum.

2067 4861 2093 4890 °
2617 4849 2663 4895 et
2687 4814 3036 4891 Paterunum
3065 4837 3266 4883 sumus,
3292 4825 3337 4870 et
3368 4814 3436 4866 ad
3457 4829 3576 4867 eum

2160 4941 2278 4975 nus.

2095 4941 2107 4977 ι
2145 4939 2278 4976 mus.

1995 4942 2095 5045 ne?»
2113 4941 2363 5060 Euatuor
2387 5000 2532 5060 mss._
2549 5023 2565 5048 ,
2596 4977 2832 5060 veni-ens,
2858 4973 3008 5056 forte
3033 4963 3254 5060 1:073:32.

2063 5022 2094 5116 ἔ
2113 5022 2574 5118 ᾗῖἑέἰῖἑέἰῖιῖιῖ.
2599 5022 3031 5118 ῑιῖἵῖἑὶεέᾡιίιξειῤ.
3048 5022 3576 5118 ωςχιιχιιιηε-ρξςέ

1996 5098 3186 5204 niliii'k‘tiiLYbZBBZ'piiiiiitiﬁauatﬂp.
3220 5098 3425 5154 Textus
3446 5108 3578 5148 vero

2671 5174 2810 5271 quod:
2837 5185 2972 5271 sic'ut
2987 5174 3154 5271 nihil;

2072 5231 2369 5330 ἷῖηῗοαῖἶεῗιῖ
2396 5231 2978 5336 iEé‘aiit'ii‘gaiiJéfLA
2986 5231 3107 5336 an,

2184 5399 2602 5469 communionem
2630 5399 2901 5474 accedant.

2073 5459 2660 5549 'Etl'iticrersearalur;
2714 5470 2806 5525 sed
2849 5480 2979 5522 mss.
3027 5459 3139 5516 fere
3171 5462 3391 5510 omneS,

2005 5571 2903 5695 “a‘lbuatuorniss,undenostcr
2935 5603 3157 5668 exterius
3189 5589 3360 5669 homo.
3433 5654 3438 5662 ι
