4148 6344
585 331 717 390 1389

1394 332 1447 388 5.
1484 329 1837 389 PASCllASll
1876 329 2218 385 RADBERTI
2255 329 2544 386 ABBATIS
2580 328 3026 387 CORBEIENSIS

3701 334 3841 390 “£9

580 465 801 514 manus,
828 450 954 517 quia
1001 448 1144 501 nulla
1180 447 1458 501 excusatio
1486 445 1737 517 prodest,
1765 444 1857 500 ubi
1886 444 2041 497 testis
2068 450 2150 497 est
2180 446 2225 503 Α
2252 439 2405 494 liabet
2429 440 2631 512 aliquid
2649 440 2925 494 aduersum
2965 450 3034 503 te,
3068 440 3299 511 relinque
3336 442 3412 497 ibi
3455 458 3647 499 um;
3686 456 3841 499 τι...

576 539 922 599 conscientiae
945 549 971 577 ι
996 535 1193 605 judex,
1238 545 1292 592 et
1338 537 1385 591 si
1418 536 1447 577 δ
1480 536 1791 607 probaveris
1820 544 1873 590 te
1897 535 2154 605 primum,

580 638 694 684 tum
742 628 810 683 de
860 640 996 696 pane
1029 625 1119 679 illo
1169 625 1300 688 ede,
1330 634 1387 679 et
1413 624 1587 681 calice
1616 638 1841 680 securus
1887 622 2028 678 bibe.
2059 620 2156 677 Sin

579 727 794 783 autem,
844 716 957 771 dae
988 717 1247 771 honorem
1301 715 1447 780 Deo,
1488 724 1546 771 et
1584 716 1798 786 corrige
1836 713 2159 785 quantocius

579 804 952 878 ptttnitudinetI
978 805 1162 861 cordis
1196 806 1459 861 maculam
1501 807 1726 870 erroris,
1771 804 1815 859 si
1862 819 1970 875 quo
1999 805 2157 859 modo

581 896 761 951 valeas
789 896 1004 950 demum
1038 894 1241 949 Christi
1285 894 1478 949 altaria
1520 893 1857 948 circumdare
1907 893 2009 963 piis
2038 907 2156 961 am-

577 984 861 1057 plexibus,
888 993 945 1039 et
975 984 1043 1039 ad
1067 993 1255 1038 sancta
1283 991 1593 1038 sanctorum
1626 990 1805 1037 mente
1830 997 1963 1052 pura
1989 982 2155 1036 devo-

579 1074 720 1130 tior‘
750 1076 1011 1139 introire;
1057 1074 1293 1143 alioquin
1337 1076 1557 1145 gravius
1582 1085 1668 1129 est
1698 1075 1753 1129 in
1781 1074 2032 1129 sordibus
2058 1073 2156 1127 ad-

580 1164 688 1220 huc
704 1165 1040 1230 sordescere,
1061 1174 1117 1219 et
1136 1165 1203 1218 ad
1225 1164 1408 1218 illicita
1431 1165 1522 1219 Dei
1547 1164 1826 1234 mysteria,
1849 1171 2160 1233 contempto

580 1253 721 1319 Deo,
753 1256 1093 1326 impudenter
1118 1256 1399 1311 accedere.

2259 544 2379 587 ante
2422 531 2612 597 altare,
2636 542 2686 586 et
2713 532 2843 586 vade
2878 532 3025 601 prius
3061 532 3390 588 reconciliari
3416 533 3577 602 fratri
3622 544 3749 598 tuo;
3785 546 3838 589 es

2258 634 2383 679 tunc
2424 625 2629 679 veniens
2687 624 2880 693 σπίναι
2919 639 3109 679 munus
3152 632 3303 677 tuum
3345 622 3563 693 (lculi.
3606 639 3661 690 v,
3715 625 3837 696 23).

2259 715 2375 784 Qua
2416 717 2472 771 in
2519 732 2579 771 re
2605 716 2941 788 pensandum
2984 722 3090 779 est,
3118 729 3241 769 eum
3265 715 3445 771 omnis
3480 715 3639 788 culpa
3670 716 3843 785 huius

2258 790 2449 861 hostia:
2471 820 2693 859 munere
2706 804 2966 868 solvatur,
2984 819 3145 873 quam
3160 805 3347 873 gravis
3360 814 3445 860 est
3459 804 3614 875 culpa
3636 805 3843 863 discor-

2258 897 2380 961 ἀίω,
2425 911 2524 967 per
2563 911 2724 965 quam
2751 911 2852 950 nec
2879 910 3079 949 munus
3106 895 3389 965 accipitur.
3422 896 3691 952 Debemus
3738 896 3842 952 ita-

2258 1003 2387 1059 que,
2411 998 2698 1057 antequam
2724 989 2827 1043 hoc
2852 986 3173 1051 oﬁeramus,
3198 987 3262 1039 ad
3285 987 3614 1056 proximam,
3651 1002 3843 1058 quam-

2258 1081 2340 1135 vis
2370 1080 2525 1152 longe
2551 1081 2806 1150 positum,
2836 1079 3100 1149 longeque
3147 1078 3487 1143 distinctum,
3524 1086 3707 1135 mente
3738 1080 3840 1143 ire,

2256 1170 2415 1239 eique
2460 1170 2703 1225 animum
2736 1170 3001 1233 subdere,
3037 1168 3349 1223 humilitate
3378 1168 3525 1222 illum
3573 1184 3639 1223 ac
3669 1169 3841 1225 bene-

2256 1260 2488 1313 volentia
2517 1259 2761 1328 placare;
2789 1268 2843 1312 et
2866 1260 2936 1312 ita
2964 1258 3175 1313 scilicet
3200 1259 3450 1314 conditor
3471 1272 3680 1323 noster,
3707 1259 3839 1313 dum

650 1345 707 1401 8-
740 1342 762 1384 ί
789 1343 913 1397 Hinc
941 1343 1105 1415 igitur
1143 1344 1213 1398 οι)
1240 1344 1506 1397 callidam
1538 1343 1614 1397 ωί
1638 1341 1893 1406 dixerim.
1924 1341 2164 1397 dilectis-
2259 1350 2365 1404 tale
2387 1350 2643 1419 placitum
2668 1357 2865 1403 nostra:
2895 1349 3091 1403 mentis
3113 1349 3417 1417 aspexerit,
3438 1364 3467 1403 a
3491 1360 3721 1418 peccato
3738 1363 3843 1402 nos

578 1432 716 1490 sime
763 1432 862 1499 illi,
893 1434 1017 1504 quia
1051 1434 1171 1488 novi
1225 1434 1510 1505 plerosque
1540 1433 1705 1487 veluti
1751 1448 1877 1488 sues
1924 1432 2160 1487 immun-

2262 1441 2437 1494 solvit.
2489 1440 2748 1495 Veritatis
2795 1449 2977 1494 autem
3029 1454 3162 1494 voce
3233 1448 3526 1494 attestante
3579 1440 3845 1493 discimus

578 1524 679 1580 das
708 1527 758 1591 ⁸,
782 1525 873 1597 qui
918 1526 1019 1579 sub
1047 1526 1269 1580 obtentu
1320 1526 1654 1596 paenitentiae
1708 1525 1932 1579 redeunt
1958 1525 2026 1578 ad
2063 1540 2160 1579 vo-

2262 1532 2475 1603 (Matth.
2525 1547 2678 1597 svnt,
2724 1531 2850 1603 ει),
2899 1531 3025 1600 quia
3066 1545 3255 1585 servus
3303 1530 3395 1600 qui
3431 1530 3617 1585 decem
3672 1529 3846 1584 millia

579 1613 789 1668 lutabra
845 1622 995 1669 tanto
1040 1614 1332 1683 proclivius
1385 1614 1659 1677 vitiorum,
1705 1623 1908 1682 quanto
1953 1611 2162 1667 facilius
2262 1620 2459 1676 talenta
2506 1621 2760 1685 debebat,
2808 1636 2930 1675 cum
2984 1620 3357 1691 pmnitentiam
3387 1631 3600 1690 ageret,
3626 1619 3849 1673 absolu-

579 1705 648 1759 ad
686 1705 801 1760 haec
842 1705 959 1760 sine
998 1705 1308 1775 prmjudicio
1366 1719 1548 1761 reatus
1584 1706 1666 1761 sui
1717 1705 2017 1769 accedunt,
2058 1706 2160 1760 ista
2264 1711 2462 1765 tionem
2495 1710 2659 1766 debiti
2688 1726 2717 1764 a
2746 1711 2972 1765 Domine
3021 1712 3261 1781 accepit.
3285 1710 3394 1766 Sed
3422 1711 3549 1781 quia
3576 1723 3851 1767 conservo

577 1796 801 1866 pedibus
844 1797 1086 1860 calcare;
1137 1799 1265 1868 quin
1300 1806 1354 1853 et
1396 1800 1523 1867 quia
1574 1798 1739 1852 semel
1789 1812 1882 1852 eos
1924 1796 2015 1851 Dei
2070 1813 2164 1866 pa-
2195 1784 2240 1843 Β
2267 1818 2365 1857 suo
2393 1812 2608 1857 centum
2639 1804 2893 1857 denarios
2931 1803 3030 1857 sibi
3075 1802 3290 1857 debenti
3339 1803 3578 1856 debitum
3626 1817 3737 1856 non
3762 1801 3851 1858 dio

579 1886 766 1941 tientia
800 1887 1073 1952 sustinuit,
1119 1888 1247 1941 dum
1279 1888 1481 1957 indigni
1509 1888 1536 1928 ιι
1561 1888 1683 1942 vita:
1723 1888 1976 1957 mysteria
2026 1901 2158 1957 pras-
2265 1894 2431 1957 misit,
2460 1903 2516 1947 et
2538 1894 2640 1947 hoc
2668 1902 2753 1948 est
2775 1892 2958 1961 jussus
2980 1893 3120 1964 exigi
3152 1894 3293 1963 quod
3322 1892 3371 1947 ei
3402 1892 3578 1946 fuerat
3610 1893 3728 1963 jam
3766 1892 3848 1947 di.

578 1988 853 2034 sumerent
900 1979 954 2043 ί,
996 1978 1218 2034 ulterius
1256 1993 1318 2032 ea
1366 1994 1487 2047 quae
1537 1979 1765 2033 dicimus
1802 1994 1927 2031 vera
1975 1978 1989 2027 l
2050 1994 2163 2032 ma-

579 2066 696 2133 lunt
752 2070 995 2125 credere.
1041 2067 1308 2123 Verentur
1354 2069 1497 2123 enim
1540 2083 1723 2123 coram
1779 2066 2030 2122 humanis
2061 2068 2162 2123 ob-

581 2161 784 2215 tutibus
828 2175 979 2216 suam
1036 2160 1416 2215 verecundiam
1471 2170 1721 2230 portare,
1761 2174 1923 2230 quam
1978 2174 2163 2215 coram

583 2252 868 2322 majestate
911 2252 1091 2307 divina
1138 2261 1195 2307 et
1238 2252 1477 2307 omnium
1526 2266 1879 2322 supernorum
1904 2248 1931 2291 ιι
1960 2250 2161 2305 civium

578 2342 861 2410 praesentia
901 2342 1221 2396 temeritatis
1284 2342 1563 2398 incurrere
1616 2341 1896 2397 oﬂ'ensam.
1955 2342 2163 2408 Quibus

581 2428 827 2498 profecto
882 2430 1060 2486 cordis
1112 2430 1417 2494 induratio,
1460 2446 1581 2486 cum
1608 2446 1709 2485 nec
1754 2446 1815 2486 se
1861 2431 2161 2503 corrigunt,

580 2534 683 2575 nec
721 2519 812 2574 Dei
843 2521 1135 2575 visitantur
1162 2520 1383 2591 pietatis
1426 2523 1672 2587 verbere,
1707 2522 1819 2593 jam
1850 2538 2006 2592 poena
2036 2537 2162 2594 pec-

577 2613 682 2667 cati
703 2621 785 2667 est
817 2621 872 2668 et
906 2623 1247 2684 contemptus
1277 2615 1576 2684 superbiae;
1608 2616 1703 2671 sed
1747 2614 2008 2670 Dominus
2032 2617 2159 2685 quia

577 2714 673 2756 eos
712 2702 970 2756 continuo
1008 2718 1113 2755 non
1147 2706 1331 2773 punit,
1387 2713 1447 2758 ut
1486 2703 1860 2775 prretulimus,
1918 2704 2160 2775 nunquid

578 2806 685 2845 non
717 2802 892 2854 curat,
934 2801 1028 2844 aut
1074 2806 1202 2845 suas
1245 2790 1472 2858 injurias
1522 2792 1756 2847 itatenus
1793 2792 1989 2848 inultas
2025 2791 2161 2847 obli-

578 2883 842 2936 viscitur?
877 2881 1229 2951 Nequaquam
1273 2882 1374 2937 hoc
1401 2882 1663 2949 dixerim,
1708 2886 2009 2954 praesertim
2035 2901 2163 2941 cum

581 2976 723 3028 idem
749 2974 951 3038 videat,
976 2983 1029 3027 ct
1074 2974 1139 3027 ad
1169 2974 1502 3030 iracundiam
1548 2977 1742 3032 exinde
1773 2976 2005 3046 amplius
2032 2993 2161 3032 con-

577 3065 797 3127 citetur,
824 3078 891 3117 eo
919 3066 1060 3134 quod
1107 3075 1403 3133 provocent
1441 3082 1567 3121 eum
1619 3066 1711 3121 lilii
1742 3068 1827 3122 sui
1858 3083 1921 3123 ac
1952 3066 2075 3121 ﬁlia:
2105 3068 2160 3123 in

2265 1988 2513 2054 missum,
2538 1998 2593 2044 et
2614 1990 2665 2043 in
2694 2003 2969 2044 carcerem
3001 1998 3185 2043 trusus
3223 1997 3333 2043 est.
3359 1988 3432 2043 Es
3460 1988 3659 2058 quibus
3682 1987 3844 2043 vide-

2264 2080 2389 2137 licet
2441 2081 2601 2135 dictis
2646 2090 2876 2143 constat,
2908 2081 3034 2151 quia
3060 2080 3103 2135 si
3147 2082 3249 2137 hoc
3278 2080 3421 2149 quod
3459 2080 3512 2134 in
3544 2093 3645 2134 nos
3672 2078 3849 2133 delin-

2262 2174 2446 2243 quitur
2469 2188 2534 2228 ex
2566 2173 2728 2229 corde
2759 2187 2863 2228 non
2896 2173 3248 2235 dimittimus,
3269 2182 3324 2225 et
3353 2171 3481 2226 illud
3518 2184 3706 2224 rursus
3728 2170 3850 2225 exi-

2262 2264 2459 2333 gimur,
2487 2262 2629 2331 quod
2659 2262 2813 2316 nobis
2837 2262 2949 2331 jam
2997 2274 3099 2330 per
3140 2260 3512 2329 tmritentiam
3556 2258 3846 2313 dimissum

2261 2354 2429 2409 fuisse
2458 2354 2843 2424 gaudebamus.
2861 2352 2951 2406 Ille
2976 2353 3139 2422 igitur
3166 2351 3248 2406 sui
3268 2350 3447 2404 delicti
3473 2350 3610 2404 bene
3627 2349 3846 2403 veniam

2260 2444 2514 2515 postulat,
2542 2443 2635 2514 qui
2665 2444 2815 2513 prius
2840 2442 2941 2496 hoc
2982 2444 3122 2511 quod
3155 2442 3208 2495 in
3251 2442 3368 2510 ipso
3394 2439 3725 2510 delinquitur
3760 2452 3848 2494 re-

2260 2534 2446 2602 laxat;
2478 2538 2622 2607 quod
2663 2536 2971 2605 quicunque
3025 2533 3214 2588 facere
3246 2532 3473 2602 spernit,
3500 2532 3546 2586 si
3600 2530 3845 2584 divinam

2260 2626 2491 2682 hostiam
2534 2634 2769 2680 tractare
2811 2632 3016 2678 temere
3042 2621 3468 2691 praesumpserit,
3499 2617 3848 2674 Dominicum

2259 2728 2457 2785 corpus
2509 2713 2839 2770 conculcare
2871 2713 3093 2775 dicitur,
3120 2726 3224 2764 non
3252 2711 3393 2779 quod
3424 2710 3491 2762 ah
3538 2708 3649 2761 ullo
3698 2717 3847 2761 mor-

2260 2804 2446 2858 talium
2474 2802 2791 2858 conculcari
2845 2801 3051 2870 possit;
3083 2799 3176 2855 sed
3220 2800 3351 2869 quia
3399 2796 3539 2852 male
3584 2795 3848 2850 tractanti

2260 2896 2438 2965 potius
2482 2894 2534 2949 in
2574 2894 3034 2949 conculcatinnem
3082 2891 3447 2951 convertitur,
3489 2889 3845 2953 sanguinem-

2260 2999 2365 3057 que
2396 2983 2727 3048 testamenti,
2773 2983 2899 3038 novi
2942 2980 3191 3036 videlicet
3236 2989 3292 3034 et
3334 2978 3519 3033 aeterni
3544 3017 3559 3041 ,
3602 2976 3855 3047 polluere

2264 3090 2371 3131 non
2422 3075 2861 3131 inconvenienter
2888 3070 3103 3132 dicitur,
3152 3068 3458 3138 quicunque
3509 3066 3716 3121 sociam
3748 3082 3850 3119 an-

580 3154 718 3208 iram
745 3194 761 3219 ,
819 3167 956 3225 quos
1014 3154 1326 3225 angelorum
1373 3158 1543 3226 gratis
1587 3158 1889 3211 sociaverat
1936 3173 2156 3213 mensae.

2265 3166 2504 3235 gelorum
2531 3165 2838 3221 castitatem
2868 3177 3125 3233 spernens
3150 3158 3438 3214 immundae
3467 3158 3693 3211 luxuriae
3729 3172 3851 3211 sor-

584 3242 722 3299 llinc
750 3259 965 3315 quoque
997 3254 1079 3298 est
1128 3246 1268 3313 quod
1298 3246 1546 3313 Sequitur
1575 3263 1588 3299 :
1620 3245 1948 3299 Abscondunt
1973 3245 2161 3314 faciem

582 3353 751 3389 meum
779 3337 843 3390 ab
872 3338 967 3400 eis,
990 3347 1038 3390 et
1067 3337 1406 3391 considerabo
1452 3338 1733 3391 nouissimo
1761 3353 1940 3390 eorum
1970 3336 2158 3407 (Deut.

582 3444 713 3484 xxx:
732 3470 746 3493 ,
781 3428 889 3500 l7).

652 3521 705 3577 9.
761 3519 777 3559 λ
822 3521 898 3577 De
956 3537 1186 3587 quorum
1258 3520 1541 3577 manifesta
1593 3522 1943 3577 damnatione
1996 3524 2158 3578 etiam

580 3608 870 3678 Apostolus
925 3611 1223 3665 terribilem
1276 3610 1441 3665 infert
1489 3610 1858 3678 sententiam,
1916 3613 2099 3669 dicens
2142 3630 2158 3667 :

581 3695 800 3755 Irritam
826 3704 942 3772 quis
967 3702 1169 3771 faciens
1198 3701 1361 3772 legem
1412 3701 1603 3773 Moysi,
1633 3704 1678 3757 si
1713 3704 1825 3759 sine
1874 3703 1982 3758 ulla
2010 3705 2161 3758 mise-

584 3793 789 3848 ratione
812 3794 907 3849 sub
938 3794 1141 3848 duobus
1164 3795 1238 3848 vel
1264 3796 1428 3851 tribus
1457 3797 1673 3850 testibus
1702 3798 1943 3862 moritur,
1965 3808 2161 3867 quanto

582 3886 750 3956 magis
780 3890 974 3956 putatis
1009 3887 1269 3942 deteriora
1315 3890 1503 3943 mereri
1530 3889 1809 3957 supplicia,
1837 3890 1927 3959 qui
1962 3887 2163 3943 Filium

582 3974 683 4032 Dei
726 3979 1083 4045 conculcavit,
1115 3994 1164 4035 et
1213 3984 1520 4051 sanguinem
1568 3984 1861 4037 testamenti
1906 3982 2162 4051 pollutum

582 4068 883 4134 ἀπεδήμει
910 4070 964 4125 in
1004 4088 1105 4141 quo
1154 4073 1517 4140 sancti/iratus
1562 4082 1636 4127 est
1662 4114 1677 4136 ,
1727 4073 1950 4143 Spiritui
1978 4073 2163 4142 gratia:

583 4160 953 4214 contumeliam
1000 4161 1178 4230 fecerit
1230 4162 1419 4232 (Hebr.
1461 4180 1516 4229 κ,
1563 4164 1679 4232 28).
1732 4164 1924 4220 Filium
1984 4164 2162 4232 itaque

583 4238 680 4306 Dei
726 4250 1047 4306 conculcare
1089 4267 1195 4305 non
1252 4254 1522 4308 immerito
1552 4255 1770 4317 dicitur,
1798 4253 1888 4323 qui
1927 4252 2163 4307 radicem

582 4340 824 4395 omnium
861 4342 1117 4395 virtutum
1153 4342 1499 4408 charitatem,
1526 4360 1626 4415 per
1652 4361 1814 4415 quam
1857 4344 2021 4399 etiam
2050 4344 2164 4413 ipse

584 4430 893 4499 unigenitus
922 4432 1013 4486 Dei
1049 4432 1207 4485 homo
1251 4432 1365 4486 ﬂeri
1412 4434 1664 4505 dignatus
1688 4442 1796 4496 est,
1825 4432 2163 4501 negligenter

583 4520 926 4588 pesmtmdat;
957 4535 1021 4573 ac
1045 4520 1123 4574 sic
1156 4520 1395 4575 fraterno
1424 4522 1661 4593 repletus
1700 4521 1842 4584 odio,
1868 4530 2159 4590 antequam

584 4609 659 4664 illi
686 4610 738 4664 in
765 4624 895 4681 pace
926 4610 1320 4676 reconcilietur,
1350 4612 1466 4668 lucc
1510 4620 1861 4667 sacrosancta
1892 4611 2160 4668 sacriﬁcia

582 4701 779 4759 oﬂ'erre
821 4705 1118 4774 praesumit.
1150 4704 1258 4760 Sed
1308 4706 1426 4776 ejus
1462 4720 1659 4761 munus
1708 4705 1778 4761 ab
1805 4705 2163 4777 omnipotenti

585 4796 696 4852 Deo
722 4811 828 4850 non
862 4796 1146 4867 accipitur,
1181 4797 1285 4851 nisi
1331 4805 1457 4852 ante
1505 4798 1741 4867 proximi
1782 4797 2051 4854 discordia
2093 4797 2162 4852 ab

586 4889 768 4942 animo
813 4887 1063 4957 pellatur,
1091 4888 1305 4941 dicente
1339 4885 1579 4943 Veritate
1608 4906 1622 4942 :
1654 4886 1714 4944 Si
1763 4889 1921 4959 offers
1970 4905 2162 4941 manus

586 4988 733 5032 tuum
764 4978 835 5031 ad
865 4976 1031 5032 altare
1052 4987 1099 5031 et
1134 4977 1435 5031 recordatus
1477 4978 1667 5047 fueris,
1695 4980 1819 5051 quia
1850 4978 2017 5048 frater
2046 4990 2167 5031 tuus

660 5163 683 5191 ι
710 5149 870 5203 Mam.
900 5164 1021 5204 cum
1047 5165 1139 5203 sex
1167 5164 1323 5214 mss.,
1347 5151 1663 5204 conscientia
1680 5151 1867 5220 judex.

661 5223 687 5262 δ
718 5220 890 5283 Editi,
924 5230 970 5274 et
1020 5236 1137 5273 cum
1174 5221 1469 5288 probaveris
1517 5232 1567 5273 te
1608 5219 1840 5289 purum;
1888 5219 1984 5276 sed
2031 5234 2163 5273 mss.

587 5305 780 5345 omnes
808 5296 1046 5344 nostram
1076 5290 1362 5345 lectionem
1391 5291 1645 5345 retinent.

662 5372 685 5401 ο
715 5359 848 5433 Cod.
878 5362 1077 5432 reginae
1107 5359 1313 5416 Suecite
1342 5369 1393 5416 et
1434 5362 1543 5415 duo
1587 5360 1757 5433 regii,
1805 5360 1875 5413 da
1918 5360 2165 5414 honorem

588 5432 757 5512 tantis
781 5433 1071 5512 mysteriis.

660 5500 689 5610 εἰ
717 5499 1262 5625 ξίῖἰιῖἃξζρηὶωὰὶκω
1291 5516 1424 5557 mss.
1446 5514 1651 5566 omnes,
1683 5499 2021 5571 penitudine.

795 5610 837 5625 ..
902 5589 915 5623 l
943 5588 1045 5625 tor.

667 5584 689 5610 ο
725 5581 837 5635 AL,
863 5581 1045 5625 amor.

664 5641 685 5680 ί
718 5639 826 5714 Hie
859 5641 927 5714 in,
960 5643 1083 5714 cod.
1125 5642 1294 5698 Lanb.
1326 5643 1512 5713 incipit
1551 5657 1671 5714 cap.
1703 5640 1789 5697 XC
1823 5660 1836 5696 :
1870 5641 2173 5711 Deploratio

589 5710 857 5765 immundo
884 5712 1154 5767 viventium
1182 5710 1561 5768 communicare
1580 5710 2023 5779 prmnment'nm.

2264 3256 2423 3310 dibus
2465 3256 2812 3325 inquinatur;
2866 3262 2920 3307 et
2966 3253 3045 3308 sic
3094 3262 3384 3321 antequam
3434 3265 3532 3320 per
3580 3248 3855 3303 humilem

2262 3344 2675 3405 confessionem,
2708 3359 2771 3397 ac
2806 3342 2987 3410 dignis
3021 3340 3288 3395 fructibus
3331 3338 3657 3408 paenitentia
3680 3376 3697 3400 ,
3743 3350 3855 3391 seu

2263 3434 2426 3504 largis
2464 3433 2822 3504 lacrymarum
2867 3430 3180 3485 ﬂuminibus
3238 3428 3510 3491 abluatur,
3559 3427 3625 3479 ad
3674 3423 3861 3494 huius

2264 3539 2466 3580 mensa:
2488 3524 2958 3595 participationem
2987 3522 3235 3592 indignus
3257 3520 3535 3590 prtesumit
3560 3518 3850 3573 accedere.

2264 3614 2486 3684 Spiritui
2516 3616 2680 3670 etiam
2729 3624 2919 3669 sancto
2948 3612 3136 3683 gratia:
3177 3627 3338 3681 quam
3375 3609 3666 3663 maximam
3693 3608 3851 3662 video

2264 3715 2352 3760 tur
2391 3704 2774 3761 contumeliam
2809 3703 3009 3769 facere,
3044 3704 3353 3773 quicunque
3385 3710 3660 3755 terrenam
3693 3700 3861 3770 panis

2263 3809 2327 3848 ac
2348 3795 2457 3848 vini
2492 3792 2886 3856 substantiam,
2926 3793 3051 3846 dum
3092 3792 3332 3862 ejusdem
3365 3789 3604 3859 Spiritus
3646 3788 3855 3841 virtute

2263 3893 2314 3940 ε*
2346 3883 2759 3939 consecratione
2779 3879 3234 3944 sanctiﬁcatur,in
3263 3880 3432 3950 ipsam
3458 3876 3707 3931 eamdem
3736 3890 3855 3929 caro

2264 3992 2387 4032 nem
2441 3985 2497 4031 et
2543 3975 2861 4045 sanguinem
2889 4014 2905 4038 ,
2973 3989 3135 4043 quam
3181 3973 3339 4027 beata
3392 3968 3555 4039 Virgo
3604 3965 3859 4036 ejusdem

2268 4068 2504 4137 Spiritus
2534 4067 2731 4122 virtute
2780 4074 2837 4119 et
2883 4065 3200 4135 operatione
3225 4061 3473 4129 roncepit
3515 4067 3569 4114 et
3612 4056 3849 4128 peperit,

2264 4158 2472 4213 dubitat
2501 4172 2660 4226 posse
2694 4156 2964 4211 converti.
2998 4154 3149 4210 Unde
3194 4164 3374 4205 autem
3405 4151 3621 4204 veniam
3660 4162 3855 4217 pecca-

2265 4251 2469 4306 minum
2518 4258 2909 4306 consecuturus
2946 4256 3050 4310 est,
3098 4248 3187 4317 qui
3221 4245 3458 4313 Spiritus
3508 4244 3714 4303 sancti.
3753 4242 3861 4311 qui

2266 4342 2512 4396 remissio
2554 4341 2797 4395 omnium
2845 4346 3188 4407 peccatorum
3233 4344 3341 4399 est,
3384 4336 3520 4390 iram
3563 4342 3756 4389 contra
3790 4348 3867 4388 se

2267 4430 2533 4491 accendit,
2573 4429 2699 4484 dum
2750 4429 2959 4483 dubitat
2982 4442 3102 4482 eum
3136 4425 3339 4495 aliquid
3384 4439 3493 4479 non
3532 4436 3693 4491 posse
3719 4438 3854 4493 ope-

2266 4525 2409 4579 rari?
2434 4524 2604 4591 Quam
2629 4524 2777 4593 gravi
2808 4524 2991 4593 itaque
3033 4535 3194 4590 poena
3224 4521 3311 4574 isti
3343 4520 3479 4575 tales
3502 4519 3851 4575 Dominicum

2263 4628 2462 4683 corpus
2488 4622 2543 4668 et
2574 4612 2891 4683 sanguinem
2930 4610 3068 4666 male
3091 4618 3389 4664 tractantes
3409 4608 3676 4679 plectendi
3700 4616 3855 4674 sunt,

2262 4702 2383 4757 luce
2408 4701 2605 4757 clarius
2632 4709 2801 4770 patet,
2828 4700 2955 4756 dum
2993 4701 3062 4755 ab
3092 4698 3352 4769 Apostolo
3379 4697 3633 4770 graviora
3656 4698 3853 4755 mortis

2261 4791 2521 4862 supplicia
2557 4791 2855 4861 promereri
2883 4788 3220 4857 iudicantur.

2335 4882 2563 4951 Propter
2589 4881 2732 4951 quod
2782 4888 2839 4935 et
2882 4895 3024 4949 saepe
3048 4879 3102 4934 hi
3140 4877 3278 4934 tales
3329 4877 3602 4933 interdum
3648 4891 3848 4948 propo-

2270 4983 2404 5029 nunt
2433 4990 2489 5030 se
2514 4974 2582 5029 ad
2609 4975 2804 5030 horam
2834 4972 2889 5028 in
2938 4971 3131 5029 melius
3178 4971 3421 5026 converti
3464 4986 3587 5025 cum
3636 4984 3848 5024 summa

2346 5152 2368 5189 ε
2404 5149 2529 5203 Mss.
2556 5146 2670 5204 fere
2699 5162 2925 5208 omnes,
2963 5146 3117 5201 veluti
3145 5162 3265 5202 sues
3292 5145 3593 5199 immunda.

2344 5222 2370 5259 δ
2405 5220 2530 5273 Mss.
2562 5220 2819 5288 quinque,
2842 5218 3074 5286 indigne.

2352 5294 2367 5329 ι
2402 5290 2576 5344 Vatic.
2615 5298 2671 5343 et
2693 5288 2864 5350 Flor.,
2893 5295 3225 5340 temerarent.

2350 5360 2361 5407 i
2410 5361 2549 5419 Vat.,
2578 5374 2695 5412 vera
2723 5357 2906 5411 nolunt
2932 5356 3159 5410 credere.

2346 5431 2368 5469 ιι
2405 5430 2562 5485 Mam.
2593 5439 2649 5482 et
2694 5427 2857 5482 Sirm.
2880 5467 2894 5492 ,
2933 5424 3616 5495 supernorunt‘prmsentia.
3661 5420 3849 5481 litim”

2273 5516 2616 5567 supernorum
2650 5491 2888 5567 spiritum
2914 5491 3211 5567 prtesentia.
3256 5492 3380 5548 Mss.
3416 5491 3540 5560 Μή.
3565 5509 3738 5551 mon.,
3771 5509 3852 5541 sn-

2274 5565 2553 5639 peruorum
2578 5565 2879 5639 sanctorum
2904 5565 3202 5639 prasentia.

2354 5639 2367 5679 ¹
2406 5639 2620 5711 Ansulis
2642 5638 2845 5692 inclusa
2874 5630 3482 5711 suppleuerttntregina!
3510 5630 3721 5711 Suec-ise
3760 5647 3849 5677 rm

2275 5714 2375 5765 des
2421 5710 2573 5773 1534i,
2612 5720 2657 5760 et
2692 5711 2858 5759 rodet
2890 5701 3028 5774 regis
3074 5701 3520 5763 Christianissirni
3554 5701 3716 5754 £070.
