4148 6344
233 296 383 382 ml"

1155 315 1283 373 LIB.
1319 318 1409 373 DE
1446 313 1770 374 CORPORE
1807 310 1896 367 ET
1937 309 2287 367 SANGUINE
2327 310 2581 367 DOMINI.

3353 304 3489 363 15ίὲ

230 435 619 494 deliberatione
650 424 866 497 mentis,
898 421 991 487 sed
1019 431 1215 486 lterum
1262 428 1578 486 tentationis
1600 428 1804 499 impetu
1832 430 1884 488 Α
1910 426 2209 497 Seripturis
2237 426 2436 482 divinis
2456 467 2470 492 ,
2502 426 2737 481 latenter
2765 423 3021 491 ostendit,
3066 423 3207 495 quod
3236 421 3379 478 aliud
3406 429 3492 477 est

231 529 384 600 pejus
418 532 601 581 ruunt.
646 522 869 587 Idcirco,
901 530 958 577 tu
993 523 1038 578 si
1066 522 1147 577 vis
1188 521 1385 577 salvari
1426 530 1481 577 et
1519 521 1604 575 his
1634 519 1701 574 ad
1732 519 1810 574 vi—

233 634 342 676 tam
376 617 502 685 frui,
541 615 703 672 velim
734 616 813 671 sic
846 624 898 670 te
949 629 1111 686 agas,
1170 622 1227 667 ut
1273 614 1440 668 Deum
1489 619 1812 683 praesentem

232 725 450 780 semper
486 708 685 777 ubique
736 705 1024 775 intelligas,
1076 712 1129 760 et
1168 705 1248 759 sic
1306 719 1489 759 coram
1542 704 1658 773 ipso
1686 718 1811 757 ver-

234 805 403 869 seris,
444 810 504 856 ut
532 801 587 856 in
634 799 784 856 nullo
834 798 1132 867 maiestatis
1164 795 1281 867 ejus
1319 797 1503 853 oculos
1549 796 1809 859 oll‘endas,

231 894 361 964 quia
402 892 448 947 si
499 890 624 961 quis
674 896 916 958 seputat
954 888 1022 940 ab
1068 900 1136 941 eo
1186 886 1398 955 uspiam
1450 884 1811 949 delitescere,

236 980 450 1038 noverit
490 992 613 1033 eum
662 976 887 1033 omnino
930 976 1072 1046 quod
1116 974 1380 1031 offensum
1424 992 1530 1030 non
1573 973 1815 1045 ell‘ugiet,
1850 995 1873 1015 ο

234 1071 327 1143 qui
362 1070 562 1139 ubique
584 1067 786 1123 virtute
812 1066 1015 1136 pollet,
1060 1066 1152 1120 sed
1182 1066 1320 1136 apud
1356 1081 1480 1121 eum
1509 1066 1691 1119 omnia
1725 1079 1812 1120 reo

237 1161 455 1217 condita
506 1172 627 1230 quae
664 1156 870 1228 gessit;
924 1165 979 1212 et
1010 1156 1218 1228 signata
1272 1156 1328 1211 in
1377 1156 1646 1212 thesauris
1702 1153 1819 1224 ejus

239 1251 499 1306 inveniet.

783 1333 1011 1391 CAPUT
1054 1333 1197 1388 XXII
1238 1346 1289 1388 ι.

242 1428 303 1484 Si
334 1428 444 1482 ulla
473 1425 775 1497 differentia
813 1424 975 1497 sit_in
1003 1425 1102 1477 hoc
1133 1422 1375 1497 mysterio
1394 1423 1546 1495 justo
1578 1430 1627 1477 et
1658 1422 1821 1478 uani-

778 1494 907 1549 tenti
945 1494 1300 1547 reconciliata.

318 1608 369 1663 I.
406 1605 562 1661 Patet
587 1603 753 1675 igitur
777 1618 843 1658 ex
872 1602 988 1672 lege
1030 1603 1233 1665 divina,
1268 1602 1393 1657 licet
1420 1602 1671 1658 Christus
1722 1602 1824 1657 im-

244 1696 482 1751 moletur
532 1708 707 1765 agnus
754 1694 808 1746 in
841 1692 1111 1755 Ecclesia,
1151 1692 1294 1761 quod
1340 1707 1437 1761 pro
1464 1693 1491 1731 δ
1521 1682 1825 1746 (ἥσει-εικῆ

1908 516 2051 587 quod
2079 516 2378 584 perfectum
2405 516 2435 557 ιι
2470 513 2885 583 perfectioribus
2914 514 3151 577 mandat,
3184 511 3329 568 aliud
3360 525 3490 567 vero

1909 605 2053 675 quod
2077 603 2242 674 lapsis
2260 613 2317 658 et
2347 602 2685 675 torpentibus
2710 603 2776 657 ad
2806 600 3191 672 indulgentiam
3222 598 3488 671 providet.

1911 695 2115 751 Idcirco
2151 694 2219 749 de
2245 695 2362 749 solo
2404 708 2545 766 agno
2574 694 2702 763 quid
2729 693 2993 764 agendum
3023 700 3209 763 aperte
3236 690 3492 751 instituit,

1912 790 1981 841 de
2016 785 2167 840 haedo
2209 800 2339 839 vero
2384 784 2538 854 quasi
2582 783 2772 839 nolens
2820 780 3036 837 edicere
3082 781 3324 853 pressius
3359 780 3492 833 reti-

1912 877 2025 931 cuit
2060 878 2118 940 i;
2175 876 2429 944 quoniam
2484 874 2629 928 aliud
2678 881 2760 928 est
2808 872 2953 942 quod
2994 871 3107 942 ipse
3143 870 3343 940 ubique
3380 868 3499 923 vult

1914 966 2211 1038 perfectius
2242 965 2291 1030 i,
2320 965 2465 1020 aliud
2494 975 2674 1020 autem
2701 965 2829 1019 dum
2861 964 3129 1020 interdum
3158 961 3286 1031 quid
3324 958 3501 1015 indul-

1915 1070 2023 1132 get.
2052 1059 2203 1116 Unde
2224 1068 2279 1114 et
2308 1060 2412 1113 alio
2441 1058 2560 1113 loco
2591 1058 2658 1113 de
2695 1056 2902 1112 Pascha
2942 1056 3025 1111 sic
3053 1053 3368 1125 praecipitur
3393 1070 3406 1104 :
3436 1062 3498 1105 ut

1916 1151 2006 1221 qui
2030 1151 2205 1219 primo
2222 1164 2405 1204 mense
2427 1147 2632 1203 Pascha
2661 1146 2840 1201 facere
2861 1159 2968 1201 non
2988 1143 3244 1215 potuerit,
3259 1140 3500 1197 secundo

1917 1242 2103 1305 faciat,
2127 1242 2178 1296 id
2198 1242 2365 1302 est.si
2394 1256 2516 1296 cum
2545 1239 2799 1311 perfectis
2824 1238 2877 1293 in
2908 1238 3085 1308 primo
3107 1249 3313 1299 mense,
3341 1231 3497 1304 quasi

1919 1333 1972 1388 iu
1997 1334 2167 1403 prima
2197 1333 2391 1403 gratia,
2417 1332 2536 1386 sine
2563 1330 2754 1384 mortis
2773 1338 2927 1384 reatu
2962 1340 3159 1398 agnum
3188 1325 3351 1381 edere
3387 1338 3494 1379 non

1919 1422 2179 1491 potuerit,
2204 1421 2397 1476 saltem
2427 1420 2662 1475 secundo
2689 1433 2893 1482 mense,
2940 1417 2993 1472 id
3030 1424 3114 1472 est
3154 1415 3207 1469 in
3238 1413 3505 1484 pmniteno

1922 1515 1997 1569 tia
2028 1523 2210 1570 reatus
2248 1514 2353 1578 sui,
2384 1513 2595 1568 hrcdum
2624 1511 3080 1583 indulgentiarum
3108 1508 3388 1579 percipiat.
3412 1506 3505 1561 Ait

1923 1607 2068 1662 enim
2096 1606 2169 1660 ita
2202 1624 2216 1660 :
2255 1603 2424 1659 Homo
2448 1605 2536 1675 qui
2561 1604 2716 1674 fuerit
2748 1602 3049 1656 immundus
3079 1615 3236 1668 super
3266 1598 3501 1652 animant

1925 1700 2030 1754 sive
2058 1699 2111 1752 in
2135 1699 2217 1751 via
2239 1696 2420 1766 procul
2449 1697 2503 1748 in
2525 1706 2673 1765 gente
2695 1704 2888 1760 vestra,
2908 1693 3070 1763 faciat
3090 1693 3250 1763 phase
3279 1689 3504 1744 Domino

246 1787 590 1848 meritorum,
621 1784 735 1838 haec
763 1791 819 1839 et
845 1793 868 1822 α
918 1782 1135 1851 prsentia
1170 1782 1507 1845 tribuantur;
1550 1781 1691 1835 unde
1724 1782 1824 1835 Do-
1856 1778 1898 1836 Β
1926 1803 2101 1841 mense
2135 1787 2365 1840 secundo
2405 1784 2598 1855 (Num.
2625 1798 2703 1847 ιχ,
2734 1782 2823 1852 10)
2850 1782 2897 1836 ι.
2937 1781 3108 1836 Aliter
3132 1792 3308 1835 autem
3337 1779 3382 1833 si
3414 1788 3509 1831 aut

246 1877 429 1930 minus
456 1876 509 1928 in
536 1872 724 1927 Exodo
743 1887 868 1926 cum
891 1871 959 1926 de
988 1870 1193 1927 Pascha
1220 1870 1533 1939 loqueretur
1570 1887 1583 1923 :
1618 1870 1826 1924 Decima

248 1967 334 2021 die
384 1965 579 2043 mensis
629 1962 826 2036 hujus,
879 1962 1028 2015 tollat
1082 1964 1437 2033 unusquisque
1488 1978 1681 2030 agnum
1736 1974 1831 2030 per

249 2057 482 2129 familias
509 2066 557 2111 et
586 2056 766 2110 domos
794 2071 940 2110 suas.
983 2054 1102 2109 Erit
1144 2064 1319 2108 autem
1344 2094 1360 2118 ,
1406 2054 1613 2122 inquit,
1659 2068 1827 2122 agnus

249 2153 445 2222 absque
490 2148 700 2205 macula
724 2188 739 2212 ,
788 2148 1091 2209 masculus,
1144 2148 1457 2211 anniculus,
1488 2147 1648 2217 juxta
1678 2160 1830 2216 quem

252 2247 414 2299 ritum
442 2242 635 2297 tolletis
661 2253 710 2296 et
738 2242 949 2297 hxdum
976 2240 1174 2311 (Exod.
1222 2256 1297 2295 xu
1317 2281 1332 2305 ,
1362 2240 1439 2308 5).
1471 2237 1571 2295 Uhi
1596 2237 1830 2306 Septua-

252 2335 402 2406 ginta
456 2347 472 2387 :
513 2330 631 2386 Erit
682 2332 824 2387 vobis
868 2348 1037 2402 agnus
1088 2330 1479 2386 immaculatus.
1533 2328 1611 2383 De
1640 2327 1832 2398 agnis,

253 2424 527 2494 inquiunt,
554 2432 603 2477 et
646 2422 814 2477 htedis
868 2422 1083 2476 sumetis
1127 2437 1265 2475 eum.
1322 2420 1398 2475 Ex
1436 2434 1545 2490 quo
1592 2417 1837 2488 profecto

256 2513 450 2583 liquet,
468 2512 593 2581 quia
626 2512 696 2566 ob
746 2509 1104 2569 dill‘ercntiam
1137 2510 1455 2566 meritorum
1502 2508 1606 2563 ista
1652 2508 1837 2579 praeci-

257 2604 518 2675 piuntur;
555 2602 600 2657 si
633 2601 773 2656 forte
803 2602 926 2671 quis
952 2615 1152 2671 agnum
1189 2615 1296 2654 non
1338 2598 1574 2669 potuerit
1606 2612 1837 2668 pauper-

258 2704 371 2749 tate
410 2691 437 2733 ἀ
483 2693 608 2747 vita:
643 2693 901 2763 assequi,
952 2693 1005 2746 id
1074 2699 1160 2747 est
1218 2691 1385 2745 vitam
1435 2689 1836 2745 immaculatam

257 2781 483 2846 oﬂ'erre,
528 2782 719 2836 saltem
760 2781 974 2836 haedum
1011 2780 1245 2843 habeat,
1292 2778 1384 2852 qui
1431 2792 1645 2848 semper
1671 2778 1724 2832 iu
1752 2792 1840 2831 sa-

258 2872 487 2930 criﬁciis
516 2887 616 2941 pro
658 2872 1047 2943 paenitentibus
1076 2878 1359 2924 mactatur.
1397 2869 1473 2923 De
1507 2883 1615 2939 quo
1642 2867 1840 2922 divinat:

261 2962 400 3033 legis
424 2962 692 3031 interpres
716 2960 904 3015 beatus
925 2958 1282 3029 Hieronymus
1308 2958 1563 3028 ait,quod
1590 2955 1840 3012 Christus

265 3056 321 3109 in
373 3054 533 3109 domo
568 3051 823 3107 Ecclesia:
874 3050 1159 3120 dupliciter
1203 3049 1514 3104 immolatur
1558 3064 1573 3103 :
1608 3047 1665 3103 Si
1701 3049 1835 3119 justi

265 3160 478 3213 sumus,
506 3143 703 3212 inquit,
728 3142 796 3197 de
816 3142 939 3209 agni
967 3141 1223 3196 carnibus
1247 3140 1547 3205 vescimur;
1577 3140 1620 3195 si
1644 3154 1837 3208 pecca-
1867 3130 1911 3192 C

269 3251 417 3292 tores
445 3243 501 3289 et
526 3233 897 3304 paenitentiam
937 3234 1169 3302 agimus,
1216 3230 1376 3284 nobis
1423 3230 1608 3286 haedus
1639 3229 1842 3285 occidi-

268 3339 400 3383 tur:
449 3340 554 3380 nou
600 3323 743 3394 quod
789 3322 1039 3377 Christus
1089 3322 1273 3376 haedus
1302 3321 1394 3385 sit,
1430 3336 1590 3390 quem
1636 3331 1660 3360 θ
1706 3336 1735 3373 a
1768 3320 1842 3374 si-

267 3417 459 3475 nistris
483 3426 631 3473 stare
674 3416 875 3477 docuit,
916 3416 1011 3471 sed
1040 3428 1140 3482 pro
1176 3413 1490 3468 diversitate
1526 3414 1843 3467 meritorum

271 3509 562 3577 unicuique
610 3516 704 3561 aut
766 3520 939 3575 agnus
994 3513 1088 3557 aut
1153 3503 1338 3557 haedus
1384 3502 1403 3541 τ
1457 3504 1560 3567 sit;
1609 3502 1845 3570 alioquin

271 3615 340 3657 ex
383 3600 500 3671 lege
526 3614 624 3653 cur
650 3598 859 3652 haedum
888 3595 1048 3650 simul
1096 3609 1218 3650 cum
1269 3609 1410 3665 agno
1449 3592 1665 3661 juheret
1711 3594 1846 3660 tolli,

266 3693 344 3746 ob
393 3678 707 3744 meritorum
747 3686 1144 3742 distinctionem
1180 3702 1195 3740 :
1226 3684 1319 3739 ulti
1358 3698 1480 3740 mox
1513 3702 1527 3738 :
1562 3682 1630 3738 Et
1676 3702 1849 3740 serva-

274 3780 397 3833 bitis
418 3795 557 3841 eum,
600 3778 793 3848 inquit,
826 3792 990 3846 usque
1025 3776 1095 3829 ad
1137 3784 1377 3845 quartam
1417 3775 1674 3833 decimam
1710 3776 1848 3829 diem

205 3912 210 3915 .
274 3870 471 3923 mensis
503 3868 682 3937 hujus,
728 3867 1118 3937 immolabitque
1138 3881 1255 3919 eum
1282 3866 1521 3922 universa
1568 3866 1848 3921 multitudo

275 3960 509 4028 filiorum
539 3957 710 4013 Israel
748 3959 819 4014 ad
863 3973 1145 4029 vesperam.
1178 3956 1289 4012 Nec
1318 3966 1496 4011 tamen
1524 3965 1711 4026 aperte
1764 3957 1849 4013 in-

274 4056 483 4117 sinuat,
522 4052 566 4107 si
598 4052 665 4107 de
689 4050 805 4106 solo
834 4065 975 4122 agno
1007 4048 1378 4119 accipiendum
1402 4056 1505 4111 est,
1531 4048 1672 4118 quod
1702 4048 1852 4103 sinti-

275 4144 403 4201 liter
428 4148 454 4186 ε
480 4145 548 4202 de
573 4145 728 4201 haedo
749 4145 970 4215 jubeat;
1005 4144 1099 4199 sed
1149 4158 1216 4198 ex
1247 4141 1372 4205 hoc,
1393 4141 1469 4196 uti
1492 4141 1658 4197 moris
1676 4149 1761 4197 est
1794 4141 1851 4196 in

352 4309 379 4338 ι
404 4295 572 4351 Lanh.
602 4313 721 4366 cap.
751 4294 884 4351 CXI.
915 4295 971 4350 In
995 4295 1178 4349 codice
1201 4308 1336 4366 vero
1357 4290 1530 4366 vatio.
1553 4288 1643 4366 hic
1668 4289 1855 4345 titulus

278 4366 511 4422 Imitetur
537 4384 549 4420 :
577 4360 729 4433 Quod
773 4366 1060 4419 immutatio
1090 4363 1212 4434 agni
1258 4361 1534 4434 Paschalis
1575 4360 1645 4434 ad
1666 4375 1853 4434 corpus

277 4433 476 4490 Christi
505 4429 780 4507 pertineat.
814 4434 1053 4507 Teutmu
1087 4429 1275 4507 autem
1299 4429 1457 4507 hujus
1488 4430 1681 4507 capitis
1726 4430 1854 4484 inci-

1928 1878 2239 1933 immundus
2270 1877 2321 1930 in
2370 1878 2547 1930 anima
2603 1891 2708 1929 non
2766 1875 2968 1938 fuerit,
3014 1883 3108 1928 aut
3157 1872 3341 1943 procul
3390 1883 3503 1924 tor-

1928 1985 2060 2041 pore
2096 1968 2113 2008 ι
2148 1968 2376 2040 ignaviae
2401 1984 2431 2021 a
2479 1968 2677 2037 templo
2706 1968 2876 2021 sancti
2906 1966 3140 2035 Spiritus
3187 1980 3293 2020 non
3330 1978 3510 2020 reces-

1930 2062 2087 2125 serit,
2112 2070 2167 2115 et
2196 2060 2363 2130 phase
2392 2060 2619 2115 Domino
2660 2074 2765 2112 non
2816 2058 3034 2120 fecerit,
3077 2053 3508 2110 exterminabitur

1930 2152 2109 2205 anima
2141 2150 2235 2204 illa
2274 2150 2339 2204 de
2365 2148 2570 2219 populis
2601 2150 2709 2202 suis
2739 2148 2950 2201 omnino
2987 2145 3178 2217 (lbid.,
3219 2144 3340 2214 l5);
3384 2142 3511 2211 quia

1932 2244 2036 2300 nisi
2067 2241 2472 2297 manducaverit
2494 2254 2709 2294 carnem
2733 2239 2823 2293 tllii
2853 2237 3112 2305 hominis,
3134 2236 3298 2290 vitam
3325 2232 3514 2303 nequi-

1932 2334 2014 2391 bit
2051 2343 2308 2389 aeternam
2349 2331 2578 2397 habere,
2623 2330 2878 2400 quoniam
2928 2328 3257 2384 sacrillcium
3286 2324 3516 2380 Domino

1936 2439 2041 2480 non
2071 2422 2264 2478 obtulit
2288 2430 2527 2491 tempore
2556 2435 2674 2475 suo.
2708 2420 2774 2475 Et
2801 2433 2868 2472 ne
2903 2428 3121 2487 putares
3160 2415 3302 2486 quod
3332 2415 3399 2469 de
3429 2413 3518 2468 his

1936 2514 2077 2570 forte
2126 2513 2331 2568 diceret
2374 2512 2466 2582 qui
2507 2519 2633 2566 sunt
2676 2518 2827 2564 extra
2862 2508 3160 2571 Christum,
3207 2505 3415 2560 addidit
3457 2504 3515 2558 in

1936 2615 2084 2677 gente
2115 2612 2303 2668 vestra,
2340 2603 2467 2673 quia
2513 2614 2703 2657 omnes
2736 2598 3032 2655 Christiani
3079 2594 3233 2667 quasi
3276 2594 3381 2657 sub
3408 2608 3515 2647 una

1938 2695 2289 2767 generatione
2329 2700 2669 2764 reputantur.
2697 2689 2960 2744 Httmilius
2985 2695 3067 2743 est
3092 2699 3222 2742 sane
3245 2700 3367 2740 cum
3396 2698 3515 2754 pm-

1938 2786 2239 2841 nitentihns
2268 2784 2505 2849 hmdum,
2532 2797 2694 2852 quam
2719 2794 2841 2836 cum
2868 2777 3279 2850 perfectiorihus
3318 2784 3372 2829 et
3393 2789 3517 2827 san-

1941 2878 2045 2932 ctis
2070 2876 2349 2932 Christum
2378 2889 2577 2945 agnum
2607 2872 2910 2929 comedere.
2942 2869 3096 2937 Quod
3142 2869 3278 2924 bene
3325 2865 3520 2922 intelli-

1941 2982 2074 3041 gens
2101 2967 2283 3022 senior
2324 2966 2415 3021 ille
2442 2964 2615 3028 illius,
2665 2964 2733 3019 de
2766 2977 2897 3034 agro
2936 2975 3204 3023 reversus,
3235 2958 3330 3014 sed
3380 2956 3521 3012 male

1942 3066 2129 3115 contra
2155 3057 2525 3112 dulcissimum
2564 3063 2772 3126 patrem
2800 3053 2998 3107 invidia
3020 3058 3315 3122 permotus,
3338 3046 3523 3115 objur-

1944 3158 2035 3222 gat
2068 3149 2285 3203 dicens:
2306 3147 2400 3201 Tot
2422 3146 2575 3201 annis
2608 3146 2773 3200 servio
2794 3144 2905 3205 tibi,
2925 3158 3190 3211 nunquam
3215 3141 3521 3193 mandatum

1946 3249 2093 3293 tuum
2119 3238 2438 3309 prmteriens,
2469 3246 2516 3291 et
2546 3252 2649 3291 non
2693 3234 2882 3288 dedisti
2911 3233 3039 3286 mihi
3079 3230 3289 3285 lardum
3314 3229 3519 3292 saltem,

1946 3339 2002 3383 ut
2032 3344 2150 3383 cum
2184 3329 2367 3382 amicis
2398 3327 2522 3381 meis
2555 3325 2799 3395 epularer
2832 3321 2983 3393 (Luc.
3011 3336 3100 3385 xv,
3126 3320 3243 3387 29).
3270 3319 3337 3373 Et
3356 3333 3521 3388 quam

1940 3420 2114 3490 justo!
2162 3421 2287 3490 quia
2336 3435 2435 3489 pro
2482 3426 2703 3488 peccato
2734 3424 2771 3448 α’
2814 3422 3083 3477 caecatus,
3143 3420 3324 3466 mente
3354 3409 3526 3463 noluit

1947 3511 2152 3566 intrare
2181 3512 2351 3572 intus,
2374 3524 2476 3564 nec
2501 3518 2531 3547 ιι
2569 3507 2736 3563 corde
2759 3505 3107 3576 reptenitere.
3140 3503 3263 3558 Ideo
3302 3516 3525 3572 prorsus

1947 3616 2013 3657 ex
2040 3602 2289 3657 oumihus
2314 3600 2471 3655 bonis
2507 3599 2772 3669 paternis,
2798 3612 2901 3654 nec
2930 3597 3140 3652 haedum
3171 3594 3527 3664 indulgentia-

1948 3707 2068 3747 rum
2100 3692 2297 3745 meruit
2323 3692 2626 3760 acquirere,
2650 3691 2775 3744 dum
2817 3688 3004 3744 vitulis
3031 3685 3371 3757 repmnitenti
3416 3683 3527 3739 tilio

1943 3780 2144 3851 juniori
2176 3780 2498 3835 tenerrimus
2534 3778 2876 3843 immolatur;
2909 3786 2982 3842 et,
3011 3775 3151 3846 quod
3179 3775 3396 3846 gravius
3419 3783 3526 3838 est,

1949 3871 2254 3929 contumaci
2281 3870 2463 3924 animo
2495 3870 2547 3924 in
2578 3879 2786 3941 patrem
2810 3867 2978 3924 refert
3001 3866 3247 3937 injurias,
3274 3879 3412 3935 quas
3438 3862 3530 3917 ille

1951 3979 2018 4019 ex
2046 3977 2143 4017 sua
2171 3960 2487 4018 carualitate
2510 3973 2579 4016 ex
2607 3968 2631 3995 ο
2663 3957 3024 4031 impmnitenti
3066 3955 3172 4016 sibi
3211 3955 3373 4013 corde
3396 3969 3529 4010 cono

1951 4061 2215 4109 traxerat.

2021 4145 2077 4201 2.
2108 4154 2137 4196 ι³
2161 4143 2497 4216 Quapropter
2526 4152 2555 4193 ιι
2584 4149 2708 4213 post
2732 4138 3095 4211 naufragium,
3126 4136 3252 4208 quia
3294 4132 3531 4191 secunda

1954 4294 2323 4351 exterminium
2354 4302 2601 4348 meretur.

2033 4364 2050 4404 ι
2086 4364 2266 4425 Mam.,
2320 4363 2549 4433 Torpore
2590 4362 2707 4417 vita.
2743 4362 2906 4417 Ulim.
2950 4360 3119 4433 Sirm.
3152 4357 3452 4433 cum_I"lor.
3475 4366 3533 4413 et

1958 4451 2061 4489 ms.
2097 4434 2314 4499 Major-is
2352 4429 2527 4497 mon.,
2561 4443 2767 4501 torpore
2803 4434 2940 4486 uiue.
2983 4432 3185 4487 Omnes
3232 4429 3321 4484 alii
3373 4443 3529 4492 mss.,

317 4480 375 4560 5:
392 4480 782 4575 2'ra2'.';',:a;;;
800 4480 1851 4575 .2.7‘.;;."i.-;.-;.;.gestatas...ius...
1886 4480 1931 4540 ι)
1957 4480 2431 4575 magna;

300 4586 437 4645 etur,
460 4570 837 4645 tamen'agnus
865 4570 1170 4645 immolatur
1202 4570 1458 4645 Ecclgsia.

290 4692 316 4727 Α.
349 4644 381 4685 ι’
410 4638 561 4727 diss,
604 4638 931 4727 prouidentia
971 4644 1295 4698 meritorum.
1333 4638 1468 4694 Tres
1495 4652 1647 4703 mss.,
1671 4638 1857 4707 prtevi-

275 4714 456 4768 dentia
488 4714 812 4768 meritorum.

352 4793 379 4852 7
411 4785 509 4839 Ms.
538 4782 662 4852 Mai.
696 4800 867 4849 mon.,
902 4783 1013 4852 here
1040 4793 1088 4837 et
1129 4782 1333 4837 merita.

351 4851 376 4891 δ
412 4854 551 4909 Editi
582 4851 703 4908 cum
739 4870 841 4907 lllS.
886 4851 1070 4921 Major.
1106 4868 1276 4914 mon.,
1306 4868 1399 4916 pro
1424 4857 1748 4919 paupertate.

324 4995 335 5003 .
360 4932 382 4959 ο
414 4924 488 5003 l_ta
515 4925 637 4979 cod.
666 4922 725 4977 S.
750 4923 891 4978 Aud.
915 4916 1057 4976 Editi
1078 4938 1201 4977 cum
1231 4922 1352 4975 aliis
1378 4916 1686 4988 tn'ss.,quos
1721 4935 1753 4971 a
1783 4916 1856 4971 si-

280 4995 481 5047 tristris.

362 5061 381 5133 ἰ
414 5062 511 5117 Ms.
541 5061 727 5133 Major.
752 5078 924 5124 mon.,
952 5071 1043 5133 aut
1073 5060 1258 5116 hrrdus
1283 5060 1361 5129 fit.

360 5132 386 5203 β
410 5133 518 5203 AL,
542 5131 679 5202 quad
711 5133 862 5187 htedo
882 5131 1099 5203 rjubeat.

354 5200 383 5242 δ
414 5197 705 5257 Εόίιῐωω
736 5197 923 5272 paucis
972 5200 1393 5272 mss.,profecto
1435 5197 1853 5272 perfectioribus.

282 5270 510 5342 Qiamer.
539 5288 683 5335 vero,
700 5268 838 5342 quod
859 5268 1328 5342 perfectioribusiu
1355 5268 1651 5342 Scripturis
1668 5268 1857 5342 diuinis

282 5337 510 5413 latenter
540 5337 1011 5413 ostenderet,un
1046 5342 1194 5394 aliud
1232 5352 1306 5395 est
1352 5340 1489 5408 quod
1530 5338 1855 5407 perfectiori-

283 5409 383 5467 ιω
421 5411 707 5466 mandavit.

364 5485 380 5552 ᾗ
412 5481 525 5552 AL,
546 5483 773 5551 pressius
802 5482 988 5552 tetigit.

359 5562 385 5661 ί
415 5551 888 5679 aetatum

359 5622 385 5695 ἔ
767 5621 937 5699 Lanh.
967 5622 1154 5699 incipit
1202 5636 1319 5690 cap.
1346 5619 1500 5699 XCII.
1533 5619 1686 5684 Quod
1707 5636 1859 5699 quem

284 5687 581 5741 erimina/ia
634 5709 731 5743 non
791 5688 1044 5761 gravant,
1080 5687 1139 5743 ἐἰ
1189 5687 1569 5744 communicare
1610 5687 1818 5758 negligit
1844 5729 1857 5751 ,

2026 4566 2067 4613 ὼ
2094 4574 2169 4627 Ita
2210 4566 2334 4626 'cod.
2380 4570 2596 4640 Maioris
2621 4584 2766 4625 mon.
2808 4569 2993 4635 Mam.,
3028 4586 3123 4640 pro
3150 4568 3395 4641 peccatis.
3425 4566 3531 4621 Alii

1958 4658 2112 4703 mss,
2142 4641 2392 4710 profecto.

2034 4722 2060 4750 υ
2092 4708 2245 4765 Cotb.
2282 4711 2412 4772 duo,
2446 4725 2509 4764 ne
2538 4708 2692 4762 corde
2721 4710 3060 4777 repmniteret.

2030 4796 2054 4819 ο
2082 4780 2236 4843 Mss.,
2265 4794 2380 4840 sex,
2410 4780 2733 4847 impornitens
2758 4795 2850 4832 cor
2874 4789 3226 4834 contraxerat.
3270 4778 3434 4834 llam.
3480 4784 3538 4831 et

1963 4851 2297 4914 Ulitn.,cum
2335 4850 2495 4903 duob.
2544 4863 2709 4914 mss.,
2765 4850 3085 4918 impaenitens
3134 4850 3233 4904 sibi
3278 4864 3367 4903 cor
3415 4864 3538 4901 con-

1960 4930 2212 4975 traxerat.
2259 4920 2373 4973 Duo
2421 4932 2550 4972 vero
2598 4933 2729 4987 mss.
2771 4918 2850 4972 sic
2884 4918 3068 4987 legunt
3118 4920 3261 4974 hunc
3312 4918 3531 4972 locum:

1962 4991 2045 5044 lt‘x
2073 5007 2169 5043 sua
2204 4988 2514 5044 carnalitate
2550 4986 2628 5042 vel
2675 4986 3009 5051 calamitate,
3062 4988 3403 5058 impmnitens,
3429 5056 3435 5058 Α
3459 4986 3536 5041 vel

1958 5058 2477 5180 impaenitentiIcorde
2515 5057 2614 5111 sibi
2641 5067 2975 5112 contraxerat
3001 5071 3021 5109 :
3047 5056 3168 5127 quae
3198 5058 3360 5114 lectio
3390 5056 3537 5112 vide-

1973 5140 2060 5180 tur
2085 5139 2296 5180 tuleruo
2317 5137 2425 5180 ala.

1973 5140 2060 5184 tur
2085 5137 2425 5184 iulet'nolatu.

2033 5144 2462 5254 iunilg'c’iiligg'u
2494 5198 2739 5269 debetle
2759 5196 2944 5269 codice
2971 5196 3168 5269 Lanh.,
3203 5212 3326 5269 cap.
3353 5194 3491 5253 xcv
3519 5214 3533 5249 :

1962 5269 2335 5339 Quodimelius
2361 5270 2427 5322 sit
2450 5267 2665 5339 ferventi
2694 5266 2870 5320 animo
2900 5266 3465 5339 penitentiam—agere,
3488 5277 3538 5322 et

1959 5343 2036 5393 sic
2061 5338 2137 5394 uel
2166 5338 2375 5393 hwdum
2424 5335 2637 5407 mystice
2667 5340 2725 5407 in
2756 5335 2996 5407 convivio
3046 5336 3258 5391 Domini
3310 5335 3533 5400 s'untere,

1960 5425 2115 5479 quam
2162 5410 2226 5462 ab
2266 5408 2359 5462 illo
2387 5405 2587 5461 diutius
2633 5405 2921 5479 abstinere,
2950 5408 3176 5479 quodin
3223 5407 3400 5463 locum
3456 5419 3535 5479 se-

1960 5474 2181 5547 quentis
2209 5480 2325 5549 capi
2334 5479 2400 5533 tis
2424 5475 2758 5547 transposuit
2781 5474 3059 5544 librarius,
3072 5478 3163 5548 qui
3181 5486 3237 5533 et
3255 5475 3535 5549 sequentia

1962 5550 2141 5619 capita
2174 5549 2467 5619 transtulit.

1968 5616 2236 5740 builtaI'Jditi
2270 5636 2280 5670 :
2316 5616 2644 5684 Quapropter
2671 5616 3006 5687 naufragium
3031 5634 3148 5687 qua
3185 5617 3415 5672 secunda
3461 5625 3541 5669 ta-

2002 5705 2109 5741 tua.
2638 5722 2639 5725 η
