4148 6344
651 307 802 363 1583

1433 301 1492 357 S.
1526 301 1880 364 PASCIIASII
1919 296 2261 354 RADBERTI
2303 294 2593 352 ABBA'I'IS
2629 291 3078 352 CORBEIENSIS

3780 297 3919 356 ιδιι

648 417 834 475 tabula
853 426 957 481 est,
986 413 1419 472 ferventi-animo
1459 411 1836 483 paenitentiam
1869 424 2118 481 agamus,
2145 407 2227 461 ni-
2259 410 2302 486 Α
2331 404 2493 460 dubio
2513 420 2614 460 nec
2641 404 2804 459 vitam
2830 404 2992 460 habet
3014 405 3066 459 in
3099 419 3158 460 se
3192 413 3535 471 manentem;
3587 414 3644 462 et
3685 410 3919 478 quicun-

632 501 846 564 ‘ntirttm
880 507 1007 576 quia
1039 504 1230 558 melius
1275 512 1378 566 est,
1415 503 1608 558 saltem
1636 503 1846 568 haedum
1882 498 2110 570 mystice
2141 498 2250 566 ins

650 597 732 652 ira
757 595 1066 653 convivium
1110 591 1335 657 Christi,
1383 591 1472 645 ubi
1518 606 1689 661 agnus
1723 589 2033 644 innnolatur
2074 586 2252 650 Chri-,

647 700 798 755 stus,
825 702 947 742 cum
978 685 1238 740 fratribus
1286 684 1490 752 epulari
1538 683 1829 747 duntaxat;
1872 681 1999 750 quia
2042 692 2247 750 sumus.

649 780 728 834 rei
755 785 812 832 et
836 777 1007 842 noxii,
1028 791 1190 846 quam
1227 791 1348 830 cum
1381 772 1563 844 jurgio
1595 783 1780 828 contra
1821 772 1969 842 pium
2001 770 2248 828 Patrem.

649 866 996 931 insolescere,
1028 875 1084 920 et
1105 867 1175 936 ob
1203 865 1457 920 invidiam
1504 863 1807 933 dedignari,
1832 877 1899 916 ne
1928 861 1995 915 ad
2041 858 2248 926 inelIa-,

650 957 756 1012 bile
805 957 984 1011 Patris
1021 955 1275 1027 gaudium
1326 954 1517 1012 saltem
1560 955 1735 1023 rogati
1770 954 2072 1008 veniamus.
2120 951 2228 1006 Nec

648 1047 870 1109 ditbium
919 1053 1050 1123 quin
1099 1053 1358 1107 divinitus
1407 1049 1734 1106 reconciliati
1782 1049 2106 1118 quantocius
2135 1062 2229 1116 per

651 1144 790 1198 hanc
819 1143 1139 1198 humilitatis
1185 1142 1326 1196 viam
1359 1156 1528 1210 usque
1559 1140 1624 1194 ad
1653 1139 1773 1208 pios
1810 1147 2068 1206 paternos
2114 1152 2230 1190 am-

649 1233 838 1302 plexus
874 1232 1311 1305 reascendentes,
1337 1231 1390 1284 in
1439 1231 1540 1285 hoc
1581 1230 1793 1285 cmlesti
1836 1228 2103 1291 convivio,
2131 1241 2229 1296 pro

653 1323 812 1378 nobis
837 1338 942 1378 non
979 1322 1150 1378 solum
1177 1322 1359 1376 haedus
1387 1320 1841 1390 indulgentiarum
1861 1317 2109 1371 Christus
2131 1316 2231 1368 im-

653 1413 961 1476 molabitur,
991 1428 1178 1467 verum
1201 1427 1297 1466 sua
1327 1411 1660 1482 benignitate
1685 1426 1855 1480 agnus
1881 1425 1974 1464 seu
2009 1408 2225 1468 vitulus,

652 1503 813 1560 Verbi
841 1503 1120 1574 divinitate
1151 1505 1449 1574 saginatus,
1479 1518 1577 1574 pro
1603 1504 1799 1574 gaudio
1820 1511 2015 1556 nostra:
2039 1500 2230 1555 salutis

653 1597 880 1668 mystice
910 1598 1272 1661 mactabitur;
1303 1596 1539 1665 alioquin
1572 1595 1842 1665 quomodo
1874 1595 2013 1648 inter
2037 1608 2228 1663 agnos,

648 1704 786 1759 quos
811 1704 842 1742 a
869 1688 1076 1744 dextris
1115 1689 1332 1753 locabit,
1371 1699 1639 1759 peccator,
1673 1689 1827 1742 venia
1853 1697 2084 1756 recepta,
2109 1686 2228 1743 ovis

2330 513 2435 570 que
2459 499 2672 569 indigne
2696 498 3016 560 comederit,
3046 512 3154 552 non
3196 498 3453 598 virtutqu
3483 500 3683 564 carnis,
3709 500 3807 556 sed
3831 504 3918 572 ju-

2329 589 2529 662 dicium
2561 591 2588 631 ⁸
2618 589 2713 644 Dei
2735 589 2920 644 sumit.
2953 589 2978 628 δ
3011 588 3183 644 Porro
3210 590 3254 644 si
3279 590 3402 660 quis
3416 588 3691 661 'peccator
3729 602 3838 658 est,
3862 604 3918 648 et

2323 681 2434 751 jam
2481 697 2706 753 peccare
2746 682 2928 748 desiit,
2979 681 3150 738 Iiceti
3184 683 3401 748 haedus,
3447 684 3498 738 ei
3554 693 3737 739 tamen
3785 701 3919 743 caro

2328 775 2529 856 Christi
2559 781 2964 836 sacramentum
2993 773 3250 840 ellicitur,
3271 783 3328 829 ιιι
3353 790 3450 845 per
3479 776 3583 830 hoc
3607 783 3665 830 et
3702 775 3824 846 ipse
3849 779 3915 830 ad

2329 879 2511 938 veram
2540 865 2906 920 innocentiam
2943 864 3150 930 redeat,
3193 872 3250 919 et
3278 864 3418 920 inter
3449 879 3619 936 agnos
3646 880 3676 918 a
3708 866 3916 920 dextris

2286 967 2769 1020 .connumeretur.
2807 956 2890 1011 Illi
2928 970 3056 1012 vero
3104 955 3196 1026 qui
3239 971 3455 1026 semper
3489 957 3748 1026 deinceps
3796 969 3917 1026 post

2330 1048 2624 1112 lavacrum,
2651 1056 2968 1118 protegente
2995 1048 3124 1111 Deo,
3164 1047 3217 1101 in
3263 1062 3492 1116 corpore
3520 1045 3542 1096 i.
3573 1057 3914 1104 manserunt.

2329 1140 2492 1195 nullis
2542 1139 2781 1194 obvoluti
2827 1140 2854 1179 ιι
2891 1140 3239 1204 criminibus,
3277 1139 3438 1208 digne
3481 1139 3763 1209 accipiunt
3793 1139 3913 1209 agni

2329 1245 2524 1286 carnes
2588 1238 2644 1284 et
2690 1238 2946 1298 potantur
2991 1229 3275 1300 sanguine.
3323 1229 3711 1284 Verumtamen
3755 1229 3803 1283 si
3845 1231 3916 1283 ita

2331 1321 2622 1390 loquimur,
2655 1336 2762 1375 non
2804 1321 3183 1383 aestimandum
3223 1319 3374 1389 quod
3410 1320 3500 1375 hic
3531 1330 3626 1375 aut
3655 1319 3749 1374 ille
3772 1319 3918 1374 aliud

2330 1412 2582 1482 accipiat,
2615 1427 2776 1480 quam
2807 1411 3008 1466 Christi
3050 1425 3272 1466 carnem
3299 1418 3355 1464 et
3381 1411 3742 1482 sanguinem;
3789 1413 3917 1482 quia

2331 1503 2470 1557 sicut
2497 1516 2595 1556 nec
2626 1500 2813 1556 haedus
2851 1501 3051 1557 dicitur
3083 1502 3186 1556 nisi
3224 1502 3607 1572 dispansative,
3631 1504 3702 1558 ob
3727 1505 3919 1574 mysti-

2329 1606 2449 1644 cam
2479 1589 2952 1660 significationem,
2981 1591 3056 1644 ita
3081 1605 3181 1644 nec
3207 1606 3378 1661 agnus
3421 1591 3524 1658 nisi
3548 1599 3608 1646 ut
3636 1591 3728 1646 ille
3762 1592 3920 1646 intel-

2330 1681 2528 1753 ligatur
2556 1698 2721 1737 vcrus
2749 1682 3032 1738 advenisse
3063 1698 3253 1753 agnus,
3283 1683 3373 1752 qui
3404 1698 3470 1737 ex
3494 1683 3611 1752 lege
3640 1684 3920 1740 multoties

648 1779 944 1834 centesima
992 1780 1328 1842 restituetur,
1375 1780 1478 1833 nisi
1511 1793 1536 1820 ι
1575 1780 1747 1850 gratia
1797 1779 1981 1834 unitus
2024 1779 2224 1834 Christi

2331 1774 2796 1844 prtetigurabatur,
2821 1782 2875 1828 et
2903 1789 3033 1827 vera
3068 1775 3266 1828 mentis
3311 1775 3624 1830 innocentia
3668 1791 3772 1846 per
3794 1790 3919 1830 eum

641 1867 754 1936 jam
793 1869 846 1922 in
877 1884 944 1923 eo
971 1885 1135 1924 unum
1177 1886 1375 1939 corpus
1417 1870 1756 1924 inveniatur?
1784 1870 1811 1908 ι»
1843 1871 2222 1924 Verumtamen

647 1971 750 2012 nec
779 1956 976 2010 mirum
1005 1957 1047 2012 si
1077 1958 1128 2010 in
1158 1958 1259 2012 hoc
1281 1962 1541 2028 mysterio
1566 1958 1815 2014 Christus
1842 1973 1939 2028 pro
1975 1968 2225 2029 peccato-

649 2046 798 2100 ribus
826 2048 978 2116 quasi
1004 2047 1188 2103 haedus
1217 2050 1504 2118 accipitur,
1536 2050 1626 2119 qui
1656 2051 1708 2104 in
1739 2050 1856 2121 lege
1895 2066 2056 2120 quam
2085 2066 2228 2119 smpe

648 2137 748 2191 sub
775 2137 946 2208 ﬁgura
993 2138 1178 2194 hircus
1213 2154 1234 2178 υ
1270 2141 1608 2204 itmnolatur;
1661 2142 1820 2205 unde,
1847 2143 1973 2212 quia
2017 2143 2227 2199 duabus

647 2231 1222 2295 constat'substantiis,
1249 2233 1354 2286 duo
1379 2247 1444 2287 ex
1473 2233 1588 2302 lege
1624 2234 1759 2289 hirci
1796 2235 1957 2290 simul
1985 2235 2013 2274 ά
2040 2251 2146 2291 uno
2171 2237 2224 2290 in

648 2318 765 2374 loco
785 2319 965 2376 offerri
982 2321 1257 2390 jubentur.
1283 2327 1520 2391 Quorum
1545 2343 1682 2382 unus
1701 2343 1800 2397 pro
1823 2329 2058 2397 peccatis
2079 2337 2224 2384 Sorte

645 2411 874 2468 Domino
919 2423 1225 2480 mactatur,
1283 2415 1422 2470 alter
1472 2433 1602 2472 vero
1666 2419 1854 2473 vivens
1905 2419 2221 2484 assumitur,

643 2518 804 2573 quem
857 2505 1195 2560 emissarium
1246 2505 1331 2560 lex
1384 2515 1561 2572 vocat,
1592 2515 1648 2562 et
1694 2523 1858 2578 super
1895 2507 2012 2576 ejus
2061 2519 2224 2579 caput

643 2605 832 2651 omnes
855 2596 1166 2666 iniquitates
1197 2598 1426 2654 filiorum
1453 2600 1614 2656 Israel
1644 2601 1949 2656 confitendo
1973 2599 2225 2660 universa

635 2688 836 2744 delicta
865 2700 1027 2760 atque
1067 2704 1286 2761 peccata
1327 2709 1514 2747 eorum
1568 2693 2028 2762 imprecabantur.
2057 2700 2114 2746 et
2141 2692 2222 2747 sic

641 2778 708 2831 ad
759 2793 1000 2834 eremum
1047 2781 1389 2846 mittebatur,
1434 2795 1456 2821 ε
1496 2793 1720 2852 portans
1767 2784 1948 2840 omnia
2000 2792 2220 2852 peccata

642 2867 872 2923 filiorum
899 2870 1060 2924 Israel
1090 2872 1142 2924 in
1170 2879 1371 2926 terram
1398 2873 1722 2928 solitudinis.
1748 2873 1825 2928 Ex
1846 2889 1954 2943 quo
1976 2871 2220 2944 proiecto

641 2955 809 3025 liquet
832 2958 974 3026 quod
1002 2959 1250 3014 Christus
1295 2961 1349 3015 in
1381 2961 1731 3017 similitudine
1775 2963 1956 3018 carnis
2011 2962 2220 3032 peccati

638 3045 894 3101 occubuit
919 3064 1016 3118 pro
1043 3050 1214 3113 nobis,
1248 3059 1303 3105 et
1331 3051 1511 3106 omnia
1541 3051 1824 3106 maledicta
1855 3052 1987 3123 legis
2012 3062 2067 3108 et
2095 3068 2195 3122 pec

2331 1865 2541 1920 cunctis
2565 1872 2882 1933 patesceret.
2912 1864 3176 1920 Caaterum
3203 1867 3454 1935 quamvis
3485 1868 3675 1923 hzedus
3702 1869 3922 1923 dicatur

2333 1954 2462 2007 mihi
2499 1969 2596 2022 pro
2632 1948 2894 2022 qualitate
2936 1955 3113 2008 meriti
3157 1964 3213 2009 et
3253 1956 3626 2013 obfuscatione
3657 1956 3674 1996 ι
3707 1959 3918 2022 delicti,

2334 2046 2466 2100 tanti
2497 2055 2581 2100 est
2607 2046 2829 2102 omnino
2875 2048 3034 2116 pretii
3084 2063 3184 2118 pro
3212 2051 3397 2105 mundi
3427 2053 3558 2115 vita,
3601 2045 3797 2121 quanti
3839 2063 3920 2107 est

2331 2144 2382 2189 et
2415 2150 2542 2189 caro
2580 2134 2811 2201 Christi;
2853 2136 3106 2192 nimirum
3136 2140 3260 2208 quia
3297 2141 3430 2194 nihil
3460 2141 3606 2196 aliud
3648 2150 3740 2197 est
3788 2145 3918 2198 mihi

2331 2241 2493 2294 quam
2523 2241 2650 2280 caro
2675 2226 2898 2280 Christi.
2933 2225 3039 2283 Sed
3071 2229 3192 2283 ideo
3225 2246 3413 2286 rursus
3440 2232 3628 2288 htedus
3658 2235 3722 2289 lit
3747 2236 3920 2304 paeni-

2334 2315 2463 2370 tenti
2489 2329 2586 2384 pro
2605 2318 2883 2386 mysterio,
2912 2327 2971 2372 ut
2988 2319 3272 2387 maledicta
3294 2320 3595 2378 facinorum
3616 2332 3671 2379 et
3691 2335 3920 2396 peccata

2331 2408 2530 2476 expiet,
2548 2408 2689 2463 sicut
2708 2418 2763 2463 et
2782 2424 2953 2479 agnus
2977 2410 3178 2465 leviora
3202 2429 3448 2484 qumque.
3476 2413 3667 2471 HincIn
3689 2428 3750 2472 et
3769 2419 3924 2487 prius

2332 2501 2546 2554 canitur
2570 2502 2749 2570 Agnus
2775 2501 2872 2555 Dei
2917 2518 3080 2572 quam
3115 2507 3450 2572 comedatnr,
3498 2518 3776 2578 quatenus
3825 2529 3923 2584 per

2331 2593 2436 2648 hoc
2466 2594 2599 2648 fides
2628 2593 2938 2658 incalescat,
2965 2597 3091 2665 quia
3117 2598 3283 2668 ipsius
3307 2609 3388 2654 est
3415 2616 3544 2656 caro
3571 2612 3603 2638 ιι
3634 2602 3920 2658 immolata

2330 2704 2430 2758 pro
2462 2689 2636 2755 nobis,
2665 2699 2724 2744 ιιι
2773 2691 2921 2745 tollat
2979 2708 3170 2749 rursus
3209 2705 3427 2765 peccata
3469 2698 3679 2753 mundi.
3733 2699 3923 2770 Implet

2331 2788 2510 2834 autem
2541 2781 2642 2834 hoc
2673 2790 3071 2837 sacramentum
3093 2785 3160 2838 ad
3184 2785 3545 2854 expiationem
3593 2802 3697 2857 pro
3725 2805 3921 2859 pecca-

2335 2872 2403 2926 tis
2435 2871 2653 2936 nostris,
2677 2887 2798 2940 quae
2826 2879 2851 2906 °
2877 2871 3092 2926 demum
3119 2875 3509 2940 contraximus,
3538 2877 3585 2930 si
3611 2893 3716 2932 nos
3739 2895 3923 2935 cesse—

2332 2978 2452 3017 mus
2479 2963 2678 3027 abhis,
2709 2970 2764 3016 ct
2803 2962 2876 3016 ita
2922 2965 3256 3019 comedimus
3298 2974 3357 3019 ut
3399 2965 3678 3034 jubemur,
3707 2969 3765 3023 in
3810 2987 3918 3025 una

2332 3057 2537 3111 Scilicet
2555 3056 2736 3119 domo,
2759 3071 2879 3125 qua:
2900 3065 2982 3111 est
3004 3068 3188 3112 sancta
3213 3059 3307 3113 Dei
3335 3060 3439 3114 vivi
3467 3060 3737 3125 Ecclesia,
3761 3072 3916 3117 extra

639 3146 761 3191 cata
791 3147 974 3193 nostra
1007 3155 1170 3208 super
1194 3155 1252 3196 se
1283 3142 1426 3206 tulit,
1457 3151 1514 3196 et
1553 3144 1621 3198 ad
1649 3158 1890 3200 eremum
1919 3146 2008 3200 ubi
2041 3157 2210 3202 nona-
2239 3115 2289 3180 θ
2323 3167 2484 3222 quam
2531 3151 2656 3206 nulli
2708 3151 2790 3206 fas
2831 3160 2916 3207 est
2966 3151 3126 3207 edere
3155 3153 3277 3223 agni
3314 3168 3538 3218 carnes;
3579 3156 3757 3223 neque
3784 3171 3920 3209 cru-

639 3229 786 3300 ginta
813 3241 868 3286 et
891 3246 1081 3286 novem
1125 3248 1254 3289 oves
1293 3233 1345 3287 in
1377 3235 1594 3289 deserto
1631 3234 1942 3305 reliquerat,
1990 3235 2219 3292 festinus

641 3321 919 3377 revoIavit.
953 3321 1068 3376 Non
1094 3324 1236 3393 quod
1261 3324 1408 3380 illinc
1431 3325 1615 3381 hircus
1639 3337 1734 3380 aut
1759 3325 1847 3380 hic
1893 3327 2078 3382 haedus
2099 3325 2221 3394 jure

639 3411 912 3475 credatur,
945 3412 1037 3467 sed
1064 3413 1186 3482 quia
1215 3430 1314 3484 pro
1341 3415 1496 3471 nobis
1527 3416 1755 3487 figuram
1799 3417 1984 3472 carnis
2012 3417 2218 3487 peccati

637 3505 948 3573 assumpsit,
970 3511 1023 3559 et
1055 3505 1131 3560 .de
1159 3516 1384 3576 peccato
1411 3509 1689 3563 damnavit
1734 3509 1786 3564 in
1827 3525 1992 3565 carne
2023 3524 2220 3578 pecca-

639 3604 774 3659 tum,
803 3603 862 3649 ιιι
889 3598 978 3667 qui
1001 3609 1160 3654 erant
1189 3601 1324 3655 lizedi
1351 3617 1381 3655 a
1415 3601 1653 3657 sinistris
1690 3601 1813 3670 jure
1853 3603 2088 3668 locandi,
2112 3603 2223 3658 sint

635 3702 766 3742 oves
799 3687 852 3741 in
903 3687 1110 3743 dextris
1157 3689 1450 3747 clementer
1477 3693 1713 3747 restituti
1747 3711 1759 3746 :
1793 3693 1873 3747 sic
1918 3707 2135 3762 quoque
2162 3699 2219 3746 et

637 3785 758 3846 post
785 3777 1055 3833 lavacrum
1086 3780 1225 3836 idem
1260 3783 1278 3820 ι
1311 3783 1402 3851 qui
1431 3798 1602 3852 agnus
1621 3792 1706 3837 est
1724 3783 1909 3853 justis,
1935 3783 1993 3836 lit
2015 3791 2069 3838 et
2093 3797 2220 3853 pec-

638 3869 914 3925 catoribus
941 3872 1150 3936 hazdus,
1179 3882 1442 3942 quatenus
1469 3889 1565 3942 per
1590 3875 1692 3928 hoc
1715 3884 1771 3929 et
1795 3875 1894 3944 ipsi
1921 3873 2054 3943 justi
2082 3890 2216 3930 con-

636 3959 951 4029 stituantur,
985 3969 1044 4016 ut
1074 3977 1232 4017 nemo
1257 3979 1286 4017 a
1318 3979 1483 4019 carne
1509 3964 1713 4020 Christi
1735 3974 1791 4020 et
1834 3966 2095 4037 sanguine
2119 3982 2217 4022 ex-

637 4059 858 4107 traneus
882 4053 1191 4123 deputetur,
1221 4057 1323 4112 nisi
1353 4057 1444 4128 qui
1475 4058 1709 4129 seipsum
1739 4059 1912 4130 culpis
1935 4060 2211 4131 exigenti-

636 4141 737 4196 bus
766 4144 1075 4198 absciderit.
2039 4165 2042 4168 ’

705 4233 759 4286 3.
795 4233 930 4289 Ecce
960 4236 1135 4304 qualis
1160 4247 1244 4291 est
1271 4239 1441 4293 ordo:
1475 4257 1596 4296 nam
1625 4243 1715 4312 qui
1767 4256 1872 4297 non
1917 4243 2211 4299 manducat

635 4341 853 4382 carnem
882 4327 1103 4394 Christi,
1127 4345 1300 4400 neque
1335 4331 1468 4388 bibit
1505 4335 1622 4402 ejus
1649 4336 1987 4404 sanguinem,
2018 4336 2208 4404 procul

703 4513 728 4578 ξ
758 4500 920 4578 illim.
952 4513 1007 4558 et
1037 4505 1226 4571 Sirm.,
1248 4507 1350 4561 nisi
1371 4509 1565 4578 gratite
1572 4507 1774 4578 Christi
1799 4509 2004 4560 unitas.

706 4571 734 4611 δ
759 4573 888 4639 Quae
917 4586 1218 4648 sequuntur
1235 4571 1431 4632 desunt
1457 4579 1511 4632 in
1543 4576 1719 4634 Vatic.
1755 4593 1926 4648 usque
1951 4577 2019 4631 ad
2040 4578 2202 4647 justis

627 4641 688 4713 ﬁt
718 4653 765 4695 et
791 4641 1168 4711 peccatoribus.

707 4723 728 4750 ο
760 4712 868 4776 AL,
901 4714 1287 4770 immolabatur.

701 4781 730 4828 τι
759 4781 920 4868 Ερὶιίλ,
947 4784 1104 4868 sintut
1131 4787 1187 4868 in
1213 4787 1326 4868 ioco
1350 4800 1368 4868 ς
1390 4802 1512 4868 quas
1532 4786 1696 4842 verba
1739 4787 2121 4843 desiderantur
2146 4789 2198 4844 in

632 4853 850 4925 mss._S.
881 4854 1018 4908 And.
1051 4863 1108 4909 et
1131 4855 1188 4925 S.
1215 4853 1464 4925 Remigii.

707 4935 730 4960 ε
762 4923 838 4976 Ita
872 4941 1000 4979 mss.
1027 4924 1284 4980 tredecim
1318 4923 1546 4983 Ulitn.et
1573 4927 1717 4982 Sirm
1742 4945 1754 4977 τ
1783 4927 2058 4996 Mittebant
2080 4945 2202 4996 por-

629 5003 826 5046 tantem
855 4997 1029 5066 omnia
1079 5007 1309 5066 peccata.
1341 4998 1473 5051 Cod.
1517 4997 1666 5051 Colb.
1693 5012 1831 5050 unus
1863 5015 1875 5050 :
1908 4995 1974 5048 Et
2021 4995 2096 5051 sit:
2134 4998 2203 5050 ad

630 5078 861 5116 eremum
882 5081 974 5134 per
997 5065 1258 5119 hominem
1290 5068 1606 5132 mittebatur,
1643 5077 1857 5135 portans
1886 5068 2062 5120 omnia
2086 5083 2204 5136 pec-

629 5145 770 5186 cata.

710 5202 838 5258 fIta
877 5220 1066 5259 omnes
1116 5219 1243 5259 mss.
1275 5204 1432 5269 Editi,
1489 5205 1638 5258 idem
1680 5205 1858 5275 Agnus
1901 5213 1977 5258 est
2014 5205 2199 5274 justis.

623 5271 826 5340 Lanb.,
858 5276 994 5329 idem
1009 5276 1168 5345 justis
1189 5275 1249 5342 ﬁt
1277 5277 1477 5343 Agnus.

705 5350 730 5388 ⁸
757 5348 916 5402 Mam.
948 5342 1221 5408 et'Ulim.,
1253 5342 1524 5399 Judicium
1570 5345 1670 5399 sibi
1706 5343 1886 5399 sumit.
1916 5342 2078 5399 Sirm.
2103 5343 2203 5398 Ju-

631 5419 734 5470 diri
741 5435 827 5470 um
860 5417 959 5471 sibi
986 5416 1292 5474 manducat.

703 5487 728 5526 ιι
759 5487 857 5542 llic
883 5486 1132 5542 collocari
1162 5485 1324 5539 debet
1338 5486 1480 5542 cuod
1521 5499 1710 5539 errore
1734 5482 1939 5538 librarii
1982 5482 2198 5542 inverso

631 5557 819 5610 ordine
845 5561 1076 5628 positum
1104 5555 1248 5628 estin
1274 5552 1458 5610 codice
1487 5556 1790 5628 Laub._cap.
1816 5552 1974 5628 XCVI
2001 5569 2015 5606 :
2043 5554 2196 5620 Quod

627 5628 720 5691 qui
739 5644 832 5695 per
845 5623 906 5681 se
927 5630 1170 5682 inuocem
1184 5627 1344 5696 justis
1371 5628 1423 5678 in
1449 5623 1772 5695 perceptione
1797 5635 1869 5677 est
1896 5623 2075 5696 Agnus
2094 5642 2198 5692 pte-

635 5697 910 5751 uilentibus
940 5715 1040 5751 non
1063 5695 1253 5764 absque
1275 5697 1457 5767 ﬁgura:
1485 5697 1724 5765 mysterio
1756 5695 1821 5746 sit
1850 5695 2197 5748 misericordi-

2236 4472 2290 4534 Β

2323 3241 2450 3295 dum
2481 3244 2608 3312 quid
2638 3259 2704 3298 ex
2730 3244 2816 3299 his
2839 3253 2932 3298 aut
2975 3253 3188 3299 coctum
3219 3259 3382 3313 aqua,
3412 3245 3507 3299 sed
3539 3259 3690 3299 assas
3724 3255 3754 3295 Ρ
3792 3255 3922 3300 tan-

2327 3340 2441 3386 tum
2475 3333 2582 3402 igni
2611 3335 2882 3405 passionis
2927 3335 3130 3390 Christi
3168 3351 3290 3390 cum
3332 3334 3554 3391 lactucis
3593 3338 3921 3406 agrestibus

2323 3424 2529 3492 absque
2553 3423 2842 3490 fermento,
2882 3425 2934 3479 id
2969 3434 3071 3488 est,
3117 3433 3175 3479 ut
3217 3424 3270 3479 in
3317 3425 3527 3496 azymis
3571 3425 3920 3483 sinceritatis

2322 3526 2376 3572 et
2401 3517 2649 3572 veritatis
2671 3533 2764 3573 eas
2793 3520 3142 3574 comedamus
3185 3519 3392 3590 absque
3418 3520 3684 3576 fermento
3710 3538 3917 3576 corruo

2321 3611 2545 3682 ptionis.
2576 3612 2778 3667 Deinde
2804 3613 2996 3682 probet
3025 3627 3084 3667 se
3120 3614 3509 3684 unusquisque,
3539 3622 3679 3668 etut
3720 3617 3916 3684 preci-

2319 3700 2484 3768 pitur,
2509 3699 2589 3755 sic
2614 3716 2673 3755 se
2709 3709 2852 3771 agat.
2883 3700 3051 3756 Renes
3104 3711 3317 3768 uestros,
3364 3702 3557 3772 inquit,
3609 3705 3903 3773 accingeris

2321 3789 2520 3860 (Exod.
2553 3807 2649 3855 xn,
2682 3791 2792 3864 ll),
2819 3793 2944 3861 quia
2983 3793 3099 3847 lucc
3127 3803 3252 3848 sunt
3295 3795 3418 3847 vitae
3455 3795 3662 3849 semina
3703 3797 3910 3865 quibus

2320 3882 2556 3953 virgines
2580 3877 2924 3954 generantur.
2955 3894 2982 3934 (1
3020 3883 3171 3939 Unde
3197 3894 3413 3940 constat
3435 3885 3577 3955 quod
3602 3885 3734 3939 nulli
3758 3889 3913 3954 peri-

2316 3974 2556 4031 culosius
2584 3990 2647 4031 ea
2677 3975 2997 4046 contingunt
3051 3991 3215 4045 quam
3264 3977 3523 4032 luxuriosi
3575 3987 3631 4032 et
3682 3979 3909 4032 incesti.

2315 4065 2604 4136 Propterea
2635 4066 2869 4135 primum
2900 4067 3002 4122 hoc
3025 4066 3146 4122 loco
3167 4077 3223 4122 et
3253 4067 3339 4122 lex
3375 4069 3640 4124 castitatis
3663 4070 3718 4124 in
3749 4072 3908 4124 reni-

2313 4159 2434 4222 bus,
2461 4173 2691 4228 quorum
2719 4166 2992 4214 scrutator
3031 4168 3116 4214 est
3146 4161 3306 4224 Deus,
3337 4175 3436 4229 per
3463 4161 3700 4230 seipsum
3728 4161 3912 4232 afligi-

2315 4258 2420 4303 tur.
2458 4248 2589 4304 Nam
2617 4249 2661 4304 si
2688 4250 2781 4320 qui
2813 4250 3072 4307 uxoribus
3098 4251 3338 4307 debitmn
3371 4253 3600 4307 reddunt
3650 4254 3704 4306 in
3754 4252 3910 4324 lege,

2312 4357 2418 4398 non
2449 4349 2676 4411 possunt
2712 4341 2780 4395 ad
2814 4341 3228 4412 Deum,~neque.
3251 4343 3316 4397 ad
3358 4357 3524 4413 panes
3565 4345 3909 4414 propositio.

2317 4529 2416 4578 ter,
2460 4533 2522 4570 ne
2567 4533 2654 4571 eos
2696 4532 2729 4568 α
2770 4531 2868 4569 sua
2915 4513 3277 4568 communione
3321 4523 3555 4584 respuat,
3597 4514 3791 4568 saltem
3841 4527 3900 4574 ιιι

2312 4587 2516 4641 Itwdus.

2389 4659 2413 4696 ί-
2454 4654 2610 4716 Editi,
2642 4653 2759 4706 licet
2789 4655 2971 4708 haedus
2997 4655 3045 4708 ei
3065 4656 3154 4708 sit.

2385 4725 2397 4775 i
2438 4725 2576 4779 Editi
2607 4734 2661 4778 et
2684 4724 2928 4795 Flor.,in
2952 4741 3166 4793 corpore
3187 4723 3394 4778 Christi.
3407 4735 3735 4778 manserunt.
3760 4725 3903 4783 Mssa

2310 4796 2566 4867 quinque,
2583 4794 2872 4864 incorrupti
2893 4803 3214 4847 manserunt.

2382 4867 2405 4905 ι
2440 4865 2565 4918 Mss.
2607 4873 2735 4918 tres.
2771 4865 2952 4917 mortis
2980 4863 3219 4916 eriminib

2388 4873 2405 4905 κ
2440 4873 2565 4919 Mss.
2607 4873 2735 4926 tres,
2771 4873 2952 4917 mortis
2980 4873 3306 4918 criminibus.

2388 4935 2402 4974 ¹
2455 4935 2586 4990 Mss.
2616 4943 2743 4997 tres,
2774 4934 2836 4986 ob
2859 4933 3224 5000 (uacationem.

2379 5018 2418 5046 ιιι
2449 5005 2621 5059 Hicin
2675 5005 2794 5058 cod.
2846 5001 3014 5057 Lanb.
3065 5002 3251 5070 incipit
3290 5019 3410 5073 cap.
3458 5001 3619 5057 XCIV
3664 5002 3904 5070 :Quan

2305 5077 2450 5144 prius
2479 5076 2658 5144 Agnus
2680 5074 2770 5144 Dei
2797 5072 3021 5132 canitur,
3047 5088 3204 5144 quam
3235 5072 3557 5144 comedat".

2381 5155 2406 5182 ιι
2434 5142 2559 5198 Mss.
2591 5142 2713 5212 Maj.
2742 5158 2914 5205 mon.,
2941 5159 3071 5196 caro
3093 5142 3374 5212 immolati.

2379 5222 2404 5249 °
2435 5214 2558 5268 Mss.
2602 5210 2660 5267 S.
2677 5210 2942 5282 Remigii,
2970 5227 3091 5282 quas
3109 5211 3176 5264 de
3201 5214 3397 5266 mundo
3416 5215 3807 5270 contraximus.

2379 5285 2610 5356 rAnic.,
2643 5283 2733 5356 sed
2777 5280 3354 5356 ostiorumd’uteanus
3393 5291 3449 5337 et
3490 5299 3628 5338 unus
3682 5287 3897 5356 regius,

2301 5354 2392 5407 sed
2421 5369 2618 5434 assum.
2645 5351 2780 5434 Mss.
2815 5350 2874 5406 S.
2899 5351 3116 5434 .Remi‘g.
3154 5352 3442 5434 ethajor.
3481 5368 3652 5418 mon.,
3684 5350 3779 5410 sed
3801 5373 3898 5410 cs-

2301 5439 2388 5477 sas
2411 5433 2614 5478 tantum
2639 5423 2745 5490 igni
2767 5423 3026 5490 passionis
3053 5423 3266 5474 Christi.

2371 5503 2398 5543 ς
2425 5479 2800 5548 ιιίοεοιιὸοεέί
2848 5491 3009 5561 debet
3052 5493 3193 5561 quod
3224 5491 3431 5561 librarii
3479 5507 3676 5548 errore
3709 5494 3899 5550 inver-

2300 5578 2419 5618 sum
2461 5572 2545 5618 est
2591 5562 2642 5615 in
2679 5562 2863 5632 codice
2893 5559 3085 5632 Lauh.‘
3111 5576 3231 5632 cap.
3281 5560 3464 5632 XCVII
3507 5581 3519 5614 :
3557 5561 3718 5627 Quod
3761 5567 3914 5622 nulli

2297 5633 2638 5700 periculosius
2682 5630 3062 5685 romntunicant
3094 5630 3246 5700 quam
3289 5630 3566 5686 luxuriosi.
