4148 6344
241 285 378 353 tua

1160 289 1284 350 us.
1326 293 1418 351 ne
1449 292 1772 353 conpone
1814 295 1900 352 er
1943 246 2290 353 suam
2327 295 2580 355 boum.

3362 296 3502 369 ista

238 427 391 475 nmn,
420 397 608 478 neque"
620 407 687 462 ad
728 407 836 462 ulla
865 407 998 478 legis
1029 416 1369 473 consecrata,
1401 409 1504 466 nisi
1533 410 1684 480 prius
1711 396 1817 464 sal-
1845 407 1918 473 Α·
1992 409 2045 464 5.
2079 421 2106 461 ν
2143 411 2256 476 Dic,
2284 400 2439 481 rogo,
2469 412 2570 466 hoc
2596 401 2851 482 mysterio
2879 411 3142 482 Dominici
3176 415 3419 488 corporis
3446 431 3500 473 et

240 513 346 558 tem
379 500 556 556 triduo
587 498 668 552 vel
709 512 774 553 eo
803 498 1035 568 amplius
1063 500 1490 566 sanctiﬂcentur,
1519 499 1776 554 accedere
1801 515 1815 563 ;

238 601 440 665 quanto
468 591 640 660 magis
663 590 708 644 si
743 589 991 644 volumus
1020 605 1213 660 panem
1258 591 1428 656 illum,
1462 572 1553 662 qui
1581 591 1648 646 de
1679 590 1820 646 coelo

239 683 538 747 descendit,
565 689 622 736 et
648 679 788 750 Agni
826 679 917 734 Dei
949 694 1142 735 carnes
1186 681 1343 751 digne
1390 681 1694 744 comedere,
1725 672 1821 735 ue-

239 788 391 828 cesse
419 779 504 826 est
527 771 597 825 ab
624 770 877 824 omnibus
900 770 1107 839 peccati
1135 770 1393 840 Operibus
1423 784 1636 834 vacare,
1673 770 1820 838 puri-

238 861 656 928 iicationemque
696 858 895 911 mentis
923 858 988 911 ad
1017 858 1184 912 Deum
1225 858 1477 929 dirigere.
1510 859 1576 912 Et
1622 847 1819 912 calcea-

237 959 438 1015 menta,
466 948 662 1018 inquit,
697 945 951 1000 habebitis
991 947 1047 1000 in
1071 947 1320 1014 pedibus;
1363 962 1432 1001 ne
1475 948 1601 1001 dum
1630 962 1818 1002 sumus
1844 991 1868 1010 .

237 1041 292 1096 in
319 1041 408 1094 via
430 1040 585 1095 istius
609 1037 814 1102 satculi,
840 1053 869 1091 a
894 1047 1144 1106 serpente
1170 1038 1512 1092 mordeamur
1537 1053 1551 1102 ;
1584 1048 1632 1091 et
1661 1039 1817 1091 bacu-

236 1131 347 1187 lttut
366 1132 424 1186 in
451 1129 736 1194 manibus;
778 1127 846 1183 de
885 1143 994 1198 quo
1023 1128 1220 1198 legitur
1251 1129 1303 1182 in
1350 1127 1567 1182 Psalmo
1598 1143 1612 1181 :
1661 1127 1815 1198 Virga

235 1231 329 1275 tua
349 1229 399 1275 et
421 1218 637 1274 baculus
663 1228 784 1272 tuus
803 1218 917 1289 ipsa
936 1233 1016 1272 me
1039 1217 1307 1272 consolata
1334 1229 1454 1272 sunt
1477 1218 1649 1290 (Psal.
1675 1235 1810 1283 uti,

235 1316 313 1386 ι).
341 1315 548 1384 Quibus
580 1315 653 1370 ita
680 1313 998 1385 praemissis,
1021 1313 1101 1368 sic
1125 1313 1202 1368 ait
1233 1330 1246 1368 :
1285 1312 1576 1368 Comedetis
1605 1313 1753 1367 illum
1784 1325 1810 1354 ι

259 1409 564 1463 estinanter.
603 1406 695 1460 Est
719 1407 855 1460 enim
875 1407 1057 1476 phase,
1075 1406 1130 1460 id
1163 1415 1237 1460 est
1267 1407 1518 1461 transitus
1534 1406 1808 1460 Domini.h

235 1501 485 1570 Alioquin
517 1500 720 1555 desidia
743 1510 766 1537 ο
795 1505 1090 1568 torpentes,
1119 1508 1172 1552 et
1202 1499 1288 1552 hic
1317 1498 1370 1551 in
1398 1497 1576 1552 sceculi
1601 1499 1811 1552 actibus

238 1601 576 1645 remorantes
622 1605 727 1644 non
759 1589 917 1658 digne
966 1589 1256 1642 comedunt
1299 1587 1528 1651 Pascha,
1560 1588 1810 1642 videlicet

235 1699 427 1738 carnes
441 1682 612 1753 Agni;
636 1691 691 1736 et
717 1682 836 1735 ideo
856 1680 989 1734 satis
1021 1680 1312 1733 timendum
1343 1679 1558 1741 talibus,
1591 1695 1658 1732 ne
1685 1694 1806 1733 cum

1905 501 2200 574 sanguinis
2239 502 2366 571 quid
2392 502 2675 557 amabilius
2730 518 2854 557 cum
2899 503 3116 575 legitur,
3143 509 3272 578 quid
3296 507 3493 578 jucuns

1907 595 2042 650 'dius
2063 611 2184 651 cum
2213 595 2548 666 intelligitur,
2587 597 2714 665 quid
2740 597 2948 653 dulcius
2974 615 3096 654 cum
3137 601 3295 671 digne
3326 603 3502 672 perci-

1921 686 2085 756 pitur,
2116 687 2244 756 quid
2273 687 2564 756 pulchrius,
2599 703 2718 742 cum
2745 688 2798 742 in
2831 689 3026 744 decore
3073 706 3170 745 suo
3200 691 3360 747 sicuti
3413 701 3498 747 est

1920 778 2242 848 quandoque
2306 779 2611 833 videbitur?
2651 779 2774 834 l'ltec
2822 781 2940 845 tibi,
2998 781 3070 836 illi
3122 783 3495 848 dilectissime,

1902 884 2019 938 pro
2064 870 2393 924 ostendenda
2436 871 2694 940 dignitate
2743 874 2874 928 tanti
2929 876 3172 944 mysterii
3229 891 3398 946 pauca
3442 879 3494 932 in

1921 963 2172 1029 praesenti
2235 962 2492 1031 opusculo
2544 965 2806 1019 hactenus
2861 966 3004 1020 dicta
3046 965 3335 1022 sufficiant.
3382 969 3493 1024 Hoc

1920 1062 2124 1106 tantum
2155 1061 2205 1107 te
2226 1069 2325 1123 pro
2349 1063 2498 1110 certo
2526 1057 2747 1110 credere
2768 1065 3004 1125 oportet,
3033 1059 3158 1128 quia
3184 1074 3290 1114 non
3313 1061 3474 1128 digne

1917 1158 2018 1198 nec
2048 1151 2194 1198 tanta
2221 1153 2279 1199 ut
2310 1135 2455 1211 sunt,
2481 1161 2509 1199 a
2540 1147 2697 1202 nobis
2725 1148 3002 1217 explanari
3033 1160 3344 1220 potuerunt.
3383 1151 3495 1208 Nec

1916 1236 2133 1297 mirum,
2169 1252 2290 1292 cum
2316 1238 2445 1308 ipsae
2472 1239 2635 1293 etiam
2658 1240 2914 1310 angelicze
2941 1241 3168 1296 virtutes
3191 1242 3242 1296 in
3268 1258 3378 1298 suae
3401 1258 3497 1297 na-

1917 1332 2052 1379 turae
2082 1325 2399 1390 subtilitate,
2433 1328 2549 1382 hzec
2599 1329 3028 1399 contemplantes
3076 1332 3416 1387 admirentur
3440 1342 3497 1388 et

1916 1417 2358 1481 contremiscam,
2375 1433 2437 1472 ac
2451 1419 2536 1472 vix
2558 1419 2669 1473 haec
2692 1428 2978 1489 penetrare
3001 1422 3340 1490 praevaleant.
3359 1422 3490 1476 Cum

1915 1520 2045 1575 ergo
2071 1505 2355 1561 beatorum
2387 1509 2671 1577 spirituum
2701 1521 2911 1571 natura,
2943 1513 3122 1565 carnis
3154 1514 3388 1581 pondere
3410 1529 3494 1565 ca-

1915 1609 2039 1647 rens
2084 1597 2151 1648 ad
2203 1595 2317 1650 lucc
2354 1597 2652 1667 indaganda
2683 1598 2769 1652 vix
2808 1599 3068 1663 sulliciat,
3108 1603 3321 1668 quando
3343 1599 3488 1655 sufﬁ-

1913 1682 2122 1736 cienter
2151 1692 2244 1736 aut
2267 1685 2426 1751 digne
2452 1685 2594 1752 loqui
2642 1687 2838 1754 poterit
2884 1687 3042 1741 homo
3088 1688 3215 1751 Deo,
3247 1687 3490 1744 mortalis

234 1773 504 1845 Egyptiis
532 1780 688 1828 nocte
729 1771 1070 1841 perimuntur
1089 1769 1142 1835 ά,
1171 1784 1364 1839 sopore
1419 1770 1628 1839 peccati
1685 1784 1810 1838 pre-
1847 1761 1887 1818 Β
1916 1771 1983 1826 de
2011 1773 2319 1832 immortali,
2345 1774 2572 1828 visibilis
2596 1777 2660 1828 de
2685 1776 2955 1835 invisibili.
2988 1778 3264 1832 mutabilis
3291 1780 3355 1833 de
3383 1781 3482 1833 im-

233 1874 473 1919 ntantur.
499 1863 796 1919 Vastantur
819 1861 961 1916 enim
1002 1860 1071 1914 ab
1108 1859 1320 1929 angelo,
1349 1873 1574 1928 quorum
1606 1868 1812 1914 mentes

231 1957 371 2026 Δεηὶ
397 1954 660 2026 sanguine
689 1969 794 2008 non
844 1961 972 2007 sunt
1004 1966 1268 2020 respersae
1305 1959 1411 2004 tam
1461 1952 1702 2004 exterius
1757 1951 1809 2004 in

231 2061 416 2111 carne,
441 2061 603 2115 quam
646 2045 791 2100 intus
833 2044 886 2098 in
938 2043 1288 2098 conscientia.
1343 2041 1632 2095 Salv-antur
1683 2056 1810 2095 vero

230 2135 430 2190 lumbis
467 2134 750 2199 succincti,
786 2143 842 2187 et
870 2131 1097 2186 calceati
1145 2130 1389 2200 pedibus,
1428 2128 1622 2184 baculo
1653 2128 1810 2183 Chri-

228 2227 297 2281 sti
330 2226 642 2289 sustentati,
672 2225 738 2278 ad
785 2224 1014 2294 patriam
1061 2223 1185 2276 hinc
1227 2220 1549 2290 quantocius
1597 2235 1809 2274 summo

229 2317 430 2370 mentis
480 2314 672 2370 ardore
719 2313 804 2367 vel
842 2311 1112 2367 desiderio
1147 2311 1484 2365 festinantes.
1536 2307 1630 2364 Est
1672 2310 1808 2364 enim

226 2406 412 2477 phase,
443 2406 498 2459 id
526 2415 602 2459 est
631 2405 881 2458 transitus
912 2402 1146 2456 Domini.

299 2497 355 2552 4.
387 2497 553 2552 Putas
597 2511 748 2566 ergo,
773 2493 1112 2559 charissima,
1141 2493 1284 2563 quod
1322 2491 1488 2546 lateat
1517 2492 1686 2546 Deum
1721 2491 1804 2546 ul-

227 2590 334 2644 lius
363 2590 716 2653 conscientia,
742 2603 849 2642 non
875 2587 994 2640 dico
1016 2587 1059 2641 si
1083 2580 1401 2639 criminibus
1428 2593 1511 2638 est
1533 2584 1805 2648 obvoluta,
1861 2654 1865 2658 ἱ

224 2698 415 2736 verum
441 2682 652 2752 ignavia
683 2681 728 2736 si
756 2687 966 2749 torpeat
997 2689 1041 2732 ε.
1070 2678 1223 2732 Patet
1263 2678 1444 2747 igitur,
1472 2678 1613 2746 quod
1649 2678 1668 2714 τ
1703 2677 1806 2730 nisi

224 2774 500 2828 desiderio
530 2773 768 2828 caelestis
793 2771 980 2841 patria:
1002 2772 1069 2825 ad
1108 2785 1340 2840 superna
1369 2772 1397 2810 ⁸
1425 2771 1514 2824 tibi
1560 2769 1807 2825 Christus

125 2882 128 2884 ‘
223 2879 332 2933 est,
351 2869 404 2923 in
437 2869 714 2923 dexteram
743 2866 941 2931 Patris,
970 2867 1073 2919 lidc
1101 2865 1410 2935 plenissima
1437 2873 1490 2918 et
1518 2880 1610 2932 spe
1632 2872 1804 2928 certa,

224 2976 438 3014 necnon
492 2959 762 3013 charitate
809 2973 914 3012 non
955 2958 1103 3018 licta,
1144 2955 1374 3009 festinus
1422 2963 1683 3019 transeat,
1740 2955 1806 3008 de

226 3053 362 3121 Agni
391 3053 643 3104 carnibus
663 3049 785 3120 jure
811 3065 915 3103 non
946 3048 1198 3109 comedit,
1239 3047 1363 3116 quia
1406 3047 1576 3116 legem
1617 3047 1668 3099 in
1699 3045 1803 3100 hoc

216 3105 460 3208 jubentis
485 3105 682 3193 violat:
704 3138 996 3207 Propterea
1053 3105 1272 3206 quoties
1293 3136 1316 3174 ιι
1339 3140 1413 3187 ea
1447 3105 1798 3203 percipin‘nts,
1831 3105 1876 3168 C

224 3229 541 3284 attollamus
573 3237 782 3283 mentes
823 3229 879 3282 in
929 3225 1276 3287 desiderium,
1335 3235 1389 3279 et
1424 3240 1520 3294 per
1553 3224 1804 3278 ardorem

224 3322 352 3376 ﬁdei
401 3319 720 3376 festinemus
771 3318 836 3373 ad
893 3325 1098 3371 tantam
1141 3317 1159 3356 ί
1199 3316 1505 3374 satietatem
1555 3314 1802 3381 visionis,

222 3414 354 3484 quia
397 3413 653 3468 nimirum
681 3411 770 3473 hic
811 3419 1001 3481 gustus
1052 3417 1156 3474 est,
1191 3409 1299 3464 illic
1329 3417 1509 3462 autem
1558 3407 1802 3462 satietas.

224 3503 562 3561 Satiabimur
591 3501 640 3568 i,
671 3502 844 3572 inquit
888 3500 1179 3570 Propheta,
1212 3499 1337 3552 dum
1379 3498 1807 3567 manifestabitur

220 3596 395 3668 gloria
430 3604 520 3650 tua
542 3579 716 3665 (Psal.
743 3609 857 3658 xvt,
890 3592 1001 3663 15).
1029 3591 1250 3645 Transit
1286 3605 1416 3660 ergo
1460 3588 1709 3644 Christus
1749 3593 1804 3643 in

225 3688 387 3743 nobis
421 3687 487 3742 de
515 3687 620 3742 hoc
641 3685 838 3742 saeculo
874 3686 941 3740 ad
967 3684 1207 3750 Patrem,
1253 3692 1594 3737 transeamus
1626 3691 1680 3736 et
1709 3695 1807 3736 nos

221 3781 282 3836 in
311 3779 427 3844 illo,
451 3779 575 3848 quia
597 3794 718 3834 cum
750 3778 838 3833 illo
857 3777 1015 3833 simul
1041 3791 1249 3842 omnes,
1281 3776 1325 3831 si
1366 3776 1392 3814 ι
1421 3775 1537 3845 ejus
1566 3773 1805 3828 membra

219 3885 705 3936 connumeramur,
731 3886 834 3925 una
863 3884 1093 3939 persona
1120 3877 1173 3923 et
1201 3884 1362 3921 llllllm
1386 3881 1580 3936 corpus
1601 3880 1803 3920 sumus.

221 3959 332 4028 Qui
357 3969 541 4014 autem
576 3960 753 4015 adhuc
781 3961 1020 4015 resident
1047 3974 1143 4028 per
1169 3958 1428 4012 desidiam
1483 3971 1644 4025 super
1671 3955 1806 4011 ollas

219 4051 474 4108 carnium
495 4058 548 4106 et
569 4050 587 4089 ι
613 4049 1014 4122 negligentiam,
1032 4064 1135 4104 non
1165 4063 1287 4101 cum
1316 4046 1406 4100 illo
1431 4045 1557 4098 hinc
1574 4056 1613 4083 ω
1633 4052 1807 4099 trans-

221 4150 363 4199 eunt
401 4156 578 4213 neque
620 4139 882 4197 festinant
922 4138 989 4193 ad
1037 4137 1288 4207 patriam.
1335 4135 1540 4190 Idcirco
1599 4132 1808 4188 Pascha

220 4249 506 4305 nunquam
538 4234 642 4287 rite
668 4231 959 4293 celebrant,
1001 4230 1127 4299 quia
1156 4227 1364 4282 Pascha
1397 4242 1427 4280 a
1459 4214 1689 4279 transitu
1715 4239 1810 4279 no-

217 4324 490 4378 minatur.
525 4321 677 4378 Unde
709 4330 758 4384 ιι,
786 4329 1033 4374 votorum
1063 4317 1159 4382 ﬁli,
1196 4327 1536 4371 transeamus
1580 4315 1705 4368 hinc
1731 4312 1810 4367 fe-

217 4416 494 4471 stinantes
520 4412 811 4467 succinctis
840 4409 1111 4464 mentibus
1139 4416 1192 4462 et
1221 4407 1478 4464 calceatis
1501 4407 1554 4458 in
1597 4418 1810 4474 praepa-

219 4506 440 4560 ratione
466 4503 740 4573 Evangelii
769 4501 920 4572 pacis
963 4501 1208 4570 pedibus,
1235 4508 1296 4552 ut
1323 4498 1391 4551 ad
1429 4495 1520 4549 illa
1570 4507 1812 4549 resurre-

217 4596 426 4652 ctionis
454 4595 648 4668 gaudia
676 4593 1000 4664 quantocius
1029 4597 1055 4626 °
1087 4591 1271 4646 venire
1296 4587 1594 4642 valeamus.

301 4743 327 4771 ι
353 4730 518 4795 Editi,
549 4730 876 4800 festinantes.

302 4801 328 4840 δ
358 4801 436 4854 Et
451 4789 636 4856 codice
650 4799 818 4854 Laub.
838 4801 923 4854 hic
936 4795 1304 4854 collocandum
1331 4804 1544 4862 estcap.
1565 4789 1770 4862 XCVlll
1796 4806 1838 4852 τ,

218 4870 387 4936 Quod
408 4872 610 4924 desides
637 4881 682 4923 et
717 4872 772 4923 in
799 4870 976 4928 siccati
1005 4869 1208 4923 actibus
1227 4860 1568 4926 renwrantes,
1600 4879 1702 4916 non
1733 4860 1816 4914 di-

215 4957 328 5011 gne
351 4943 546 5010 pascha
575 4941 868 4996 comedam.

308 5020 330 5079 ε
362 5009 489 5064 Mss.
521 5011 648 5073 duo,
676 5010 936 5066 desiderio
967 5017 1248 5079 torpentes.

302 5077 329 5118 δ
365 5079 508 5144 Put.,
540 5080 922 5148 opprimantur.
1051 5077 1058 5079 ἡ
1298 5144 1338 5148 __
1361 5143 1458 5148 ____
1551 5142 1579 5148 η
1603 5109 1624 5130 .

309 5161 333 5188 ⁸
363 5149 420 5203 ln
456 5142 581 5204 cod.
605 5142 774 5202 Lauh.
806 5152 894 5206 hic
919 5148 1106 5217 incipit
1130 5162 1250 5216 cap.
1298 5143 1462 5200 XCIX
1494 5161 1518 5217 :_
1540 5142 1695 5206 Quod
1715 5142 1813 5194 nisi

214 5220 304 5274 ad
340 5218 565 5273 caelestia
591 5220 894 5288 festinantes
937 5220 1000 5272 de
1031 5214 1173 5287 'Agni
1197 5214 1455 5270 carnibus
1489 5214 1616 5284 jure
1670 5229 1815 5264 com-

213 5291 414 5346 cdant.
535 5308 537 5310 ·

313 5360 332 5398 ί
362 5359 490 5431 Mss.
522 5369 772 5429 quatuor,
797 5361 932 5431 quod
964 5376 1111 5414 nemo
1134 5353 1536 5431 nisidesiderio.

311 5433 336 5471 ⁸
370 5422 710 5496 (1011).”υηιιε,
738 5422 819 5484 (Μ’
844 5440 1121 5500 supernam
1161 5429 1247 5482 ubi
1289 5424 1531 5480 Christus
1569 5431 1643 5476 est
1683 5422 1808 5474 dea:-

216 5507 379 5572 lra'nt
397 5502 560 5572 pacis.
1036 5571 1041 5572 γ
1442 5565 1452 5572 _
1497 5565 1508 5572 _
1696 5560 1752 5572 Μ

308 5560 526 5625 lthiam.
563 5581 617 5626 et
666 5570 853 5634 Ulint.,
901 5571 1100 5642 quoties
1141 5584 1256 5623 eam
1312 5565 1647 5637 percipimus.
1696 5560 1812 5616 Sir-

149 5670 152 5671 ν
216 5643 640 5713 ιηθηεεᾳαριέεε
676 5658 793 5713 eum
817 5641 1146 5713 percipimus.

322 5715 336 5752 ί
377 5703 501 5768 Mss.
527 5711 650 5784 Maj.
682 5703 851 5778 tn’onz,
875 5711 943 5766 ad
957 5703 1164 5765 tantum
1196 5707 1448 5762 satietatis
1475 5703 1742 5759 uisionem.

1912 1863 2176 1924 mutabili,
2209 1878 2345 1932 opus
2379 1863 2444 1918 de
2474 1855 2688 1934 Opiﬁce,
2728 1878 2979 1920 creatura
3010 1869 3075 1921 de
3101 1876 3368 1933 creatore,
3401 1869 3482 1932 fa-

1911 1958 2063 2004 ctura
2089 1951 2158 2004 de
2187 1950 2416 2016 factore,
2445 1966 2641 2020 parvus
2664 1954 2728 2008 dc
2758 1955 3040 2020 immenso,
3082 1957 3392 2026 temporalis
3417 1959 3484 2012 de

1910 2031 2134 2105 aeterno,
2164 2042 2382 2097 humilis
2413 2045 2478 2098 de
2505 2043 2789 2108 altissimo,
2830 2046 3126 2116 plasmatus
3166 2048 3233 2101 de
3260 2047 3388 2102 limo
3418 2047 3485 2102 de

1911 2130 2001 2184 illo
2025 2132 2117 2200 qui
2153 2133 2334 2186 omnia
2362 2135 2564 2188 creavit
2594 2149 2660 2188 ex
2702 2135 2890 2200 nihilo,
2915 2135 3068 2204 cujus
3093 2145 3175 2191 est
3215 2137 3491 2192 inenarra-

1909 2220 2032 2274 bilis
2055 2221 2469 2290 omnipotentia,
2495 2240 2598 2293 qua
2629 2241 2728 2279 nos
2767 2227 3288 2297 omnipotentissinta
3318 2229 3483 2282 mise-

1910 2310 2119 2364 ratione
2141 2311 2386 2375 salvavit,
2416 2313 2506 2381 qui
2525 2313 2590 2366 ‘et
2611 2329 2746 2383 opus
2774 2315 3053 2370 creatricis
3071 2300 3484 2386 omnipotentiae

1908 2399 2076 2467 gratis
2107 2399 2256 2464 fecit,
2284 2411 2498 2471 etopus
2534 2404 2718 2472 gratia:
2746 2403 3048 2458 salvatricis
3085 2407 3483 2475 omnipotenter

1909 2488 2170 2558 implevit.
2196 2491 2308 2545 lllic
2331 2492 2535 2545 habens
2556 2501 2878 2562 potestatem
2904 2495 3165 2548 condendi
3186 2504 3240 2549 et
3263 2496 3481 2566 regendi

1907 2588 2218 2634 creaturam
2241 2595 2415 2644 suam,
2447 2581 2534 2635 hic
2567 2583 2770 2636 habens
2817 2591 3140 2650 potestatem
3168 2584 3399 2652 ponendi
3427 2592 3483 2638 et

1909 2668 2154 2723 sumendi
2205 2670 2439 2723 animam
2489 2685 2641 2724 suam
2689 2685 2788 2739 pro
2834 2670 2988 2725 nobis
3035 2672 3340 2741 unigenitus
3383 2671 3480 2726 Dei

1907 2757 2061 2813 Jesus
2087 2758 2336 2814 Christus
2363 2761 2622 2815 Dominus
2657 2769 2860 2826 noster,
2903 2761 2994 2830 qui
3034 2777 3156 2816 cum
3185 2761 3296 2816 Deo
3319 2761 3482 2816 Patre

1908 2860 1962 2905 et
1989 2849 2188 2920 Spiritu
2217 2860 2403 2906 sancto
2421 2852 2570 2915 vivit,
2594 2861 2649 2906 et
2668 2852 2950 2922 gloriatur,
2979 2861 3033 2906 et
3060 2860 3250 2922 regnat
3277 2851 3333 2905 in
3362 2851 3482 2905 Tri-

1909 2943 2079 2996 nitate
2105 2951 2160 2997 et
2190 2944 2393 2998 unitate
2417 2943 2675 3013 perfecta,
2701 2946 2839 3000 Deus
2864 2945 3023 3000 homo
3043 2959 3140 3012 per
3167 2945 3350 2999 omnia
3381 2959 3482 2999 ste—

1909 3037 2028 3092 cula
2060 3038 2400 3093 saeculorum.
2432 3039 2624 3093 Amen.

1911 3200 1980 3256 In
2004 3199 2182 3256 codice
2207 3198 2622 3280 Laubiett‘sippst
2647 3200 2808 3280 ﬁnem
2838 3201 3022 3269 capitis
3055 3199 3194 3270 quod
3230 3200 3285 3252 in
3309 3195 3484 3252 Editis

2311 3281 2384 3324 est
2417 3268 2610 3335 XXII,
2637 3273 2747 3323 haec
2774 3268 3078 3340 sequuntur.

1911 3421 1914 3424 '
1981 3405 2122 3474 Quid
2147 3404 2245 3459 tibi
2273 3404 2346 3459 sit
2374 3403 2482 3464 lex,
2521 3417 2555 3456 ο
2592 3402 2932 3466 charissime,
2964 3401 3031 3457 ad
3073 3402 3186 3456 haec
3216 3400 3379 3474 [quae]
3405 3401 3470 3457 le-

1912 3498 2034 3569 gisti
2059 3505 2114 3552 et
2140 3496 2454 3568 perlegisti?
2502 3495 2650 3564 quid,
2688 3509 2894 3561 quaeso,
2945 3491 3327 3548 deliberaveris
3365 3492 3480 3561 jam

1911 3589 2103 3660 pande.
2135 3587 2497 3644 Obsurdueris
2525 3603 2590 3640 an
2615 3585 2951 3640 obmutueris
2975 3593 3246 3647 monstra;
3274 3591 3484 3636 utrum-

1910 3695 2015 3750 que
2051 3679 2227 3734 video.
2262 3679 2491 3746 Stupere
2541 3685 2594 3730 te
2648 3683 2855 3729 tantum
2906 3675 3032 3728 dum
3084 3673 3390 3736 considero,
3425 3682 3483 3726 et

1910 3771 2139 3842 quodin
2169 3770 2427 3841 pr0pheta
2477 3767 2671 3822 talibus
2716 3765 2930 3835 legitur,
2979 3763 3222 3817 nonnihil
3269 3777 3478 3817 vereor.

1911 3863 2102 3918 Moneo
2123 3870 2301 3916 tamen
2332 3861 2376 3916 si
2408 3859 2540 3914 nihil
2577 3857 2719 3912 aliud
2753 3857 2962 3912 invenis
2988 3849 3128 3924 quod
3160 3853 3349 3920 facias,
3391 3855 3484 3908 Dei

1911 3965 1986 4021 te,
2011 3955 2220 4026 perdita
2252 3951 2577 4008 omnimodis
2606 3950 2820 4004 aliunde
2859 3947 3074 4009 ﬁducia,
3122 3953 3291 4000 totum
3319 3945 3486 4000 dedas

1908 4045 2230 4107 clementize,
2275 4054 2330 4097 et
2379 4057 2483 4095 non
2527 4040 2677 4111 prius
2720 4040 2924 4107 ignavae.
2971 4053 3190 4108 prorsus
3239 4035 3481 4100 desidiae,

1909 4137 2003 4192 sed
2050 4135 2469 4190 elaborationem
2507 4132 2758 4187 continua
2781 4171 2795 4193 ,
2847 4130 2914 4183 ab
2943 4127 3261 4183 renuntiatis
3301 4127 3484 4180 animo

1909 4228 1997 4293 his
2022 4226 2230 4288 saltem,
2253 4239 2391 4294 quin,
2412 4221 2670 4293 Apostolo
2691 4229 2932 4282 auctore,
2963 4217 3208 4281 mortalia
3237 4233 3342 4272 non
3371 4230 3487 4270 am-

1907 4319 2048 4390 bigis
2071 4317 2296 4373 crimina
2326 4313 2460 4369 fore.
2502 4313 2568 4367 Et
2591 4313 2716 4382 quia
2745 4326 2851 4364 non
2889 4307 3102 4370 stillicit,
3135 4307 3366 4390 declina,
3400 4308 3484 4360 di—

1913 4409 2044 4463 cita
2072 4404 2238 4471 malo,
2263 4412 2312 4458 et
2343 4404 2427 4472 fac
2450 4403 2661 4455 bonum.
2701 4398 2758 4453 Si
2809 4413 2917 4454 non
2963 4396 3126 4459 vales,
3176 4398 3288 4450 scio
3343 4396 3486 4448 enim

1914 4496 2056 4568 quod
2092 4510 2200 4550 non
2228 4493 2377 4548 vales
2416 4491 2708 4546 secundum
2752 4488 2969 4541 modum
3001 4487 3280 4555 culparum
3325 4498 3488 4553 agere

1913 4585 2310 4658 paenitentiam;
2333 4583 2526 4639 desunt
2551 4581 2694 4636 enim
2726 4587 2955 4648 tempus,
2970 4586 3119 4642 tetas,
3143 4576 3346 4631 sanitas
3370 4589 3491 4628 cor-

1989 4721 2002 4772 i
2046 4720 2207 4785 Editi,
2231 4717 2479 4772 Satiabor
2499 4731 2517 4768 .·
2543 4715 2694 4771 Coll).
2729 4713 3044 4767 Satiabitur.

1988 4794 2016 4832 ιι
2043 4778 2234 4855 Ιλῖὶυὶ);,
2262 4803 2473 4856 expunc
2500 4807 2532 4839 υ
2565 4787 2630 4848 si,
2659 4785 2785 4854 legit
2816 4793 3033 4856 tantum
3066 4781 3179 4849 ejus
3216 4778 3486 4856 _mcmbra.

1917 4863 2046 4918 Mss.
2078 4849 2276 4926 regina:
2303 4849 2508 4910 Suecia:
2536 4867 2592 4910 et
2623 4849 2736 4909 duo.
2759 4853 2910 4921 regii,
2935 4853 2978 4904 si
3015 4853 3153 4904 inter
3177 4849 3293 4918 ejsts
3329 4858 3491 4902 ment-

1916 4935 2027 4988 bra.
2057 4931 2163 4992 AL,
2192 4930 2238 4983 si
2267 4929 2382 4998 ejus
2409 4928 2652 4980 membris
2675 4937 3126 4978 connumereutur.

1993 5000 2012 5041 ι
2039 5001 2150 5063 AL,
2175 5011 2222 5052 et
2245 5016 2336 5069 per
2375 4999 2761 5066 negligentiam.

1988 5085 2027 5111 ω
2053 5071 2190 5164 βάξιί
2219 5085 2528 5164 θξρυὲιςιηιι.
2557 5070 2695 5120 hinc.

1990 5153 2016 5180 υ
2046 5141 2226 5206 Anic.,
2259 5129 2542 5193 Unde‘voto
2573 5147 2870 5190 sanctorum
2898 5129 3132 5200 ﬁdelium
3161 5139 3488 5182 transeamus

1919 5216 2061 5268 hinc.

1991 5266 2013 5321 ὃ
2049 5266 2183 5336 Mss.
2240 5278 2427 5348 Major.
2456 5292 2626 5340 mon.,
2661 5283 2934 5348 Aquatenns
2996 5268 3270 5348 pervenire
3310 5266 3486 5319 valea-

1916 5372 2052 5418 mus,
2076 5354 2186 5422 ipso
2211 5338 2490 5422 praestante
2513 5338 2741 5418 quium:
2763 5355 2810 5396 et
2839 5338 3015 5412 regnat
3038 5341 3092 5393 in
3111 5338 3306 5392 swcnla
3327 5351 3496 5390 sa'cu~

1917 5425 2182 5558 “riualis?
2219 5499 2568 5559 sequuntura
2595 5481 2900 5559 Paschasio
2912 5480 3119 5559 addita,
3150 5476 3494 5559 reperiuntur

1922 5565 1975 5641 tu
2003 5547 2134 5641 regii
2155 5547 2606 5641 Cliristiatiissinti
2629 5557 2813 5611 codice
2839 5552 2996 5617 ton),
3023 5559 3078 5607 et
3108 5551 3162 5605 in
3193 5547 3381 5602 codice
3409 5555 3513 5641 κει--⁸

1924 5627 2289 5706 ginte'ﬁuccia:
2325 5627 2480 5694 1.554.
