4148 6344
649 291 782 347 ιω

1458 287 1517 343 s.
1555 283 1912 348 PASCBASII
1949 283 2298 342 MDBERTI
2337 281 2628 339 sanans
2662 281 3108 356 commata

3782 286 3928 342 1358

649 404 820 478 ports,
869 402 1126 459 alacritas
1175 402 1407 467 mentis,
1452 403 1683 462 tacititas
1732 402 2088 474 expletionis,
2141 401 2228 458 fac
2249 406 2306 476 ⁴Α
2336 399 2584 467 Domine,
2615 399 2962 469 injuriaru,
3003 415 3131 464 non,
3164 410 3222 456 at
3265 401 3488 471 dignum
3513 399 3716 468 fuerat,
3751 405 3932 458 insea-

651 491 1182 568 quantulamcunque
1224 503 1285 572 et
1334 493 1473 547 hanc
1523 495 1861 549 continuam.
1893 493 2069 550 Licita
2114 511 2237 554 sese

655 584 907 655 ingemat
931 579 1236 651 aliquoties,
1260 591 1530 638 memento
1553 583 1738 638 illicita
1769 593 1821 640 te
1854 587 2052 656 saepius
2081 603 2240 644 usur-

655 690 834 750 passe,
862 676 1108 731 mendica
1143 674 1360 731 aliunde
1402 679 1636 748 copiam,
1675 679 1922 742 aut-vim
1971 691 2237 752 extorque

657 767 994 823 lactuearum
1023 767 1340 838 agrestium,
1389 783 1562 837 coque
1608 784 1880 838 azymam,
1911 769 2236 828 fermentum

659 859 878 915 malitiae
905 857 1102 926 abjice,
1152 873 1307 912 renes
1364 859 1604 930 accinge,
1669 859 1916 915 baculum
1959 864 2238 934 regiminis

659 951 842 1008 manui
869 952 1063 1007 adhibe
1095 952 1344 1016 rationis,
1375 951 1567 1007 festina
1616 970 1713 1023 per
1755 956 2084 1013 desiderium
2129 976 2238 1029 quo

661 1041 856 1112 nequis
884 1042 1127 1111 aspirare
1166 1058 1264 1113 per
1297 1045 1570 1098 meritum.
1608 1043 1982 1104 Reconciliare
2009 1051 2237 1120 quibus-

665 1133 790 1187 dam
829 1132 1217 1196 satisfactione,
1250 1133 1515 1189 universis
1550 1133 1768 1200 affectu,
1817 1135 2106 1194 immolatis
2147 1141 2240 1195 de.

667 1223 796 1281 hinc
826 1232 973 1280 tanto
997 1223 1420 1291 formidolosius,
1451 1236 1656 1296 quanto
1694 1227 2027 1298 petulantius
2054 1240 2240 1286 extor-

665 1327 834 1384 quere
856 1313 1058 1378 animo,
1098 1325 1157 1369 ut
1187 1314 1364 1369 fuerat
1402 1317 1733 1383 consultius;
1765 1318 1890 1387 quia
1935 1334 2040 1374 non
2069 1320 2236 1385 vales,
2267 1364 2270 1366 η

664 1406 1021 1462 cessationem
1071 1409 1358 1476 prtemitte.
1403 1409 1448 1463 si
1478 1409 1662 1473 datur,
1689 1425 1812 1465 cum
1863 1409 2146 1480 lacrymis;
2191 1413 2236 1468 si

663 1512 794 1563 non,
822 1513 943 1575 cum
970 1499 1204 1571 singultu
1235 1500 1479 1565 interno;
1517 1502 1675 1557 detur
1699 1502 1767 1556 de
1793 1512 1886 1557 tuo
1910 1502 2112 1573 aliquid
2140 1518 2240 1574 pro

660 1589 985 1646 necessitate
1009 1591 1354 1659 iuterjaciens
1379 1592 1644 1647 orationis
1671 1593 1898 1662 piissimi
1921 1593 2242 1666 Redempto-

661 1679 740 1736 ris
763 1681 1083 1750 legationem
1109 1683 1335 1738 auditui.
1361 1682 1493 1750 Quis
1507 1684 1652 1738 enim
1675 1686 1778 1739 scit
1801 1686 1844 1740 si
1867 1697 2237 1753 convertatur,

2337 492 2585 549 fecerunt
2614 510 2629 558 ;
2657 493 2894 548 scientes
2935 492 3165 549 forsitan
3200 494 3327 564 quia
3374 493 3680 565 benignitas
3721 504 3819 550 tua
3859 498 3931 551 ad

2336 581 2708 652 penitentiam
2740 596 2827 638 me
2853 582 3336 646 tbesaurisantem.
3370 582 3502 639 licet
3537 585 3676 639 iram
3705 600 3932 640 merear

2337 675 2391 730 in
2413 675 2500 730 die
2533 675 2624 730 ira?
2650 683 2708 730 et
2733 673 3081 730 revelationis
3116 676 3248 746 justi
3285 674 3475 744 iudicii
3506 677 3603 741 tui,
3632 678 3930 748 patientis-

2339 765 2476 819 sime
2516 773 2864 834 exspectares
2887 804 2902 828 ,
2948 765 3271 820 habentibus
3309 767 3474 820 etiam
3518 769 3810 823 adversum
3842 781 3934 822 me

2341 853 2528 907 multis
2576 853 2714 908 mala
2764 852 3059 920 fratribus;
3095 856 3244 925 quia,
3287 856 3535 922 Domine,
3563 867 3702 920 asto.
3737 873 3931 914 verum

2349 952 2634 1013 suspectus
2661 953 2717 999 et
2739 954 2995 1008 tremens,
3025 961 3093 1000 ne
3117 946 3298 1000 subito
3324 947 3510 1016 utique
3533 957 3586 1002 te
3613 948 3666 1002 in
3696 962 3935 1018 corpore

2337 1042 2394 1088 et
2422 1034 2688 1103 sanguine
2714 1042 2826 1099 tuo,
2856 1049 2980 1090 cum
3021 1050 3284 1105 nusquam
3326 1051 3421 1106 per
3440 1037 3779 1093 divinitatem
3831 1040 3932 1093 de-

2341 1123 2439 1188 sis,
2474 1133 2762 1192 praesente,
2796 1135 2857 1179 ut
2899 1126 3107 1196 justum
3142 1134 3246 1190 est,
3283 1126 3470 1180 feriar.
3522 1125 3690 1184 Parce
3743 1137 3936 1184 tamen

2340 1213 2540 1277 adhuc,
2565 1227 2900 1283 przesumens
2931 1215 3217 1284 deprecor,
3244 1214 3510 1284 piissime.
3541 1231 3730 1284 parce,
3767 1216 3941 1271 differ

2339 1303 2530 1369 ictum,
2556 1304 2824 1373 suspende
2856 1305 3174 1368 vindictam,
3200 1315 3255 1358 et
3279 1321 3384 1360 non
3413 1307 3683 1376 aspiciens
3725 1309 3796 1360 ad
3831 1309 3936 1363 ini-

2338 1396 2600 1466 quitates,
2652 1395 2858 1452 scelera
2899 1407 2956 1452 et
2990 1395 3183 1452 delicta
3211 1397 3511 1467 iuventutis
3554 1413 3710 1462 meae,
3743 1407 3825 1462 et,
3874 1407 3939 1453 ut

2340 1486 2496 1556 pejus
2523 1487 2722 1551 fateor,
2751 1488 2917 1542 etiam
2944 1489 3272 1554 senectutis;
3304 1489 3399 1542 sed
3423 1490 3488 1543 ad
3523 1488 3938 1544 misericordias

2340 1587 2397 1633 et
2417 1579 2793 1633 miserationes
2819 1589 2941 1634 tuas
2967 1577 3183 1640 multas,
3228 1579 3426 1647 quibus
3453 1581 3639 1650 generi
3685 1580 3936 1635 humano

2342 1685 2555 1747 semper
2590 1670 2834 1725 misereri
2863 1671 3236 1735 consuevisti;
3275 1679 3330 1725 et
3375 1672 3589 1742 suscipe
3632 1687 3834 1742 preces
3876 1683 3937 1728 et

663 1777 724 1826 et
771 1771 1037 1840 ignoscat,
1086 1780 1142 1827 et
1190 1781 1466 1827 avertatur
1514 1773 1583 1827 ab
1618 1773 1698 1827 ira
1746 1773 1970 1840 furoris,
2021 1785 2078 1830 et
2132 1791 2240 1832 non
2271 1766 2317 1826 Β
2345 1759 2548 1814 Ιιοειίειδ
2573 1775 2711 1829 (μηδ
2739 1774 2838 1828 Pm
2871 1758 3108 1829 Ρεοοαῑίδ
3149 1760 3284 1814 meis
3308 1767 3362 1814 ει
3387 1776 3485 1830 Ρη)
3525 1763 3768 1830 Pcw-tis
3795 1761 3936 1816 ﬁde“

661 1872 856 1932 pereas
891 1859 1255 1915 aternaliter?
1285 1860 1500 1917 Periisti
1529 1862 1749 1932 quidem
1779 1863 2157 1921 criminaliter.

698 1989 752 2050 Η
755 1993 800 2046 is
814 1992 1166 2062 subjiciuntur
1183 1993 1236 2046 in
1250 1993 1428 2047 eodem
1451 1994 1628 2049 codice
1641 2005 1909 2066 sequentes
1923 1998 2203 2054 orationes.

732 2123 872 2179 Ecce
896 2139 1019 2194 ego.
1048 2124 1292 2190 Domine,
1329 2140 1457 2181 ecce
1479 2141 1601 2198 ego,
1627 2127 1718 2197 qui
1745 2129 1938 2197 dignus
1977 2146 2082 2186 non
2129 2129 2244 2189 fue-

663 2229 804 2278 ram,
831 2215 995 2269 miser
1020 2224 1077 2270 et
1114 2215 1322 2282 infelix,
1369 2217 1574 2286 ingredi
1625 2219 1764 2272 atria
1808 2219 2064 2275 Ecclesia:
2115 2231 2241 2288 tum,

665 2321 769 2361 nec
794 2321 893 2376 per
920 2305 1104 2362 limina
1131 2318 1319 2363 sancta
1362 2308 1570 2362 intrare
1591 2309 1808 2364 domum
1841 2321 2008 2375 tuam,
2047 2315 2244 2369 accedo

661 2395 732 2451 ad
761 2387 1175 2451 ministrandqu
1204 2398 1406 2452 sanctis
1433 2398 1694 2454 altaribus
1721 2402 1848 2464 tuis,
1886 2410 1942 2456 et
1977 2412 2096 2458 asto
2119 2418 2245 2459 rens

663 2495 718 2541 et
744 2495 995 2557 peccator
1017 2495 1146 2542 ante
1175 2497 1521 2558 conspectum
1555 2489 1752 2545 divina:
1787 2491 2087 2559 majestatis
2117 2503 2240 2558 tuae,

664 2577 784 2632 sine
830 2577 938 2631 ullo
960 2588 1156 2632 ornatu
1202 2579 1328 2633 boni
1359 2581 1559 2649 operis,
1589 2589 1643 2634 et
1667 2581 1784 2635 sine
1824 2581 1931 2637 ullo
1959 2582 2135 2639 fructu
2159 2585 2242 2639 di-

665 2683 774 2740 gno
813 2669 1171 2740 paenitentiae,
1214 2679 1269 2726 et
1311 2671 1428 2725 sine
1467 2671 1569 2726 ulla
1618 2672 1700 2725 vel
1746 2673 1858 2727 sola
1917 2675 2246 2744 cogitatione

667 2761 886 2816 munda.
935 2760 1191 2831 Indignus
1237 2761 1461 2814 enimet
1507 2762 1956 2819 sceleratissimus
1993 2779 2111 2818 sum
2161 2765 2245 2820 ni-

665 2849 806 2914 mis;
845 2850 940 2904 sed
966 2849 1034 2904 de
1072 2860 1162 2905 tua
1210 2850 1464 2906 ineli‘abili
1511 2852 1710 2920 pietate
1746 2861 1804 2907 et
1851 2855 2240 2920 misericordia.

665 2946 722 2993 et
745 2939 812 2991 de
859 2938 1064 2993 meritis
1095 2949 1404 2995 sanctorum
1437 2949 1653 2994 tuorum
1703 2942 1959 3005 confisus.
1986 2943 2113 2998 licet
2139 2953 2246 2999 tre-

669 3042 822 3082 mens
871 3037 925 3082 et
973 3029 1199 3098 pavidus
1242 3044 1508 3098 prtesumo
1545 3031 1802 3086 accedere
1849 3032 1916 3086 ad
1970 3032 2243 3090 offerenda

2340 1848 2471 1903 lium
2505 1857 2744 1912 tuorum,
2773 1856 2880 1901 tam
2935 1848 3182 1902 vivorum
3211 1863 3375 1918 quam
3407 1857 3772 1912 mortuorum,
3815 1865 3936 1904 ma-

2332 1938 2516 2009 iestati
2549 1947 2652 1993 tua:
2690 1937 2885 1993 offerre
2933 1953 3225 2008 przesumo.
3275 1938 3582 1995 Recordare
3609 1940 3758 2010 quod
3800 1956 3936 1996 caro

2341 2044 2528 2086 sumus
2572 2039 2628 2082 et
2654 2027 2828 2098 fragili
2877 2031 3102 2084 materia
3146 2029 3383 2090 conditi;
3423 2031 3589 2084 etiam
3634 2031 3760 2086 ccli
3819 2048 3934 2086 non

2340 2127 2468 2174 sunt
2511 2118 2696 2173 mundi
2725 2119 2778 2172 in
2809 2128 3102 2188 conspectu
3133 2127 3244 2184 tuo,
3290 2128 3347 2174 et
3375 2120 3544 2190 angeli
3583 2122 3658 2175 tui
3712 2123 3932 2192 reprobi

2341 2213 2544 2268 inventi
2572 2222 2697 2268 sunt
2719 2228 2905 2268 coram
2931 2222 3004 2277 te,
3027 2221 3232 2284 quanto
3265 2211 3436 2281 magis
3482 2211 3736 2266 homines
3761 2222 3935 2266 terre-

2343 2303 2422 2367 ni,
2452 2303 2656 2374 indigni
2695 2313 2750 2357 et
2795 2303 3057 2358 immundi
3102 2301 3262 2357 ?1\'on
3303 2302 3448 2356 enim
3493 2316 3785 2372 possumus
3810 2319 3937 2358 esse

2343 2393 2549 2456 mundi,
2576 2393 2681 2448 nisi
2728 2406 2758 2445 a
2807 2403 2895 2447 tua
2927 2392 3129 2464 pietate
3165 2401 3223 2448 et
3270 2391 3644 2447 misericordia
3687 2395 3935 2461 quotidie

2341 2486 2505 2540 corde
2544 2493 2602 2540 et
2646 2499 2875 2555 corpore
2926 2499 3235 2539 mereamur
3275 2483 3540 2538 mundari.
3587 2481 3933 2554 Quapropter

2345 2584 2422 2637 tu,
2447 2574 2694 2640 Domine,
2722 2583 2778 2628 tu
2805 2574 2896 2644 qui
2946 2574 3299 2629 intentionem
3347 2581 3403 2628 et
3440 2573 3788 2628 devotionem
3826 2585 3933 2629 tor-

2340 2675 2576 2739 pentem,
2601 2667 2855 2722 miseram
2900 2681 2964 2722 ac
2993 2665 3250 2736 pollutam
3289 2667 3356 2720 ad
3402 2674 3821 2721 sacrosanctum
3853 2667 3907 2721 al

2343 2757 2476 2811 tatis
2515 2757 2590 2810 tui
2625 2757 2940 2827 mysterium
2979 2757 3218 2812 excitare
3255 2755 3538 2830 [voluisti].
3567 2772 3768 2826 meque
3798 2757 3909 2810 indi

2342 2861 2507 2918 gnum
2555 2857 2610 2901 et
2639 2855 2978 2916 peccatorem
3024 2848 3092 2902 ad
3128 2848 3221 2902 tibi
3276 2847 3695 2901 ministrandutn
3730 2849 3930 2916 permi~

2341 2937 2484 3001 sisti,
2535 2937 2880 3009 impudenter
2926 2938 3072 3004 licet,
3127 2939 3408 3000 accedere.
3452 2941 3676 2994 contine
3724 2941 3924 3003 adhuc,

2346 3029 2675 3092 misericors,
2708 3046 2870 3101 quam
2899 3045 3136 3096 mereor,
3185 3031 3344 3092 iram,
3370 3030 3568 3086 exhibe
3627 3034 3921 3096 gratuitam

666 3119 1081 3173 sanctonomini
1112 3127 1203 3174 tuo
1225 3119 1511 3174 sacriﬁcia.
1557 3121 1622 3174 Et
1645 3123 1787 3186 ideo.
1836 3123 2061 3179 Domine
2087 3121 2312 3182 crea-C
2343 3122 2720 3186 clementiam,
2770 3129 2826 3178 et
2877 3123 3114 3179 concede
3159 3124 3465 3194 propitius,
3519 3133 3580 3178 ut
3631 3124 3926 3180 celebrario

666 3217 757 3262 tor
781 3209 1043 3278 piissime,
1079 3210 1386 3281 redemptor
1410 3211 1850 3280 clementissime,
1895 3217 1985 3284 qui
2022 3231 2238 3274 omnem

667 3299 902 3354 animam
930 3298 1278 3355 confitentem
1294 3315 1347 3355 et
1374 3303 1728 3372 pmnitentem
1769 3307 1940 3377 magis
1961 3308 2040 3362 vis
2056 3323 2242 3363 emen-

667 3391 800 3446 dare
826 3406 992 3461 quam
1043 3394 1294 3463 perdere.
1331 3403 1387 3448 et
1420 3395 1511 3465 qui
1541 3412 1648 3450 non
1675 3412 1771 3468 pro
1793 3398 1978 3468 justis,
2003 3400 2100 3455 sed
2141 3416 2240 3470 pro

664 3483 1045 3555 peccatoribus
1093 3483 1365 3538 incarnari
1412 3485 1646 3552 voluisti,
1677 3496 1734 3540 ct
1761 3487 1960 3554 latroni
1991 3492 2042 3544 in
2081 3503 2241 3545 cruce

664 3573 918 3642 pendenti
950 3589 1016 3628 ac
1045 3582 1191 3628 tuam
1245 3574 1580 3640 majestatem
1611 3577 1886 3632 confitenti
1916 3595 2021 3634 non
2066 3580 2238 3635 solum

665 3663 976 3734 pepercisti,
1007 3663 1102 3719 sed
1142 3664 1304 3718 etiam
1335 3667 1639 3736 paradisum
1675 3676 1852 3723 tecum
1886 3671 2090 3726 intrare
2117 3686 2242 3742 pro.

670 3753 863 3807 misisti
891 3793 908 3814 .
949 3767 1034 3808 me
1084 3753 1337 3809 miserum
1377 3765 1433 3809 et
1475 3767 1819 3826 peccatorum
1857 3761 2238 3829 confitentem,

665 3854 722 3899 et
766 3844 1032 3900 desidiose
1074 3845 1202 3900 licet
1249 3849 1598 3917 pot-nitentem
1641 3861 1862 3920 peccata
1912 3869 2052 3915 mea.
2086 3869 2116 3908 a
2149 3866 2239 3910 tua

667 3949 735 3989 ne
765 3934 994 4004 repellas
1012 3935 1213 4006 pietate
1253 3947 1308 3991 et
1337 3939 1732 4006 misericordia,
1753 3957 1854 3998 nec
1900 3942 2097 3999 frustra
2143 3961 2238 4001 ac-

666 4023 838 4093 cipias
887 4024 1072 4090 fidem,
1123 4040 1274 4095 spem
1324 4038 1484 4097 atque
1531 4029 1804 4096 fiduciam,
1858 4048 2019 4102 quam
2051 4036 2104 4090 in
2149 4045 2238 4092 tua

666 4114 1028 4170 inarstimabili
1091 4115 1374 4172 clementia
1420 4120 1632 4186 habeo;
1681 4124 1774 4177 sed
1808 4125 1948 4180 sicut
1989 4127 2242 4183 omnibus

668 4206 977 4262 criminosis
999 4217 1054 4262 et
1082 4211 1454 4278 peccatoribus
1482 4211 1535 4264 in
1567 4221 1619 4267 te
1648 4215 2010 4280 credentibus,
2037 4219 2104 4272 de
2149 4229 2240 4274 tua

666 4284 1040 4352 misericordia
1105 4300 1500 4355 conlidentibus
1587 4305 1917 4372 pepercisti,
1985 4308 2057 4362 ita
2137 4311 2241 4364 mi-

664 4382 723 4445 hi
749 4386 948 4442 misero
966 4387 1033 4442 ad
1063 4398 1117 4442 te
1144 4387 1390 4459 fugienti,
1418 4399 1474 4445 et
1509 4402 1628 4460 post
1660 4403 1883 4464 peccata
1927 4410 1994 4452 ac
2031 4398 2236 4454 scelera

2345 3211 2506 3280 hujus
2533 3213 2675 3267 sacri
2718 3213 2962 3284 mysterii
3015 3213 3083 3268 ad
3133 3215 3274 3284 quod
3320 3215 3529 3284 tepidus
3584 3224 3640 3269 et
3695 3217 3928 3286 pavidus

2345 3303 2565 3366 accedo,
2597 3318 2706 3357 non
2762 3305 2828 3358 ad
2847 3301 3112 3372 judicium
3162 3313 3218 3360 et
3270 3304 3339 3358 ad
3393 3305 3923 3373 condemnationem.

2343 3397 2438 3463 sed
2463 3396 2532 3450 ad
2568 3396 2945 3451 remissionem
2981 3405 3332 3467 peccatorum
3361 3405 3418 3451 et
3437 3397 3504 3452 ad
3527 3396 3755 3453 salutem
3783 3401 3926 3455 mihi

2342 3487 2625 3558 proveniat
2655 3488 3060 3558 sempiternam.

2413 3576 2568 3632 Item.
2638 3575 2738 3643 lta,
2781 3575 3026 3644 Domine,
3075 3578 3320 3634 immensi
3367 3579 3611 3635 criminis
3647 3578 3750 3645 rei,
3793 3597 3925 3637 con-

2343 3668 2569 3724 scientia
2625 3677 2784 3732 teste,
2841 3667 3240 3734 confundimur,
3281 3677 3342 3724 ut
3379 3670 3446 3724 ad
3481 3667 3715 3725 cilicium
3770 3679 3921 3726 tuum

2341 3771 2444 3812 nec
2479 3757 2654 3813 securi
2697 3759 2966 3829 possimus
3003 3759 3208 3824 venire,
3258 3773 3358 3815 nec
3409 3759 3584 3815 liberi.
3615 3762 3750 3829 Quis
3777 3765 3922 3817 enim

2341 3862 2578 3918 pensans
2606 3857 2888 3918 peccatum
2927 3863 3104 3913 suum,
3133 3864 3239 3919 non
3270 3865 3330 3906 se
3382 3866 3414 3906 a
3458 3849 3599 3906 facie
3638 3862 3729 3906 tua
3759 3854 3926 3908 vellet

2343 3941 2698 4007 abscondere,
2753 3943 2799 3998 si
2822 3943 3006 3999 liceret
3039 3951 3202 3999 tanta:
3248 3945 3546 4016 majestatis
3587 3948 3777 4003 oculos
3828 3951 3924 4004 de-

2339 4030 2569 4096 clinare,
2602 4033 2648 4089 si
2681 4042 2774 4088 aut
2821 4049 3089 4090 evasurus
3114 4036 3328 4101 lateret,
3349 4047 3442 4092 aut
3462 4039 3767 4093 occultatus
3791 4056 3924 4096 era—

2341 4120 2526 4187 deret;
2550 4130 2642 4176 aut
2663 4123 2786 4192 quis
2812 4124 2918 4178 non
2950 4125 3128 4196 magis
3154 4125 3339 4180 videre
3360 4135 3412 4179 te
3442 4137 3688 4197 cuperet,
3714 4129 3759 4184 si
3787 4145 3920 4196 non,

2339 4218 2483 4287 quod
2513 4235 2635 4274 eum
2666 4230 2980 4290 peccantem
3011 4223 3294 4292 prospicis,
3330 4223 3449 4294 plus
3469 4224 3686 4279 timeret
3707 4225 3732 4278 τ
3755 4223 3922 4293 Ergo,

2341 4310 2466 4377 quia
2491 4319 2546 4364 tu
2577 4311 2773 4382 ubique
2807 4327 2908 4367 nos
2929 4312 3156 4378 invenis,
3182 4314 3249 4368 ad
3285 4324 3339 4368 te
3363 4314 3725 4385 confugimus,
3755 4331 3920 4387 quem

2341 4398 2528 4471 fugere
2563 4417 2835 4474 nunquam
2883 4402 3143 4460 valemus.
3174 4405 3368 4462 Restat
3407 4405 3623 4462 miseris
3646 4421 3756 4462 non
3782 4405 3919 4463 late-

666 4492 790 4534 mea
819 4476 984 4532 multa
1021 4477 1237 4535 diabolo
1265 4482 1618 4549 renuntianti,
1662 4491 1824 4554 atque
1860 4487 1928 4541 ad
1960 4495 2014 4542 te
2049 4502 2234 4544 rever-
2261 4481 2314 4541 D
2340 4489 2468 4546 bras
2506 4491 2854 4555 intervenire,
2884 4494 2979 4550 sed
3006 4488 3292 4566 lacrymas.
3337 4494 3540 4552 Foveat
3582 4497 3916 4566 indulgentia

566 4590 570 4594 ν
666 4572 803 4627 tenti
832 4586 1054 4642 parcere
1094 4579 1151 4628 et
1197 4572 1496 4644 indulgere,
1541 4585 1704 4644 atque
1738 4576 1807 4632 ad
1853 4576 2236 4636 celebrandum

666 4660 965 4733 iniunctum
1001 4663 1235 4719 oflicium
1279 4675 1507 4736 paterna
1535 4667 1737 4736 pietate
1772 4668 1992 4739 dignum
2044 4687 2129 4726 me
2157 4671 2240 4728 fa-

667 4774 794 4814 cere
826 4769 882 4813 et
900 4760 1176 4830 suscipere
1196 4759 1436 4829 digneris
1459 4769 1516 4815 et
1535 4760 1662 4817 licet
1685 4762 2049 4833 importunius
2074 4780 2236 4836 quam

665 4860 998 4920 competeret
1021 4867 1106 4906 me
1127 4851 1368 4919 ingeram
1396 4869 1408 4904 :
1442 4852 1708 4921 siquidem
1735 4854 2077 4909 interdictum
2105 4855 2234 4911 mihi

671 4952 779 4995 tam
803 4943 999 4996 veteris
1022 4958 1184 5012 quam
1219 4958 1367 4995 nov:e
1396 4942 1530 5012 legis
1559 4957 1787 4997 censura
1837 4946 2084 5015 ignorare
2130 4964 2234 5000 non

671 5029 858 5096 valeo;
900 5045 1022 5085 cum
1051 5039 1105 5085 et
1151 5031 1602 5085 extertninatores
1641 5032 1927 5102 impiorum
1957 5044 2118 5104 atque
2147 5051 2240 5090 cu-

667 5119 852 5196 stodes
887 5134 1163 5174 sacrorum
1186 5119 1436 5173 altarium
1483 5128 1696 5174 tuorum
1731 5120 1945 5191 angelos
1987 5137 2116 5176 vasa
2159 5125 2241 5178 in-

667 5208 1015 5268 terfectionis,
1047 5209 1099 5262 in
1148 5210 1397 5263 manibus
1439 5219 1733 5279 gestantes,
1795 5213 1964 5267 sacris
2004 5215 2238 5268 oraculis

667 5301 776 5355 tuis
805 5315 910 5355 non
938 5298 1268 5363 incredulus,
1290 5299 1457 5353 sciam
1479 5300 1696 5353 omnino
1722 5311 2049 5369 pmsentes;
2078 5313 2232 5374 capta

667 5401 847 5445 tamen
873 5390 984 5460 jam
1013 5389 1141 5443 olim
1164 5389 1597 5460 prmsumptidnis
1626 5390 1854 5459 quadam
1898 5393 1964 5446 de
1989 5401 2078 5447 tua
2105 5410 2229 5448 vera

667 5478 1034 5534 misericordia
1057 5477 1274 5542 fiducia,
1295 5480 1422 5548 quia
1457 5477 1666 5534 scilicet
1692 5495 1863 5550 usque
1886 5482 2050 5536 etiam
2089 5484 2232 5552 quod

666 5568 809 5624 istud
834 5582 945 5637 quo
983 5567 1313 5622 inveteratus
1341 5567 1550 5622 dierum
1589 5568 1853 5623 malorum
1885 5571 2124 5639 perveni,
2181 5581 2232 5626 te

545 5693 563 5711 .
662 5673 880 5728 semper
928 5659 1166 5723 irritatis,
1213 5659 1444 5724 senium,
1497 5674 1583 5716 me
1603 5659 1810 5718 ultores
1861 5660 1934 5715 illi
1977 5670 2225 5727 tuarum,

2340 4595 2477 4651 quos
2503 4590 2674 4638 terret
2711 4581 2936 4639 offensa.
2983 4584 3218 4641 Minatur
3248 4589 3511 4657 potentia,
3557 4587 3654 4643 sed
3699 4588 3916 4644 miseri-

2342 4670 2525 4726 cordia
2554 4671 2884 4727 consoletur.
2915 4672 2995 4728 Ex
3011 4682 3065 4730 te
3087 4683 3174 4731 est
3199 4676 3292 4746 qui
3316 4675 3466 4742 libet,
3491 4691 3592 4748 per
3619 4684 3672 4731 te
3713 4687 3800 4733 est
3823 4678 3912 4748 qui

2339 4771 2580 4816 excuset.
2607 4761 2798 4827 Parce,
2836 4764 3177 4834 omnipotens
3227 4764 3425 4829 Pater.
3476 4777 3532 4823 et
3582 4781 3725 4839 quos
3775 4771 3913 4839 aspio

2315 4853 2420 4905 ‘cis
2483 4851 2713 4908 humiles
2766 4869 2864 4924 per
2927 4867 3177 4918 reatunt,
3227 4867 3441 4914 erectos
3497 4874 3788 4915 numerare
3831 4861 3910 4914 δίο

2339 4943 2522 5010 gneris
2578 4944 2630 4996 in
2695 4945 2996 5011 prmmium,
3049 4957 3103 5000 et.
3154 4962 3292 5016 quos
3332 4948 3587 5017 intelligis
3633 4966 3733 5019 per
3784 4966 3910 5005 con-

2339 5031 2628 5087 fessionem
2689 5034 2953 5100 miseros,
3012 5053 3117 5091 non
3177 5038 3347 5094 facias
3401 5040 3454 5094 in
3512 5042 3906 5096 examinatione

2338 5122 2610 5178 confusos.

2409 5214 2542 5268 Item
2569 5216 2699 5270 alia.
2729 5217 2967 5282 Dimitte,
3021 5219 3177 5284 Deus,
3219 5222 3480 5292 quidquid
3506 5237 3606 5293 per
3644 5224 3898 5296 intempe—

2341 5305 2570 5358 rantiam
2602 5307 2871 5361 mordacis
2901 5308 3094 5378 linguae
3129 5311 3329 5364 incauti
3372 5310 3485 5366 oris
3515 5312 3690 5366 nostri
3738 5312 3900 5369 incle-

2339 5397 2483 5464 patio
2509 5397 2793 5451 momordit
2822 5398 2872 5452 in
2905 5399 3168 5465 subditos,
3197 5401 3457 5472 quidquid
3493 5403 3673 5458 minus
3696 5405 3764 5459 de
3783 5404 3894 5459 boni

2335 5487 2667 5556 perfectione
2721 5489 2975 5543 diximus.
3021 5491 3190 5547 Parce
3245 5493 3509 5564 quidquid
3555 5495 3896 5567 incongruu-

2335 5575 2417 5632 vcl
2453 5577 2631 5631 minus
2678 5586 2976 5646 temperate
3015 5581 3354 5650 protulimus.
3415 5592 3472 5637 tu
3521 5585 3760 5654 ignosce.
3790 5582 3892 5639 Non
3985 5573 3990 5578 ’

2336 5667 2608 5722 incautum
2659 5671 2992 5741 presumptio
3037 5674 3252 5742 puniat;
3281 5674 3374 5728 sed
3416 5686 3794 5746 agnoscentem
3819 5688 3892 5729 tne
