4148 6344
296 300 432 356 I3“

1214 295 1341 353 LIB.
1386 296 1474 354 DE
1512 294 1833 353 CORPOIKE
1870 294 1956 350 ΕΤ
2000 297 2347 355 SANCUINE
2388 299 2652 359 00m;

3416 302 3548 358 σω

282 417 607 487 iniquitates
645 428 792 468 meas
838 386 1008 481 pietas
1057 419 1161 466 tuae
1198 411 1561 466 miserationis
1606 408 1865 463 absolvat.
1897 411 1946 468 Α
1974 406 2118 464 Inter
2162 410 2276 465 base
2303 418 2426 477 tuae,
2475 410 2847 482 Omnipotens,
2880 409 3141 467 llbramen
3192 413 3407 481 pletstis
3443 413 3549 469 hu.

292 507 362 561 Et
390 506 635 575 quianon
666 501 796 556 mihi
832 499 959 556 alibi
988 509 1071 554 est
1105 500 1326 567 ﬁducia,
1349 500 1451 554 nisi
1482 500 1534 553 in
1558 499 1867 553 misericor-

292 597 384 651 dia
410 604 523 659 tua,
554 602 612 647 tu
640 602 696 646 et
717 605 779 645 os
807 605 984 646 meum
1013 590 1283 659 praeconio
1314 589 1559 643 veritatis
1600 603 1696 657 per
1716 602 1868 642 arma

292 694 350 740 et
370 698 507 760 opus
546 681 793 754 pleniori
826 681 1072 734 ubertate
1114 677 1417 742 sanctiﬁca,
1454 686 1596 733 utet
1648 678 1866 748 dignum

291 792 381 832 me
407 777 603 839 salves,
634 781 690 827 et
709 770 1055 826 commissum
1087 768 1215 823 mihi
1247 783 1462 838 gregem
1510 782 1609 837 pro
1635 775 1719 821 tua
1738 766 1869 837 -pie-

293 876 405 923 tate
447 865 735 936 justifiees.
797 861 1067 931 Quidquid
1120 861 1175 915 in
1218 860 1325 914 illis
1352 860 1594 913 vitiatum
1644 858 1869 928 respicis

292 974 448 1024 sana,
498 955 759 1028 quidquid
804 954 855 1008 in
906 969 992 1007 me
1037 951 1288 1005 vitiosum
1341 950 1564 1021 inspicis
1611 965 1779 1016 cura;
1820 950 1866 1004 si

289 1065 453 1124 quam
481 1049 611 1103 vitio
636 1046 929 1118 tepiditatis
952 1060 1083 1099 mea:
1113 1044 1196 1098 vel
1228 1044 1435 1098 incuria
1481 1050 1871 1097 contraxerunt

290 1140 377 1196 vel
420 1128 748 1196 contrahunt
791 1133 967 1189 labem
1019 1134 1242 1198 omitte';
1297 1133 1343 1188 si
1397 1149 1504 1203 quo
1542 1132 1721 1195 etiam,
1782 1145 1869 1186 me

291 1232 576 1303 ignorante
603 1227 688 1282 vel
743 1226 961 1296 cognito
1000 1224 1372 1280 deciderintin
1416 1225 1663 1289 crimine,
1708 1232 1869 1294 atque

292 1323 338 1379 si
366 1319 597 1389 exempli
650 1317 753 1373 mei
802 1314 1122 1370 oﬁ‘endiculo
1150 1315 1494 1385 provenerint
1537 1315 1589 1369 in
1625 1313 1863 1382 culpam,

294 1412 557 1479 ignosce;
589 1417 645 1463 et
681 1423 779 1478 pro
812 1405 985 1477 culpis
1015 1404 1208 1460 talibus
1257 1406 1454 1461 misero
1477 1406 1607 1461 mihi
1655 1405 1870 1460 ultionis

293 1516 402 1557 non
444 1501 697 1556 restituas
734 1498 928 1551 vicem.
961 1494 1056 1550 llis
1086 1504 1266 1550 tamen
1310 1496 1507 1566 quibus
1550 1494 1871 1564 increpatio-

294 1592 383 1648 nis
414 1590 564 1645 visus
594 1604 713 1645 sum
740 1585 994 1642 adhibere
1031 1585 1315 1653 judicium,
1341 1595 1400 1641 et
1429 1586 1723 1654 increpatio
1753 1584 1865 1654 ipsa

293 1681 378 1738 eis
403 1679 650 1752 proﬁciat
676 1678 743 1733 ad
777 1676 1029 1741 salutem,
1057 1683 1112 1730 et
1138 1676 1312 1729 oratio
1361 1676 1478 1731 haec
1524 1673 1868 1744 interpellans

1970 498 2144 568 ploro,
2177 502 2334 571 cujus
2382 501 2607 557 ultionis
2656 501 2820 568 diem,
2860 511 3151 557 accusante
3188 503 3544 568 conscientia,

1968 590 2311 658 pertimesco,
2336 600 2395 646 ut
2444 606 2552 647 non
2582 592 2883 662 indignum,
2918 606 3119 660 quaeso,
3171 592 3546 650 misericordia

1971 689 2060 735 tua
2106 681 2337 752 iudices,
2378 698 2538 753 quem
2583 696 2613 736 a
2654 691 2896 753 tempore
2934 683 3264 753 poenitentia:
3294 697 3401 738 non
3454 697 3549 740 ex-

1970 770 2160 826 cludis.
2192 771 2471 843 Suspende
2500 773 2754 837 securim,
2774 774 2946 828 donec
2970 773 3143 827 cultor
3164 774 3335 828 vinea:
3360 774 3549 829 admo-

1969 871 2093 916 veat
2116 862 2366 917 collinum
2399 864 2656 919 stercoris
2694 864 3042 919 infructuosa:
3072 866 3283 920 arboris
3307 866 3375 919 ad
3402 866 3547 923 radi.

1970 968 2109 1007 cem.
2143 955 2309 1009 Parce
2337 956 2491 1018 mihi,
2523 955 2749 1009 Domine
2772 955 3212 1020 clementissime,
3238 957 3543 1024 ptenitenti,

1970 1043 2061 1112 qui
2109 1042 2276 1098 David
2320 1053 2441 1114 post
2480 1044 2687 1114 lapsum
2713 1044 3009 1099 clementer
3034 1043 3099 1097 ad
3130 1045 3341 1099 veniam
3392 1060 3548 1101 revo-

1971 1135 2103 1187 casti
2132 1149 2145 1197 ;
2175 1134 2266 1203 qui
2306 1133 2451 1188 Petri
2481 1135 2792 1188 misericors
2821 1149 3004 1187 amare
3056 1133 3231 1188 ﬂentis
3283 1132 3552 1201 lacrymas

1972 1225 2295 1295 respexisti;
2327 1226 2418 1295 qui
2453 1226 2713 1278 latronem
2746 1225 2797 1279 in
2826 1226 3004 1279 crucis
3038 1224 3276 1293 patibulo
3306 1225 3441 1280 tanti
3474 1225 3554 1279 fa-

1970 1314 2171 1369 cinoris
2209 1331 2360 1370 reum
2391 1315 2569 1369 divina
2619 1316 2788 1383 gratia
2822 1314 3120 1380 illustrasti,
3148 1314 3234 1369 cui
3279 1330 3405 1370 mox
3456 1316 3554 1369 oh—

1972 1406 2132 1460 tinuit
2165 1405 2435 1461 confessio
2467 1406 2752 1475 perspicue
2778 1404 2872 1458 Dei
2900 1404 3091 1459 Filium
3140 1420 3387 1470 cernere,
3418 1405 3553 1461 ﬁdes

1970 1498 2277 1568 praemium,
2322 1511 2482 1567 paena
2536 1498 2775 1561 veniam,
2808 1496 3044 1550 latnenta
3096 1497 3290 1567 gaudia
3347 1498 3549 1566 sempi-

1971 1598 2147 1656 terna,
2203 1592 2329 1646 dum
2378 1590 2657 1645 confessor
2694 1591 2747 1644 in
2797 1606 2977 1655 cruce,
3035 1604 3316 1661 possessor
3342 1588 3555 1643 exstitit

1970 1682 2206 1751 paradisi
2258 1690 2382 1752 post
2435 1697 2688 1746 crucem;
2720 1681 2814 1737 sed
2867 1682 2995 1751 quia
3044 1682 3210 1735 verba
3242 1680 3396 1734 venia
3446 1688 3552 1733 tua

292 1769 587 1828 commisso
628 1782 722 1823 eos
752 1774 965 1821 revocet
1013 1765 1083 1819 ab
1108 1780 1312 1830 errore,
1352 1773 1412 1819 ut
1451 1778 1556 1819 non
1595 1764 1869 1835 perferant
1901 1784 1945 1844 Β
1974 1772 2190 1840 pietatis
2222 1772 2478 1841 indigent,
2512 1786 2631 1841 qua:
2673 1771 2876 1841 indigni
2917 1770 3201 1826 sacerdotii
3245 1784 3409 1839 opera
3442 1784 3551 1824 non

294 1870 565 1919 tartareos
618 1859 913 1921 cruciatus,
952 1857 1147 1927 quibus
1175 1865 1359 1925 utpote
1390 1855 1647 1911 mortales
1699 1856 1871 1926 poeni-

288 1952 483 2010 tentia
510 1949 803 2006 indiximus
844 1949 1011 2017 leges,
1041 1961 1149 2017 quo
1180 1955 1533 2015 utrorumque
1576 1946 1872 2001 incommo-

293 2043 382 2098 dis
411 2055 656 2112 parcens,
674 2051 729 2094 et
756 2039 967 2093 illorum
998 2036 1371 2106 iniquitatibus
1403 2037 1607 2090 tribuas
1635 2035 1868 2101 veniam,

292 2142 353 2187 et
388 2136 573 2187 meam'
598 2130 784 2184 abluas
817 2130 1215 2184 contractandze
1250 2128 1468 2195 regendi
1513 2126 1870 2182 incommodi-

295 2222 425 2277 tatis
450 2220 733 2277 offensam.
757 2217 969 2283 Przebe,
998 2218 1163 2281 Deus,
1223 2232 1410 2272 aurem
1448 2216 1735 2272 sacriﬁciis
1775 2231 1873 2271 noo

294 2314 448 2377 stris,
477 2325 564 2366 me
591 2310 831 2379 mihique
859 2309 1175 2364 commissos
1200 2308 1307 2364 tuis
1332 2308 1542 2363 ascribe
1585 2308 1639 2362 in
1662 2307 1873 2379 paginis

294 2418 407 2472 quo
435 2416 555 2457 cum
583 2414 746 2472 grege
775 2400 904 2455 mihi
934 2399 1160 2465 credito,
1194 2409 1249 2454 et
1268 2392 1323 2453 'a
1357 2409 1552 2455 cuncto
1588 2399 1740 2453 eluar
1764 2398 1873 2455 cri-

297 2493 467 2555 mine,
508 2501 563 2545 et
598 2490 667 2544 ad
694 2498 748 2544 te
777 2502 990 2543 merear
1016 2489 1301 2557 pervenire
1332 2489 1385 2543 in
1413 2504 1565 2557 pace.
1614 2487 1872 2542 Paestum

299 2583 487 2645 redde,
512 2579 689 2644 .Deus,
735 2588 1041 2634 nostrorum
1069 2579 1312 2633 cordiutn
1343 2577 1728 2643 habitaculum,
1781 2592 1874 2632 ex-

296 2670 543 2744 pulsione
586 2668 882 2723 carnaliqu
933 2670 1208 2733 vitiorum,
1239 2677 1295 2723 et
1323 2668 1413 2736 qui
1447 2669 1499 2721 in
1529 2667 1755 2722 subditis
1781 2682 1872 2722 co-

297 2775 401 2816 nor
413 2759 526 2830 jam
574 2774 841 2814 summam
880 2772 1135 2812 exercere
1166 2759 1423 2812 virtutum
1446 2797 1461 2822 ,
1489 2758 1693 2827 pacatis
1717 2771 1868 2812 men-

298 2851 435 2904 tium
477 2863 873 2918 corporumque
918 2849 1294 2913 incommodis,
1333 2848 1590 2918 pacificus
1640 2863 1869 2912 merear,

300 2948 356 2994 te
395 2939 696 3008 judicante,
725 2940 975 2993 coronari
1003 2955 1126 2995 cum
1164 2940 1389 3010 angelis.
1420 2939 1528 2994 Fac
1557 2954 1687 3011 ergo
1728 2940 1884 3017 quod,

296 3045 425 3095 nos,
457 3031 618 3094 Deus,
668 3030 1010 3100 aspicientes,
1059 3031 1114 3085 in
1153 3040 1443 3100 conspectu
1497 3042 1590 3085 tuo
1633 3032 1872 3086 flamme-

1970 1852 2370 1926 commendant,
2401 1863 2589 1918 saltem
2637 1862 2929 1917 astantium
2955 1870 3080 1917 vota
3130 1862 3367 1930 suscipe,
3407 1867 3466 1915 ut
3496 1868 3553 1913 et

1970 1952 2101 2005 mihi
2139 1951 2251 2006 suis
2276 1953 2416 2021 apud
2447 1962 2497 2005 te
2524 1952 2777 2021 precibus
2802 1952 3038 2015 veniam,
3064 1959 3315 2004 eteorum
3341 1948 3550 2002 meritis

1972 2040 2241 2095 sacriﬁcia
2264 2050 2572 2095 nostrorum
2592 2038 2876 2092 vulnerum
2905 2038 3193 2092 salubriter
3235 2037 3391 2091 nobis
3428 2051 3555 2089 con-

1972 2128 2151 2185 ferant
2172 2131 2515 2193 medicinam,
2546 2139 2603 2183 ιιι
2627 2129 2750 2198 quia
2780 2127 3137 2198 Omnipotens
3164 2142 3263 2198 pro
3300 2126 3553 2180 omnibus

1973 2218 2149 2275 factus
2171 2229 2250 2274 est
2279 2220 2452 2275 hostia
2478 2235 2576 2289 pro
2601 2218 2858 2289 peccatis,
2875 2220 3020 2272 adsis
3049 2217 3202 2273 nobis
3225 2215 3553 2272 sacriﬁcatio

1973 2308 2029 2362 itt
2073 2309 2339 2363 sacrificio
2368 2324 2467 2378 pro
2496 2308 2729 2371 delictis,
2778 2308 2994 2362 Christe
3043 2308 3293 2362 Salvator
3342 2308 3551 2371 mundi,

1973 2400 2062 2469 qui
2114 2415 2237 2455 cum
2277 2399 2437 2454 Patre
2484 2409 2540 2454 et
2596 2399 2801 2468 Spiritu
2848 2408 3038 2452 sancto
3066 2399 3202 2452 vivis
3253 2406 3309 2453 et
3356 2413 3553 2468 regnas

1973 2490 2115 2547 Deus
2150 2506 2248 2560 per
2272 2490 2452 2545 omnia
2483 2491 2680 2544 saecula
2712 2488 3053 2542 saeculorum.
3082 2488 3279 2541 Amen.

1976 2620 2041 2678 1η
2081 2621 2235 2676 ceteri
2279 2621 2457 2674 codice
2506 2618 2730 2688 Majoris
2760 2616 3092 2681 Monasterii,
3124 2617 3193 2669 ad
3243 2614 3438 2688 calcem
3487 2616 3555 2688 (ἔτ

2044 2693 2122 2745 bri
2178 2690 2455 2745 Paschasii
2520 2685 2605 2742 (ιε’
2647 2704 2863 2757 corpore
2921 2697 2968 2740 et
3032 2688 3288 2755 sanguine
3339 2685 3554 2739 Domini

2044 2764 2155 2816 lucc
2201 2762 2480 2830 subjicitur
2524 2760 2715 2824 oratio,
2750 2774 2869 2828 qua
2902 2758 2957 2810 in
3009 2758 3271 2827 aliquibus
3312 2757 3466 2809 editis
3507 2757 3554 2807 ei

2042 2833 2401 2902 prmuittitur.

2044 2960 2294 3025 Domine,
2345 2959 2472 3015 Jesu
2514 2958 2751 3023 Christe,
2793 2957 2886 3028 qui
2925 2973 2992 3013 ex
3020 2958 3301 3012 voluntate
3354 2954 3554 3016 Patris.

1977 3062 2299 3125 cooperante
2326 3053 2528 3122 Spiritu
2556 3059 2767 3115 sancto,
2792 3047 3020 3103 formam
3043 3048 3187 3103 servi
3212 3046 3487 3116 accepisti.
3505 3054 3562 3099 et

312 3132 550 3185 meme"
583 3131 688 3175 um
716 3122 902 3192 sum":
934 3126 1074 3213 (ωηο
1114 3123 1262 3176 “ms
1309 3132 1412 3213 ""9
1432 3120 1631 3213 ξιοωυε
1658 3137 1757 3176 nos
1782 3137 1873 3176 ω’
1899 3142 1943 3202 C
1974 3120 2313 3213 ρει-τρωθείη
2358 3120 2415 3197 et
2464 3142 2773 3212 passionem
2824 3149 2971 3193 tuam
3010 3138 3309 3193 secundum
3338 3151 3558 3191 carnem

298 3214 500 3279 medat,
528 3226 689 3285 atque
720 3214 790 3270 ita
816 3228 913 3287 per
942 3212 1183 3280 vigorem
1223 3212 1395 3267 sancti
1426 3211 1661 3282 Spiritus
1682 3225 1873 3281 regen-

300 3319 388 3365 tes
439 3309 682 3364 subditos
740 3317 1121 3378 temperemus,
1164 3315 1225 3363 ut
1256 3317 1316 3363 ct
1366 3304 1663 3374 disciplinis
1706 3305 1875 3359 nostri

290 3401 584 3472 tregiminis
612 3401 896 3456 obtineant
929 3400 1156 3465 lucrum,
1181 3409 1236 3456 et
1262 3401 1474 3455 illorum
1506 3396 1703 3455 duritia
1731 3395 1878 3453 fran—

301 3503 480 3565 gatur,
507 3506 573 3548 ac
617 3492 729 3546 vita
757 3491 1134 3547 fruetiﬁcetur.
1177 3490 1421 3561 Suscipe,
1455 3490 1699 3555 Domine,
1727 3498 1877 3543 voto-

301 3600 422 3640 rum
453 3594 764 3640 nostrorum
799 3583 1076 3647 libamina,
1124 3590 1183 3637 ut
1227 3597 1323 3651 per
1360 3582 1475 3635 hare
1521 3580 1778 3649 quidquid
1822 3578 1877 3633 in

301 3672 549 3728 subditos
575 3673 929 3728 correctionis
965 3672 1129 3727 verbo
1161 3671 1243 3725 vel
1277 3670 1471 3724 merito
1511 3669 1875 3737 itnpertimur,

301 3780 412 3822 non
442 3766 509 3820 ad
546 3764 873 3821 discordiam
900 3763 1090 3828 nostri,
1138 3763 1231 3817 sed
1260 3762 1327 3815 ad
1356 3768 1676 3831 perpetuum
1704 3758 1881 3815 dulce-

303 3856 449 3910 diuis
495 3857 750 3925 gaudium
809 3854 965 3908 nobis
1002 3861 1057 3907 et
1108 3851 1215 3906 illis
1261 3851 1555 3920 profecisse
1613 3850 1875 3905 laetemur.

306 3944 539 4000 Absolve
581 3960 702 4010 nos,
755 3942 935 4008 Deus,
983 3950 1033 3997 et
1084 3942 1261 3997 alieno
1324 3950 1380 3996 et
1429 3948 1617 3995 nostro
1660 3939 1876 4007 delicto,

304 4044 365 4089 ut
419 4035 475 4089 in
531 4045 761 4103 utroque
818 4033 1113 4103 spiritualis
1164 4031 1353 4103 gratia:
1399 4028 1737 4085 eﬁicientiam
1789 4045 1883 4085 cu-

292 4125 517 4194 pientes
540 4164 557 4191 ,
598 4123 899 4187 ﬁducialius
950 4133 1041 4180 tuo
1086 4123 1289 4179 nomini
1334 4121 1717 4193 supplicemur.
1776 4121 1882 4177 Per

298 4214 627 4271 Dominum.

376 4302 536 4357 Item.
564 4303 794 4375 Impellit
818 4304 1157 4359 ministrandi
1184 4303 1418 4359 oﬁicium
1463 4305 1639 4360 hostia
1681 4303 1883 4360 saluta-

303 4395 386 4450 ris
423 4396 608 4467 populi
651 4411 750 4466 pro
801 4396 1015 4453 delicto.
1043 4397 1236 4453 Terret
1271 4398 1604 4454 conscientia
1658 4396 1880 4454 indebiti

1979 3235 2278 3299 moriendo,
2312 3234 2688 3296 centesimam,
2718 3243 2840 3300 qua:
2860 3230 3115 3299 perierat,
3146 3243 3325 3292 ovem,
3348 3227 3560 3281 devicta

1942 3337 2176 3393 .morte,
2206 3338 2494 3393 resurgens
2524 3323 2592 3378 ad
2616 3322 2742 3377 vitae
2770 3335 2968 3391 pascua
2996 3318 3279 3391 reportasti
3310 3334 3325 3383 ;
3357 3319 3560 3374 munda

1978 3432 2064 3475 me
2117 3425 2206 3473 tua
2254 3414 2648 3482 misericordia,
2703 3428 2865 3484 quem
2921 3412 3082 3481 hujus
3124 3411 3257 3466 tanti
3288 3409 3557 3481 mysterii,

1977 3528 2083 3566 non
2106 3512 2368 3565 electione
2393 3508 2598 3574 meriti,
2629 3508 2724 3563 sed
2744 3507 2885 3561 dono
2906 3504 3095 3574 gratia:
3121 3511 3225 3555 tute
3251 3499 3560 3553 ministrum

1978 3600 2225 3661 efl‘ecisti,
2260 3600 2330 3653 ab
2358 3597 2506 3653 onmi
2554 3597 2716 3651 sorde
2746 3594 3031 3658 vitiorum;
3071 3599 3341 3661 quatenus
3375 3587 3442 3642 ad
3468 3601 3557 3640 sa-

1978 3691 2143 3746 lutem
2216 3690 2412 3744 animae
2481 3688 2715 3742 mundus
2790 3684 3084 3756 percipiam
3154 3687 3559 3736 sacrosanctum

1979 3796 2178 3852 corpus
2202 3788 2257 3835 et
2296 3780 2619 3850 sanguinem
2659 3786 2828 3840 tuum,
2858 3791 2967 3845 quo
3016 3771 3322 3827 viviﬁcatus
3374 3769 3430 3835 in
3471 3769 3560 3824 die

1973 3873 2165 3945 judicii
2223 3880 2456 3941 partem,
2510 3870 2681 3923 beata:
2716 3863 3136 3921 resurrectionis
3167 3861 3465 3924 obtineam,
3509 3868 3565 3914 et

1982 3967 2079 4019 tibi
2106 3980 2227 4021 cum
2252 3962 2456 4020 sanctis
2486 3960 2711 4033 gloriam
2760 3958 2817 4013 in
2861 3965 3063 4012 :eterna
3093 3952 3277 4009 laetitia
3308 3953 3426 4007 sine
3454 3950 3563 4005 ﬁne

1980 4057 2283 4112 decantem.
2307 4055 2500 4108 Amen.
2532 4049 2854 4106 Benedictus
2881 4047 3042 4103 Deus.

1984 4188 2050 4243 In
2080 4189 2256 4243 codice
2280 4202 2399 4241 vero
2414 4183 2712 4239 Corbeiensi
2734 4181 2924 4251 legitur
2954 4179 3066 4251 hare
3095 4175 3264 4251 oratio
3284 4173 3563 4251 Paschasii

2162 4257 2414 4311 Radberti
2443 4265 2564 4308 ante
2596 4246 2977 4323 percepiionem
3009 4246 3382 4301 Eucharistia.

2058 4393 2141 4449 Sit
2168 4390 2325 4447 nobis
2364 4390 2470 4444 hoc
2498 4390 2903 4442 sacramentum
2946 4389 3119 4442 tuum,
3154 4376 3382 4433 Domine
3434 4372 3563 4431 Jesu

304 4462 599 4551 sacerdotii
645 4462 744 4559 pro
790 4497 965 4555 reatu,
1014 4489 1060 4544 si
1098 4504 1129 4543 a
1156 4504 1243 4545 me
1270 4490 1511 4545 omnium
1544 4490 1882 4547 sacerdotum
1910 4480 1960 4540 D
1986 4483 2224 4545 Christe,
2252 4479 2324 4535 sit
2348 4477 2417 4531 ad
2446 4475 2821 4530 remissionem
2862 4462 3380 4559 peccatorum._Fiat
3407 4462 3564 4559 nobis

306 4577 616 4650 peripsema
639 4578 964 4635 sacriﬁcium
992 4578 1271 4653 oﬁ‘gratur,
1293 4580 1509 4651 pollutae
1535 4580 1882 4637 conscientiae

307 4668 519 4723 crimen
562 4677 823 4740 augetur;
853 4669 901 4723 si
944 4679 1106 4725 tanta:
1133 4670 1427 4741 majestati,
1457 4672 1720 4726 universae
1763 4684 1884 4726 car-

307 4757 398 4813 nis
418 4756 588 4827 iudici
608 4775 715 4817 nou
735 4759 975 4831 offertur,
1010 4760 1347 4834 negligentia
1367 4771 1549 4818 reatus
1572 4761 1880 4817 ascribitur.

1990 4576 2104 4630 inec
2135 4567 2477 4625 Eucharistia
2504 4564 2572 4621 ad
2596 4565 2789 4626 vitam,
2835 4568 2894 4615 et
2932 4560 3143 4615 viscera
3174 4553 3562 4611 misericordiae

1988 4678 2043 4724 et
2070 4665 2300 4737 gratiam
2345 4658 2561 4723 salutis,
2615 4656 3014 4723 sanitatemque
3090 4649 3397 4704 animarum
3467 4660 3557 4699 no.

1990 4769 2246 4813 strarum.
2273 4753 2463 4809 Amen.
