4148 6344
546 256 783 365 .¹ἱ⁵λ,

619 407 1839 440 W

1390 264 1452 323 Β.
1491 262 1850 322 PASCHASII
1890 263 2239 322 RADBERT!
2276 263 2568 321 ABBA‘I‘IS
2601 264 3054 325 CORBEIENSIS

3736 266 3882 326 £35!

1846 408 3877 444 Μ

1117 571 1263 685 s.
1336 474 2315 685 Pescnnsn
2392 571 3370 687 nonanus:

1841 781 2134 840 ABBATIS
2174 753 2630 840 consumma

761 964 1311 1189 BPlS'NliA
1412 964 1559 1117 ΒΕ
1666 962 2162 1121 οθκιιθιιιε]
2273 964 2420 1120 ET
2526 963 3114 1131 meum
3220 967 3723 1215 bonum.

1717 1245 1852 1321 AD
1927 1243 2730 1323 FRUDEGARDUM.

1595 1421 1765 1487 (Juxta
1789 1422 2054 1474 editionem
2077 1420 2243 1474 Jacobi
2270 1422 2531 1486 Sirmondl,
2558 1435 2673 1488 pag.
2693 1418 2857 1484 1619.)

668 1654 1031 1711 Dilectissimo
1083 1650 1238 1707 fratri
1287 1658 1343 1707 et
1397 1648 1749 1706 commilitoni
1794 1647 2179 1733 Fauosctaao,
2210 1652 2258 1711 Α
2284 1657 2342 1703 et
2368 1657 2572 1703 mterno
2598 1647 2766 1702 vitam
2791 1654 3078 1717 praestaret
3100 1657 3361 1703 mter-nam
3388 1650 3784 1721 accipientibus
3812 1668 3875 1708 se

598 1743 924 1801 Pssumus
954 1756 1118 1798 senex
1147 1751 1269 1795 tuus
1293 1747 1351 1793 et
1381 1738 1759 1794 Monaeliorum
1787 1741 2028 1792 omnium
2055 1752 2174 1807 per-

598 1836 826 1908 ipsema,
855 1834 1141 1907 plurimam
1166 1843 1221 1887 et
1250 1831 1635 1900 sempiternam
1660 1830 1906 1884 salutem.

667 1928 925 1984 Perlectis
962 1924 1155 1979 litteris
1183 1924 1309 1985 tuis,
1336 1936 1457 1976 cum
1490 1935 1789 1991 occuparer
1815 1920 2173 1991 quorumdam

594 2017 867 2087 hospitum
925 2014 1186 2085 negotiis,
1235 2013 1455 2067 minime
1505 2012 1652 2082 potui
1714 2011 2009 2081 adimplere
2054 2026 2176 2082 quae

597 2105 885 2162 mandasti.
951 2103 1224 2159 Interdum
1271 2112 1451 2156 tamen
1506 2110 1596 2154 tuo
1661 2101 1898 2172 repletus
1953 2118 2171 2169 amore,

593 2207 651 2252 et
674 2196 971 2251 litterarum
998 2204 1207 2248 tuarum
1233 2191 1537 2257 dulcedine,
1566 2192 1807 2262 cogitare
1837 2209 1940 2247 non
1968 2194 2170 2261 distuli,

594 2285 721 2356 quia
769 2283 1030 2339 librorum
1080 2281 1225 2337 nulla
1272 2281 1549 2336 nobiscum
1580 2296 1707 2350 pars
1749 2289 1849 2345 est,
1892 2283 1943 2336 in
1979 2283 2174 2352 quibus

592 2374 890 2431 invenirem
920 2372 1063 2442 quod
1091 2372 1345 2441 requiris,
1371 2379 1428 2424 ut
1455 2372 1832 2440 responderem
1860 2372 1946 2426 cui
1976 2387 2172 2443 negare

590 2479 699 2519 non
730 2477 969 2533 possum,
995 2476 1115 2531 qua:
1152 2461 1340 2530 exigis,
1372 2461 1535 2514 etiam
1564 2460 1610 2514 si
1640 2460 1937 2531 adimplere
1965 2477 2172 2531 nequeo

588 2552 847 2624 injnngis.
874 2552 1081 2619 Qnazris
1106 2551 1251 2606 enim
1294 2551 1360 2605 de
1389 2565 1446 2606 re
1473 2565 1540 2605 ex
1576 2567 1684 2621 qua
1716 2551 1868 2605 multi
1900 2552 2170 2610 dubitant.

587 2645 762 2713 Quam
790 2645 838 2699 si
888 2644 1029 2698 forte
1077 2645 1145 2697 ad
1190 2643 1405 2712 plenum
1453 2659 1560 2698 non
1608 2643 1944 2712 intelligunt,
1987 2646 2171 2716 utique

586 2737 810 2792 credere
855 2735 1151 2790 debuerant
1181 2735 1341 2790 verba
1389 2735 1712 2801 SalvatOris,
1742 2737 1832 2807 qui
1865 2752 1973 2792 non
2021 2754 2171 2793 men-

587 2829 722 2881 titur
747 2841 909 2880 verax
947 2825 1109 2889 Deus,
1136 2841 1259 2879 cuin
1291 2825 1401 2879 ait:
1435 2825 1557 2879 Nisi
1591 2826 2032 2882 manducaveritis
2058 2845 2172 2882 car-

589 2933 707 2971 nem
745 2916 846 2986 ﬁlii
892 2917 1142 2979 hominis,
1184 2927 1231 2971 ct
1264 2918 1494 2972 biberitis
1536 2919 1649 2989 ejus
1697 2920 2029 2989 sanguineas,
2064 2937 2167 2975 non

2281 1739 2335 1793 in
2366 1739 2612 1794 salutem.
2640 1737 2906 1804 Quoniam
2932 1744 2993 1790 ut
3016 1738 3132 1807 ipse
3159 1738 3274 1791 ait:
3305 1737 3410 1804 Qui
3440 1756 3544 1795 non
3577 1743 3873 1796 manduca!

2278 1832 2413 1885 hanc
2448 1845 2679 1892 carnem,
2706 1844 2868 1899 neque
2893 1828 3017 1882 bibit
3057 1828 3194 1882 hunc
3225 1830 3555 1898 sanguinem,
3579 1845 3684 1884 non
3712 1832 3875 1886 habet

2276 1923 2434 1995 vitam
2473 1930 2722 1975 aeternam
2759 1921 2816 1974 in
2854 1935 2911 1974 se
2948 1928 3262 1975 manentem.
3300 1920 3369 1975 Et
3399 1920 3519 1977 ideo
3547 1935 3872 1977 sacramen-

2277 2020 2389 2067 tum
2425 2012 2569 2082 quod
2598 2010 2767 2065 vitam
2812 2008 3022 2075 tribuit,
3064 2008 3119 2063 in
3163 2023 3225 2065 se
3273 2008 3439 2064 habet
3480 2010 3629 2080 quod
3674 2010 3871 2066 tribuit

2276 2103 2436 2173 digne
2465 2101 2861 2172 accipientibus
2910 2113 2990 2165 se,
3033 2108 3091 2155 et
3121 2095 3255 2154 vita‘
3276 2100 3331 2154 ia
3377 2115 3444 2156 eo
3470 2111 3557 2156 est
3580 2115 3712 2156 caro
3734 2116 3869 2156 vere

2273 2191 2525 2256 viventis,
2568 2198 2625 2245 et
2670 2189 2889 2260 sanguis
2932 2189 2987 2244 in
3034 2203 3145 2259 quo
3184 2203 3312 2244 vere
3356 2190 3463 2245 vita
3507 2199 3713 2246 mterna
3756 2201 3861 2247 est.

2273 2280 2426 2349 Quod
2455 2281 2591 2336 dicis
2618 2290 2671 2335 te
2708 2281 2789 2335 sic
2825 2288 2983 2336 antea
3013 2280 3328 2346 credidisse,
3357 2289 3414 2337 et
3442 2282 3496 2336 in
3533 2281 3715 2338 libello
3742 2298 3868 2339 meo

2272 2387 2433 2443 quem
2457 2372 2523 2427 de
2547 2372 2904 2427 sacramentis
2936 2371 3079 2426 edidi
3110 2371 3185 2426 ita
3214 2371 3442 2442 legisse;
3471 2373 3567 2428 sed
3589 2373 3869 2443 proﬁteris

2270 2474 2457 2534 postea
2490 2470 2544 2517 te
2567 2464 2619 2517 in
2650 2462 2790 2516 libro
2821 2462 2983 2517 tertio
3006 2462 3073 2517 de
3107 2461 3349 2515 doctrina
3377 2462 3691 2518 Christiana
3718 2464 3868 2519 beati

2269 2554 2552 2625 Augustini
2582 2553 2795 2623 legisse,
2823 2553 2967 2622 quod
2998 2552 3203 2621 tropica
3231 2550 3432 2607 locutio
3457 2553 3546 2613 sit,
3577 2564 3637 2607 ut
3663 2568 3870 2623 corpus

2270 2643 2468 2699 Christi
2504 2652 2561 2699 et
2592 2642 2815 2714 sanguis
2846 2657 2967 2697 esse
2997 2642 3229 2697 dicatur.
3257 2640 3411 2708 Quod
3440 2643 3488 2698 si
3525 2643 3758 2715 ﬁgurata
3788 2644 3871 2700 lo-

2270 2734 2418 2788 cutio
2441 2740 2553 2798 est,
2596 2740 2653 2786 et
2697 2733 2916 2787 schema
2962 2732 3144 2801 potius
3189 2746 3351 2802 quam
3383 2732 3611 2797 veritas,
3652 2734 3864 2795 nescio.

2270 2826 2469 2894 inquis,
2494 2824 2732 2894 qualiter
2759 2822 2889 2878 illud
2918 2835 3133 2877 sumere
3158 2822 3403 2877 debeam.
3434 2821 3643 2877 Deinde
3670 2824 3859 2878 addis:

2269 2915 2337 2971 Et
2364 2914 2410 2971 si
2439 2915 2655 2970 credam
2701 2913 2875 2983 ipsum
2904 2928 3027 2969 esse
3069 2915 3212 2983 quod
3256 2915 3551 2986 assumpsit
3575 2929 3647 2970 ex
3691 2914 3863 2970 Maria

584 3008 838 3061 habebitis
861 3007 1014 3062 vitam
1039 3010 1092 3062 in
1117 3010 1256 3062 ratiis
1278 3019 1590 3063 manentem.
1607 3008 1745 3064 Caro
1763 3012 1899 3063 enim
1919 3026 2036 3064 mea
2057 3026 2171 3064 rere
2200 3000 2244 3060 Β
2271 3007 2480 3077 virgine
2510 3007 2768 3078 genitrice
2808 3020 2929 3071 sua,
2963 3020 2995 3061 e
3032 3006 3304 3060 contrario
3347 3006 3514 3060 etiam
3546 3006 3664 3076 ipse
3701 3021 3863 3078 egre-

584 3109 662 3154 est
694 3100 862 3165 cibus,
889 3109 936 3154 ct
962 3101 1175 3171 sanguis
1204 3116 1348 3155 meus
1389 3118 1505 3156 vere
1545 3111 1622 3156 est
1661 3112 1814 3173 potus
1847 3102 2028 3173 (Joan.
2051 3103 2165 3168 Vl);

581 3201 639 3247 et
685 3192 753 3246 ad
781 3191 1091 3263 discipulos,
1136 3207 1259 3248 cum
1294 3207 1487 3262 panem
1529 3194 1830 3265 porrigeret
1865 3208 1881 3248 :
1914 3192 2164 3263 Accipite,

581 3282 691 3347 ait,
720 3282 818 3335 hoc
855 3292 927 3336 est
957 3297 1143 3351 corpus
1185 3298 1358 3336 meum
1401 3282 1541 3353 quod
1583 3298 1678 3352 pro
1722 3282 1865 3336 vobis
1905 3282 2199 3337 tradent.

580 3371 846 3427 Similiter
871 3379 927 3425 et
968 3372 1035 3426 de
1082 3371 1251 3426 calice
1293 3389 1308 3425 :
1343 3370 1516 3426 Bibile
1551 3387 1617 3425 ea:
1651 3371 1751 3424 hoc
1797 3387 1997 3436 omnes,
2039 3372 2165 3441 quia

577 3463 664 3518 hic
694 3472 770 3517 est
798 3463 1011 3533 sanguis
1046 3462 1178 3516 Novi
1214 3462 1550 3525 Testamenti,
1574 3463 1665 3532 qui
1695 3479 1791 3533 pro
1817 3463 1959 3516 vobis
1990 3472 2040 3515 et
2068 3476 2163 3531 pro

575 3554 756 3609 multis
794 3553 1093 3625 eﬁandctur
1136 3553 1195 3607 in
1239 3554 1596 3608 remissionem
1624 3563 1974 3623 peccatorum.
2022 3553 2163 3623 Ergo

574 3663 699 3702 cum
731 3648 807 3701 ait
839 3652 861 3702 τ’
887 3648 984 3701 hoc
1012 3656 1086 3700 est
1119 3661 1309 3715 corpus
1355 3661 1526 3699 meum
1546 3685 1562 3709 ,
1606 3644 1690 3699 vel
1719 3660 1847 3699 caro
1883 3660 2021 3708 mea,
2064 3658 2161 3699 seu

574 3738 661 3793 hic
700 3748 776 3792 est
820 3738 1034 3807 sanguis
1080 3752 1250 3800 naeus,
1293 3751 1401 3790 non
1448 3734 1609 3789 aliam
1656 3745 1786 3804 puto
1830 3735 2156 3798 insinuasse,

573 3841 734 3898 quam
770 3826 1041 3897 propriam
1069 3832 1126 3879 et
1154 3838 1278 3895 quae
1319 3831 1445 3877 nata
1486 3832 1572 3878 est
1612 3823 1680 3878 de
1708 3822 1876 3877 Maria
1923 3823 2155 3894 virgine,

571 3925 629 3971 et
661 3916 914 3987 pependit
939 3915 994 3970 in
1023 3928 1206 3979 cruce,
1238 3928 1415 3983 neque
1453 3912 1775 3983 sanguinem
1798 3913 1963 3967 alium
1993 3928 2156 3982 quam

570 4008 664 4078 qui
711 4006 963 4076 profusus
988 4015 1074 4061 est
1115 4006 1172 4061 in
1209 4020 1372 4061 cruce
1425 4013 1480 4060 et
1516 4015 1647 4060 tunc
1679 4014 1798 4059 erat
1842 4006 1894 4060 in
1937 4006 2157 4076 proprio

570 4111 835 4166 corporer
854 4093 1021 4150 Nemo
1050 4095 1211 4167 igitur
1249 4095 1342 4165 qui
1384 4110 1518 4149 sane
1564 4096 1727 4166 sapit,
1771 4097 1942 4152 credit
1970 4097 2154 4153 Jesnm

570 4184 737 4239 alium
777 4199 1002 4241 carnem
1039 4193 1134 4238 aut
1178 4183 1493 4254 sanguinem
1524 4184 1800 4251 habuisse,
1845 4202 2154 4256 quamqua:

573 4285 695 4331 nata
727 4287 811 4332 est
857 4277 923 4331 de
957 4275 1123 4331 Maria
1173 4273 1415 4345 Virgine,
1458 4284 1516 4329 et
1559 4288 1716 4344 passa
1756 4283 1842 4331 est
1884 4276 1940 4330 in
1970 4292 2150 4334 cruce.

2270 3098 2392 3167 gius
2434 3096 2628 3151 doctor
2675 3096 2779 3150 hoc
2828 3108 3084 3165 tnagnum
3129 3093 3341 3149 facinus
3376 3108 3501 3149 esse
3533 3094 3859 3164 proclamat.

2268 3188 2422 3256 Quod
2466 3203 2598 3243 sane
2627 3187 2855 3253 dictum,
2900 3187 3128 3242 horrore
3173 3185 3597 3256 percipientibus
3628 3187 3862 3243 nimium

2267 3278 2480 3334 videtur
2516 3278 2779 3341 incutere,
2805 3277 2850 3332 si
2883 3290 2988 3331 non
3015 3275 3240 3331 credant
3265 3275 3396 3330 illud
3418 3289 3538 3331 esse
3578 3277 3636 3331 in
3664 3292 3864 3334 sacra-

2268 3379 2476 3433 mento,
2522 3370 2667 3438 quod
2697 3369 2901 3424 veritas
2929 3382 3048 3423 esse
3089 3375 3321 3422 testatur
3344 3368 3399 3422 in
3442 3376 3645 3438 aperto.
3694 3369 3766 3423 Et
3811 3372 3863 3427 si

2265 3460 2591 3515 crediderint
2638 3459 2743 3515 hoc
2777 3460 2851 3514 ita
2878 3473 2999 3514 esse
3036 3466 3097 3512 ut
3117 3448 3340 3527 quidam
3368 3461 3620 3525 credunt,
3649 3459 3857 3517 nihilo-

2265 3553 2443 3608 minus
2485 3551 2615 3606 illnd
2659 3553 2940 3607 incurrunt
2980 3550 3213 3614 facinus,
3263 3564 3330 3605 eo
3363 3551 3505 3619 quod
3551 3550 3693 3607 falso
3724 3567 3854 3607 ere-

2261 3644 2414 3708 dunt,
2452 3644 2577 3713 quia
2620 3644 2702 3699 sic
2738 3644 2941 3699 dictum
2972 3655 3057 3699 est
3093 3651 3155 3698 ut
3195 3643 3279 3698 l’as
3314 3643 3386 3698 sit
3427 3658 3552 3699 eum
3596 3644 3857 3702 dentibus

2260 3736 2460 3790 vorari.
2492 3734 2644 3790 Unde
2691 3736 2901 3791 facinus
2939 3748 3061 3790 esse
3101 3734 3149 3789 si
3188 3734 3379 3790 credat
3406 3736 3554 3805 quis,
3599 3736 3745 3792 sicut
3774 3736 3852 3792 illi

2261 3837 2387 3883 tunc
2423 3829 2770 3884 crediderunt
2800 3828 2996 3899 quibus
3044 3828 3256 3884 dicebat
3289 3845 3302 3882 :
3343 3827 3461 3883 Nisi
3498 3832 3871 3886 ηιαιιάαοικσ

2259 3919 2372 3973 ritis
2414 3935 2626 3974 carnem
2673 3918 2775 3988 ﬁlii
2814 3920 3075 3983 hominis;
3110 3927 3167 3974 et
3204 3934 3310 3974 non
3348 3928 3645 3990 potuerunt
3680 3921 3848 3988 ferre,

2257 4010 2381 4080 quia
2417 4010 2558 4064 male
2584 4018 2900 4082 sapuerunt.
2926 4010 2995 4065 Et
3023 4010 3145 4066 ideo
3168 4011 3216 4065 si
3248 4011 3371 4080 quis
3398 4011 3533 4066 dicit
3558 4012 3704 4067 hanc
3726 4028 3850 4068 car-

2260 4116 2380 4154 nem
2406 4107 2463 4155 et
2488 4100 2631 4156 hunc
2655 4100 2973 4171 sanguinem
3006 4102 3084 4157 sic
3119 4102 3234 4172 ipsa
3261 4116 3383 4157 esse
3412 4102 3621 4172 absque
3644 4112 3851 4174 myste-

2257 4193 2338 4247 rio
2359 4200 2416 4247 et
2447 4199 2811 4257 sacramento,
2859 4206 2962 4247 nec
3006 4193 3061 4246 in
3108 4190 3278 4263 ﬁgura
3321 4205 3390 4247 ex
3423 4202 3580 4263 parte
3617 4208 3848 4249 sumen-

2253 4283 2401 4349 dam,
2429 4292 2489 4339 ut
2521 4283 2597 4338 illi
2630 4291 2758 4339 tunc
2800 4282 3051 4339 carnales
3077 4282 3371 4339 carnaliter
3411 4283 3686 4352 sapientes
3719 4298 3850 4340 sen-

568 4366 686 4439 Ipsa
729 4384 960 4438 namque
986 4367 1284 4436 eademque
1311 4378 1438 4421 caro
1477 4380 1801 4437 quocunque
1832 4368 1992 4424 modo
2020 4384 2149 4425 sen-
2176 4345 2221 4409 (ἶ
2251 4345 2461 4438 serunt,
2494 4381 2667 4428 totum
2705 4372 2955 4443 dissipat.
2990 4372 3057 4428 Et
3093 4372 3215 4427 ideo
3249 4371 3399 4426 forte
3430 4345 3626 4427 beatus
3660 4374 3848 4443 Angu-

568 4459 746 4513 tienila
776 4448 883 4521 est,
906 4467 965 4512 ut
989 4458 1173 4522 credo,
1205 4472 1327 4511 cum
1358 4455 1435 4511 ait
1471 4474 1484 4511 :
1517 4456 1615 4510 hoc
1643 4467 1718 4511 est
1748 4473 1936 4527 corpus
1977 4476 2148 4515 meum

564 4547 705 4620 quod
731 4548 967 4602 tradetur
1001 4565 1095 4618 pro
1131 4546 1333 4612 multis,
1356 4546 1441 4600 vel
1469 4564 1482 4600 :
1520 4547 1606 4600 hic
1633 4557 1709 4601 est
1738 4551 1955 4620 sanguis
1977 4566 2143 4605 nsciis.

565 4638 636 4693 Et
657 4655 725 4693 ne
753 4646 974 4709 putares
1021 4638 1148 4707 quia
1178 4638 1231 4692 in
1257 4647 1603 4692 sacramento
1639 4636 1978 4709 loquebatur,
2002 4640 2146 4710 quod

564 4731 634 4785 de
655 4729 762 4787 alio
790 4732 995 4786 diceret
1017 4746 1180 4799 quam
1208 4730 1276 4785 de
1303 4730 1546 4800 proprio,
1583 4730 1637 4785 in
1666 4731 1854 4786 eodem
1886 4724 2145 4802 mysterio

563 4820 986 4875 demonstrative
1009 4819 1183 4875 dixit:
1206 4820 1304 4873 hoc
1329 4830 1403 4873 est
1432 4835 1617 4889 corpus
1644 4836 1835 4874 meum.
1860 4819 1996 4875 Nam
2019 4837 2141 4876 cum

563 4910 639 4963 ait
663 4926 857 4975 meum,
891 4920 945 4965 et
980 4911 1077 4964 hoc
1103 4919 1214 4975 est;
1243 4925 1348 4965 non
1388 4909 1757 4981 qualecunque
1781 4911 1893 4966 vult
1919 4912 2141 4984 intelligi

563 5016 779 5071 corpus,
806 5001 899 5055 sed
939 5001 1066 5054 illud
1099 4999 1240 5070 quod
1269 5000 1586 5055 tradendum
1615 5008 1750 5064 erat,
1782 5010 1844 5055 ut
1870 5001 1983 5070 ipse
2016 5017 2142 5057 mox

560 5091 860 5161 adjecit,.et
887 5108 994 5147 non
1024 5092 1190 5146 alium
1232 5092 1571 5163 sanguinein,
1602 5107 1765 5161 quam
1792 5092 1882 5161 qui
1913 5092 2141 5148 funden-

558 5185 662 5241 dus
689 5193 809 5241 erat
847 5185 903 5240 in
933 5185 1151 5256 proprio
1177 5200 1403 5255 corpore
1448 5184 1500 5238 in
1544 5174 1917 5241 remissionem
1947 5200 2140 5256 pecca-

559 5284 759 5333 torum.
800 5276 949 5333 Alias
991 5286 1173 5332 autem
1220 5276 1672 5346 qualitercunque
1712 5276 2047 5347 intelligitur,
2091 5278 2138 5334 si

556 5368 696 5424 alius
720 5377 867 5424 esset
891 5369 1128 5440 sanguis,
1154 5378 1212 5424 et
1241 5368 1345 5422 alia
1374 5376 1519 5422 esset
1556 5381 1685 5422 caro
1715 5367 1769 5422 in
1801 5367 1904 5423 hoc
1939 5379 2139 5439 myste-

555 5463 672 5526 rio,
701 5477 807 5516 non
839 5461 894 5517 in
926 5477 992 5517 eo
1015 5468 1162 5517 esset
1196 5460 1447 5516 remissio
1475 5468 1845 5531 peccatorum.
1887 5458 1956 5514 Et
1993 5459 2040 5514 si
2080 5459 2137 5516 in

554 5567 622 5607 eo
648 5553 754 5607 vita
789 5568 896 5608 non
924 5560 1089 5617 esset,
1116 5566 1455 5621 nequaquam
1494 5550 1740 5606 funderet
1772 5549 1959 5605 vitam.
1989 5549 2138 5606 Alio-

554 5643 684 5712 quin
717 5659 823 5699 non
871 5642 1262 5713 qualiscunque
1308 5642 1461 5698 cibus
1496 5642 1598 5697 nisi
1633 5642 1700 5698 de
1743 5640 1868 5697 vivo
1906 5641 2134 5701 Domino

2248 4464 2425 4519 stinus
2451 4465 2554 4520 hoc
2582 4465 2657 4519 ita
2702 4478 2916 4534 sapere,
2956 4477 3208 4533 magnum
3259 4462 3471 4517 facinus
3515 4478 3638 4518 esse
3685 4464 3841 4519 dicit.

2246 4550 2498 4621 Alioquin
2531 4552 2804 4621 quomodo
2848 4552 2965 4621 ipse
3008 4552 3260 4622 idemque
3305 4553 3494 4607 doctor
3525 4562 3637 4606 tam
3678 4565 3843 4624 egre-

2245 4643 2369 4712 gius
2395 4652 2583 4697 contra
2610 4657 2670 4698 se
2703 4642 2934 4707 diceret,
2962 4652 3022 4698 ut
3052 4642 3251 4708 recolo,
3279 4643 3333 4696 in
3379 4643 3731 4699 sermonibus
3770 4646 3839 4698 ad

2245 4734 2575 4806 Neopliytos.
2606 4734 2721 4790 Hoc
2747 4736 2999 4806 accipite,
3027 4736 3221 4806 inquit,
3267 4735 3322 4789 in
3348 4749 3510 4804 pane,
3560 4736 3708 4803 quod
3738 4751 3840 4806 pe.

2242 4826 2430 4895 pendit
2469 4827 2525 4881 in
2563 4825 2736 4896 ligno;
2769 4834 2825 4882 et
2869 4826 2938 4881 de
2974 4826 3144 4882 calice
3176 4841 3192 4880 :
3224 4825 3341 4881 Hoc
3380 4825 3637 4896 accipite,
3668 4824 3751 4880 ait
3780 4826 3835 4880 in

2242 4915 2432 4983 calice,
2472 4917 2615 4987 quod
2651 4917 2892 4972 manavit
2932 4933 2999 4973 ex
3046 4916 3246 4974 Christi
3277 4917 3463 4973 latere.
3503 4916 3625 4972 Non
3667 4918 3835 4973 credo

2241 5006 2385 5076 quod
2411 5006 2557 5061 aliud
2586 5007 2905 5077 pependerit
2941 5008 2994 5062 in
3029 5023 3211 5074 cruce,
3251 5012 3412 5077 quam
3443 5022 3605 5073 caro;
3651 5021 3835 5077 neque

2241 5096 2382 5151 aliud
2411 5097 2727 5166 proﬂuxerit
2749 5096 2818 5152 de
2860 5096 3030 5153 latere
3065 5098 3290 5164 Christi,
3314 5112 3476 5167 quam
3523 5098 3750 5168 sanguis
3775 5105 3833 5150 et

2239 5199 2399 5256 aqua.
2424 5186 2501 5241 Et
2536 5187 2583 5242 si
2613 5188 2717 5242 hoc
2748 5186 2821 5242 ita
2852 5196 2958 5253 est',
2987 5188 3091 5243 hoc
3132 5188 3405 5260 accipiunt
3432 5187 3745 5251 credentes,
3774 5186 3832 5241 id

2236 5286 2317 5334 est
2366 5294 2588 5341 carnem
2616 5288 2672 5334 et
2700 5280 3021 5350 sanguinein
3068 5257 3158 5335 cui
3201 5257 3532 5336 admiscetur
3574 5293 3740 5349 aqua,
3774 5279 3830 5334 in

2235 5370 2433 5440 quibus
2476 5372 2650 5427 renati
2697 5381 2831 5427 sunt
2867 5373 3242 5439 sacramentis,
3285 5381 3342 5429 et
3386 5372 3510 5428 ideo
3553 5372 3673 5427 haec
3722 5372 3829 5427 duo

2235 5460 2532 5517 miscentur
2570 5463 2625 5518 in
2665 5462 2852 5519 calice.
2896 5462 3081 5535 Aqua,
3124 5464 3178 5519 in
3220 5478 3325 5534 qua
3366 5462 3573 5527 renati;
3605 5461 3827 5533 sanguis

2234 5569 2473 5625 quoque,
2515 5554 2569 5609 in
2611 5569 2720 5625 quo
2752 5555 3014 5625 redempti
3044 5562 3172 5610 sunt
3199 5554 3403 5609 ﬁdeles.
3433 5553 3503 5608 Et
3526 5553 3675 5608 sicut
3702 5567 3825 5607 sano

2234 5652 2355 5699 ctus
2402 5652 2634 5700 testatur
2678 5641 3010 5714 Cyprianus,
3059 5659 3161 5705 nec
3202 5659 3339 5715 aqua
3393 5643 3446 5698 in
3494 5642 3669 5697 calice
3710 5643 3822 5699 sine
