4148 6344
278 240 421 297 1353

1377 238 1713 297 EPISTOLA
1745 238 1839 294 AD
1876 235 2425 293 FRUDEGARDUM.

3415 239 3553 297 1554

275 356 540 430 sanguine
569 363 690 413 esse
729 355 918 421 debet,
959 368 1059 411 nec
1106 355 1328 427 sanguis
1371 355 1490 411 sine
1527 369 1694 425 aqua;
1734 353 1862 424 quia
1888 355 1943 417 Α
1966 351 2105 407 sicut
2133 358 2533 406 sacramentum
2557 351 2801 423 corporis
2827 349 3051 417 Christi,
3081 366 3276 422 corpus
3297 358 3381 407 est
3403 350 3556 407 Chri-

273 468 375 524 per
410 464 608 519 aquam
646 436 1118 519 populusablutus
1144 449 1285 502 unda
1316 446 1656 517 baptismatis
1692 444 1861 516 signi-

252 532 506 617 ﬁcatur,
534 549 592 596 et
615 556 712 611 per
749 540 1067 612 sanguinem
1106 540 1374 605 Christus,
1414 539 1504 609 qui
1548 553 1618 594 ex
1660 551 1725 592 eo
1764 550 1864 591 nos

250 626 253 627 ⁷
274 633 538 689 redemit:
570 646 634 687 ac
658 646 756 701 per
783 632 887 685 hoc
906 628 1221 700 intelligitur
1242 637 1295 682 et
1327 627 1590 683 formatur
1614 627 1863 683 Christus

276 732 334 779 et
373 721 620 777 Ecclesia
666 736 833 774 unum
878 735 1093 789 corpus.
1125 719 1311 789 Itaque
1349 734 1447 773 nec
1473 718 1720 772 Christus
1746 716 1864 772 sine

274 812 517 868 Ecclesia
569 810 808 882 pontifex
858 810 912 864 in
957 819 1252 874 internum,
1298 826 1399 865 nec
1444 809 1687 865 Ecclesia
1746 808 1865 864 sine

274 902 492 957 Christo
517 903 626 957 Deo
656 900 803 954 Patri
828 899 1071 973 oﬁ‘ertur.
1101 900 1229 955 Haec
1261 900 1459 971 quippe
1487 900 1715 972 mystica
1739 908 1866 955 sunt

274 991 332 1046 in
356 992 551 1061 quibus
573 989 771 1044 veritas
800 989 979 1044 carnis
1002 997 1085 1044 est
1108 998 1161 1044 et
1184 989 1482 1060 sanguinis,
1513 1005 1618 1046 non
1640 990 1865 1046 alterius

274 1096 438 1152 quam
474 1078 692 1144 Christi,
724 1079 777 1133 in
803 1079 1067 1148 mysterio
1100 1086 1281 1134 tamen
1317 1088 1372 1134 et
1411 1079 1603 1151 ﬁgura.
1634 1080 1744 1135 Nec
1769 1080 1865 1151 igi-

276 1181 365 1227 tur
408 1171 604 1225 mirum
645 1169 691 1224 si
723 1168 893 1239 ﬁgura
936 1168 1039 1224 hoc
1087 1170 1407 1240 mysterium
1448 1178 1562 1237 est,
1602 1179 1657 1226 et
1704 1170 1864 1240 hujus

273 1264 519 1334 mysterii
544 1265 708 1318 verba
737 1262 942 1332 tr0pica
971 1261 1169 1317 locutio
1191 1262 1568 1332 appellantur;
1600 1280 1722 1319 cum
1750 1265 1864 1334 ipse

273 1357 523 1412 Christus
560 1356 627 1410 ab
659 1355 901 1425 apostolo
936 1354 1103 1410 Paulo
1142 1356 1428 1411 character
1452 1356 1537 1411 vel
1582 1356 1750 1428 ﬁgura
1784 1358 1865 1413 di-

273 1446 436 1509 citur,
464 1446 711 1515 quamvis
741 1445 853 1515 ipse
888 1445 958 1500 sit
990 1446 1209 1500 veritas.
1240 1446 1329 1500 Ait
1360 1462 1594 1516 namque
1620 1465 1633 1501 :
1669 1446 1863 1502 Novis-

272 1540 401 1593 sime
446 1538 650 1591 locutus
697 1547 771 1591 est
805 1538 973 1602 nobis,
1016 1537 1221 1594 scilicet
1249 1538 1390 1595 Deus
1417 1539 1599 1607 Pater,
1640 1541 1696 1595 in
1720 1538 1862 1594 Filio

273 1646 393 1693 suo,
418 1628 507 1699 qui
534 1644 653 1681 cum
691 1628 755 1680 sit
787 1626 1032 1696 splendor
1056 1627 1240 1697 gloria:
1267 1640 1316 1682 et
1344 1629 1541 1700 figura,
1562 1628 1646 1684 vel
1673 1630 1865 1685 chara-

1962 441 2065 497 sti:
2098 442 2176 497 sic
2202 450 2605 497 sacramentum
2646 442 2927 513 sanguinis
2963 443 3185 509 Christi,
3221 444 3442 515 sanguis
3467 452 3554 500 est

1962 531 2184 588 Christi.
2217 551 2235 584 ι
2266 532 2407 589 Ecce
2442 532 2559 603 ipse
2607 532 2662 587 in
2691 533 2795 589 hoc
2827 535 3134 589 contrarius
3162 534 3264 591 sibi
3305 550 3414 590 non
3444 543 3547 598 est,

1960 633 2021 678 ut
2042 623 2260 693 quidam
2285 632 2498 693 putant,
2526 640 2702 696 neque
2729 625 2888 681 beato
2910 625 3218 693 Ambrosio,
3248 626 3400 697 cujus
3427 644 3555 685 sen-

1962 713 2132 769 tentia
2170 712 2286 768 haec
2323 713 2655 785 plenissima,
2702 714 2941 787 inquam,
2983 724 3039 772 et
3072 716 3355 772 verissima
3386 718 3440 773 iu
3484 733 3553 774 eo

1962 811 2046 859 est
2093 804 2249 870 libro,
2285 820 2393 876 quo
2428 807 2507 862 ait
2551 807 2677 877 quia
2714 808 2831 879 ipsa
2866 817 2953 864 est
2983 823 3112 865 caro
3141 810 3338 866 Christi
3372 811 3427 867 in
3459 827 3550 871 sa-

1963 903 2241 950 cramento
2283 911 2403 966 qua:
2442 897 2499 952 in
2544 912 2705 955 cruce
2734 899 3011 970 pependit,
3053 908 3108 955 et
3136 915 3254 970 quae
3284 902 3350 957 de
3380 902 3553 958 Maria

1962 984 2171 1055 virgine
2201 995 2411 1057 sumpta
2439 994 2553 1054 est,
2581 996 2637 1043 et
2677 989 2898 1060 sanguis
2928 989 3021 1060 qui
3045 988 3199 1045 ﬁnxit
3238 1006 3305 1047 ex
3354 993 3546 1049 latere.

1963 1072 2041 1128 Ita
2084 1082 2142 1129 et
2176 1075 2370 1131 beatus
2413 1075 2716 1148 Cyprianus
2758 1077 3046 1134 conﬁrmat
3090 1080 3146 1135 in
3184 1094 3249 1137 eo
3274 1097 3438 1153 opere
3482 1085 3554 1140 ad

1962 1166 2219 1235 populum
2244 1168 2337 1223 ubi
2364 1169 2430 1225 de
2464 1180 2806 1227 sacramento
2834 1172 3079 1243 corporis
3112 1172 3314 1229 Christi
3346 1184 3400 1231 et
3426 1191 3554 1232 san-

1964 1255 2143 1325 guinis
2170 1255 2426 1326 loquitur.
2467 1257 2613 1326 Quos
2642 1269 2861 1318 secutus
2896 1263 3283 1320 subtilissimus
3312 1265 3556 1337 disputa—

1966 1350 2051 1399 tor
2076 1343 2333 1414 praefatus
2362 1345 2523 1404 Pater
2552 1349 2907 1421 Augustinus,
2941 1358 3002 1407 ut
3028 1352 3177 1409 dixi:
3215 1372 3234 1407 ι
3264 1353 3379 1411 Hoc
3413 1357 3554 1412 acci-
3638 1342 3649 1351 ’

1964 1434 2098 1504 pite,
2126 1435 2317 1506 inquit,
2347 1438 2405 1493 in
2433 1454 2573 1511 pane
2599 1442 2742 1511 quod
2771 1443 3025 1513 pependit
3068 1444 3120 1500 in
3159 1444 3325 1517 ligno,
3352 1455 3406 1503 et
3446 1448 3555 1504 hoc

1966 1525 2195 1594 accipite
2236 1526 2292 1582 in
2318 1528 2488 1586 calice
2527 1530 2671 1601 quod
2717 1533 2958 1589 manavit
2999 1548 3068 1588 ex
3112 1533 3315 1592 Christi
3359 1537 3551 1598 latere.

1967 1616 2035 1671 Et
2064 1618 2191 1674 alibi
2219 1620 2286 1676 de
2312 1619 2548 1678 Judieis:
2583 1621 2718 1691 Hoc,
2748 1625 2946 1697 inquit,
2981 1635 3171 1698 postea
3200 1627 3452 1684 biberunt
3496 1630 3554 1685 in

272 1728 413 1782 cter,
442 1718 582 1772 sicut
612 1717 702 1770 alii
727 1717 943 1771 codices
971 1717 1188 1782 habent,
1212 1718 1521 1772 substantia:
1546 1718 1683 1788 ejus.
1722 1717 1866 1775 Ecce
1895 1722 1943 1783 B
1971 1709 2142 1767 calice
2166 1716 2473 1780 credentes.
2500 1715 2643 1785 (ἰυοά
2667 1715 2922 1772 Γυᾶθτυηῑ
2949 1717 3004 1773 in
3028 1734 3190 1775 cruce
3217 1722 3550 1778 saevientes.»

273 1822 334 1866 ut
377 1812 558 1875 audis,
595 1826 806 1865 summa
842 1811 1043 1865 veritas
1088 1811 1205 1881 ipse
1248 1809 1529 1877 Christus,
1580 1812 1865 1868 character

272 1904 576 1973 appellatur
602 1911 656 1956 et
686 1902 887 1974 ﬁgura;
918 1910 1099 1956 tamen
1131 1903 1184 1956 in
1232 1916 1296 1957 eo
1334 1902 1468 1956 nihil
1511 1902 1696 1957 ﬁctum
1740 1902 1861 1969 fuit,

272 1998 406 2051 nihil
434 2012 665 2051 vacuum
708 2013 737 2051 a
779 1997 1031 2060 veritate,
1059 1995 1203 2050 sicut
1239 2010 1341 2051 nec
1388 1996 1736 2052 characteres
1778 1995 1865 2051 vel

273 2087 474 2157 ﬁguras
509 2103 707 2142 vacuas
736 2102 857 2142 esse
885 2086 1117 2141 dicimus
1148 2086 1452 2141 litterarum
1492 2102 1523 2141 a
1573 2086 1625 2141 vi
1668 2096 1725 2142 et
1770 2101 1866 2156 po—

273 2188 470 2236 testate
504 2196 711 2246 earum,
742 2196 865 2235 cum
896 2180 1114 2235 easdem
1160 2180 1357 2249 ﬁguras
1403 2180 1607 2250 tropice
1653 2178 1866 2235 litteras

272 2285 550 2325 vocemus.
593 2271 670 2325 De
712 2285 821 2339 quo
867 2284 997 2323 sane
1041 2268 1315 2325 intellectu
1352 2268 1406 2323 in
1453 2269 1643 2324 eodem
1686 2268 1868 2324 libello

274 2376 418 2426 meo,
446 2377 607 2431 quem
649 2370 699 2414 te
740 2360 938 2429 legisse
970 2358 1212 2424 testaris,
1256 2359 1533 2429 proprium
1573 2358 1865 2428 capitulum

276 2450 441 2514 edidi,
468 2459 527 2504 ut
562 2451 665 2505 hoc
706 2449 1025 2520 mysterium
1051 2456 1108 2502 et
1140 2448 1344 2503 veritas
1386 2447 1732 2519 intelligatur,
1766 2462 1868 2502 nec

279 2552 458 2596 tamen
508 2540 678 2610 ﬁgura
725 2555 847 2593 esse
903 2548 1148 2609 negetur.
1194 2538 1330 2605 Quia
1379 2539 1865 2609 impraesentiarum

276 2634 419 2688 sicut
448 2648 515 2687 ex
543 2641 700 2702 parte
738 2631 962 2695 scimus,
1010 2630 1272 2701 quidquid
1308 2631 1511 2687 scimus
1541 2632 1607 2687 de
1648 2631 1780 2696 Deo,
1812 2638 1868 2687 et

275 2738 343 2779 ex
385 2732 537 2791 parte
580 2732 715 2776 teste
747 2720 1005 2791 Apostolo
1053 2721 1105 2793 (1
1131 2720 1253 2778 Cor.
1287 2722 1441 2792 xui),
1484 2722 1868 2793 prophetamus

278 2814 345 2866 tle
385 2812 566 2865 futuro
604 2819 655 2866 et
688 2810 754 2865 de
784 2810 994 2865 cmlesti
1036 2825 1225 2882 regno,
1258 2812 1335 2867 ita
1381 2827 1447 2867 ex
1475 2823 1629 2883 parte
1660 2828 1869 2883 praegu-

276 2917 487 2963 stamus
514 2922 617 2962 non
646 2906 826 2977 palato
858 2906 989 2972 oris,
1031 2907 1126 2961 sed
1153 2906 1331 2977 palato
1358 2908 1559 2974 cordis,
1589 2916 1646 2962 et
1677 2922 1775 2977 per
1810 2907 1870 2961 ﬁ-

277 3000 402 3054 dem
444 2999 644 3054 Christi
688 3015 888 3071 corpus
937 3010 991 3055 et
1032 3001 1347 3068 sanguinem
1397 3014 1518 3056 esse
1560 3001 1863 3067 credimus;

1965 1800 2103 1857 Hinc
2144 1818 2359 1875 quoque
2387 1804 2651 1862 Eusebius
2684 1807 2999 1866 Emissenus
3026 1829 3038 1864 :
3079 1829 3097 1862 ι
3128 1813 3366 1869 Recedat
3401 1830 3552 1885 ergo,

1966 1890 2161 1961 inquit,
2187 1908 2348 1949 omne
2387 1894 2722 1954 inﬁdelitatis
2751 1899 3084 1971 ambiguum,
3113 1904 3555 1974 quandoquidem

1966 1981 2059 2052 qui
2101 1991 2293 2039 auctor
2316 1994 2400 2040 est
2435 1986 2701 2055 muneris,
2744 1987 2863 2065 ipse
2904 1990 3068 2045 etiam
3114 1992 3267 2047 testis
3297 2001 3381 2049 εει
3409 1994 3556 2049 veri-

1967 2074 2115 2130 tatis.
2157 2075 2296 2136 Nam
2344 2077 2632 2135 invisibilis
2669 2081 2946 2149 sacerdos,
2987 2083 3234 2141 visibiles
3280 2094 3562 2143 creaturas

1966 2165 2020 2220 in
2057 2168 2419 2225 substantiam
2448 2172 2693 2241 corporis
2734 2182 2791 2229 et
2818 2175 3098 2245 sanguinis
3141 2176 3225 2231 sui
3270 2178 3435 2233 verbo
3462 2192 3561 2233 suo

1967 2268 2175 2315 secreta
2203 2269 2472 2331 potestate
2519 2266 2818 2335 convertit,
2864 2268 2939 2323 ita
2978 2269 3204 2326 dicens:
3242 2270 3474 2341 Accipite
3511 2279 3563 2325 et

1966 2351 2121 2417 edite,
2151 2352 2248 2407 hoc
2288 2364 2363 2409 est
2393 2356 2530 2410 enim
2562 2374 2749 2429 corpus
2794 2376 2999 2426 meum;
3041 2370 3096 2416 et
3128 2362 3564 2419 sanctiﬁcatione

1968 2445 2197 2513 repetita
2223 2462 2237 2499 :
2266 2446 2498 2518 Accipite
2527 2458 2573 2502 et
2590 2449 2761 2515 bibite,
2787 2451 2871 2505 hic
2891 2462 2966 2506 est
2996 2455 3213 2524 sanguis
3238 2471 3402 2509 meus.
3419 2454 3565 2526 Ergo

1969 2534 2129 2601 sicut,
2158 2536 2352 2608 inquit,
2381 2538 2449 2594 ad
2478 2548 2667 2596 nutum
2704 2542 3069 2613 prmcipientis
3100 2545 3313 2600 Domini
3341 2556 3567 2617 repente

1969 2642 2036 2683 ex
2084 2627 2252 2683 nihilo
2295 2630 2653 2687 substiterunt
2693 2632 2911 2689 excelsa
2948 2634 3247 2703 caelorum,
3293 2637 3564 2708 profunda

1967 2717 2226 2773 ﬂuctuum
2246 2759 2262 2785 ,
2290 2728 2440 2775 vasta
2475 2730 2739 2777 terrarum
2771 2740 2785 2777 :
2814 2724 2935 2794 pari
2979 2727 3221 2796 potentia
3262 2728 3317 2782 in
3346 2728 3567 2799 spirita-

1968 2807 2111 2864 libus
2141 2810 2518 2878 sacramentis,
2546 2811 2637 2867 ubi
2678 2814 2925 2885 praecipit
2950 2815 3124 2872 virtus
3170 2817 3250 2873 rei
3289 2818 3457 2873 servit
3485 2817 3567 2873 ef-

1969 2898 2161 2957 fectus.
2187 2920 2207 2954 »
2238 2901 2306 2955 Ει
2329 2911 2451 2973 post
2471 2918 2643 2973 pauca
2673 2923 2685 2959 :
2712 2922 2731 2957 t
2765 2905 2995 2964 Sacrum
3026 2910 3242 2966 Domini
3266 2910 3345 2966 tui
3369 2926 3573 2981 corpus

1972 3000 2027 3047 et
2067 2992 2387 3063 sanguinem
2410 2994 2515 3050 ﬁde
2542 2996 2772 3067 respice,
2805 3008 2990 3055 mente
3015 3002 3291 3074 continge,
3328 3003 3564 3070 honora,

278 3099 544 3161 quaIenus
569 3105 635 3144 εκ
667 3106 731 3145 ρο
754 3091 1017 3155 vivamus,
1045 3101 1102 3145 ει
1126 3092 1179 3145 in
1198 3106 1263 3147 ρο
1284 3107 1314 3145 a
1337 3105 1465 3161 quo,
1487 3098 1543 3146 et
1572 3091 1628 3147 in
1656 3107 1784 3162 quo,
1817 3099 1875 3147 et
1901 3075 1944 3137 C
1978 3082 2199 3150 mirare,
2229 3085 2408 3140 cordis
2435 3100 2598 3141 manu
2625 3088 2859 3161 suscipe,
2889 3099 2948 3145 et
2972 3092 3210 3149 maxime
3247 3093 3446 3149 haustu
3492 3095 3577 3151 in.

277 3196 376 3251 per
427 3196 584 3249 quem
635 3181 897 3251 redempti
943 3196 1131 3236 sumus
1166 3189 1222 3236 et
1272 3182 1469 3248 renati,
1505 3181 1873 3238 necessarium

278 3281 367 3328 est
410 3272 462 3325 in
494 3287 689 3327 novam
734 3280 1041 3327 creaturam
1091 3272 1460 3328 transformati
1505 3281 1562 3329 et
1608 3272 1871 3339 innovati,

280 3380 347 3418 ex
388 3366 491 3421 hac
520 3380 658 3419 nova
702 3374 953 3421 creatura
994 3366 1264 3422 vivamus.
1309 3367 1451 3422 Dicit
1496 3368 1641 3423 enim
1679 3369 1873 3423 beatus

278 3455 611 3526 Augustinus
634 3456 827 3528 (Epist.
850 3458 968 3530 25),
992 3457 1147 3529 cujus
1172 3466 1225 3513 te
1249 3458 1577 3514 commoveri
1604 3459 1871 3515 sententia

278 3547 487 3612 dixisti,
512 3550 577 3604 de
606 3550 708 3603 hac
752 3564 811 3604 re
847 3549 914 3604 ad
943 3549 1280 3606 Bonifacium
1323 3550 1635 3621 episcopum
1666 3551 1723 3605 in
1753 3551 1871 3621 epi-

280 3640 419 3696 stola
447 3656 544 3697 sua
570 3660 583 3696 :
619 3659 641 3693 ‹
671 3640 822 3698 Sicut
854 3652 909 3698 ct
934 3659 1055 3711 nos,
1082 3645 1279 3715 inquit,
1307 3645 1543 3701 solemus
1587 3644 1770 3701 dicere
1803 3645 1872 3701 de

283 3732 371 3787 die
411 3734 682 3803 passionis
720 3732 920 3791 Christi
950 3751 1049 3806 per
1086 3737 1327 3808 singulas
1366 3736 1737 3793 solemnitates
1764 3736 1869 3792 Pa-

282 3824 459 3890 schae;
500 3825 680 3891 hodie,
714 3826 1007 3896 inquimus,
1039 3829 1367 3885 resurrectio
1394 3828 1594 3885 Christi
1619 3836 1722 3895 est,
1752 3844 1874 3899 qua:

285 3923 414 3970 ante
438 3915 621 3986 plures
660 3931 830 3972 annos
854 3918 1022 3973 semel
1050 3917 1195 3973 facta
1220 3927 1325 3986 est,
1358 3918 1482 3974 licet
1504 3934 1599 3989 per
1634 3927 1713 3974 tot
1748 3934 1874 3974 cur-

286 4006 457 4063 ricula
495 4023 759 4064 annorum
802 4011 917 4081 ipsa
957 4009 1255 4078 eademque
1300 4010 1542 4065 revoluta
1572 4024 1694 4065 esse
1725 4010 1873 4065 dica-

285 4107 393 4161 tur,
425 4108 564 4154 utet
590 4115 712 4156 esse
758 4102 875 4171 ipsa
903 4101 1180 4167 credatur,
1207 4110 1262 4155 et
1290 4102 1503 4157 nonnisi
1534 4102 1700 4158 semel
1727 4100 1872 4157 facta

284 4188 637 4260 intelligatur.
685 4191 754 4245 Et
800 4192 921 4247 ideo
965 4205 1094 4246 vere
1136 4206 1242 4245 non
1274 4191 1530 4247 mentitur
1568 4191 1660 4263 qui
1709 4192 1872 4258 dicit,

284 4278 447 4334 hodie
487 4280 691 4335 Christi
734 4282 1061 4336 resurrectio
1090 4291 1205 4347 est,
1246 4283 1371 4352 quia
1416 4283 1531 4354 ipsa
1575 4284 1873 4354 eademque

282 4380 367 4426 cst
417 4371 817 4440 quodammodo
845 4382 1065 4443 propter
1106 4372 1494 4429 revolutionem
1536 4373 1811 4443 temporis.
1846 4392 1865 4425 ι

283 4461 492 4517 Deinde
518 4463 726 4518 addidit
761 4462 1017 4534 praefatus
1041 4463 1254 4530 doctor,
1288 4473 1349 4518 ut
1376 4465 1591 4519 modum
1619 4464 1871 4535 loquendi

287 4552 736 4624 intelligeremus,
763 4570 871 4609 non
919 4554 1063 4625 quod
1107 4554 1209 4609 sibi
1257 4554 1565 4611 contrarius
1603 4569 1725 4611 esse
1753 4570 1871 4610 cre-

285 4644 464 4708 datur,
496 4656 589 4701 aut
616 4647 951 4716 praemissam
984 4646 1309 4701 sententiam
1338 4662 1491 4701 suam
1521 4647 1589 4701 ad
1630 4648 1872 4719 neophy-

284 4740 370 4787 tos
397 4733 527 4788 velit
556 4733 787 4801 referre,
838 4734 932 4790 sed
972 4744 1031 4790 ut
1074 4730 1371 4805 intelligere
1398 4749 1699 4804 possemus,
1731 4738 1874 4807 quod

288 4822 418 4878 alibi
471 4825 675 4894 tropice
729 4826 934 4881 dictum
987 4841 1107 4881 esse
1158 4834 1578 4882 monstraverat.
1628 4846 1646 4879 t
1690 4826 1875 4898 Neque

288 4918 571 4985 mentitur,
600 4920 795 4990 inquit,
824 4922 918 4992 qui
960 4922 1325 4993 interrogatus
1353 4922 1538 4989 fuerit,
1566 4924 1610 4980 si
1642 4940 1786 4991 eum,
1820 4926 1875 4981 id

286 5016 370 5065 est
396 5007 694 5078 Christum,
735 5012 897 5070 hodie
942 5014 1283 5085 responderit
1312 5014 1613 5082 immolari;
1654 5016 1779 5086 quia
1808 5032 1872 5072 ex

290 5101 407 5170 ipsa
454 5102 808 5159 similitudine
851 5120 1034 5161 rerum
1059 5122 1245 5161 earum
1278 5122 1506 5176 quarum
1536 5119 1877 5165 sacramenta

289 5202 435 5257 sunt,
479 5195 753 5265 accipiunt
795 5198 1034 5252 nomina.
1071 5198 1220 5253 Alias
1262 5208 1446 5254 autem
1490 5200 1592 5254 nisi
1641 5200 1877 5270 aliquam

289 5281 700 5342 similitudinem
726 5286 988 5343 haberent
1029 5287 1271 5359 ejusdem
1315 5291 1393 5346 rei
1434 5289 1588 5359 cujus
1617 5300 1741 5347 sunt
1787 5308 1877 5348 sa-

285 5384 595 5442 cramenta,
636 5388 977 5435 sacramenta
1012 5396 1117 5437 non
1155 5391 1355 5437 essent.
1383 5401 1401 5434 ι
1433 5383 1576 5454 Ergo
1600 5384 1725 5439 dum
1768 5384 1875 5439 im-

284 5466 523 5522 molatur
556 5467 643 5523 ille
671 5470 765 5540 qui
787 5471 906 5541 jam
933 5488 1037 5527 non
1071 5474 1315 5540 moritur,
1346 5490 1508 5544 neque
1548 5491 1688 5529 mors
1715 5477 1763 5530 ei
1795 5475 1879 5530 ul-

285 5565 368 5610 tra
399 5559 758 5616 dominabitur
800 5562 979 5633 (Rom.
1002 5564 1101 5635 vi),
1139 5565 1195 5620 in
1239 5574 1583 5622 sacramento
1612 5566 1691 5622 ﬁt.
1724 5565 1879 5623 Unde

295 5663 375 5710 ait
410 5654 559 5727 idem
611 5651 843 5710 doctor:
892 5674 911 5707 t
958 5654 1264 5713 Secundum
1311 5658 1601 5730 quemdam
1660 5659 1879 5718 modum

657 5748 932 5819 Ρηιιοι..
980 5750 1176 5814 CXX.

1979 3175 2163 3230 teriori
2191 3192 2425 3247 assume.
2448 3196 2467 3230 ι
2496 3178 2573 3235 Ac
2597 3180 2827 3238 deinde:
2864 3201 2882 3235 t
2910 3182 3021 3239 Nec
3047 3183 3253 3241 dubitet
3278 3186 3567 3259 quisquam

1974 3264 2265 3334 primarias
2308 3277 2588 3326 creaturas
2629 3280 2760 3326 nutu
2804 3275 3082 3343 potentiae,
3125 3280 3414 3347 praesentia
3443 3295 3568 3336 ma-

1968 3353 2201 3424 iestatis,
2237 3357 2293 3411 in
2319 3358 2585 3417 Dominici
2623 3364 2869 3435 corporis
2918 3366 3151 3422 transire
3189 3383 3347 3439 posse
3391 3378 3554 3425 natu-

1974 3461 2091 3500 ram
2109 3488 2125 3513 ,
2153 3462 2275 3502 cum
2307 3450 2481 3521 ipsum
2510 3453 2785 3509 hominem
2826 3456 3028 3525 videat,
3065 3458 3299 3516 artiﬁcio
3327 3462 3567 3521 caelestis

1974 3539 2387 3609 miseridordiae,
2431 3544 2632 3602 Christi
2662 3562 2858 3621 corpus
2903 3550 3173 3609 enectum.
3197 3573 3215 3608 ι
3263 3555 3392 3613 Haec
3434 3573 3566 3614 sau-

1975 3638 2187 3686 ctorum
2233 3632 2388 3701 ﬁdes,
2434 3637 2787 3708 charissime,
2831 3645 3080 3713 quamvis
3128 3646 3287 3704 multi
3342 3664 3412 3706 ex
3459 3651 3569 3708 hoc

1974 3722 2221 3780 dubitent
2247 3730 2516 3796 quomodo
2546 3729 2635 3786 ille
2672 3732 2881 3805 integer
2908 3745 3110 3806 manet,
3139 3748 3195 3795 et
3230 3741 3336 3798 hoc
3364 3757 3567 3814 corpus

1974 3815 2179 3872 Christi
2206 3827 2261 3874 et
2289 3822 2509 3892 sanguis
2538 3838 2659 3881 esse
2690 3828 2881 3896 possit.
2912 3828 3015 3897 Qui
3039 3846 3151 3888 non
3177 3834 3484 3903 crederent,
3516 3836 3567 3893 si

1973 3907 2235 3965 vidissent
2276 3910 2564 3969 duodecim
2613 3918 2876 3988 cophinos
2906 3919 3357 3994 fragmentorum,
3388 3935 3446 3983 et
3480 3942 3569 3985 se-

1974 4007 2118 4070 ptem
2142 4010 2374 4073 sportas,
2396 4006 2633 4077 quinque
2659 4018 2752 4065 aut
2776 4020 2987 4081 septem
3012 4030 3179 4085 panes
3201 4032 3322 4075 esse
3343 4018 3568 4091 (Matth.
3611 4028 3616 4035 '

1974 4106 2095 4158 xw;
2142 4092 2274 4148 Luc.
2318 4112 2405 4162 ix;
2449 4097 2612 4154 Joan.
2653 4106 2762 4172 vr).
2812 4102 2931 4160 Non
2968 4107 3115 4163 enim
3166 4108 3311 4166 aliud
3354 4111 3411 4166 in
3446 4111 3559 4169 fra-

1974 4185 2209 4254 gmentis
2229 4194 2347 4241 erat
2377 4203 2536 4257 quam
2569 4192 2670 4261 ipsi
2703 4208 2895 4263 panes,
2920 4204 2977 4252 et
3001 4197 3148 4253 aliud
3170 4199 3226 4255 in
3250 4214 3348 4257 esu
3372 4217 3562 4260 come-

1976 4275 2236 4331 deutium‘.
2276 4278 2413 4333 Nam
2436 4294 2503 4335 ex
2532 4282 2648 4352 ipsa
2678 4283 2878 4342 Christi
2904 4288 3283 4348 benedictione
3316 4296 3561 4351 manavit

1979 4374 2126 4421 tanta
2175 4370 2435 4439 ubertas;
2482 4382 2539 4427 et
2582 4390 2689 4430 non
2727 4376 2874 4433 aliud
2917 4378 3020 4434 fuit
3062 4382 3208 4451 quod
3257 4394 3560 4443 comestum

1900 4434 1952 4493 D
1977 4465 2081 4525 est,
2109 4469 2165 4514 et
2197 4463 2339 4530 quod
2367 4434 2660 4531 sublatum,
2693 4467 2797 4522 nisi
2843 4469 2944 4537 ipsi
2988 4434 3226 4542 quinque
3266 4488 3433 4544 panes
3466 4484 3564 4531 aut

1979 4560 2205 4623 septem.
2234 4551 2449 4621 Quanto
2469 4570 2599 4627 ergo
2628 4558 2822 4629 magis,
2851 4561 2943 4629 qui
2972 4561 3194 4619 Verbum
3216 4582 3339 4621 caro
3363 4566 3565 4632 factum

1980 4654 2055 4697 est
2107 4643 2287 4715 (Joan.
2316 4646 2381 4717 ι),
2413 4647 2643 4717 pullulat
2671 4648 2833 4706 Verbi
2878 4667 3026 4721 caro,
3058 4666 3114 4711 et
3144 4666 3329 4713 manat
3368 4657 3424 4714 in
3469 4674 3565 4715 sa-

1981 4747 2259 4794 cramento
2288 4740 2508 4796 ubertas
2539 4741 2741 4800 Christi
2785 4756 2840 4801 et
2876 4750 3187 4820 sanguinis?
3210 4752 3279 4807 Et
3318 4766 3426 4809 non
3458 4753 3568 4810 alia

1980 4843 2143 4898 quam
2192 4846 2321 4887 caro
2367 4832 2568 4891 Christi
2620 4845 2741 4904 est,
2786 4847 2842 4895 et
2891 4849 3072 4899 tamen
3118 4854 3304 4900 manet
3359 4846 3570 4919 integer

1980 4918 2248 4978 Christus.
2292 4922 2437 4980 Nihil
2480 4942 2611 4999 ergo
2657 4929 2906 4988 dissentit
2953 4934 3007 4989 in
3052 4935 3140 4992 his
3173 4938 3452 5004 omnibus,
3482 4918 3570 4996 ίιιι

1979 5013 2191 5081 opinor,
2234 5015 2425 5073 beatus
2449 5017 2784 5092 Augustinus
2818 5040 2848 5079 a
2890 5026 3112 5096 reliquis
3143 5030 3347 5085 sanctis
3387 5029 3565 5090 Patri-

1980 5106 2105 5172 hus,
2132 5108 2223 5176 qui
2260 5107 2317 5163 in
2355 5111 2767 5183 quamplurimis
2804 5116 2907 5172 hoc
2949 5117 3024 5172 ita
3056 5132 3194 5185 esse,
3229 5128 3289 5174 ut
3317 5118 3570 5178 Salvator

1984 5197 2092 5264 ait,
2134 5210 2441 5269 senserunt,
2476 5211 2529 5258 et
2576 5205 2803 5262 credunt
2846 5210 2988 5277 quod
3033 5210 3208 5265 credit
3242 5220 3428 5268 sancta
3467 5214 3569 5270 Dei

1986 5289 2246 5347 Ecclesia.
2275 5290 2413 5360 Quia
2451 5295 2529 5351 sic
2570 5304 2687 5364 est,
2736 5297 2913 5367 inquit
2950 5298 3096 5354 idem
3124 5302 3373 5373 egregius
3407 5302 3573 5359 Pater

1986 5381 2053 5437 ad
2090 5381 2379 5452 praefatum
2414 5383 2750 5442 Bonifacium
2785 5405 2798 5442 :
2836 5405 2855 5438 ι
2882 5386 3091 5459 Corpus
3117 5389 3410 5447 Christi‘et
3445 5409 3575 5448 sau-

1986 5474 2123 5546 guis,
2157 5476 2298 5532 sicut
2339 5488 2738 5535 sacramentum
2768 5472 2894 5537 ﬁdei
2926 5480 3062 5537 ﬁdes
3092 5495 3198 5539 est.
3233 5483 3377 5539 Nihil
3422 5487 3568 5541 enim

1986 5576 2070 5622 est
2106 5566 2251 5622 aliud
2278 5569 2523 5635 credere,
2556 5558 2663 5637 ait,
2694 5586 2857 5641 quam
2906 5571 3067 5629 ﬁdem
3115 5573 3314 5631 habere
3351 5586 3575 5647 propter

1989 5655 2113 5715 ﬁdei
2159 5669 2573 5729 sacramentum,
2607 5662 2733 5734 quia
2773 5672 2830 5722 et
2866 5665 2983 5738 ipsa
3027 5668 3310 5736 responsio
3354 5668 3573 5739 quando

3095 5763 3172 5823 53
