4148 6344
569 308 593 364 1
605 307 710 364 355

1368 296 1424 352 S.
1465 291 1816 350 PASCHASH
1858 284 2202 343 RADBliRTI
2237 284 2528 341 ABBATIS
2565 283 3015 341 CORBEIENSIS

3688 283 3712 338 Ι
3722 280 3835 339 ’556

568 414 884 485 interrogati
918 410 1234 467 conﬁtemur
1260 407 1535 463 Christum
1565 402 1804 474 quotidie
1851 401 1903 454 in
1949 407 2148 469 myste-
2173 400 2224 459 Α
2253 395 2434 451 unitus
2463 404 2561 459 est,
2592 395 2997 450 viviﬁcatricem
3027 410 3146 450 eam
3176 410 3296 450 esse
3325 395 3604 465 professus
3631 404 3732 450 est.
3768 395 3838 450 Et

569 510 651 564 rio
683 503 970 568 immolari,
996 501 1062 555 ad
1090 498 1501 555 celebrationem
1528 495 1760 565 pertinet
1791 487 2139 552 sacramenti,

569 599 710 671 quod
741 593 904 652 semel
954 591 1152 646 factum
1201 598 1284 644 est
1320 585 1533 658 quando
1567 583 1873 640 immolatus
1918 587 2002 635 est
2044 592 2144 649 pro

569 668 739 742 salute
761 681 944 737 mundi
987 681 1039 734 in
1087 679 1284 747 seipso.
1325 678 1401 732 Ac
1435 692 1531 747 per
1558 675 1660 731 hoc
1704 672 1830 744 quia
1864 670 1942 726 sic
1971 668 2144 724 credi-

571 793 690 832 mus
718 772 1068 845 spiritualitcr
1105 769 1243 835 ﬁeri,
1289 783 1385 822 nec
1415 766 1557 822 istud
1589 773 1673 820 est
1712 763 1829 819 sine
1857 761 1974 830 ipso
2003 758 2144 828 quod

571 882 697 925 tunc
724 875 933 938 gestum
971 873 1053 920 est
1080 868 1421 918 sacramento
1443 873 1593 927 ;.nec
1620 857 1750 912 illud
1777 853 2064 908 reiteratur
2092 849 2144 902 in

572 963 713 1018 facto
740 970 800 1015 ut
828 958 1089 1014 moriatur
1130 953 1398 1015 Christus,
1439 949 1530 1005 sed
1572 945 1883 1004 immolatur
1923 956 2022 1014 pro
2051 955 2145 995 no-

572 1054 655 1109 bis
701 1049 940 1122 quotidie
982 1049 1035 1101 in
1082 1044 1368 1118 mysterio,
1411 1032 1475 1096 ut
1518 1038 1877 1111 percipiamus
1914 1034 1966 1088 in
2007 1045 2146 1102 pane

569 1119 736 1216 quod—
753 1139 1002 1212 pependit
1046 1138 1100 1192 in
1139 1150 1319 1200 cruce,
1347 1142 1402 1189 et
1427 1133 1674 1187 bibamus
1714 1127 1768 1182 in
1806 1124 1974 1216 calice
2005 1119 2148 1216 quod

569 1211 916 1289 manavitiex
953 1225 1154 1284 Christi
1189 1225 1375 1279 latere.
1424 1222 1528 1277 Per
1567 1219 1726 1274 ﬁdem
1766 1215 1921 1271 'enim
1963 1211 2148 1266 ambu-

571 1325 744 1380 lamus
773 1329 825 1376 et
851 1335 956 1376 non
991 1332 1086 1388 per
1114 1313 1366 1386 speciem.
1402 1310 1468 1366 Et
1507 1307 1628 1364 ideo
1657 1307 1710 1361 in
1755 1303 1958 1374 Spiritu
1992 1299 2151 1370 spiri-

568 1415 787 1468 tualiter
817 1412 914 1466 ista
944 1408 1164 1463 credere
1194 1403 1468 1466 debemus,
1495 1409 1552 1454 et
1603 1411 1708 1452 non
1747 1391 2057 1455 carnaliter,
2083 1404 2151 1444 ne

568 1506 778 1560 facinus
804 1503 1160 1558 iucurramus.
1187 1514 1204 1546 ι
1256 1493 1390 1562 Quia
1439 1492 1584 1546 sicut
1630 1489 1746 1559 ipse
1773 1486 1965 1540 doctor
1995 1479 2148 1545 dicit,

565 1601 964 1654 sacramentum
1009 1588 1130 1644 ﬁdei
1176 1586 1308 1641 ﬁdes
1345 1591 1467 1638 est:
1507 1581 1587 1636 sic
1637 1593 1837 1648 corpus
1863 1572 2067 1630 Christi
2097 1578 2153 1625 et

567 1689 786 1761 sanguis
814 1688 866 1742 in
899 1687 999 1740 hoc
1028 1686 1370 1738 sacramento
1396 1689 1519 1730 vera
1548 1687 1676 1727 caro
1706 1679 1762 1724 et
1793 1665 2014 1736 sanguis
2045 1669 2146 1717 est.

2245 484 2367 539 ideo
2392 485 2640 554 quamvis
2666 484 2809 539 dicat
2832 484 2898 538 ad
2931 499 3030 538 nos
3058 502 3070 536 :
3099 483 3287 548 Amen,
3318 502 3495 550 amen,
3524 486 3643 539 dico
3668 485 3833 550 vobis,

2243 575 2348 630 nisi
2384 576 2822 630 manducaverizis
2871 593 3080 630 carnem
3126 576 3224 643 ﬁlii
3255 576 3480 630 hominis
3524 586 3570 629 et
3601 576 3841 632 biberitis

2241 663 2355 734 ejus
2385 666 2726 734 sanguinem,
2766 680 2872 720 non
2907 675 3086 720 tamen
3129 678 3248 718 eam
3294 675 3354 719 ut
3392 665 3626 720 hominis
3671 666 3837 721 unius

2245 767 2314 807 ex
2340 753 2494 809 nobis
2523 754 2836 809 existimare
2870 755 3147 810 debemus.
3179 754 3459 822 Quomodo
3503 756 3647 810 enim
3676 757 3837 827 juxta

2246 851 2492 899 naturam
2525 860 2676 900 suam
2708 845 3026 899 viviﬁcatrix
3070 860 3190 901 esse
3228 862 3356 901 caro
3402 847 3636 902 hominis
3676 855 3836 916 pote-

2249 935 2350 990 rit?
2379 935 2484 991 Sed
2524 944 2587 990 ut
2619 951 2743 990 vere
2774 936 3045 1006 pr0priam
3075 937 3192 1006 ejus
3216 935 3435 1002 factam,
3477 936 3570 1006 qui
3609 947 3840 1007 propter

2248 1042 2344 1083 nos
2372 1027 2513 1082 ﬁlius
2542 1027 2778 1082 hominis
2801 1037 2854 1083 et
2879 1028 3050 1083 factus
3074 1038 3157 1084 est
3182 1038 3238 1084 et
3263 1037 3506 1085 vocatus.
3531 1050 3549 1082 ι
3581 1028 3836 1101 Quapro-

2246 1125 2386 1188 pter,
2412 1117 2751 1183 charissimc,
2783 1133 2890 1172 non
2930 1126 3076 1173 recte
3115 1119 3329 1188 sapiunt
3367 1120 3677 1190 quicunque
3712 1135 3839 1176 car-

2247 1207 2441 1263 naliter
2482 1208 2547 1263 de
2592 1208 2694 1263 hoc
2735 1208 2992 1279 mysterio
3032 1208 3268 1278 sapiunt.
3315 1208 3458 1264 Sane
3505 1211 3631 1280 quia
3673 1211 3837 1280 spiri-

2251 1297 2374 1352 talia
2401 1307 2526 1354 sunt
2553 1299 2606 1353 in
2632 1314 2697 1354 eo
2731 1308 3094 1366 sacramenta,
3121 1314 3151 1353 a
3179 1300 3372 1369 quibus
3407 1302 3654 1356 animalis
3683 1303 3838 1372 quis-

2250 1403 2355 1458 que
2395 1391 2557 1445 homo
2591 1391 2816 1460 jejunat,
2864 1405 2929 1445 eo
2955 1391 3097 1460 quod
3128 1391 3400 1446 intellectu
3442 1392 3670 1461 spiritali
3718 1409 3834 1448 non

2251 1478 2412 1548 capit,
2445 1494 2618 1549 neque
2647 1480 2760 1534 vult
2791 1481 3016 1536 credere
3051 1496 3169 1550 quae
3199 1498 3305 1537 non
3349 1483 3618 1555 intelligit.
3651 1483 3838 1539 Habes

2251 1570 2318 1624 ad
2341 1583 2601 1641 praesens,
2645 1569 3013 1636 dilectissime,
3045 1585 3166 1640 quae
3203 1587 3487 1626 occurrere
3512 1581 3835 1641 potuerunt,

2253 1657 2506 1726 quoniam
2536 1673 2662 1727 pars
2699 1659 2892 1713 anima:
2921 1673 3053 1713 meae
3081 1674 3140 1714 es
3186 1660 3343 1726 mihi,
3389 1661 3564 1715 celare
3601 1678 3713 1716 non
3743 1664 3839 1720 de—

567 1747 712 1838 Nihil
747 1788 832 1836 est
856 1785 1036 1832 autem
1067 1771 1234 1837 aliud,
1280 1768 1474 1839 inquit,
1507 1765 1752 1826 credere,
1785 1758 1946 1830 quam
1989 1754 2148 1811 ﬁdem

2252 1747 2342 1839 bui
2389 1763 2510 1818 qua:
2551 1748 2694 1820 loqui
2727 1758 2788 1803 ut
2815 1749 3050 1820 oportuit
3079 1751 3304 1806 minime
3333 1753 3504 1822 potui.
3537 1753 3619 1807 Tu
3650 1763 3837 1810 autem

567 1873 770 1929 habere
808 1877 1028 1940 propter
1061 1864 1182 1920 ﬁdei
1215 1865 1631 1919 sacramentum,
1663 1852 1787 1924 quia
1819 1857 1873 1905 et
1901 1849 2013 1918 ipsa
2058 1860 2145 1940 re-

567 1961 787 2033 sponsio
809 1935 1357 2013 vad—celebi'ationem
1405 1947 1641 2019 pertinet
1688 1938 2030 1998 sacramenti.
2063 1935 2143 1990 Ex

568 2028 678 2126 quo
707 2052 866 2108 datur
897 2044 1136 2117 intelligi,
1163 2043 1290 2113 quia
1321 2055 1428 2095 non
1458 2051 1645 2093 omnes
1670 2033 1761 2103 qui
1789 2031 2008 2086 beatum
2036 2028 2145 2081 Au-

568 2125 840 2217 gustinum
878 2141 1080 2211 legunt,
1109 2134 1433 2204 intelligunt.
1476 2130 1640 2200 Cujus
1676 2125 1753 2180 rei
1801 2129 2142 2217 sacramenta

565 2209 757 2291 beatus
789 2209 1080 2302 Gregorius
1121 2227 1174 2282 in
1207 2223 1550 2292 Dialogorum
1583 2219 1722 2273 libro
1760 2220 1956 2284 quarto
2003 2209 2141 2282 (cap.

562 2327 657 2398 58)
686 2326 760 2382 ita
788 2323 1073 2380 conﬁrmat
1100 2317 1324 2373 dicens:
1360 2333 1377 2365 ι
1407 2305 1883 2398 Debemusitaque
1908 2315 2145 2373 prtcsens

562 2395 853 2480 saiculum,
903 2411 985 2467 vel
1043 2409 1170 2480 quia
1230 2403 1595 2474 conspicimus
1659 2395 1980 2460 deﬂuxisse,
2029 2399 2145 2447 tota

565 2515 752 2566 mente
779 2511 1148 2564 contemnere,
1181 2495 1495 2569 quotidiana
1529 2491 1640 2546 Deo
1669 2487 2035 2557 lacrymarum
2065 2497 2146 2538 sa-

562 2597 788 2663 criﬁcia,
817 2592 1158 2666 quotidianas
1181 2587 1363 2645 carnis
1389 2584 1509 2656 ejus
1540 2591 1596 2639 et
1619 2578 1900 2651 sanguinis
1939 2575 2146 2632 hostias

563 2690 907 2748 immolare.»
959 2685 1083 2740 llaec
1127 2693 1360 2750 namque
1407 2673 1755 2746 singulariter
1787 2669 2029 2733 victima,
2077 2667 2145 2722 ab

563 2791 768 2838 :cterno
816 2777 1035 2834 interitu
1082 2773 1316 2828 animam
1370 2767 1572 2832 salvat,
1622 2778 1744 2834 qua:
1794 2760 1940 2817 illam
1991 2758 2146 2814 nobis

566 2881 797 2932 mortem
844 2867 1100 2939 unigeniti
1135 2879 1230 2936 per
1264 2860 1582 2934 mysterium
1626 2861 1861 2926 reparat.
1890 2851 1990 2918 Qui
2021 2850 2147 2905 licet

563 2977 790 3035 surgens
819 2976 850 3014 a
880 2956 1104 3012 mortuis
1125 2955 1239 3024 jam
1273 2967 1379 3008 non
1408 2948 1656 3011 moritur,
1681 2953 1734 3001 et
1761 2960 1902 2998 mors
1927 2943 1975 2996 ei
2002 2940 2144 2995 ultra

563 3033 682 3111 non?
698 3049 1055 3108 dominabitur
1078 3045 1258 3117 (Rom.
1283 3043 1387 3112 vt),
1434 3049 1613 3095 tamen
1642 3037 1694 3091 in
1722 3035 1899 3105 seipso
1929 3033 2147 3088 immor-

2245 1838 2407 1894 velim
2433 1839 2640 1910 relegas
2683 1840 2922 1895 libellum
2957 1849 3203 1896 nostrum
3230 1841 3297 1896 de
3324 1842 3427 1898 hoc
3456 1858 3639 1913 opere,
3669 1858 3835 1914 quem

2245 1931 2374 1987 olim
2402 1942 2453 1988 te
2486 1932 2681 2004 legisse
2709 1933 2866 1997 dicis,
2910 1933 3034 1987 etsi
3059 1934 3184 2003 quid
3213 1934 3265 1988 in
3294 1948 3360 1989 eo
3394 1935 3836 2003 reprehenderis,

2246 2028 2338 2075 aut
2369 2021 2722 2089 dubitaveris,
2773 2023 3012 2094 relegere
3052 2038 3158 2077 non
3204 2025 3404 2094 pigeat.
3433 2026 3570 2092 Quia
3611 2026 3720 2080 etsi
3759 2025 3838 2081 nil

2247 2110 2302 2165 in
2323 2125 2390 2167 eo
2419 2111 2718 2183 legentibus
2739 2112 2960 2183 dignum
2990 2112 3204 2183 scripsi,
3233 2129 3392 2182 quem
3419 2114 3639 2169 cuilibet
3667 2129 3837 2184 puero

2247 2203 2530 2268 dedicavi,
2573 2213 2753 2257 tamen
2801 2204 2869 2258 ad
2921 2204 3330 2274 intelligentiam
3380 2205 3540 2276 hujus
3589 2207 3835 2276 mysterii

2247 2296 2450 2365 plures,
2479 2306 2538 2351 ut
2570 2297 2750 2360 audio,
2786 2297 3086 2362 commovi,
3119 2305 3179 2351 ut
3215 2297 3390 2352 sciant
3425 2306 3482 2353 et
3527 2298 3838 2370 intelligant

2247 2387 2405 2458 digne
2435 2387 2675 2458 cogitare
2713 2385 2781 2442 de
2824 2385 3060 2453 Christo,
3107 2385 3261 2456 cujus
3306 2389 3433 2443 dum
3475 2403 3677 2458 corpus
3725 2402 3836 2442 non

2247 2477 2617 2548 corrumpitur
2641 2477 2767 2548 quia
2795 2477 3036 2548 spiritale
3069 2486 3175 2544 est,
3199 2485 3254 2534 et
3284 2486 3452 2534 totum
3480 2478 3724 2548 spiritale
3751 2485 3837 2532 est

2247 2571 2391 2640 quod
2415 2570 2720 2626 celebratur
2741 2569 2795 2623 in
2821 2569 2925 2624 hoc
2954 2578 3318 2636 sacramento,
3345 2570 3472 2639 quia
3501 2567 3726 2637 spiritus
3750 2575 3838 2622 est

2247 2663 2340 2732 qui
2383 2661 2618 2716 viviﬁcat
2646 2670 2702 2716 ct
2729 2668 2988 2731 operatur
3019 2661 3071 2714 in
3098 2675 3164 2716 eo
3191 2661 3538 2715 credentibus
3574 2667 3630 2714 et
3671 2658 3836 2727 digne

2245 2753 2664 2823 percipientibus
2708 2752 2899 2817 vitam,
2942 2766 3045 2806 non
3083 2751 3427 2806 credentibus
3459 2764 3591 2805 vero
3640 2758 3700 2803 et
3744 2748 3833 2802 in-

2247 2842 2406 2914 digne
2452 2843 2580 2897 illud
2621 2841 3089 2905 manducantibus,
3133 2855 3259 2896 vere
3289 2838 3557 2909 judicium
3601 2839 3831 2894 damna-

2250 2935 2430 2990 tionis.
2471 2934 2621 2988 Facit
2665 2935 2809 2988 enim
2841 2934 2941 2988 hoc
2985 2948 3179 3002 corpus
3220 2941 3274 2986 et
3302 2931 3540 3004 sanguis,
3572 2931 3831 3002 quodip-

2249 3040 2366 3080 sum
2406 3025 2600 3080 fecisse
2650 3023 2926 3079 Christum
2972 3025 3027 3077 in
3077 3038 3239 3078 cruce
3281 3023 3531 3093 legimus,
3571 3023 3700 3078 dum
3735 3021 3833 3076 uni

562 3110 744 3204 taliter
778 3156 940 3214 atque
974 3110 1454 3207 incorruptibiliter
1485 3131 1691 3193 vivens,
1722 3142 1818 3198 pro
1853 3124 2009 3180 nobis
2044 3123 2144 3178 ite-
2171 3135 2216 3197 ρ
2248 3131 2433 3172 eorum
2484 3114 2574 3184 qui
2622 3123 2780 3168 erant
2825 3129 2948 3168 cum
3011 3128 3076 3168 eo
3137 3115 3190 3167 in
3252 3111 3492 3183 patibulo
3549 3110 3833 3167 conﬁtenti

565 3253 684 3294 rum
725 3236 780 3292 in
815 3235 918 3290 hoc
955 3229 1214 3303 mysterio
1260 3240 1430 3283 sacra:
1471 3221 1760 3278 oblationis
1805 3217 2135 3274 immolatur.

562 3331 693 3403 Ejus
725 3327 921 3400 quippe
946 3323 1018 3380 ibi
1049 3336 1244 3392 corpus
1284 3317 1540 3381 sumitur,
1569 3314 1686 3386 ejus
1719 3326 1846 3368 caro
1872 3311 1927 3365 in
1961 3306 2142 3378 populi

563 3425 790 3482 salutem
830 3419 1080 3494 partitur,
1124 3415 1241 3487 ejus
1284 3411 1506 3483 sanguis
1557 3425 1663 3466 non
1690 3407 1803 3477 jam
1845 3406 1898 3460 in
1951 3417 2143 3458 manus

564 3515 877 3580 inﬁdelium,
916 3511 1009 3568 sed
1040 3509 1095 3565 in
1135 3523 1231 3565 ora
1272 3504 1510 3561 ﬁdelium
1541 3500 1807 3556 funditur.
1842 3497 1981 3552 Hinc
2014 3508 2144 3565 ergo

561 3621 852 3679 pensemus
879 3603 1036 3677 quale
1067 3602 1138 3658 sit
1171 3615 1269 3672 pro
1303 3597 1459 3654 nobis
1493 3594 1842 3658 sacriﬁcium,
1872 3590 2013 3663 quod
2043 3603 2143 3660 pro

562 3695 900 3753 absolutione
928 3700 1110 3749 nostra
1140 3689 1450 3761 passionem
1483 3683 1745 3756 unigeniti
1783 3681 1903 3736 Filii
1931 3694 2144 3749 semper

563 3787 825 3842 imitatur.
852 3784 984 3852 Quis
1009 3781 1156 3838 enim
1200 3779 1436 3836 ﬁdelium
1464 3777 1666 3832 habere
1706 3773 1925 3830 dubium
1953 3771 2138 3842 possit,

561 3879 618 3934 in
647 3878 761 3949 ipsa
786 3873 1170 3933 immolationis
1197 3873 1330 3928 hora
1353 3871 1422 3925 ad
1449 3866 1744 3925 sacerdotis
1765 3879 1950 3922 vocem
1979 3863 2147 3919 cmlos

564 3966 800 4038 aperiri,
847 3965 902 4021 in
948 3963 1040 4020 illo
1089 3960 1218 4019 Jesu
1267 3959 1470 4016 Christi
1521 3957 1781 4030 mysterio
1833 3955 2145 4024 angelorum

565 4059 760 4114 choros
787 4055 1013 4112 adesse?
1059 4053 1287 4110 summis
1327 4051 1434 4106 ima
1486 4048 1704 4115 sociari,
1740 4056 1955 4103 terrena
1984 4045 2146 4100 cmle-

563 4145 739 4200 stibus
779 4142 966 4214 jungi,
1011 4157 1287 4218 unnmex
1337 4139 1642 4194 visibilibus
1687 4145 1850 4206 atque
1899 4135 2147 4190 invisibi-

561 4232 703 4289 libus
739 4232 892 4289 ﬁeri?
922 4231 1027 4288 Sed
1057 4241 1112 4286 et
1152 4232 1216 4286 de
1247 4231 1348 4285 hoc
1390 4236 1732 4285 sacramento
1772 4226 2148 4282 sanctissimus

562 4323 797 4396 Cyrillus
843 4337 965 4379 cum
1009 4329 1226 4378 centum
1274 4321 1662 4393 quinquaginta
1710 4319 1802 4390 qui
1847 4319 1901 4374 in
1937 4319 2148 4390 Epheso

565 4424 693 4472 sunt
748 4414 1092 4485 congregati,
1143 4413 1284 4467 inter
1333 4419 1527 4468 cratera
1592 4409 1716 4465 ﬁdei
1773 4410 2142 4466 documenta:

2244 3207 2480 3280 paradisi
2541 3205 2793 3276 prmstitit
2852 3220 3116 3276 regnum;
3184 3203 3342 3259 alteri
3396 3217 3558 3268 vero,
3616 3201 3834 3257 scilicet

2244 3299 2635 3370 blasphemanti
2691 3298 2881 3352 mortis
2932 3297 3192 3367 judicium
3246 3295 3639 3352 determinavit.
3711 3294 3832 3348 Ad-

2245 3392 2355 3448 didi
2390 3399 2568 3446 autem
2597 3390 2723 3444 huic
2746 3389 3080 3458 responsioni
3105 3397 3305 3444 nostra:
3332 3386 3654 3457 expositum,
3679 3384 3834 3454 quod

2247 3485 2314 3541 de
2348 3497 2505 3540 ctena
2547 3498 2613 3538 ex
2659 3483 2762 3538 hoc
2807 3483 3066 3552 mysterio
3114 3481 3168 3535 in
3204 3480 3514 3535 Matthaeum
3559 3491 3834 3546 exposue-

2246 3593 2394 3644 ram,
2426 3585 2486 3630 ut
2529 3590 2595 3632 ex
2639 3577 2756 3643 ipso
2806 3575 3154 3630 considerare
3178 3587 3363 3643 queas,
3405 3569 3534 3640 quid
3568 3567 3830 3638 intelligi-

2246 3667 2408 3725 bilius
2433 3668 2765 3723 credendum
2795 3666 2887 3730 sit,
2916 3665 3002 3720 vel
3043 3665 3171 3735 quid
3213 3664 3268 3718 in
3314 3678 3402 3717 me
3432 3659 3835 3730 reprehenden-

2247 3757 2375 3813 dum
2401 3772 2523 3813 cum
2549 3757 2834 3811 charitate.
2865 3755 3273 3817 Verumtamen,
3297 3751 3433 3823 quid
3477 3751 3670 3805 horum
3702 3763 3834 3805 ceno

2248 3864 2390 3915 scas,
2416 3863 2629 3919 quaso,
2678 3848 2818 3902 hanc
2854 3845 3138 3915 epistolam
3178 3854 3233 3899 et
3275 3845 3379 3899 hoc
3424 3843 3730 3913 eupositum
3774 3841 3833 3895 in

2248 3939 2440 3995 eodem
2488 3937 2668 3993 libello
2723 3936 2984 4007 adjungas
3033 3944 3344 4005 :quatenus
3388 3949 3457 3989 ex
3502 3933 3590 3988 his
3635 3931 3833 3986 lectori

2251 4027 2481 4098 amplius
2507 4037 2767 4099 augeatur
2792 4040 3006 4093 sensus,
3037 4033 3092 4081 et
3112 4025 3463 4080 conﬁrmetur
3490 4024 3710 4078 Patrum
3739 4037 3836 4076 au-

2250 4119 2489 4174 ctoritas.

2354 4254 2816 4316 EXPOSITUM
2859 4250 3270 4314 PASCHASII
3313 4249 3720 4311 RADBERTI

2664 4389 2928 4435 ABBATIS
2972 4389 3377 4434 CORBEIENSIS
3402 4415 3418 4443 ,

570 4529 588 4560 ι
619 4507 956 4572 Necessarie,
1001 4506 1282 4575 inquiunt,
1313 4513 1368 4560 et
1415 4504 1518 4559 hoc
1561 4502 1884 4574 adjicimus:
1919 4500 2146 4556 Annun-
2174 4491 2225 4551 D
2253 4501 2326 4562 In
2373 4496 2530 4560 illud
2585 4494 2863 4558 Matthwi
2923 4516 2937 4554 :
2991 4493 3414 4575 comentibus
3441 4498 3647 4575 autem
3703 4491 3831 4575 eis,

565 4599 766 4654 tiantes
811 4596 978 4662 enim,
1020 4595 1318 4651 secundum
1349 4609 1569 4650 carnem
1609 4601 1837 4650 mortem
1886 4591 2147 4664 unigeniti

566 4690 686 4747 Filii
717 4688 833 4754 Dei,
865 4688 916 4743 id
940 4697 1024 4742 est
1045 4686 1249 4742 Christi
1276 4685 1422 4751 Jesu,
1451 4695 1505 4740 et
1531 4684 1986 4740 resurrectionem
2009 4682 2145 4751 ejus,

562 4790 619 4836 et
665 4781 718 4834 in
767 4778 934 4834 caalos
989 4776 1358 4833 ascensionem
1417 4775 1622 4846 pariter
1664 4772 2011 4837 conﬁtentes,
2061 4772 2146 4825 in-

563 4879 844 4926 cruentam
898 4868 1238 4925 celebramus
1282 4865 1534 4922 sacriﬁcii
1587 4865 1642 4919 in
1672 4863 1929 4919 Ecclesiis
1971 4863 2145 4918 servi-

565 4973 757 5019 tutem.
806 4960 898 5018 Sic
929 4961 1092 5017 etiam
1126 4959 1194 5014 ad
1235 4959 1490 5029 mysticas
1533 4955 1940 5012 benedictiones
1987 4969 2144 5010 acce-

565 5058 762 5122 dimus,
792 5065 847 5111 et
871 5054 1271 5111 sanctiﬁcamur
1292 5048 1580 5122 participes
1604 5048 1780 5105 sancti
1819 5047 2064 5118 corporis
2092 5056 2148 5102 et

565 5151 786 5221 pretiosi
819 5149 1098 5219 sanguinis
1128 5145 1329 5202 Christi
1372 5145 1616 5200 omnium
1661 5149 1900 5197 nostrum
1939 5143 2138 5197 redem-

565 5241 737 5310 ptoris
761 5239 957 5296 elIecti.
984 5237 1100 5294 Non
1127 5247 1187 5292 ut
1219 5249 1559 5294 communem
1589 5246 1808 5288 carnem
1844 5231 2148 5300 percipien-

570 5341 670 5394 tes,
712 5329 853 5400 quod
896 5329 1071 5394 absit,
1118 5344 1217 5384 nec
1265 5335 1323 5382 ut
1368 5326 1471 5380 viri
1518 5321 1843 5379 sanctiﬁcati
1880 5330 1936 5374 et
1981 5321 2145 5376 verbo

566 5419 839 5488 conjuncti
884 5418 1177 5475 secundum
1208 5416 1486 5486 dignitatis
1527 5413 1818 5477 unitatem,
1864 5420 1957 5465 aut
2005 5411 2146 5466 sicut

569 5511 803 5568 divinam
830 5511 1152 5582 possidentis
1176 5508 1562 5578 habitationem
1579 5545 1594 5570 ,
1633 5503 1726 5559 sed
1754 5517 1883 5558 vere
1906 5502 2140 5557 viviﬁca-

569 5602 758 5656 tricem
800 5608 854 5653 et
879 5599 1048 5669 ipsius
1072 5598 1231 5654 Verbi
1271 5597 1542 5669 propriam
1583 5595 1802 5650 factam.
1835 5593 1956 5648 Vita
2001 5593 2144 5647 enim

570 5691 888 5750 naturaliter
933 5701 990 5746 ut
1037 5691 1178 5746 Dens
1226 5692 1494 5757 existens,
1547 5689 1672 5758 quia
1720 5687 1950 5757 propria:
1995 5685 2145 5740 carni

2329 4577 2569 4655 accepit
2615 4575 3085 4655 Iesusgpanem,
3128 4571 3445 4655 benedixit
3491 4570 3832 4655 acfrcgit,

2331 4648 3000 4735 deditquegdiscipulis
3052 4652 3187 4712 suis
3256 4659 3310 4710 et
3370 4650 3461 4710 ait
3499 4648 3837 4735 :Accipite

2331 4744 2382 4796 et
2446 4730 2736 4795 coinedite
2773 4754 2790 4792 :
2825 4730 2939 4792 hoc
2998 4738 3084 4791 est
3141 4747 3371 4808 corpus
3431 4746 3648 4801 meum,
3707 4734 3829 4788 etc.

2331 4812 2578 4894 (Matth.
2627 4810 2832 4890 xxvr.)

2318 4956 2650 5012 Caenantibus
2683 4963 2858 5007 autem
2896 4953 2991 5015 eis,
3026 4952 3218 5020 accepit
3249 4949 3408 5004 Iesus
3436 4964 3640 5018 panem,
3681 4947 3838 5001 bene—

2247 5052 2382 5106 dixit
2408 5067 2470 5104 ac
2491 5049 2661 5118 fregit,
2687 5047 2929 5116 deditque
2955 5044 3225 5115 discipulis
3251 5044 3381 5107 suis,
3407 5051 3454 5096 et
3487 5042 3562 5094 ait
3610 5053 3629 5090 :
3678 5039 3836 5092 Acci-

2247 5143 2350 5212 pite
2377 5149 2424 5194 et
2463 5139 2713 5194 comedite
2748 5151 2765 5188 :
2793 5139 2890 5190 hoc
2916 5145 2990 5189 est
3019 5152 3204 5205 corpus
3233 5150 3428 5197 meum,
3459 5142 3562 5186 etc.
3594 5130 3838 5185 Audiam

2251 5231 2340 5301 qui
2373 5229 2559 5285 volunt
2579 5226 2992 5282 cxtenuarehoc
3012 5225 3232 5278 verbum
3261 5222 3526 5291 corporis,
3551 5220 3694 5290 quod
3721 5235 3833 5274 non

2250 5324 2321 5379 sit
2348 5335 2472 5375 vera
2505 5335 2634 5375 caro
2655 5318 2879 5382 Christi,
2909 5332 3030 5386 qtue
3057 5329 3198 5370 nunc
3231 5315 3283 5368 in
3315 5319 3656 5368 sacramento
3684 5308 3835 5365 cele-

2251 5415 2441 5469 bratur
2461 5412 2513 5466 in
2534 5409 2770 5464 Ecclesia
2791 5407 3018 5471 Christi,
3044 5420 3216 5476 neque
3246 5419 3406 5460 verus
3447 5401 3669 5471 sanguis
3689 5399 3835 5468 ejus.

2250 5504 2446 5560 Nescio
2496 5502 2624 5572 quid
2663 5500 2905 5555 volentes
2953 5499 3207 5570 plaudere
3256 5505 3351 5551 aut
3403 5494 3630 5561 ﬁngere,
3671 5491 3836 5562 quasi

2252 5593 2494 5665 quaedam
2529 5585 2701 5646 virtus
2739 5591 2810 5645 sit
2835 5591 3016 5645 carnis
3051 5599 3108 5644 et
3130 5585 3411 5658 sanguinis
3453 5585 3506 5638 in
3545 5597 3614 5638 eo
3637 5583 3836 5638 admo-

2255 5685 2380 5738 dum
2405 5688 2764 5743 sacramcnto,
2797 5689 2852 5734 ut
2883 5679 3144 5734 Dominus
3193 5675 3504 5740 mentiatur,
3536 5681 3590 5728 et
3620 5687 3728 5727 non
3763 5673 3839 5727 sit
