4148 6344
285 311 420 368 1557

1394 305 1725 362 EPISTOLA
1761 303 1855 360 AD
1890 302 2434 360 FRUDEGARDUM.

3408 296 3545 360 {358

281 441 408 481 vera
431 438 560 480 caro
587 423 724 494 ejus,
765 437 938 492 neque
971 437 1128 478 verus
1153 421 1392 492 sanguis,
1423 420 1475 474 in
1513 420 1711 490 quibus
1733 433 1861 474 vera
1890 419 1944 479 Α
1967 424 2122 472 vator
2159 417 2235 471 ait
2264 435 2276 470 :
2311 415 2426 470 Hoc
2454 432 2539 470 vos
2570 414 2940 470 scandalizat?
2985 415 3047 471 Si
3103 417 3333 470 videritis
3374 415 3547 486 ﬁlium

281 534 432 575 mors
460 517 662 572 Christi
693 516 1060 580 annuntiatur,
1098 530 1220 569 cum
1253 515 1365 584 ipsa
1398 511 1611 568 Veritas
1653 510 1800 566 dicat
1845 528 1858 565 :

282 608 402 663 Hoc
427 617 502 662 est
531 623 718 676 corpus
748 621 953 669 meum;
985 603 1233 659 similiter
1256 613 1309 657 et
1351 604 1417 657 de
1441 602 1607 658 calice
1639 620 1651 654 :
1693 601 1864 656 Bibite

281 717 348 755 ex
371 701 469 753 hoc
512 714 730 753 omnes:
756 697 840 750 hic
869 706 942 751 est
973 696 1110 750 enim
1156 695 1370 764 sanguis
1401 711 1568 760 meus,
1605 693 1742 748 Novi
1769 693 1864 748 Te-

279 789 547 854 stamenti,
579 804 685 842 non
711 787 1120 857 qualiscunque,
1157 786 1249 840 sed
1274 785 1363 855 qui
1403 801 1497 854 pro
1534 785 1674 838 vobis
1702 785 1867 854 effun-

281 883 435 937 detur
462 883 514 935 in
565 882 919 935 remissionem
967 889 1318 950 peccatorum.
1358 878 1468 935 Nec
1509 879 1691 950 itaque
1729 880 1868 935 dixit

281 989 406 1028 cum
435 971 596 1043 h'egit
624 981 680 1026 et
707 972 854 1026 dedit
881 971 958 1026 eis
1001 984 1216 1040 panem,
1246 972 1362 1027 haec
1405 979 1509 1038 est,
1540 972 1622 1026 vel
1670 972 1726 1026 in
1763 972 1868 1027 hoc

282 1062 540 1133 mysterio
566 1068 649 1115 est
671 1060 915 1130 quadam
945 1061 1117 1114 virtus
1139 1059 1223 1114 vel
1253 1059 1422 1130 figura
1445 1061 1689 1130 corporis
1717 1060 1822 1115 mei
1847 1077 1862 1127 ;

281 1152 378 1207 sed
402 1150 478 1204 ait
499 1166 603 1205 non
643 1149 803 1204 ﬁcte:
840 1148 954 1203 Hoc
981 1160 1055 1203 est
1080 1167 1267 1220 corpus
1299 1168 1488 1206 meum.
1518 1150 1584 1205 Et
1611 1151 1731 1206 ideo
1764 1152 1868 1206 hoc

282 1251 372 1298 est
391 1243 533 1313 quod
561 1241 714 1303 dixit,
742 1250 796 1297 et
830 1257 935 1295 non
972 1243 1113 1310 quod
1136 1243 1367 1312 quisque
1399 1243 1570 1314 ﬁngit.
1603 1243 1704 1299 Ubi
1754 1243 1864 1298 Lu-

283 1351 376 1390 cas
397 1333 599 1388 addidit
628 1347 642 1385 :
677 1331 829 1397 Quod
849 1349 943 1402 pro
975 1333 1112 1386 vobis
1139 1333 1379 1387 tradetur
1409 1333 1563 1406 (Luc.
1595 1333 1755 1402 xxu),
1781 1333 1866 1388 vel

283 1425 424 1481 sicut
454 1423 543 1478 alii
574 1423 786 1478 codices
829 1424 1051 1487 habent,
1093 1423 1268 1476 datur.
1303 1422 1408 1479 Sed
1450 1433 1504 1480 et
1530 1422 1765 1480 Joannes
1802 1441 1868 1480 ex

284 1530 516 1586 persona
545 1513 758 1569 Domini
795 1533 806 1567 :
837 1511 1022 1577 Panis,
1049 1514 1246 1583 inquit,
1268 1531 1420 1585 quem
1447 1531 1538 1586 ego
1566 1515 1720 1580 dabo,
1745 1532 1868 1570 caro

283 1623 401 1661 mea
440 1615 536 1672 est,
565 1621 671 1660 non
703 1605 807 1659 alia
863 1623 1022 1676 quam
1075 1606 1210 1660 dabo
1257 1623 1350 1676 pro
1399 1607 1581 1661 mundi
1620 1608 1760 1672 vita;
1806 1621 1871 1662 ac

283 1696 480 1751 deinde
511 1713 524 1748 :
577 1696 681 1761 Qui
720 1695 1002 1750 manducat
1029 1713 1239 1750 carnem
1267 1713 1436 1751 meam
1456 1738 1471 1763 ,
1516 1709 1562 1752 et
1592 1697 1716 1752 bibit
1746 1714 1870 1752 san-

1966 506 2191 559 hominis
2226 504 2584 560 ascendentem
2604 505 2692 558 ubi
2721 513 2832 559 erat
2871 505 3058 574 prius?
3084 504 3162 560 Ac
3192 505 3237 560 si
3277 505 3486 562 diceret
3532 525 3546 560 :

1965 595 2022 651 Si
2054 596 2156 651 hoc
2191 596 2486 666 intelligere
2514 597 2768 666 possetis,
2800 596 3012 654 sciretis
3054 598 3242 668 utique
3281 599 3426 668 quod
3457 600 3550 668 qui

1965 687 2172 757 integer
2193 687 2486 743 ascendere
2499 695 2677 758 potest
2700 687 2790 742 ubi
2812 689 3110 758 eratprius,
3134 705 3273 745 unus
3299 689 3552 760 idemque

1965 776 2231 843 Christus,
2255 778 2498 833 consumi
2522 793 2630 832 non
2653 785 2831 849 potest
2851 779 3121 845 dentibus,
3147 794 3248 836 nec
3263 778 3428 834 dividi
3453 793 3552 850 per

1967 876 2170 936 partes.
2209 867 2323 923 Hoc
2341 869 2538 938 quippe
2573 867 2758 924 videre
2788 869 3014 924 multum
3058 879 3160 939 est,
3201 871 3328 942 quia
3354 871 3410 927 in
3439 873 3552 943 spi-

1967 957 2074 1013 ritu
2100 967 2200 1014 est.
2242 958 2355 1015 Hoc
2375 975 2702 1030 cognoscere
2730 959 2815 1016 vel
2841 961 3087 1028 credere,
3117 964 3388 1032 quomodo
3410 980 3550 1020 unus

1967 1050 2217 1108 Christus
2269 1053 2575 1108 ascenderit
2614 1052 2757 1108 ﬁlius
2813 1053 3048 1109 hominis
3097 1055 3188 1110 ubi
3219 1063 3342 1110 erat
3377 1057 3550 1126 prius,

1968 1143 2088 1212 quis
2109 1144 2213 1200 hoc
2239 1159 2400 1199 sensu
2423 1143 2688 1215 explicet?
2712 1153 2768 1200 et
2817 1144 2961 1214 quod
2991 1145 3269 1202 descendit
3311 1147 3378 1204 de
3411 1148 3552 1204 coelo

1971 1232 2111 1289 ﬁlius
2143 1233 2373 1289 [nominis
2399 1235 2489 1305 qui
2511 1243 2593 1290 est
2614 1234 2666 1289 in
2693 1235 2854 1302 coelo,
2882 1250 3002 1305 quae
3045 1237 3146 1292 hoc
3184 1238 3322 1294 ratio
3373 1237 3552 1310 capit?

1969 1320 2192 1378 Necnon
2234 1332 2289 1379 et
2330 1324 2474 1394 quod
2508 1324 2732 1380 Verbum
2773 1342 2896 1380 caro
2937 1326 3136 1396 factum
3169 1338 3264 1395 est,
3302 1344 3422 1400 quae
3447 1331 3553 1387 hoc

1971 1416 2132 1470 verba
2163 1416 2514 1485 eloquuntur,
2555 1427 2611 1472 et
2649 1417 2794 1488 quod
2843 1419 3285 1478 incommutabile
3319 1432 3420 1488 est,
3467 1423 3552 1479 fa-

1972 1514 2116 1560 ctum
2143 1507 2384 1574 dicatur;
2418 1508 2501 1563 vel
2535 1511 2806 1578 quomodo
2835 1511 2928 1581 qui
2965 1512 3128 1568 homo
3147 1522 3267 1569 erat
3287 1513 3428 1571 ﬁlius
3454 1517 3555 1572 ho-

1972 1597 2133 1652 minis
2159 1597 2212 1652 in
2241 1607 2387 1653 terra
2415 1614 2600 1655 coram
2628 1601 2800 1656 oculis
2829 1615 3016 1658 eorum
3052 1605 3284 1674 positus,
3314 1606 3366 1660 in
3397 1607 3553 1664 coelis

1973 1701 2094 1744 esse
2144 1688 2374 1745 dicatur.
2421 1690 2700 1758 Quomodo
2757 1707 2884 1765 ergo
2913 1693 2979 1750 de
3022 1696 3161 1752 coelo
3210 1697 3360 1753 venit
3411 1699 3556 1754 unde

281 1786 494 1856 guinem
517 1802 710 1850 meum,
749 1786 805 1840 in
847 1803 926 1840 me
954 1796 1146 1850 manet,
1176 1796 1224 1840 et
1255 1803 1346 1857 ego
1377 1789 1434 1842 in
1458 1777 1728 1858 αρ’(Ιοαη,
1763 1787 1860 1858 γι),
1894 1774 1942 1834 Β
1970 1795 2246 1850 nunquam
2272 1782 2482 1855 abfuit?
2509 1783 2770 1840 Ascendit
2789 1785 3146 1855 descendens,
3169 1789 3296 1859 quia
3322 1789 3377 1844 in
3406 1790 3555 1845 nullo

284 1877 438 1934 Unde
461 1877 629 1931 miror
651 1877 779 1948 quid
804 1876 971 1932 velint
998 1893 1140 1932 nunc
1172 1878 1391 1947 quidam
1420 1877 1625 1945 dicere,
1666 1894 1772 1934 non
1810 1878 1866 1933 in

281 1985 344 2026 re
365 1986 485 2025 esse
505 1971 784 2026 veritatem
816 1969 994 2025 carnis
1023 1969 1222 2024 Christi
1250 1969 1333 2024 vel
1355 1969 1664 2041 sanguinis,
1691 1970 1782 2025 sed
1812 1970 1866 2024 in

281 2068 624 2116 sacramento
653 2059 905 2113 virtutem
931 2059 1221 2128 quamdam
1251 2058 1453 2126 carnis,
1494 2066 1549 2113 et
1591 2073 1698 2114 non
1750 2073 1868 2113 car-

282 2169 440 2218 nem;
490 2153 744 2207 virtutem
791 2150 907 2206 fore
936 2151 1234 2221 sanguinis,
1283 2158 1337 2205 et
1374 2166 1482 2206 non
1513 2149 1864 2222 sanguinem;

283 2248 532 2318 ﬁguram,
556 2255 610 2300 et
631 2261 738 2301 non
772 2245 1086 2311 veritatem;
1121 2245 1390 2310 umbram,
1421 2253 1475 2299 et
1501 2259 1607 2299 non
1630 2259 1867 2314 corpus;

282 2354 405 2394 cum
436 2337 523 2392 hic
543 2338 751 2407 species
775 2337 971 2407 accipit
994 2337 1298 2399 veritatem,
1341 2345 1396 2391 et
1424 2335 1592 2406 ﬁgura
1621 2343 1869 2392 veterum

283 2427 608 2491 hostiarum,
635 2440 850 2494 corpus.
882 2425 1036 2480 Unde
1065 2425 1280 2481 Veritas
1300 2425 1396 2490 ait,
1427 2439 1548 2480 cum
1567 2425 1872 2494 porrigeret

281 2519 559 2588 discipulis
573 2534 766 2589 panem
790 2531 804 2570 :
831 2516 947 2571 Hoc
968 2527 1043 2572 est
1065 2534 1253 2586 corpus
1269 2533 1439 2572 meum
1463 2515 1678 2588 (Matth.
1697 2533 1725 2570 x
1736 2515 1870 2581 xvi),

282 2618 341 2664 ct
373 2625 476 2664 non
509 2608 654 2662 aliud
680 2623 842 2678 quam
871 2607 1010 2678 quod
1045 2623 1140 2678 pro
1162 2607 1310 2661 vobis
1350 2607 1623 2670 tradetur;
1664 2615 1719 2660 et
1748 2621 1871 2660 cum

282 2702 512 2757 calicem
565 2719 579 2754 :
627 2701 730 2755 Hic
779 2710 853 2755 est
901 2699 1042 2753 calix
1093 2699 1231 2752 Novi
1265 2697 1603 2763 Testamenti,
1639 2699 1729 2768 qui
1778 2713 1872 2768 pro

284 2795 427 2849 vobis
475 2793 772 2864 effundatur
807 2793 862 2846 in
911 2793 1264 2846 remissionem
1304 2800 1636 2861 peccatorum
1668 2789 1869 2861 (Marc.

285 2884 422 2954 xiv).
454 2883 691 2938 Necdum
718 2883 897 2953 itaque
917 2890 1036 2937 erat
1067 2881 1240 2946 fusus,
1270 2889 1324 2936 et
1359 2889 1537 2935 tamen
1562 2881 1676 2951 ipse
1705 2882 1876 2952 porri-

287 2978 436 3049 gitur
466 2977 518 3031 in
568 2977 736 3032 calice
787 2977 1006 3047 sanguis
1045 2976 1138 3046 qui
1191 2974 1548 3030 eﬁ‘undendus
1571 2981 1710 3028 erat.
1744 2973 1876 3029 Erat

288 3068 507 3138 quidem
542 3066 654 3136 jam
693 3067 745 3120 in
772 3066 959 3129 calice,
991 3066 1081 3134 qui
1117 3065 1296 3123 adhuc
1340 3073 1522 3119 tamen
1565 3061 1873 3118 bundendus

288 3130 411 3214 erat
450 3159 503 3213 in
533 3130 786 3228 pretium.
821 3157 888 3211 Et
917 3130 1036 3210 ideo
1087 3156 1228 3210 idem
1267 3156 1489 3227 ipseque
1518 3155 1740 3228 sanguis
1761 3159 1874 3226 jam
1903 3130 1949 3194 ί)

290 3257 412 3304 erat
437 3249 490 3302 in
514 3248 704 3310 calice,
735 3247 827 3316 qui
850 3254 904 3301 et
943 3247 996 3299 in
1025 3260 1274 3315 corpore,
1312 3246 1454 3300 sicut
1475 3261 1604 3301 caro
1634 3245 1717 3300 vel
1755 3259 1878 3300 cor-

289 3353 394 3408 pus
418 3339 469 3392 in
499 3353 657 3408 pane.
692 3337 822 3392 Erat
849 3346 1028 3392 autem
1069 3336 1276 3406 integer
1303 3337 1574 3404 Christus,
1606 3345 1878 3407 etcorpus

291 3426 495 3482 Christi
525 3442 709 3482 coram
757 3426 929 3482 oculis
973 3426 1214 3480 omnium
1265 3428 1524 3498 positum,
1570 3441 1777 3482 necnon
1824 3434 1880 3481 et

293 3517 514 3587 sanguis
549 3516 603 3572 in
631 3532 858 3588 corpore
884 3517 1006 3584 fuit,
1033 3517 1173 3572 sicut
1196 3526 1250 3572 et
1265 3518 1440 3572 adhuc
1457 3517 1616 3573 hodie
1643 3518 1877 3588 integer-

294 3606 491 3661 rimum
521 3615 604 3662 est
631 3616 686 3662 et
716 3615 920 3672 manet,
943 3607 1035 3678 qui
1062 3623 1190 3663 vere
1219 3607 1450 3662 dabatur
1481 3607 1561 3662 eis
1589 3608 1656 3662 ad
1699 3621 1879 3662 come-

291 3696 525 3752 dendum
547 3706 620 3765 ,et
640 3697 706 3752 ad
733 3698 1023 3753 bibendum
1050 3699 1103 3752 in
1127 3699 1499 3754 remissionem
1512 3707 1875 3770 peccatorum.

290 3789 451 3863 (Aac.
483 3809 585 3847 ser.
615 3792 670 3859 2,
697 3792 761 3847 de
793 3791 976 3847 Verbis
1011 3792 1273 3863 Domini.)
1302 3793 1459 3849 Dicat
1498 3793 1748 3849 similiter
1775 3793 1877 3848 ali-

289 3882 434 3951 quis,
467 3883 512 3937 si
537 3883 592 3938 in
619 3883 725 3938 alio
752 3883 932 3953 aliquo
954 3882 1200 3939 remissio
1222 3892 1303 3938 est
1324 3891 1692 3953 peccatorum,
1717 3899 1878 3954 quam

292 3975 348 4030 in
370 3975 606 4031 Christo.
633 3975 860 4032 Constat
891 3991 1021 4047 ergo
1045 3975 1171 4046 quia
1194 3991 1299 4031 non
1327 3985 1430 4041 est,
1463 3985 1518 4031 et
1544 3977 1669 4046 quia
1698 3977 1752 4030 in
1776 3977 1880 4032 hoc

269 4056 521 4134 'corpore
548 4081 612 4120 ac
661 4065 924 4138 sanguine
958 4065 1209 4122 remissio
1238 4076 1322 4121 est
1348 4075 1719 4136 peccatorum,
1751 4079 1880 4122 vere

289 4154 492 4211 Christi
519 4171 647 4212 caro
674 4164 759 4212 est
794 4165 850 4212 et
875 4155 1116 4227 sanguis.
1161 4155 1315 4211 Unde
1346 4156 1437 4225 qui
1464 4157 1625 4228 digne
1653 4155 1881 4211 mandu-

291 4254 422 4301 cant
443 4254 500 4300 et
536 4245 731 4301 bibunt
767 4261 896 4302 vere
937 4246 1104 4300 vitam
1151 4253 1412 4300 aeternam
1442 4246 1774 4302 manducant
1824 4255 1881 4303 et

291 4337 500 4403 bibunt,
528 4347 584 4394 et
605 4339 812 4410 integra
838 4345 1020 4393 manet
1044 4338 1174 4392 vita.
1206 4338 1273 4393 Et
1295 4347 1423 4394 tunc
1452 4339 1558 4394 erit
1587 4340 1878 4412 unicuique

291 4444 492 4500 corpus
534 4429 737 4486 Christi
767 4439 824 4486 et
851 4429 1072 4501 sanguis
1111 4429 1219 4486 vita
1275 4431 1343 4497 si,
1387 4431 1530 4502 quod
1584 4431 1639 4486 in
1688 4447 1876 4488 sacra-

294 4528 478 4575 mento
521 4520 776 4587 sumitur,
824 4519 879 4574 in
935 4519 1052 4591 ipsa
1098 4521 1345 4587 veritate,
1396 4521 1538 4577 sicut
1588 4521 1878 4594 aliquando

295 4609 497 4665 dixisse
525 4626 611 4666 me
641 4611 880 4676 memini,
912 4612 1267 4683 spiritualiter
1295 4613 1675 4680 manducetur,
1698 4623 1752 4670 et
1773 4616 1880 4686 spi-

295 4700 340 4756 ri
351 4703 474 4757 tuali
485 4712 566 4759 ter
577 4704 810 4759 bibatur.
831 4704 991 4772 Quia,
1008 4705 1144 4760 sicut
1158 4705 1288 4760 dicit
1303 4705 1560 4773 apostolis
1575 4705 1757 4777 (Joan.
1775 4705 1874 4778 γι),

293 4807 426 4850 caro
453 4795 586 4849 nihil
611 4796 832 4867 prodest
857 4815 869 4851 :
909 4808 1111 4868 quanto
1135 4798 1308 4869 magis
1340 4799 1495 4871 panis
1529 4799 1648 4854 sine
1670 4798 1877 4869 Spiritu

294 4892 387 4961 qui
415 4893 694 4948 cernitur?
730 4894 823 4949 sed
851 4892 1086 4964 Spiritus
1106 4901 1189 4949 est
1218 4893 1310 4965 qui
1338 4893 1596 4950 viviﬁcat.
1626 4892 1754 4950 Haec
1789 4895 1874 4950 id-

292 4983 442 5041 circo
470 4985 735 5056 prolixius
780 4985 1009 5041 dixerim
1059 4993 1114 5039 et
1145 4984 1471 5055 expressius,
1523 4985 1650 5056 quia
1695 4987 1875 5043 audivi

290 5075 557 5145 quosdam
598 5093 685 5133 me
723 5077 1142 5147 reprehendere,
1178 5076 1333 5146 quasi
1377 5089 1480 5147 ego
1525 5077 1579 5131 in
1628 5093 1694 5133 eo
1737 5078 1876 5134 libro

291 5179 455 5234 quem
482 5167 550 5222 de
583 5165 954 5222 Sacramentis
983 5166 1185 5222 Christi
1228 5167 1529 5231 edideram,
1559 5167 1758 5237 aliquid
1790 5168 1875 5224 his

291 5251 454 5313 dictis
493 5257 612 5328 plus
647 5259 890 5314 tribuere
919 5257 1202 5325 voluerim,
1256 5267 1352 5313 aut
1379 5259 1523 5314 aliud
1565 5275 1728 5329 quam
1756 5261 1872 5331 ipsa

290 5345 510 5405 Veritas
551 5351 911 5421 repromittit;
958 5350 1212 5407 timentes
1261 5350 1402 5408 forte
1442 5353 1548 5409 hoc
1597 5353 1740 5424 quod
1771 5353 1872 5424 ipsi

289 5449 421 5500 tunc
441 5445 738 5500 timuerunt
754 5445 952 5516 quibus
971 5443 1314 5515 loquebatur,
1333 5445 1474 5515 quod
1489 5453 1671 5516 partes
1694 5443 1876 5502 facere

287 5537 574 5604 voluerim,
605 5545 660 5593 et
691 5535 808 5608 ejus
827 5552 924 5610 per
944 5537 1186 5609 singulos
1204 5537 1448 5594 membra
1477 5538 1718 5596 dividere
1747 5554 1876 5595 con-

287 5627 402 5682 cisa
431 5628 515 5684 vel
544 5627 812 5698 dispersa,
836 5627 979 5689 sicut
1008 5637 1139 5683 tunc
1172 5627 1249 5683 illi
1290 5637 1554 5698 putarunt
1592 5629 1685 5699 qui
1713 5644 1874 5686 scan-

285 5717 505 5776 dalizati
529 5720 802 5790 dicuntur,
828 5728 883 5779 et
906 5719 1157 5777 abierunt
1180 5727 1496 5779 retrorsum.
1526 5719 1733 5789 Quibus
1763 5721 1880 5779 Sal-

1972 1870 2262 1926 resolvitur
2311 1870 2580 1928 Christus.
2612 1873 2710 1929 Est
2755 1875 2847 1946 qui
2889 1885 3026 1942 erat,
3072 1886 3128 1932 et
3164 1881 3308 1948 quod
3337 1888 3421 1936 est
3448 1895 3557 1936 non

1970 1972 2110 2018 erat.
2140 1963 2197 2018 In
2227 1964 2480 2020 omnibus
2526 1979 2656 2036 ergo
2686 1966 2805 2022 istis
2833 1975 2888 2022 et
2919 1968 2972 2022 in
3001 1968 3121 2024 aliis
3144 1971 3560 2042 quamplurimis

1971 2054 2106 2111 locis
2131 2056 2344 2112 excedit
2379 2056 2645 2113 humanas
2690 2067 2901 2114 mentes
2946 2059 3125 2115 divina
3151 2069 3411 2131 potestas,
3457 2078 3562 2120 nec

1972 2147 2218 2219 suhjacet
2259 2149 2515 2204 humanis
2549 2150 2799 2206 sensibus
2830 2151 2967 2206 ratio
2995 2153 3232 2210 caelestis
3257 2163 3313 2210 et
3339 2155 3556 2223 divina;

1971 2238 2100 2308 quia
2141 2247 2336 2294 natura
2363 2239 2585 2294 inferior
2613 2254 2831 2294 causam
2857 2249 2913 2295 et
2935 2243 3198 2298 rationem
3223 2253 3431 2301 naturae
3460 2262 3562 2317 po-

1973 2330 2129 2386 tioris
2149 2338 2206 2386 et
2229 2331 2510 2386 immensae
2539 2346 2644 2386 non
2669 2333 2814 2402 capit
2833 2347 2932 2387 nec
2953 2333 3224 2405 intelligit.
3257 2334 3323 2390 Et
3355 2337 3475 2392 ideo
3493 2339 3562 2394 de

1972 2421 2171 2477 talibus
2196 2423 2356 2478 rebus
2400 2437 2520 2492 quae
2556 2421 2736 2476 divina
2785 2422 2957 2478 virtus
2983 2432 3258 2494 operatur,
3308 2425 3560 2483 dubietas

1974 2512 2265 2568 auferenda
2295 2522 2399 2580 est,
2431 2521 2485 2569 et
2507 2512 2779 2568 cunctatio
2809 2515 3132 2569 removenda
3159 2532 3174 2581 ;
3215 2516 3342 2586 quia
3374 2517 3556 2574 scien-

1975 2606 2050 2660 tia
2088 2621 2274 2661 earum
2316 2607 2371 2660 in
2421 2605 2525 2662 ﬁde
2563 2615 2667 2670 est,
2708 2606 2846 2660 ratio
2891 2607 2945 2661 in
2974 2607 3196 2674 virtute,
3243 2607 3465 2665 eﬁ‘ectus
3503 2611 3558 2664 in

1975 2697 2136 2752 rebus
2183 2711 2249 2752 ex
2299 2703 2568 2767 potestate
2607 2704 2712 2762 est,
2741 2711 2905 2752 causa
2937 2697 2992 2752 in
3042 2698 3352 2765 voluntate;
3397 2699 3471 2754 ita
3500 2707 3563 2754 ut

1975 2788 2110 2843 nihil
2133 2788 2329 2844 habeat
2356 2789 2516 2844 homo
2537 2788 2681 2856 quod
2711 2797 3078 2857 conqueratur
3101 2788 3166 2844 de
3189 2789 3414 2860 singulis
3439 2805 3562 2860 qum

1977 2881 2120 2936 Deus
2143 2879 2282 2935 dixit
2311 2887 2367 2934 et
2397 2880 2583 2943 voluit,
2617 2879 2864 2950 quoniam
2881 2881 2991 2949 ipse
3021 2879 3152 2934 dixit
3179 2890 3225 2934 et
3249 2879 3392 2948 facta
3415 2890 3559 2945 sunt,

1975 2973 2084 3043 ipse
2109 2972 2377 3028 mandavit
2402 2981 2452 3026 et
2487 2982 2664 3027 creata
2701 2981 2821 3026 sunt
2857 2969 3031 3043 (Psal.
3088 2989 3268 3038 xxxn,
3311 2975 3558 3047 chvm),

1978 3073 2041 3121 ut
2067 3064 2255 3120 voluit.
2281 3063 2544 3120 Sublimia
2573 3063 2786 3134 quidem
2812 3071 2939 3120 sunt
2975 3071 3031 3119 et
3060 3065 3239 3120 divina
3271 3067 3326 3121 in
3375 3065 3562 3136 hujus-

1980 3155 2125 3212 modi
2158 3155 2321 3211 rebus
2361 3153 2733 3220 sacramenta",
2764 3169 2883 3224 quae
2905 3169 3002 3223 pro
3031 3153 3202 3209 salute
3222 3156 3442 3212 humani
3469 3173 3565 3228 ge-

1980 3247 2128 3302 neris
2152 3255 2404 3318 aguntur,
2428 3254 2484 3302 et
2523 3245 2765 3316 quotidie
2791 3245 3020 3316 mystice
3047 3245 3102 3300 in
3134 3247 3238 3302 hoc
3281 3249 3564 3319 mysterio,

1982 3337 2175 3392 tradita
2200 3346 2324 3391 sunt
2351 3335 2630 3406 apostolis,
2657 3334 3017 3391 celebrantur.
3056 3334 3124 3389 Et
3154 3335 3275 3392 ideo
3304 3337 3358 3390 in
3382 3352 3568 3392 creua-

1979 3426 2102 3482 culo
2147 3426 2250 3480 hoc
2280 3427 2481 3496 pascha
2534 3425 2735 3496 agitur,
2783 3426 2910 3495 quia
2965 3425 3068 3480 nisi
3099 3425 3192 3496 qui
3223 3429 3567 3485 ascenderint

1979 3517 2084 3572 ista
2123 3532 2229 3572 non
2257 3516 2496 3587 capiunt,
2527 3525 2586 3570 ut
2627 3516 2916 3573 comedant
2943 3525 2999 3573 et
3025 3517 3214 3574 bibant
3237 3521 3384 3590 quod
3423 3521 3569 3578 eﬁ'u-u

1980 3624 2100 3664 sum
2129 3616 2214 3664 est
2243 3609 2297 3664 in
2327 3609 2697 3664 remissionem
2720 3618 3094 3679 peccatorum,
3122 3620 3179 3669 et
3213 3622 3392 3670 tamen
3422 3615 3564 3670 inte-l

1980 3720 2136 3776 grum
2168 3711 2369 3758 manet.
2404 3702 2542 3757 Hine
2566 3717 2785 3772 quoque
2824 3702 2938 3772 ipsa
2972 3702 3184 3760 Veritas
3214 3723 3226 3759 :
3262 3705 3450 3772 Bibite,
3483 3706 3554 3762 in-

1979 3794 2116 3864 quit,
2141 3793 2268 3863 quia
2291 3791 2374 3846 Itic
2401 3800 2476 3845 est
2498 3789 2713 3862 sanguis
2751 3807 2918 3858 meus,
2943 3794 3034 3866 qui
3053 3810 3148 3864 pro
3182 3794 3359 3850 multis
3384 3797 3559 3866 e/fun-

1979 3884 2131 3938 detur
2158 3884 2214 3937 in
2234 3881 2590 3964 remissionem
2616 3893 2966 3954 peccatorum.
2996 3885 3150 3953 Quod
3163 3887 3209 3943 si
3232 3885 3432 3946 eﬁ‘usus
3453 3899 3560 3956 est,

1973 3976 2089 4047 jam
2114 3975 2384 4046 quomodo
2399 3991 2543 4032 nunc
2565 3991 2755 4032 rursus
2782 3975 3110 4034 eﬂ‘unditur?
3130 3988 3185 4036 et
3215 3982 3260 4038 si
3282 3997 3410 4040 caro
3433 3999 3564 4040 con-

1979 4076 2192 4138 sumpta
2215 4077 2320 4135 est,
2343 4067 2614 4138 quomodo
2645 4069 2820 4126 adhuc
2841 4079 3025 4128 manet
3050 4073 3262 4146 integra
3298 4084 3350 4132 et
3379 4091 3564 4134 come-

1980 4161 2162 4216 ditur?
2197 4161 2336 4216 Ecce
2363 4162 2507 4230 quod
2545 4161 2750 4217 bibitur
2786 4163 3028 4232 quotidie
3055 4174 3112 4221 et
3145 4165 3458 4233 effunditur,
3504 4177 3560 4224 et

1979 4253 2123 4323 quod
2145 4252 2314 4308 semel
2339 4253 2675 4308 immolatum
2701 4261 2786 4309 est
2826 4254 3003 4311 adhuc
3041 4257 3280 4328 quotidie
3319 4258 3565 4316 immola-

1981 4353 2087 4399 tur.
2112 4342 2229 4399 Non
2266 4358 2396 4412 ergo
2423 4343 2734 4398 immolatur
2767 4344 2871 4400 nisi
2901 4346 3043 4415 quod
3087 4363 3254 4402 unum
3283 4357 3384 4404 est.
3419 4349 3564 4405 Bibi-

1982 4444 2070 4490 tur
2094 4435 2312 4505 quidem
2364 4434 2419 4490 in
2447 4435 2819 4490 remissionem
2856 4445 3203 4506 peccatorum
3237 4447 3294 4495 et
3328 4439 3561 4496 eﬁ‘undi-

1983 4538 2090 4584 tur.
2122 4529 2177 4584 Si
2200 4536 2380 4584 autem
2404 4529 2602 4598 quieris
2621 4529 2888 4599 quomodo
2933 4529 3224 4586 ell‘unditur
3250 4541 3309 4587 ut
3347 4546 3566 4589 maneat

1981 4625 2123 4695 quod
2171 4622 2400 4679 eﬁ‘usum
2442 4631 2546 4689 est,
2601 4624 2840 4695 intellige
2889 4628 3159 4696 quomodo
3187 4629 3426 4684 charitas
3467 4631 3565 4685 Dei

1979 4712 2175 4769 diﬁusa
2196 4721 2280 4768 est
2299 4714 2353 4767 in
2389 4712 2644 4768 cordibus
2667 4715 2869 4770 nostris
2901 4724 2956 4770 et
2977 4725 3159 4771 manet
3188 4718 3393 4789 integra
3429 4720 3565 4774 cha-

1979 4804 2114 4859 ritas
2142 4802 2320 4876 (Rom.
2350 4802 2427 4872 v),
2471 4801 2677 4858 scilicet
2727 4802 2961 4873 Spiritus
3008 4815 3226 4862 sanctus
3256 4823 3271 4863 :
3305 4807 3384 4864 sic
3420 4809 3564 4865 forte

1979 4909 2309 4966 cognoscere
2326 4893 2533 4962 poteris
2555 4893 2698 4964 quod
2726 4903 2806 4949 est
2831 4893 3100 4952 ineﬁ‘abile
3137 4897 3400 4968 quidquid
3431 4899 3560 4970 Spi-

1980 4985 2119 5041 ritus
2155 4991 2375 5040 sanctus
2401 4993 2674 5057 operatur.
2721 4985 2788 5040 Et
2817 4987 2862 5042 si
2906 4987 3145 5044 charitas
3173 4989 3271 5046 Dei
3309 4991 3363 5046 in
3402 4993 3560 5050 nobis

1981 5077 2170 5134 dill'usa
2195 5086 2281 5133 est
2314 5078 2369 5133 in
2413 5093 2474 5134 se
2507 5093 2754 5144 manens,
2781 5095 2909 5135 vere
2944 5082 3162 5154 sanguis
3187 5083 3322 5140 Novi
3369 5086 3564 5142 Testa-

1982 5167 2145 5222 menti
2171 5167 2266 5223 Dei
2294 5166 2612 5224 diﬁ‘unditur
2631 5169 2917 5224 admodum
2941 5171 2993 5224 in
3019 5172 3272 5230 cordibus
3292 5175 3346 5230 in
3370 5177 3566 5232 remis-

1981 5259 2190 5316 sionem
2240 5271 2607 5331 peccatorum.
2658 5261 2776 5330 Quo
2802 5261 2992 5329 effuso,
3026 5266 3376 5325 remittuntur
3405 5271 3460 5326 in
3497 5285 3565 5326 eo

1980 5353 2162 5408 omnia
2191 5361 2413 5424 peccata
2439 5363 2651 5420 nostra,
2677 5354 2932 5424 quoniam
2976 5356 3092 5425 ipse
3139 5359 3378 5428 pontifex
3407 5361 3565 5417 Chri-

1981 5454 2098 5502 stus
2117 5454 2223 5513 est,
2245 5446 2338 5516 qui
2367 5445 2595 5517 porrigit
2615 5445 2772 5501 nobis
2801 5445 2945 5502 hunc
2964 5461 3180 5516 panem,
3209 5465 3362 5505 suum
3409 5453 3562 5507 vide-

1982 5537 2110 5595 licet
2135 5554 2352 5610 corpus,
2385 5546 2442 5594 et
2466 5535 2854 5594 eﬁ'undithunc
2897 5538 2951 5592 in
2994 5539 3238 5596 calicem.
3276 5541 3390 5596 Non
3417 5544 3562 5598 enim

1984 5629 2208 5686 discedit
2236 5630 2304 5685 ab
2339 5628 2515 5686 oﬂicio
2542 5643 2663 5685 suo.
2697 5629 2764 5684 Et
2807 5629 2854 5684 si
2900 5639 3086 5686 manet
3133 5633 3186 5688 in
3217 5635 3392 5699 nobis,
3428 5633 3566 5688 bibit

1984 5737 2108 5780 eum
2131 5722 2295 5779 etiam
2321 5723 2436 5796 ipse
2469 5723 2752 5781 nobiscum
2775 5739 2994 5793 novum,
3026 5739 3090 5783 eo
3120 5728 3260 5798 quod
3289 5728 3450 5801 est_in
3478 5735 3564 5784 to-
