4148 6344
564 315 703 373 1339

1368 308 1427 367 S.
1466 309 1815 367 PASCllASll
1856 281 2207 365 RADBERTI.
2234 306 2522 363 ABBATIS
2558 282 3003 365 CORBEIENSIS

3688 296 3829 358 {560

560 443 618 484 ta
647 443 873 502 corpore
895 443 994 486 suo
1012 469 1026 494 ,
1064 437 1119 483 et
1159 428 1215 483 in
1250 426 1500 482 omnibus
1539 426 1730 495 nobis;
1777 427 1901 498 quia
1930 425 2047 481 sine
2077 438 2142 481 eo
2168 421 2223 484 Α
2246 422 2422 480 stione
2446 431 2767 496 perageret;
2792 437 2857 477 ac
2882 427 3169 492 prapterea
3194 418 3330 475 duos
3360 417 3559 474 calices
3584 417 3825 488 discipu-

560 536 778 577 sumere
809 536 919 577 non
959 533 1265 591 possumus,
1303 532 1476 589 neque
1503 517 1570 572 de
1616 531 1755 588 pane
1799 517 1889 572 illo
1917 518 2142 572 mandu-

561 627 710 678 care,
739 612 822 667 vel
852 611 919 667 de
960 608 1127 666 calice
1151 608 1359 664 bibere.
1406 607 1516 665 Nec
1555 609 1792 676 mireris,
1822 607 2013 676 frater,
2048 609 2139 679 qui

560 704 699 757 forte
722 703 822 757 ista
851 718 957 757 non
979 701 1181 767 cretis,
1206 701 1331 769 quia
1362 716 1467 755 non
1502 709 1687 757 nostra
1714 710 1840 757 sunt
1864 716 1983 771 qua:
2011 701 2141 756 dici-

562 807 702 847 mus.
733 792 1085 863 Omnipotens
1113 791 1257 846 euim
1283 800 1367 845 est
1390 789 1485 846 Dei
1510 790 1767 857 Verbum,
1789 800 1843 847 et
1863 790 2048 846 eﬁicax
2073 791 2140 846 ad

559 882 741 936 omnia
783 896 904 951 qua:
949 879 1062 934 vult
1113 876 1406 934 secundum
1457 878 1853 934 multitudinem
1885 880 2140 934 virtutum

558 986 801 1036 suarum,
832 986 957 1026 cum
986 970 1057 1024 sit
1081 969 1196 1040 ipse
1216 984 1354 1024 unus
1378 970 1616 1024 omnium
1648 969 1908 1025 virtutum
1945 970 2136 1024 virtus.

562 1062 729 1133 Cujus
768 1061 932 1116 verba
973 1075 1078 1114 non
1120 1060 1345 1129 alicujus
1373 1074 1533 1130 quam
1574 1061 1732 1115 unius
1778 1060 1951 1125 verbi,
1997 1059 2140 1129 quod

567 1156 681 1225 ipse
707 1162 809 1219 est,
832 1152 1156 1213 sant'verba,
1181 1160 1235 1205 et
1262 1151 1381 1205 ideo
1407 1151 1562 1219 plena
1589 1160 1715 1205 sunt
1738 1152 1987 1215 veritate,
2012 1151 2139 1221 quia

563 1245 797 1315 Spiritus
832 1253 885 1299 et
916 1242 1019 1297 vita
1043 1246 1188 1307 sunt,
1215 1256 1316 1295 nec
1350 1240 1551 1294 habent
1579 1239 1722 1294 aliud
1756 1240 1805 1294 in
1848 1254 1906 1294 se
1945 1247 2142 1309 praeter

557 1337 702 1405 quod
733 1336 846 1407 ipsa
874 1350 970 1407 per
995 1349 1053 1388 se
1087 1332 1370 1404 proﬁtetur
1398 1331 1617 1386 veritas.
1662 1331 1911 1402 Accipite,
1944 1331 2138 1401 inquit,

558 1433 656 1483 hoc
677 1440 750 1484 est
774 1445 961 1498 corpus
991 1443 1163 1481 meum
1188 1443 1206 1492 ;
1236 1434 1291 1481 ct
1318 1425 1383 1481 de
1412 1424 1581 1480 calice
1620 1442 1633 1478 :
1679 1423 1781 1479 Hic
1828 1434 1901 1479 est
1926 1425 2136 1495 sanguis

556 1539 720 1576 mens.
748 1520 1004 1575 Poterant
1032 1521 1177 1574 enim
1210 1517 1435 1589 apostoli
1462 1527 1612 1585 tunc,
1642 1518 1686 1574 si
1714 1533 1821 1573 non
1852 1517 2139 1573 crederent

557 1616 718 1669 verba
765 1614 888 1669 vit-re
916 1623 972 1668 et
1022 1611 1281 1675 veritatis,
1333 1611 1694 1683 respondere,
1736 1610 1822 1666 vel
1870 1626 2135 1682 quievere,

554 1705 826 1776 «tuomodo
850 1705 1007 1775 panis
1038 1704 1125 1759 ille
1152 1703 1236 1760 vel
1264 1704 1402 1759 calix
1433 1704 1544 1758 vini
1575 1718 1771 1774 corpus
1815 1711 1871 1758 et
1917 1702 2137 1774 sanguis

553 1806 695 1852 esset
712 1795 937 1859 Christi,
965 1810 1087 1850 cum
1105 1794 1118 1846 i
1125 1809 1218 1865 pse
1235 1794 1446 1864 integer
1458 1793 1710 1851 Christus
1727 1794 1781 1849 in
1796 1809 2023 1865 corpore
2037 1808 2136 1849 suo

554 1902 738 1942 coram
769 1886 942 1942 oculis
962 1899 1149 1940 eorum
1172 1892 1309 1938 erat.
1341 1883 1447 1961 Sed
1470 1884 1595 1954 quia
1617 1883 1965 1938 crediderunt
1990 1882 2135 1952 quod

555 1977 786 2041 dixerat,
809 1974 1024 2031 silentio
1059 1976 1388 2029 conﬁtentur
1412 1981 1467 2028 et
1510 1973 1784 2043 accipiunt
1823 1988 1943 2044 quae
1978 1972 2135 2028 nobis

552 2076 739 2136 postea
784 2066 1143 2119 tradiderunt.
1192 2062 1563 2119 Tradiderunt
1602 2072 1779 2118 autem
1827 2078 1936 2120 non
1973 2062 2135 2118 aliam

554 2173 717 2228 quam
761 2157 930 2226 ipsam
983 2154 1338 2223 eannlemquc
1388 2168 1597 2208 cmnam
1655 2169 1819 2222 quam
1856 2152 1958 2222 ipsi
2004 2160 2133 2207 tunc

554 2248 1039 2311 manducaverunt,
1075 2253 1129 2299 et
1164 2245 1433 2298 biberunt.
1476 2242 1649 2299 ‘Undc
1678 2243 1805 2298 volo
1834 2242 2136 2314 perpendat

556 2337 730 2392 tidelis
775 2336 986 2392 animus
1017 2373 1033 2399 ,
1091 2333 1218 2403 quid
1274 2332 1489 2398 intersit
1534 2331 1676 2385 inter
1713 2330 1843 2385 illud
1895 2329 2133 2402 typicum

556 2430 757 2500 pascha
822 2441 932 2497 quo
998 2440 1169 2497 agnus
1230 2422 1538 2478 immolatus
1592 2430 1676 2478 est
1728 2429 1783 2477 et
1832 2421 1890 2477 in
1945 2419 2132 2476 eadem

552 2533 707 2574 caena
739 2526 1031 2581 comestus,
1060 2523 1116 2573 et
1156 2513 1324 2580 istud,
1375 2513 1518 2583 quod
1565 2511 1857 2568 secundum
1888 2511 2134 2567 ordinem

552 2610 946 2667 Melchisedech
978 2607 1030 2663 in
1075 2621 1216 2679 pane
1245 2613 1301 2661 et
1346 2606 1470 2659 vino
1505 2604 1761 2660 continuo
1804 2602 2129 2658 celebratur.

554 2703 631 2757 De
661 2716 768 2771 quo
806 2715 937 2754 sane
969 2698 1227 2770 paschale
1270 2694 1407 2749 dixit
1459 2694 1647 2749 eadem
1701 2695 1833 2748 hora
1884 2691 2135 2747 omnibus

552 2794 666 2848 suis
694 2811 707 2846 :
739 2791 1008 2847 Desiderio
1031 2787 1320 2842 desideravi
1350 2785 1671 2840 manducare
1696 2784 1792 2837 hoc
1829 2783 2023 2854 pascha
2045 2797 2135 2835 vo-

555 2887 773 2949 biscum,
813 2891 1088 2953 antequam
1120 2879 1300 2950 patiar
1340 2876 1492 2949 (an.
1524 2866 1681 2947 nti).
1715 2875 1867 2943 Quod
1912 2874 1958 2928 si
2002 2872 2135 2927 nihil

556 2976 787 3046 amplius
825 2972 987 3029 habet
1020 2972 1125 3026 hoc
1154 2968 1472 3043 mysterium
1507 2976 1704 3040 praeter
1744 2968 1971 3039 ﬁguram
2015 2980 2136 3021 cor-

555 3068 706 3140 poris
735 3073 790 3119 et
815 3061 1094 3134 sanguinis
1122 3060 1343 3125 Christi,
1370 3067 1427 3115 et
1451 3074 1559 3115 non
1600 3058 1704 3113 hoc
1727 3065 1812 3112 est
1839 3055 1983 3128 quod
2021 3055 2135 3125 ipse

557 3153 885 3224 dixit:quid
931 3165 1154 3207 necesse
1185 3149 1287 3204 fuit
1331 3150 1531 3204 iterare
1562 3147 1615 3201 in
1658 3146 1824 3212 facto,
1868 3144 1993 3215 quia
2030 3142 2134 3199 hoc

557 3260 728 3307 totum
755 3247 1157 3322 pra-ﬁguratum
1205 3244 1325 3300 erat
1355 3243 1409 3298 in
1459 3241 1640 3313 agno?
1667 3237 1823 3296 Unde
1864 3247 1920 3293 et
1954 3238 2136 3293 Lucas

570 3341 751 3415 (ibid.)
786 3340 920 3397 duos
966 3338 1167 3394 calices
1211 3334 1367 3392 datos
1395 3346 1516 3388 esse
1544 3327 1821 3401 discipulis
1852 3329 1903 3383 in
1945 3327 2132 3383 eadem

560 3448 716 3491 coena
740 3435 1162 3488 commemorat:
1189 3440 1355 3482 unum
1383 3423 1532 3495 prius
1557 3430 1676 3494 post
1703 3420 1824 3492 agni
1852 3417 2137 3475 comestio-

558 3539 706 3590 nem,
739 3531 1029 3591 antequam
1062 3532 1255 3590 panem
1286 3514 1581 3585 acciperet;
1605 3511 1769 3567 alium
1797 3525 1947 3576 vero,
1992 3515 2137 3580 post-

560 3631 724 3686 quam
748 3612 1025 3669 benedixit
1057 3602 1469 3681 ipsum‘panem
1496 3621 1560 3662 ac
1581 3604 1756 3677 fregit,
1791 3612 1846 3658 et
1880 3602 2025 3658 dedit
2055 3600 2137 3654 di-

560 3707 782 3779 scipulis
811 3706 942 3762 suis.
969 3702 1243 3770 Similiter,
1271 3702 1467 3774 inquit,
1506 3708 1777 3773 postquam
1814 3696 2029 3754 coenavit
2055 3694 2137 3748 di-

559 3813 679 3853 cens
716 3809 736 3850 .°
769 3795 872 3850 Hic
917 3792 1058 3849 ralia:
1092 3790 1306 3847 Novum
1353 3789 1739 3845 Testamentum
1789 3797 1864 3843 est
1920 3787 1973 3841 in
2022 3801 2135 3839 meo

560 3887 812 3958 sanguine
832 3885 920 3957 qui
948 3899 1041 3955 pro
1074 3882 1214 3938 vobis
1242 3881 1559 3951 elfundetur.
1593 3879 1696 3936 Ubi
1724 3878 1884 3933 datur
1908 3875 2134 3947 intelligi

560 3976 701 4046 quod
725 3990 892 4046 agnus
922 3972 1011 4029 ille
1040 3971 1230 4041 legalis
1250 3985 1373 4025 cum
1404 3984 1500 4025 suo
1535 3968 1702 4025 calice
1725 3968 1779 4022 in
1808 3967 1974 4038 ﬁgura
2000 3979 2137 4036 prte-

561 4066 726 4122 cessit
757 4064 1027 4135 passionis
1053 4061 1274 4118 Christi.
1302 4060 1505 4115 Deinde
1528 4073 1726 4128 corpus
1753 4065 1809 4112 et
1832 4056 2050 4127 sanguis
2080 4054 2134 4109 in

561 4157 731 4214 calice
757 4156 823 4210 ad
863 4154 1221 4224 expletionem
1251 4150 1454 4206 factum
1482 4161 1568 4206 est
1597 4150 1865 4215 veritatis,
1897 4158 1957 4203 ut
1992 4146 2135 4218 quod

558 4245 615 4300 in
644 4233 1030 4298 Melchisedech
1071 4247 1443 4310 prteccsserat,
1476 4246 1647 4294 totum
1689 4238 2051 4308 eompleretur
2080 4237 2134 4291 ia

561 4335 797 4392 Christo.
836 4332 970 4388 Nam
1005 4332 1149 4402 quod
1171 4330 1309 4386 calix
1344 4331 1648 4402 passionem
1685 4329 1886 4385 Christi
1913 4320 2136 4384 demon-

562 4432 719 4491 stret,
749 4438 905 4479 nemo
930 4422 1022 4492 qui
1058 4422 1161 4476 hoc
1198 4419 1547 4491 Evangelium
1589 4418 1738 4490 legit,
1783 4418 2025 4489 ambigit.
2064 4418 2135 4473 Et

559 4516 684 4573 ideo
707 4513 918 4583 aliquos
943 4519 1141 4575 movet,
1164 4520 1418 4565 utrumne
1442 4509 1583 4565 duos
1611 4508 1809 4565 calices
1837 4508 2012 4564 Lucas
2041 4523 2135 4564 vo-

558 4605 725 4662 luerit
773 4602 1078 4675 signiﬁcare
1100 4600 1282 4657 desum
1326 4600 1621 4670 accepisse,
1643 4614 1720 4654 ‘an
1768 4616 1936 4655 unum
1977 4616 2134 4655 eum-

561 4698 813 4765 demque,
840 4693 967 4765 quia
1004 4690 1393 4762 auticipaverat
1416 4690 1484 4745 de
1511 4706 1576 4746 eo
1600 4690 1798 4756 dicere,
1828 4702 2016 4745 rursus
2047 4704 2133 4745 re-

562 4787 910 4859 capitulaudo
932 4785 1016 4841 bis
1041 4799 1164 4840 eum
1190 4790 1596 4838 commemoret.
1629 4780 1708 4836 lta
1737 4782 1952 4851 quidem
1988 4794 2128 4836 non-

562 4878 695 4934 nulli
727 4875 967 4932 sentiunt
994 4888 1102 4928 non
1132 4871 1267 4927 duos
1291 4886 1414 4926 esse
1452 4870 1676 4936 calices,
1708 4871 1802 4926 sed
1844 4886 2011 4925 unum
2037 4870 2130 4940 qui

563 4978 620 5024 et
643 4977 770 5023 ante
792 4964 1131 5029 dividendus,
1157 4971 1213 5018 et
1239 4971 1426 5033 postea
1455 4961 1719 5018 bibendus
1739 4976 2134 5017 commemora-

567 5068 681 5123 tur,
707 5056 889 5110 datum
927 5068 1048 5109 esse
1088 5051 1382 5122 discipulis.
1422 5049 1529 5106 Sed
1553 5051 1645 5105 alii
1681 5051 1894 5118 melius,
1922 5060 1982 5106 ut
2003 5067 2137 5122 pne-

568 5148 714 5213 misi,
749 5147 883 5202 duos
908 5152 1186 5215 porrectos
1209 5142 1479 5199 aﬁirmant
1508 5142 1809 5213 discipulis,
1860 5153 1921 5198 ut
1948 5145 2001 5198 in
2032 5160 2140 5200 uno

567 5255 777 5304 eorum,
819 5237 873 5293 id
899 5244 982 5293 est
1017 5236 1072 5291 in
1112 5236 1309 5306 primo,
1356 5236 1662 5306 passionem
1727 5250 1879 5291 suam
1907 5237 2142 5293 voluerit
2176 5278 2177 5283 η

565 5332 870 5403 exprimere
894 5347 909 5395 ;
941 5329 995 5384 in
1018 5328 1122 5386 alio
1149 5344 1279 5386 vero
1316 5328 1550 5384 ﬁdelium
1574 5343 1793 5385 suorum
1826 5330 2137 5401 passionem

564 5423 933 5493 praeﬁgurare.
959 5420 1170 5477 Rursus
1196 5420 1289 5475 alii
1323 5420 1655 5476 contendunt
1675 5420 1730 5475 in
1775 5429 2009 5492 utroque
2045 5438 2140 5478 ca-

566 5512 669 5570 lic'e
692 5512 821 5579 illud
842 5512 1129 5568 ostendere
1155 5511 1299 5581 quod
1326 5510 1381 5564 in
1411 5508 1597 5567 Veteri
1622 5510 1972 5569 Testamento
1998 5528 2137 5583 prae-
2172 5556 2179 5563 .

566 5610 779 5669 ceptum
805 5607 912 5664 est,
935 5608 995 5654 ut
1021 5599 1111 5669 qui
1150 5598 1357 5655 Pascha
1390 5613 1495 5654 non
1518 5599 1694 5669 primo
1719 5614 1906 5656 mense
1940 5616 2136 5674 agnum

567 5689 895 5748 comedenti:
926 5697 1130 5761 ageret,
1164 5690 1215 5745 in
1239 5689 1476 5746 secundo
1503 5704 1690 5748 mense
1716 5690 1771 5746 in
1801 5691 1938 5748 haedi
1961 5707 2137 5750 come-

2157 3116 2208 3183 ε

2243 518 2312 575 lis
2336 518 2623 575 Dominum
2652 516 2938 573 tradidisse
2960 515 3159 587 (Exod.
3187 515 3309 587 xu).
3334 515 3403 570 Et
3422 524 3678 571 astruunt
3700 529 3827 571 vero

2244 607 2301 662 in
2348 617 2579 680 utroque
2624 608 2797 664 calice
2839 607 2985 677 quod
3031 615 3322 677 utrumque
3358 605 3553 661 debeat
3592 605 3825 676 intelligi

2245 705 2648 764 testamentum,
2676 713 2739 754 ac
2787 712 2883 768 per
2911 697 3016 752 hoc
3058 711 3199 752 unus
3233 710 3421 751 eorum
3458 694 3729 766 pertineat
3758 695 3829 750 ad

2243 801 2462 857 agnum,
2491 787 2628 842 alius
2649 802 2779 841 vero
2805 789 2872 841 ad
2902 786 3224 858 mysterium
3258 787 3527 857 corporis.
3566 784 3676 841 Sed
3713 786 3829 843 sive

2242 875 2344 930 hoc
2366 877 2480 930 sive
2528 876 2656 931 illud
2697 877 2927 946 quisque
2956 877 3176 941 sentiat,
3207 874 3388 931 nullus
3420 883 3599 929 tamen
3636 888 3826 929 eorum

2242 982 2273 1021 a
2310 983 2436 1023 vera
2469 968 2572 1042 ﬁde
2612 968 2884 1023 invenitur
2928 976 3244 1033 extraneus,
3285 974 3494 1021 tantum
3533 975 3593 1021 ut
3626 965 3831 1021 intelli-

2241 1067 2333 1131 gat
2374 1061 2426 1115 in
2463 1061 2565 1116 hoc
2600 1060 2742 1115 facto
2776 1061 2920 1130 quod
2962 1060 3028 1115 de
3062 1059 3231 1131 ﬁgura
3268 1068 3324 1114 et
3340 1058 3544 1137 umbra
3575 1057 3829 1114 veritatis

2242 1149 2662 1220 benignissimus
2687 1148 2845 1205 Iesus
2877 1149 3153 1220 accipiens
3192 1136 3388 1220 panem
3416 1136 3471 1203 et
3500 1147 3727 1203 calicem
3755 1147 3830 1204 ad

2242 1256 2428 1297 verum
2470 1250 2708 1297 transeat
2733 1241 2954 1297 Paschze
2984 1249 3406 1305 sacramentum,
3432 1256 3503 1296 ne
3530 1254 3667 1309 apex
3700 1239 3831 1296 iota

2241 1331 2661 1387 detruncaretur
2706 1347 2737 1386 a
2768 1332 2903 1403 lege,
2936 1332 3044 1386 imo
3080 1331 3207 1401 quia
3235 1330 3373 1400 lapis
3400 1328 3675 1401 angularis
3715 1337 3823 1393 est,

2241 1431 2497 1492 utrasque
2528 1432 2719 1478 tenens
2740 1433 2795 1477 et
2816 1423 3115 1494 adimplens
3140 1422 3309 1495 leges,
3338 1438 3403 1478 ac
3428 1423 3474 1477 si
3508 1437 3667 1478 verus
3693 1421 3828 1477 Mel-

2240 1513 2526 1568 chisedech
2556 1528 2750 1584 panem
2777 1512 2937 1569 offert
2963 1521 3019 1568 et
3052 1514 3259 1579 vinum,
3300 1512 3444 1583 quod
3485 1522 3607 1568 erat
3640 1527 3829 1568 sacra-

2238 1615 2483 1661 mentum
2514 1608 2598 1663 sui
2627 1603 2869 1679 corporis
2890 1607 3293 1678 praeﬁguratum
3328 1622 3391 1662 ac
3421 1607 3722 1679 sanguinis.
3756 1605 3831 1661 Et

2239 1699 2536 1753 notandum
2574 1707 2659 1757 est
2688 1699 2831 1767 quod
2861 1700 2940 1753 ait
2973 1715 2986 1753 :
3015 1696 3291 1752 Benedixit
3320 1708 3367 1752 et
3408 1698 3598 1769 fregit;
3626 1699 3680 1753 in
3715 1712 3829 1768 qua

2170 1773 2213 1832 Β
2241 1789 2499 1843 nimirum
2547 1789 2924 1845 benedictione
2976 1804 3040 1844 ac
3076 1787 3349 1843 'fractione
3384 1802 3521 1844 nova
3569 1799 3831 1846 creatura

2235 1876 2488 1947 edicitur,
2516 1889 2576 1936 ut
2597 1881 2753 1951 panis
2780 1880 2835 1935 in
2865 1880 3378 1935 commemoratione
3405 1879 3598 1934 mortis
3615 1878 3828 1937 Christi

2236 1973 2348 2029 Deo
2380 1974 2486 2030 ﬁde
2504 1974 2720 2047 oblatus
2747 1990 2874 2030 caro
2903 1974 3022 2045 ejus
3035 1975 3160 2043 jure
3180 1974 3455 2030 credatur.
3478 1974 3747 2031 Similiter
3765 1983 3829 2032 et

2235 2067 2456 2137 sanguis
2483 2066 2539 2121 in
2581 2066 2771 2122 eadem
2802 2066 3098 2137 gratiarum
3130 2065 3344 2120 actione
3383 2078 3547 2135 quam
3573 2064 3685 2120 Deo
3716 2064 3827 2120 Pa-

2236 2159 2304 2212 tri
2334 2158 2465 2227 egit,
2497 2167 2736 2223 creatur,
2765 2165 2827 2211 ut
2852 2171 2979 2211 vere
3018 2156 3240 2227 sanguis
3276 2156 3531 2210 credatur
3559 2156 3653 2227 qui
3675 2155 3823 2213 eﬂ'tto

2235 2261 2327 2303 sus
2351 2255 2433 2303 est
2457 2261 2555 2317 pro
2585 2245 2768 2302 multis
2800 2246 2854 2301 in
2889 2245 3263 2301 remissionem
3294 2254 3668 2317 peccatorum.

2320 2402 2744 2460 SENTENTIA-3
2801 2402 3339 2461 CATHOLICORUM
3375 2404 3685 2463 PATRUM.

2300 2512 2621 2571 Ambrosius
2646 2514 2715 2570 de
2739 2515 3009 2572 Trinitate
3034 2517 3147 2573 ait:
3178 2538 3197 2570 ι
3223 2517 3348 2575 Pari
3376 2521 3537 2593 modo
3557 2520 3820 2578 obedien-

2234 2608 2365 2663 tiam
2398 2607 2533 2663 Filio
2558 2607 2794 2677 obiicere
2834 2609 3009 2665 solent
3034 2609 3241 2677 Ariani,
3280 2612 3408 2682 quia
3436 2614 3698 2684 scriptum
3730 2624 3824 2671 est

2233 2701 2452 2773 (Philip.
2481 2702 2579 2774 xtl)
2608 2721 2620 2757 :
2655 2702 2722 2756 Et
2750 2703 2917 2772 specie
2946 2703 3182 2759 inventus
3213 2714 3266 2758 ut
3307 2705 3485 2771 homo,
3514 2706 3818 2762 humiliari:

2230 2795 2558 2864 semetipsum
2584 2794 2756 2864 factus
2784 2795 3027 2850 obedienc
3058 2812 3222 2866 usque
3248 2796 3317 2851 ad
3352 2806 3591 2853 mortem.
3619 2798 3687 2853 Et
3714 2798 3822 2853 ho—

2234 2882 2436 2937 minem
2465 2884 2747 2954 praemisit,
2784 2891 2839 2938 et
2873 2898 3043 2954 usque
3070 2886 3137 2939 ad
3184 2896 3415 2943 mortem
3442 2887 3598 2954 dixit,
3639 2897 3701 2943 ut
3725 2890 3817 2944 in-

2232 2974 2594 3045 telligeremus
2662 2973 3023 3030 obedientiam
3076 2977 3282 3032 mortis
3342 2992 3450 3033 non
3511 2978 3819 3036 divinitatis

2237 3064 2423 3131 fuisse,
2454 3066 2548 3121 sed
2577 3065 2948 3133 humanitatis,
2978 3066 3033 3121 in
3061 3083 3167 3137 qua
3202 3067 3375 3124 cilicia
3406 3077 3591 3124 nostra
3631 3085 3821 3126 susce-

2237 3153 2318 3223 pit
2345 3162 2400 3209 et
2424 3154 2664 3209 nomina.
2696 3155 2937 3210 Dicimus
2966 3154 3147 3226 itaque
3168 3172 3333 3211 unam
3369 3172 3491 3213 esse
3518 3160 3819 3228 potentiam

2239 3248 2541 3316 Trinitatis,
2570 3265 2729 3320 quam
2754 3266 2851 3306 nos
2874 3252 2928 3306 in
2957 3250 3075 3322 ipsa
3102 3262 3268 3323 atque
3288 3261 3410 3324 post
3438 3255 3607 3325 ipsam
3630 3255 3824 3311 docuit

2236 3337 2768 3408 passionemeilius
2814 3341 2958 3396 enim
2990 3343 3195 3412 patitur
3219 3359 3320 3415 per
3359 3345 3594 3416 corporis
3622 3360 3819 3400 sacra-

2236 3437 2497 3493 mentum,
2547 3429 2805 3499 aposmlis
2848 3427 3083 3499 Spiritus
3128 3441 3347 3488 sanctus
3393 3432 3708 3497 infunditur,
3753 3432 3821 3489 in

2235 3536 2429 3577 manus
2470 3519 2646 3578 Patris
2688 3522 3381 3594 commendatur‘Spiritus,
3416 3522 3565 3579 Deus
3596 3537 3819 3593 quoque

2235 3612 2401 3671 Pater
2430 3615 2666 3671 maxima
2705 3630 2837 3671 voce
2868 3616 3129 3685 signatur.
3169 3635 3186 3668 ι
3222 3615 3345 3671 llaec
3370 3616 3514 3671 beati
3542 3612 3818 3669 Ambrosii

2234 3705 2412 3778 posui,
2445 3714 2504 3761 ut
2532 3718 2843 3778 cognoscas,
2876 3704 2949 3760 ﬁli
2973 3706 3318 3773 charissima,
3349 3706 3473 3776 quia
3504 3721 3612 3761 non
3639 3703 3816 3758 solum

2236 3798 2421 3868 passio
2457 3797 2671 3853 Domini
2707 3796 3024 3869 mysterium
3070 3804 3155 3852 εει
3192 3803 3246 3851 ει
3289 3803 3689 3851 sacramentum
3728 3807 3816 3847 sa-

2236 3888 2361 3944 lutis
2383 3929 2399 3954 ,
2430 3904 2617 3943 verum
2660 3888 2821 3942 etiam
2861 3887 3062 3943 Christi
3102 3886 3355 3941 nativitas
3390 3894 3447 3940 et
3482 3882 3814 3949 incarnatio,

2235 3979 2359 4049 quia
2403 3977 2625 4033 Verbum
2654 3995 2777 4032 caro
2814 3978 3014 4046 factum
3052 3987 3148 4042 est,
3198 3988 3245 4031 et
3271 3974 3521 4031 habitauit
3552 3976 3605 4029 in
3638 3974 3808 4028 nobis.

2236 4069 2361 4126 Haec
2386 4070 2586 4134 omnia,
2616 4069 2858 4138 inquam,
2886 4083 3005 4139 quae
3038 4069 3202 4140 gessit
3240 4068 3380 4123 Deus
3408 4067 3590 4131 homo,
3632 4080 3818 4121 sacra-

2235 4171 2415 4217 menta
2453 4171 2579 4217 sunt
2609 4162 2773 4217 divini
2811 4163 3051 4218 muneris
3083 4171 3138 4218 et
3172 4161 3493 4233 mysterium
3532 4159 3686 4224 ﬁdei;
3714 4169 3818 4213 nec

2237 4261 2418 4308 tamen
2441 4254 2583 4307 aliud
2611 4262 2737 4307 sunt
2767 4268 2929 4322 quam
2953 4254 3170 4319 veritas,
3199 4252 3324 4323 quia
3355 4256 3695 4307 sacramenta
3728 4248 3815 4305 di-

2237 4352 2450 4399 cuntur.
2513 4340 2719 4399 Idcirco
2761 4354 3163 4400 sacramentum
3208 4345 3453 4413 corporis
3503 4341 3707 4398 Christi
3761 4348 3821 4397 et

2160 4428 2832 4536 Dsanguinis,'quamvis
2872 4432 3537 4517 sacra'mentum’dicatur,
3580 4447 3688 4487 non
3730 4439 3818 4486 est

2243 4523 2388 4579 aliud
2420 4539 2583 4594 quam
2625 4525 2850 4590 veritas,
2884 4533 2939 4580 et
2974 4525 3117 4596 quod
3156 4510 3289 4595 ipsa1
3314 4523 3523 4579 Veritas
3550 4521 3821 4592 repromi-

2241 4614 2330 4670 sit.
2372 4612 2526 4670 Unde
2570 4615 2763 4670 beatus
2802 4614 3169 4686 Augustinus:
3204 4631 3224 4666 t
3252 4613 3685 4678 Sacramentum,
3734 4611 3821 4666 in-

2241 4704 2379 4774 quit,
2404 4703 2529 4759 ﬁdei
2554 4703 2685 4759 ﬁdes
2706 4712 2809 4770 est,
2835 4724 2853 4757 ι
2881 4719 2946 4759 ac
2965 4703 3194 4760 deinde:
3225 4721 3244 4756 ιι
3273 4704 3351 4759 sic
3373 4711 3427 4760 et
3448 4717 3647 4773 corpus
3666 4700 3821 4757 Chri-

2240 4795 2310 4849 sti
2344 4804 2508 4865 atque
2540 4795 2756 4865 sanguis
2802 4795 2855 4849 in
2888 4794 2990 4851 hoc
3034 4802 3397 4861 sacramento,
3441 4807 3571 4848 vera
3606 4808 3737 4849 caro
3762 4800 3821 4847 et

2239 4883 2461 4952 sanguis
2484 4890 2585 4937 est.
2618 4902 2637 4935 ι
2665 4882 2810 4936 Nihil
2839 4890 2923 4938 est
2962 4881 3125 4949 aliud,
3158 4882 3349 4953 inquit,
3392 4881 3616 4938 credere
3652 4895 3820 4952 quam

2245 4972 2405 5027 ﬁdem
2452 4973 2653 5028 habere
2690 4982 2914 5044 propter
2952 4972 3077 5029 ﬁdei
3122 4980 3545 5029 sacramentum.
3584 4970 3653 5026 Et
3696 4969 3821 5026 ideo

2246 5061 2492 5132 quisquis
2531 5061 2598 5116 de
2632 5062 2737 5117 hoc
2786 5062 2998 5118 dubitat
3040 5060 3202 5118 ﬁdem
3243 5075 3303 5117 se
3334 5060 3536 5116 habere
3567 5060 3819 5132 denegat,

2247 5152 2373 5222 quia
2404 5152 2456 5206 in
2479 5152 2584 5207 ﬁde
2609 5152 2807 5207 Christi
2839 5152 2971 5208 nihil
2991 5152 3137 5208 aliud
3163 5167 3330 5222 quam
3355 5151 3560 5208 veritas
3582 5164 3706 5206 esse
3724 5162 3825 5221 po—

2249 5254 2373 5302 test.
2407 5247 2473 5301 Et
2499 5248 2639 5302 sicut
2680 5247 2788 5303 Leo
2827 5256 3060 5303 testatur
3089 5246 3455 5317 apostolicus:
3488 5265 3508 5300 ι
3538 5247 3651 5303 Hoc
3689 5260 3824 5302 vere

2246 5351 2342 5391 ore
2378 5336 2608 5391 sumitur
2649 5337 2793 5406 quod
2838 5338 2944 5392 ﬁde
2990 5337 3262 5402 creditur,
3310 5344 3363 5392 et
3405 5336 3545 5404 ideo,
3594 5336 3696 5401 ait,
3739 5333 3825 5392 sic

2246 5425 2648 5481 communicare
2698 5425 2929 5491 debetis,
2978 5434 3036 5480 ut
3066 5425 3197 5481 nihil
3224 5440 3450 5497 prorsus
3491 5424 3562 5483 de
3588 5414 3826 5480 veritate

2246 5529 2493 5585 corporis
2520 5513 2723 5570 Christi
2767 5523 2832 5570 et.
2849 5516 3128 5587 sanguinis
3154 5515 3461 5588 ambigatis.
3490 5534 3510 5568 ι
3543 5514 3701 5583 Quod
3727 5529 3824 5570 au-

2247 5612 2354 5659 tem
2387 5605 2602 5677 propria
2648 5606 2721 5661 sit
2764 5605 2965 5662 Christi
3008 5622 3137 5662 caro
3182 5615 3237 5663 et
3289 5605 3510 5678 sanguis
3546 5596 3824 5661 testantur

2246 5711 2434 5753 omnes
2466 5696 2736 5764 catholici,
2770 5705 2997 5754 testatur
3026 5706 3080 5753 et
3114 5696 3345 5771 Cyrillus
3379 5711 3504 5753 cum
3542 5696 3658 5754 suis
3687 5709 3815 5752 cen-
