4148 6344
288 349 416 405 1561

1391 342 1734 400 EPISTOLA'
1768 342 1861 400 AD
1899 338 2424 432 FRUDEGARDLTM

3408 335 3547 392 136i

289 473 403 518 tum
433 467 489 515 et
512 456 899 529 quinquaginta
941 456 1275 527 coepiscopis
1305 456 1357 511 in
1401 456 1609 526 Epheso
1639 470 1865 526 eongre-
1895 460 1939 518 Α
1969 469 2155 510 eorum
2194 458 2299 516 est,
2338 456 2473 506 teste
2524 448 2797 520 Apostolo,
2831 462 2949 519 qua:
2978 448 3247 515 videntur,
3300 449 3392 506 sed
3424 465 3546 521 quae

288 551 447 623 gatis.
495 549 750 604 Testatur
785 549 925 603 inter
965 557 1158 603 czetera
1205 548 1611 603 vivificatricem
1649 561 1867 602 carnem

289 656 432 706 esse,
462 649 517 694 et
540 639 709 708 ipsius
740 638 902 693 Verbi
933 639 1206 708 propriam
1239 637 1459 703 factam,
1486 652 1607 706 qua:
1635 636 1744 692 vita
1774 652 1868 690 na-

290 730 541 785 turaliter
564 737 624 783 ut
665 729 806 785 Deus
850 728 1056 794 existit,
1084 729 1208 798 quia
1232 728 1462 799 propriae
1495 728 1648 782 carni
1686 727 1869 783 unitus

286 831 392 879 est.
420 822 564 893 Ergo
602 820 693 875 ubi
719 821 835 875 haec
855 821 1034 875 unitas
1061 820 1395 884 naturaliter,
1429 820 1571 875 nulla
1617 828 1702 875 est
1734 820 1869 874 divi-

289 916 390 971 sio.
425 915 494 969 Et
519 914 739 984 propria
778 914 826 970 si
853 922 957 979 est,
1000 921 1055 968 et
1081 930 1186 968 una
1231 913 1435 969 Christi
1476 927 1643 979 caro,
1680 912 1867 980 utique

290 1008 405 1076 ipsa
435 1015 520 1061 est
557 1020 677 1075 qua:
715 1012 843 1059 nata
882 1012 966 1060 est
1006 1004 1073 1059 de
1104 1002 1291 1070 Maria,
1324 1003 1450 1072 quia
1492 1000 1715 1057 Verbum
1743 1017 1867 1056 caro

288 1098 489 1170 factum
528 1106 626 1163 est,
662 1105 718 1152 et
759 1112 878 1167 qua:
926 1096 1180 1167 pependit
1221 1097 1272 1151 in
1301 1111 1482 1151 cruce.
1527 1093 1640 1177 Hoc
1687 1094 1867 1165 itaque

289 1188 512 1244 credere
563 1188 617 1242 in
665 1196 1006 1243 sacramento
1045 1187 1177 1244 fides
1216 1197 1320 1254 est,
1362 1196 1418 1242 et
1468 1195 1868 1242 sacramentum

291 1278 417 1335 ﬁdei
454 1293 580 1333 vera
609 1293 738 1333 caro
764 1287 819 1332 et
853 1279 1070 1349 sanguis
1115 1286 1216 1334 est.
1249 1279 1327 1333 Ac
1351 1293 1449 1348 per
1473 1278 1577 1333 hoc
1614 1278 1868 1349 Apostolo

291 1378 449 1432 teste,
476 1367 615 1422 sicut
638 1382 798 1421 nemo
828 1368 957 1422 dicit
982 1367 1265 1423 Dominum
1291 1368 1495 1434 Jesum,
1529 1369 1629 1424 nisi
1664 1370 1716 1423 in
1749 1369 1869 1439 Spi-

290 1456 398 1510 ritu
428 1464 619 1510 sancto
640 1455 691 1526 (Ι
720 1454 846 1510 Cor.
873 1456 1010 1526 ut),
1052 1457 1123 1511 ita
1148 1473 1306 1513 nemo
1332 1460 1503 1514 credit
1528 1459 1628 1515 hoc
1650 1460 1722 1514 ita
1750 1475 1869 1515 esse

289 1542 396 1598 nisi
419 1558 517 1614 per
555 1543 815 1612 Spiritum
848 1553 1115 1609 sanctum,
1145 1561 1241 1615 per
1267 1562 1428 1616 quem
1451 1549 1565 1603 hmc
1592 1547 1724 1604 fides
1742 1550 1867 1603 data

289 1640 394 1696 est,
426 1639 482 1687 et
507 1646 605 1703 per
628 1647 788 1700 quem
821 1633 923 1688 hoc
949 1632 1177 1689 efﬁcitur
1205 1646 1626 1703 sacramentum,
1653 1647 1712 1691 ut
1742 1653 1868 1693 vera

289 1722 362 1777 sit
399 1736 557 1791 caro,
588 1731 748 1792 atque
789 1724 901 1793 ipsa
942 1733 996 1779 et
1038 1741 1145 1781 non
1176 1725 1320 1781 aliud
1367 1742 1528 1797 quam
1572 1728 1686 1798 ipsa
1716 1744 1865 1784 caro.

288 1812 439 1868 Alias
459 1821 639 1869 autem
667 1814 783 1870 sine
810 1814 1012 1885 Spiritu
1042 1827 1253 1883 sancto,
1279 1818 1421 1874 sicut
1441 1834 1539 1875 nec
1564 1836 1692 1876 caro
1714 1820 1867 1878 Chri-
1898 1808 1942 1868 Β

260 1902 361 1958 ἐιὶ
403 1904 626 1973 prodest
669 1905 994 1975 quidquam;
1047 1906 1119 1962 ita
1175 1922 1278 1964 nec
1321 1908 1424 1964 hoc
1467 1919 1864 1966 sacramentum

288 1993 472 2048 carnis
504 1996 760 2063 prodesse
803 2003 999 2065 potest.
1048 1996 1186 2064 Quia
1217 1998 1270 2051 in
1312 1997 1398 2053 his
1439 1998 1690 2055 omnibus
1730 2017 1867 2056 unus

289 2093 375 2141 est
413 2085 591 2155 opifex
633 2085 868 2156 Spiritus
907 2097 1148 2156 sanctus,
1204 2107 1344 2145 unus
1391 2101 1445 2147 et
1476 2094 1744 2159 Christus,
1775 2096 1865 2165 qui

289 2186 585 2248 conceptus
614 2176 681 2234 de
708 2176 910 2249 Spiritu
935 2191 1124 2237 sancto
1153 2196 1220 2237 ex
1258 2182 1423 2238 Maria
1453 2184 1694 2255 Virgine,
1729 2202 1867 2242 unus

289 2278 346 2328 et
381 2279 600 2327 creator
627 2281 790 2341 atque
820 2275 1187 2332 sanetificator
1213 2278 1458 2349 corporis
1500 2288 1554 2335 et
1590 2280 1868 2350 sanguinis

290 2359 408 2430 ipse
435 2356 689 2433 Spiritus.
722 2360 850 2418 Sine
882 2378 989 2434 quo
1018 2380 1176 2422 nemo
1208 2366 1338 2421 dicit
1367 2366 1652 2422 Dominum
1680 2368 1864 2425 Jesum

289 2452 345 2507 in
369 2461 732 2520 sacramento,
761 2468 923 2510 nemo
952 2465 1098 2513 recte
1128 2458 1508 2515 crediteadem
1535 2459 1650 2528 ipsa
1682 2475 1864 2516 sacra-

290 2550 495 2608 menta,
537 2556 697 2598 nemo
727 2544 974 2601 eamdem
1020 2546 1307 2606 confitetur
1331 2562 1453 2605 esse
1484 2565 1705 2606 carnem
1746 2566 1867 2623 quae

289 2648 451 2705 passa
472 2640 578 2700 est,
608 2641 662 2689 et
696 2634 913 2704 propria
956 2634 1096 2692 facta
1135 2646 1297 2708 atque
1326 2654 1456 2705 una,
1492 2655 1559 2696 ex
1596 2656 1709 2711 quo
1739 2641 1865 2698 ﬁdei

289 2732 631 2780 sacramento
657 2724 791 2781 fides
811 2734 918 2797 est,
947 2735 1000 2783 et
1030 2728 1078 2784 si
1107 2728 1240 2784 fides
1265 2744 1394 2785 vera
1423 2738 1524 2795 est,
1549 2746 1677 2786 vera
1707 2741 1789 2787 est
1811 2742 1865 2788 et

288 2830 421 2871 caro
444 2799 875 2887 atque‘sanguis,
914 2827 975 2873 ut
1003 2819 1072 2874 sit
1116 2820 1248 2875 fides
1274 2837 1395 2892 qua:
1428 2837 1525 2893 per
1550 2822 1864 2893 Apostolum

289 2905 616 2976 prtedicatur
636 2922 659 2962 ζ
680 2904 842 2961 Fides
867 2917 963 2975 est,
986 2909 1182 2981 inquit,
1217 2914 1597 2981 sperandarum
1624 2914 1867 2970 substan-

290 2996 368 3049 tia
389 3012 587 3062 rerum,
618 3007 981 3068 argumentum
1016 3017 1119 3054 non
1145 3003 1507 3073 apparentium
1529 3003 1715 3074 (Hebr.
1741 3004 1816 3077 ιιι)
1846 3023 1861 3071 ;

288 3094 347 3141 et
375 3094 557 3141 tamen
585 3101 713 3142 vera
735 3089 1058 3156 substantia,
1079 3093 1327 3163 quamvis
1354 3093 1565 3150 dicatur
1585 3110 1868 3166 argumen-

1967 562 2074 602 non
2104 546 2375 602 videntur.
2406 544 2558 602 Unde
2585 546 2710 615 quia
2739 561 2846 601 non
2869 546 3121 601 videntur
3142 546 3396 617 mysteria
3419 556 3546 603 sunt

1966 645 2022 695 et
2050 645 2410 694 sacramenta.
2436 637 2502 692 Et
2531 637 2652 692 ideo
2681 637 2733 690 in
2767 636 2869 691 fide
2892 637 2993 692 hoc
3024 645 3150 692 sunt
3175 638 3317 707 quod
3355 639 3545 694 dicun-

1967 736 2075 796 tur,
2121 737 2182 784 ut
2218 728 2433 784 Veritas
2466 737 2711 784 testatur.
2764 729 3053 800 Propterea
3084 731 3210 800 quia
3250 732 3542 801 sperando-

1966 836 2088 877 rum
2115 829 2258 886 sunt,
2283 836 2390 875 non
2419 820 2562 875 aliud
2580 818 2702 887 jure
2725 836 2885 890 quam
2914 836 3043 877 caro
3064 829 3117 875 et
3143 823 3361 892 sanguis
3382 822 3541 877 Chri~

1967 913 2038 970 sti
2082 912 2393 969 creduntur.
2454 912 2706 982 Alioquin
2751 911 2974 982 prmfata
3035 922 3222 970 saneta
3293 913 3544 984 Synodus

1965 1008 2263 1078 Ephesina,
2292 1007 2376 1063 cui
2415 1006 2795 1063 contradicere
2819 1005 2952 1061 nulli
2988 1003 3068 1060 fas
3108 1012 3205 1059 est.
3234 1003 3355 1075 plus
3380 1020 3545 1073 quam

1966 1098 2583 1169 Evangelio,.quidquid
2627 1113 2681 1153 tn
2714 1113 2777 1153 ea
2818 1098 3083 1153 sancitum
3133 1105 3236 1161 est,
3267 1111 3543 1165 nunquam

1968 1190 2189 1245 auderet
2213 1190 2482 1259 abnegare
2524 1188 2667 1260 quod
2706 1188 2957 1259 abnegat,
3003 1186 3104 1244 nisi
3136 1202 3208 1241 ex
3236 1174 3542 1257 Evangelii»,

1968 1287 2024 1334 et
2061 1277 2328 1334 afﬁrmare
2372 1292 2499 1333 vere
2544 1276 2951 1332 vivificat'ricem
2989 1292 3205 1332 carnem
3256 1274 3455 1331 Christi
3490 1276 3545 1331 in

1968 1370 2073 1425 hoc
2118 1377 2460 1427 sacramento
2508 1376 2562 1423 et
2590 1368 2775 1437 .ipsius
2815 1368 2964 1423 verbi
3012 1369 3282 1439 propriam
3323 1367 3541 1423 factam.

1970 1456 2092 1513 Vita
2123 1459 2266 1514 enim
2289 1458 2605 1514 naturaliter
2634 1466 2692 1512 ut
2715 1458 2856 1513 Dens
2876 1458 3133 1521 existens,
3166 1457 3292 1527 quia
3316 1460 3546 1529 propria:

1969 1550 2119 1605 carni
2149 1550 2331 1605 unitus
2357 1558 2459 1605 est.
2498 1548 2647 1604 Unde
2678 1549 2723 1604 si
2752 1550 2991 1620 apertius
3021 1550 3087 1605 de
3132 1548 3216 1604 his
3246 1548 3347 1602 dici
3377 1548 3546 1618 possit

1969 1639 2177 1705 nescio,
2208 1647 2299 1694 aut
2325 1639 2370 1694 si
2407 1638 2767 1697 manifestius.
2793 1638 2883 1692 ubi
2918 1647 3086 1693 totum
3113 1638 3255 1708 quod
3281 1646 3363 1692 est
3388 1637 3547 1692 Chri-

1971 1738 2086 1784 stus
2114 1729 2463 1799 prtedieatur,
2494 1744 2599 1783 non
2628 1729 2681 1783 in
2722 1727 2914 1798 figura,
2948 1728 3041 1783 sed
3073 1728 3125 1781 in
3160 1744 3219 1782 re
3249 1736 3303 1782 et
3334 1728 3384 1781 in
3414 1741 3542 1797 pro—

1970 1823 2201 1894 prietate
2246 1830 2410 1891 atque
2458 1822 2511 1877 in
2558 1822 2772 1887 natura,
2822 1837 2942 1891 quae
2971 1823 3080 1876 vita
3121 1822 3440 1876 naturaliter
3486 1829 3547 1876 ut

1969 1912 2110 1967 Deus
2137 1911 2343 1977 existit,
2364 1919 2420 1966 et
2447 1911 2567 1966 ideo
2599 1927 2706 1966 non
2726 1912 2896 1967 virtus
2924 1921 3151 1976 tantum,
3185 1913 3277 1968 sed
3302 1912 3544 1983 proprie-

1972 2011 2053 2060 tas
2080 2013 2286 2058 natura:
2306 2003 2427 2073 jure
2451 2002 2709 2058 creditur.
2738 2004 2815 2058 Ae
2844 2018 2942 2074 per
2968 2002 3072 2059 hoc
3110 2004 3195 2058 isti
3227 2004 3316 2073 qui
3348 2011 3547 2072 negant

1969 2095 2075 2150 hoc
2103 2094 2315 2149 visibile
2341 2108 2462 2150 esse
2492 2094 2807 2165 mysterium
2842 2103 3003 2164 atque
3025 2094 3443 2164 palpabilemon
3474 2092 3543 2146 ob

1969 2185 2138 2251 aliud,
2175 2185 2280 2240 nisi
2314 2200 2381 2241 ne
2425 2185 2671 2248 credant,
2717 2194 2867 2241 etne
2904 2185 2974 2241 sit
3007 2184 3149 2255 quod
3183 2184 3395 2239 Veritas
3426 2184 3541 2238 ait:

1969 2276 2085 2333 Hoc
2113 2287 2186 2332 est
2206 2293 2393 2347 corpus
2420 2293 2613 2341 meum,
2636 2286 2684 2331 et
2713 2276 2798 2330 hic
2818 2285 2892 2331 est
2914 2276 3127 2347 sanguis
3152 2292 3313 2330 meus.
3343 2276 3546 2331 Ascen-

1969 2367 2097 2424 dant
2122 2383 2251 2439 ergo
2278 2368 2332 2423 hi
2359 2367 2447 2422 ubi
2483 2366 2733 2423 Christus
2760 2377 2846 2422 est
2873 2367 2926 2422 in
2955 2368 3175 2424 dextera
3210 2368 3303 2424 Dei
3345 2367 3542 2432 Patris,

1968 2462 2024 2511 et
2053 2454 2327 2510 invenient
2353 2454 2615 2511 visibilem
2642 2463 2695 2510 et
2722 2455 3043 2527 palpabilem
3073 2456 3247 2528 ipsum
3274 2457 3547 2513 eumdem-

1969 2561 2075 2617 que
2105 2545 2378 2601 Christum
2405 2561 2563 2616 quem
2608 2545 2909 2616 requirunt.
2940 2545 3049 2601 Nos
3077 2556 3255 2601 autem
3285 2546 3409 2616 quia
3447 2562 3545 2616 per

1969 2638 2130 2693 ﬁdem
2156 2635 2511 2700 ambulamus,
2544 2644 2727 2692 etnon
2753 2651 2851 2706 per
2880 2636 3139 2707 speciem,
3178 2636 3447 2691 credimus
3488 2646 3545 2691 et

1969 2728 2433 2785 communicamus
2470 2727 2741 2783 interdum
2775 2728 2920 2798 quod
2966 2726 3122 2794 latet,
3162 2735 3219 2783 et
3263 2726 3406 2799 quod
3460 2736 3548 2783 est

1968 2834 2156 2875 verum
2194 2819 2249 2875 in
2279 2818 2538 2890 mysterio
2561 2818 2743 2889 ;_quia
2776 2819 3005 2875 omnino.
3021 2820 3068 2874 si
3098 2834 3202 2873 non
3230 2818 3442 2882 lateret,
3483 2817 3544 2872 ti-

1968 2912 2063 2967 des
2086 2918 2141 2965 et
2165 2909 2481 2982 mysterium
2498 2924 2614 2965 non
2637 2916 2800 2965 esset.
2834 2909 2986 2965 Unde
3020 2909 3079 2964 fit
3110 2908 3322 2965 visibile
3348 2918 3401 2963 et
3429 2910 3543 2978 pal«

1967 2999 2147 3073 pabile
2175 3000 2229 3054 in
2253 2999 2470 3056 Christo
2498 2998 2640 3068 quod
2670 2998 2988 3068 accipimus,
3019 3005 3073 3054 et
3108 2997 3319 3053 visibile
3346 2998 3397 3051 in
3429 3012 3544 3069 thy-

1969 3090 2155 3155 sterio,
2189 3097 2245 3146 et
2284 3089 2340 3146 in
2381 3089 2485 3146 flde
2519 3104 2647 3145 caro
2676 3088 2838 3145 Verbi
2874 3090 2929 3145 in
2974 3088 3179 3161 Spiritu
3208 3096 3393 3145 sancto
3419 3104 3545 3160 pro-

291 3182 428 3230 tum.
480 3175 549 3231 Et
582 3175 706 3234 ideo
750 3194 860 3234 non
900 3179 1115 3236 videtur
1162 3183 1278 3239 haec
1329 3199 1480 3251 caro,
1530 3200 1706 3256 neque
1753 3188 1868 3244 vita
1894 3178 1940 3243 C
1970 3183 2088 3253 pria
2118 3180 2284 3247 facta,
2316 3188 2372 3237 et
2413 3195 2522 3237 una
2550 3181 2853 3250 eademque
2887 3195 3005 3251 quae
3032 3196 3190 3252 passa
3219 3190 3303 3237 est
3343 3188 3398 3236 et
3435 3195 3544 3237 non

289 3274 496 3322 aeterna
523 3282 643 3337 qua:
675 3277 945 3339 speratur,
995 3273 1122 3342 quia
1154 3271 1316 3329 Verbi
1348 3289 1478 3331 caro
1512 3276 1732 3348 propria
1762 3285 1865 3333 est.

289 3356 348 3412 in
378 3357 483 3414 ﬁde
523 3359 824 3415 substantia
852 3370 938 3417 est
965 3362 1217 3434 quatiam
1250 3366 1443 3433 credit,
1488 3374 1542 3422 et
1569 3367 1868 3424 communi-

291 3454 469 3513 catur,
502 3456 561 3526 et
598 3448 773 3504 adhuc
816 3460 994 3507 tamen
1035 3453 1194 3509 hodie
1222 3464 1486 3525 speratur.
1524 3456 1591 3511 Et
1630 3456 1749 3514 ideo
1790 3473 1869 3514 re-

291 3550 413 3589 rum
456 3552 562 3591 non
612 3540 985 3608 apparentium
1021 3554 1417 3614 argumentum,
1446 3545 1549 3601 hoc
1592 3557 1695 3613 est,
1741 3550 1866 3618 quia

291 3628 682 3696 sperandarum
730 3632 1032 3688 substantia
1076 3644 1179 3691 est.
1221 3637 1350 3704 Quae
1389 3639 1610 3696 omnino
1630 3640 1741 3711 jam
1772 3659 1869 3713 per

297 3715 413 3771 haec
438 3717 494 3772 in
524 3717 629 3774 flde
650 3729 749 3785 est,
775 3722 1016 3792 quinimo
1065 3725 1177 3796 ipsa
1207 3725 1338 3783 fides
1367 3737 1470 3784 est.
1501 3730 1568 3784 Et
1600 3731 1719 3787 ideo
1744 3746 1868 3788 vere

290 3805 382 3874 qui
409 3805 702 3863 manducat
725 3810 886 3882 digne
911 3812 1048 3869 hanc
1071 3831 1311 3884 carnem,
1342 3826 1396 3874 et
1421 3819 1556 3874 bibit
1585 3821 1729 3877 hunc
1750 3837 1867 3878 san-

290 3898 529 3966 guinem,
556 3897 669 3968 jam
698 3902 865 3957 vitam
894 3913 1152 3962 aeternam
1202 3910 1491 3964 manducat
1525 3917 1582 3966 et
1624 3912 1780 3979 bibit,
1811 3922 1867 3969 et

286 3988 539 4047 Christus
573 3993 624 4047 i'n
656 4009 721 4048 eo
751 4005 930 4053 manet
969 4013 1066 4070 per
1103 4014 1284 4055 veram
1329 4016 1549 4057 carnem
1595 4003 1777 4069 Verbi,
1814 4013 1868 4061 et

288 4096 386 4152 per
407 4099 562 4139 suum
591 4087 927 4157 sanguinein,
953 4091 1093 4146 sicut
1114 4100 1167 4148 et
1209 4109 1307 4149 nos
1343 4094 1395 4148 in
1430 4094 1519 4149 illo
1547 4111 1642 4165 per
1681 4112 1867 4152 verum

288 4187 447 4243 quem
476 4177 768 4247 assumpsit
803 4178 1096 4236 hominem.
1129 4183 1282 4250 Quod
1310 4185 1355 4239 si
1377 4200 1504 4240 vere
1533 4187 1673 4241 Deus
1705 4186 1869 4243 homo

287 4274 394 4332 est,
422 4275 483 4321 ut
506 4268 798 4334 credimus,
842 4286 970 4326 vera
1003 4282 1057 4327 et
1098 4289 1228 4329 caro
1268 4275 1471 4333 Christi
1503 4277 1557 4332 in
1601 4279 1706 4334 hoc
1743 4278 1867 4337 fidei

287 4367 637 4415 sacramento
662 4369 769 4427 est,
795 4377 922 4417 vera
949 4372 1003 4420 et
1043 4364 1095 4420 in
1124 4366 1279 4422 nobis
1306 4383 1406 4438 per
1433 4369 1536 4425 hoc
1576 4378 1866 4440 praestatur

262 4450 493 4516 unitas,
533 4460 589 4506 et
634 4452 691 4507 in
736 4460 963 4525 corpore
1006 4455 1205 4512 Christi
1248 4474 1374 4513 vera
1409 4460 1655 4530 adoptio;
1704 4470 1866 4532 atque

1971 3270 2097 3330 alia.
2135 3270 2401 3328 Similiter
2429 3278 2488 3327 et
2533 3270 2756 3340 sanguis
2782 3270 2850 3324 ad
2895 3269 3147 3335 salutem,
3178 3270 3371 3340 quibus
3410 3267 3543 3322 frui-

1970 3379 2093 3420 mur
2136 3362 2191 3420 in
2237 3363 2369 3429 vita,
2401 3361 2525 3433 quia
2581 3362 2847 3417 mediator
2891 3361 2984 3417 Dei
3032 3369 3089 3417 et
3134 3361 3409 3419 hominum
3456 3369 3539 3415 est

1969 3456 2235 3524 Christus,
2266 3464 2323 3512 ut
2345 3470 2443 3528 per
2487 3455 2591 3511 hoc
2619 3469 2742 3512 cum
2773 3454 2862 3511 illo
2901 3461 2956 3510 et
3001 3453 3053 3509 in
3082 3453 3171 3512 illo
3199 3469 3365 3510 unum
3394 3454 3543 3509 iuve-

1970 3566 2199 3606 lllﬂmlll‘.

2042 3642 2180 3699 Ecce
2207 3642 2395 3710 habes,
2438 3642 2826 3706 amantissime,
2856 3640 2908 3695 in
2945 3638 3112 3695 calice
3158 3637 3323 3693 libelli
3361 3636 3541 3708 hujus,

1970 3733 2268 3791 sententias
2294 3733 2685 3790 catholicorum
2705 3731 2948 3796 Patrum,
2976 3728 3257 3785 brevitatis
3284 3742 3540 3798 compen-

1970 3827 2061 3883 dio
2086 3828 2390 3894 adnotatas,
2433 3840 2501 3882 ex
2544 3826 2740 3896 quibus
2761 3823 3041 3880 addiscere
3080 3822 3270 3893 possis,
3305 3836 3411 3876 non
3454 3837 3542 3875 me

1971 3918 2295 3974 temeritatis
2324 3916 2503 3972 aﬂlatu
2545 3915 2674 3974 talia
2716 3915 2845 3970 olim
2896 3927 3125 3985 puerum
3168 3911 3399 3986 vidisse;
3449 3910 3544 3964 sed

1971 4010 2294 4067 auctoritate
2321 4009 2500 4065 divina
2540 4016 2596 4063 et
2633 4014 2940 4063 sanctorum
2981 4003 3226 4067 Patrum,
3259 4017 3321 4057 ea
3363 4007 3544 4071 petet.-

1972 4103 2115 4158 tibus
2165 4100 2530 4173 proposuisse.
2591 4096 2745 4154 Nunc
2783 4104 2962 4150 autem
3010 4092 3203 4149 exinde
3253 4091 3381 4162 quia
3435 4088 3546 4144 cla-

1972 4192 2080 4247 ruit
2104 4191 2251 4263 quod
2282 4206 2388 4247 non
2450 4189 2690 4244 omnium
2736 4194 2829 4242 est
2856 4185 3012 4251 fides,
3051 4184 3281 4247 discant,
3336 4196 3539 4251 qureso,

1970 4298 2093 4339 cum
2125 4280 2322 4336 talibus
2370 4278 2611 4343 credere,
2653 4276 2697 4332 si
2732 4275 2908 4329 adhuc
2933 4279 3204 4342 nequeunt
3243 4269 3544 4339 intelligere

1970 4371 2112 4443 quod
2143 4371 2253 4427 Deo
2274 4369 2405 4425 nihil
2431 4376 2514 4424 est
2540 4365 2910 4437 impossibile;
2942 4364 3153 4418 discant
3181 4368 3234 4415 et
3259 4360 3438 4413 verbis
3464 4362 3544 4412 ili-

1970 4464 2110 4518 vinis
2145 4463 2197 4517 in
2219 4460 2470 4515 omnibus
2506 4457 2868 4526 acquiescere,
2898 4462 2953 4507 et
2978 4453 3028 4506 in
3054 4451 3199 4506 nullo
3234 4450 3299 4504 de
3330 4449 3412 4502 his
3438 4447 3541 4501 du-

286 4555 385 4611 per
410 4541 515 4597 hoc
540 4544 789 4612 quamvis
839 4545 1066 4615 quisque
1098 4548 1386 4604 manducet
1431 4562 1483 4604 et
1530 4551 1677 4606 bibat
1725 4553 1864 4607 hanc
1894 4534 1941 4594 υ
1967 4553 2162 4607 bitare.
2197 4549 2333 4618 Quia
2365 4562 2532 4616 usque
2556 4545 2622 4599 ad
2659 4557 2895 4613 pmcsens
2924 4555 3085 4595 nemo
3111 4540 3387 4593 deerrasse
3416 4535 3544 4607 legi-

284 4630 475 4698 vitam,
500 4640 682 4689 tamen
715 4634 923 4706 integer
967 4645 1148 4692 manet
1177 4647 1232 4693 et
1258 4638 1391 4692 vivit
1431 4638 1700 4705 Christus,
1737 4642 1863 4711 quia

281 4730 367 4779 est
395 4723 503 4792 via,
534 4727 734 4783 veritas
756 4736 812 4783 et
834 4728 964 4783 vita.

356 4812 464 4869 Sed
501 4816 719 4883 quidam
742 4817 1106 4887 loquacissimi
1136 4820 1306 4892 magis
1344 4835 1505 4890 quam
1538 4820 1699 4884 docti,
1736 4820 1862 4877 dum

281 4902 404 4961 haec
431 4906 657 4961 credere
686 4907 982 4979 refugiunt,
1011 4926 1347 4982 qutecunque
1373 4921 1617 4981 possunt,
1649 4928 1718 4968 ne
1747 4928 1863 4967 cre-

282 4995 416 5051 dant
446 5012 567 5067 qute
614 4999 815 5055 veritas
850 5000 1213 5071 grepromittit,
1257 5010 1553 5071 opponunt,
1582 5010 1637 5055 et
1679 5001 1865 5056 dicunt

282 5084 493 5142 nullum
534 5101 731 5158 corpus
757 5104 878 5144 esse
907 5090 1049 5159 quod
1094 5105 1201 5145 non
1248 5091 1320 5147 sit
1357 5090 1624 5163 palpabile
1653 5099 1709 5147 et
1736 5091 1864 5145 vist-

262 5171 411 5267 ‘bile.
452 5176 578 5235 Haec
604 5188 809 5247 autem,
835 5180 1111 5251 inquiunt,
1140 5182 1267 5252 quia
1298 5182 1557 5254 mysteria
1595 5190 1742 5245 sunt,
1787 5182 1863 5237 vi-

288 5264 399 5325 deri
430 5280 709 5342 nequeunt
736 5288 836 5329 nec
862 5272 1094 5344 palpari,
1116 5283 1170 5330 et
1200 5274 1321 5330 ideo
1346 5288 1543 5343 corpus
1574 5289 1679 5329 non
1705 5283 1860 5339 sunt;

285 5368 337 5415 α
360 5360 406 5414 si
433 5375 633 5434 corpus
666 5379 775 5420 non
804 5372 950 5431 sunt,
981 5365 1037 5420 in
1068 5365 1240 5438 ﬁgura
1269 5365 1452 5421 carnis
1497 5375 1553 5420 et
1581 5366 1860 5438 sanguinis

284 5448 401 5505 bene
431 5451 705 5519 dicuntur,
736 5463 791 5510 et
835 5471 944 5512 non
980 5456 1033 5512 in
1063 5457 1391 5528 proprietate
1420 5466 1629 5512 natura:
1678 5457 1858 5512 carnis

283 5537 486 5595 Christi
516 5551 573 5597 et
596 5546 896 5617 sanguinis,
918 5562 1039 5619 quae
1060 5563 1191 5605 caro
1218 5564 1375 5619 passa
1407 5555 1489 5605 est
1514 5548 1566 5603 in
1592 5562 1775 5612 cruce,
1805 5555 1861 5603 et

282 5643 410 5687 nata
457 5635 525 5691 de
561 5635 726 5694 Maria
758 5638 998 5710 Virgine.
1044 5641 1183 5698 Ecce
1222 5658 1385 5715 quam
1420 5642 1555 5699 bene
1586 5642 1859 5713 disputant

280 5733 469 5782 contra
518 5730 675 5788 fidem
724 5735 838 5791 sine
870 5736 991 5804 fide,
1045 5753 1110 5795 ne
1141 5739 1384 5803 credant,
1415 5738 1538 5808 quia
1589 5737 1720 5795 fides
1752 5752 1857 5794 non

1969 4652 2077 4706 tur,
2107 4640 2209 4694 nisi
2234 4638 2326 4709 qui
2353 4645 2408 4692 et
2445 4635 2513 4691 de
2534 4634 2750 4690 Christo
2776 4638 3126 4696 erraverunt;
3151 4627 3397 4699 quamvis
3427 4626 3544 4697 pluo

1967 4732 2089 4788 rimi
2104 4728 2465 4786 dubitaverint
2480 4726 2560 4780 vel
2582 4724 2951 4798 ignoraverint
2965 4723 3093 4777 tanti
3110 4719 3350 4793 mysterii
3368 4733 3544 4773 sacra-

1968 4830 2170 4881 menta.
2202 4821 2342 4889 Quin
2371 4820 2551 4890 potius
2580 4818 2910 4873 admiremur
2939 4810 3417 4885 profundissimam
3448 4808 3544 4862 Dei

1967 4912 2277 4978 consilium,
2300 4910 2443 4981 quod
2473 4907 2652 4981 magni
2681 4904 3139 4975 consiliiAngelus
3167 4900 3421 4966 instituit,
3452 4900 3545 4970 qui

1966 5004 2079 5060 vult
2116 5018 2307 5059 omnes
2356 5000 2535 5057 salvos
2587 4998 2705 5054 fieri
2748 4997 3012 5054 homines.
3067 4994 3437 5057 Admiremur,
3487 5000 3546 5046 et

1965 5097 2244 5152 laudemus
2266 5104 2430 5166 atque
2460 5092 2822 5162 intelligamus
2847 5089 2900 5144 in
2924 5089 3009 5143 bis
3050 5087 3193 5159 quod
3218 5086 3413 5141 beatus
3439 5083 3540 5140 Hi-

1963 5186 2132 5241 larius
2160 5183 2273 5256 (lib.
2306 5200 2367 5238 ιιι
2395 5183 2458 5239 de
2490 5180 2707 5252 Trinit.)
2738 5178 3036 5244 intellexit,
3051 5191 3159 5248 quo
3188 5173 3445 5240 artificio,
3480 5168 3551 5229 ut'

1963 5281 2039 5336 ita
2071 5278 2283 5349 loquar,
2314 5292 2412 5332 nos
2438 5274 2687 5331 Christus
2712 5272 2767 5326 in
2794 5286 2851 5325 se
2880 5267 3119 5339 collegit,
3146 5266 3229 5322 vel
3254 5282 3361 5340 quo
3392 5281 3541 5338 mys-

1962 5371 2102 5426 terio
2130 5383 2292 5424 unum
2313 5368 2377 5422 'in
2402 5381 2461 5421 se
2488 5379 2587 5419 nos
2611 5376 2731 5417 esse
2757 5359 3075 5415 naturaliter
3099 5357 3285 5424 voluit,
3318 5372 3421 5412 non
3447 5356 3549 5428 per

1964 5459 2307 5517 concordiam
2334 5454 2668 5514 solummodo
2691 5449 3002 5513 voluntatis,
3055 5447 3151 5503 sed
3172 5462 3269 5518 per
3290 5457 3540 5502 naturam

1965 5550 2146 5607 carnis
2171 5563 2281 5606 suae
2312 5555 2369 5603 et
2411 5542 2707 5617 sanguipis.
2734 5540 2826 5597 Ait
2848 5539 3027 5595 enim:
3069 5556 3089 5590 ι
3126 5539 3406 5614 Quomodo
3434 5554 3541 5592 non

1964 5639 2287 5698 naturaliter
2333 5649 2550 5693 manere
2576 5632 2824 5689 Christus
2852 5630 2907 5686 in
2946 5629 3101 5686 nobis
3148 5628 3541 5685 existimandus

1964 5744 2066 5803 est,
2084 5732 2174 5805 qui
2199 5738 2447 5787 naturam
2464 5725 2645 5787 carnis
2662 5731 2857 5782 nostra:
2876 5723 2990 5798 jam
3006 5722 3414 5796 inseparabilem
3437 5722 3539 5779 sibi
