4148 6344
583 342 725 403 I365

1402 344 1458 398 S.
1496 342 1853 399 PASCHASII
1888 342 2234 398 RADBERTI
2272 342 2561 398 ABBATLS
2599 294 3045 403 CORBEIENSlS

3700 343 3844 402 1364

586 462 749 520 homo
800 460 971 516 factus
1025 459 1335 529 assumpsit,
1381 466 1436 513 et
1462 466 1711 512 naturam
1749 458 1927 514 carnis
1955 473 2065 513 sua:
2091 458 2159 512 ad
2189 462 2235 520 Α
2262 460 2369 525 det,
2394 468 2448 516 et
2477 461 2580 516 alia
2612 462 2936 532 hujusmodi.
2975 463 3040 517 Et
3066 462 3187 518 ideo
3222 478 3327 517 non
3358 470 3487 532 puto
3513 462 3632 516 sine
3663 460 3851 532 aliquo

588 564 838 612 naturam
886 550 1205 607 :eternitatis
1233 550 1333 605 sub
1361 559 1701 605 sacramento
1733 549 1886 604 nobis
1912 564 2156 605 commu-

588 645 830 700 nicandzn
877 642 1059 699 carnis
1112 639 1432 697 admiscuit?
1477 639 1682 709 Itaque,
1723 639 1915 709 inquit,
1969 653 2162 693 omnes

587 749 750 790 unum
781 748 984 797 sumus,
1014 731 1139 802 quia
1161 740 1216 786 et
1244 731 1296 787 in
1319 731 1534 787 Christo
1561 730 1721 785 Pater
1749 722 1847 794 est,
1882 737 1937 784 et
1979 728 2164 783 Chris-

587 835 676 881 tus
702 826 754 880 in
786 825 939 881 nobis
957 833 1059 892 est,
1092 844 1111 877 ι
1146 832 1249 880 etc.
1284 822 1547 879 Similiter
1589 835 1801 892 quoque
1823 830 1875 875 et
1913 819 2165 889 Augusti-

584 932 690 972 nus
715 925 964 983 testatur,
1015 925 1070 971 et
1095 914 1310 986 reliqui,
1339 914 1481 984 quod
1504 929 1568 969 eo
1608 913 1767 968 modo
1789 911 1877 966 ille
1908 911 1961 965 in
2010 909 2166 965 nobis

586 1016 691 1073 εει,
721 1015 776 1062 et
802 1021 901 1062 nos
935 1022 1032 1077 per
1085 1015 1417 1076 assumptum
1474 1004 1747 1061 hominem
1779 1003 1831 1058 in
1863 1001 1985 1068 illo;
2024 1010 2079 1056 et
2119 1000 2163 1055 si

588 1098 711 1169 quis
740 1098 845 1153 hoc
873 1098 1154 1154 destruere
1188 1097 1338 1163 velit,
1362 1105 1532 1153 totum
1555 1097 1798 1151 destruat
1817 1108 2040 1151 necesse
2060 1102 2165 1158 cst,

589 1189 693 1244 sibi
728 1189 796 1243 ad
848 1188 1168 1259 perniciem,
1208 1187 1357 1257 quod.
1382 1187 1545 1242 homo
1582 1185 1723 1242 Deus
1752 1186 1868 1241 ﬁeri
1918 1186 2168 1257 dignatus

589 1287 675 1335 est
698 1279 752 1334 in
782 1285 1125 1334 sacramento
1154 1278 1221 1333 ad
1248 1277 1495 1333 salutem.
1528 1276 1653 1332 Ideo
1701 1290 1889 1331 verum
1916 1284 1999 1330 est
2026 1273 2169 1343 quod

590 1370 913 1426 Ambrosius
938 1370 1015 1425 ait
1040 1369 1434 1434 sanctissimus,
1467 1368 1592 1439 quia
1612 1367 1723 1439 ipsa
1754 1366 2051 1435 eademque
2075 1380 2167 1419 ca-

592 1476 659 1517 ro
686 1471 740 1517 et
775 1462 1002 1534 sanguis
1052 1475 1212 1532 quem
1259 1460 1555 1531 accipimus
1604 1467 1661 1514 et
1687 1457 2169 1521 communicamus,

594 1570 716 1624 qua:
752 1563 875 1609 nata
905 1561 986 1609 est
1016 1554 1082 1609 de
1103 1551 1272 1608 Maria
1290 1551 1532 1621 Virgine,
1564 1559 1617 1606 et
1638 1565 1757 1621 qua:
1782 1564 1880 1619 pro
1908 1547 2061 1603 nobis
2081 1561 2174 1618 pe-

596 1642 784 1719 pendit
830 1643 884 1699 in
926 1656 1107 1701 cruce.
1144 1642 1260 1699 Hoc
1285 1650 1339 1696 et
1373 1643 1562 1697 beatus
1613 1648 1819 1710 martyr
1868 1637 2174 1709 Cyprianus

595 1739 844 1787 testatur.
875 1730 1029 1787 Unde
1056 1730 1100 1786 si
1122 1730 1243 1801 quis
1265 1731 1367 1785 hoc
1382 1738 1541 1799 negat
1564 1729 1638 1782 ita
1667 1742 1808 1793 esse,
1836 1727 1961 1796 quia
1990 1740 2173 1780 sacra-

595 1830 839 1878 mentum
887 1830 1133 1889 vocatur,
1175 1821 1277 1877 erit
1307 1820 1381 1887 ei,
1429 1821 1567 1875 sicut
1594 1827 1813 1873 sanctus
1838 1817 2171 1889 Augustinus
2203 1811 2245 1870 Β

594 1919 847 1976 testatur,
902 1927 1069 1977 mors,
1116 1927 1224 1967 non
1249 1912 1379 1977 vita,
1418 1911 1509 1980 qui
1565 1909 1877 1964 mendacem
1907 1908 2174 1980 putaverit

596 2003 786 2056 vitam.
815 2000 952 2058 Hinc
987 2011 1041 2059 ct
1073 2002 1182 2059 Leo
1216 2002 1545 2075 apostolicus
1584 2002 1699 2056 ait:
1732 2020 1750 2053 ι
1782 2000 1893 2056 lloc
1922 2014 2053 2070 ergo
2075 2011 2174 2054 ore

599 2096 854 2161 sumitur,
877 2097 1020 2173 quod
1050 2096 1153 2153 ﬁde
1175 2098 1433 2153 creditur.
1463 2097 1528 2151 Et
1551 2096 1753 2153 frustra
1776 2095 1845 2150 ab
1872 2094 1977 2150 illis
2001 2094 2173 2150 Amen

600 2188 975 2258 respondetur,
1011 2205 1040 2244 a
1062 2190 1257 2261 quibus
1289 2195 1477 2245 contra
1500 2189 1552 2243 id
1579 2189 1723 2258 quod
1744 2187 2026 2258 accipitur,
2058 2185 2171 2240 dis-

597 2288 840 2349 putatur.
870 2298 889 2331 ι
923 2279 1073 2347 Quod
1097 2281 1143 2334 si
1163 2280 1382 2350 quaeris,
1409 2264 1748 2345 charissime,
1770 2293 1936 2349 super
1977 2275 2176 2346 quibus

598 2369 979 2425 uuiversaliter
1007 2370 1074 2426 ab
1099 2372 1347 2427 omnibus
1368 2369 1539 2426 Amen
1567 2370 1958 2441 respondeatur
1984 2369 2037 2423 in
2061 2375 2173 2422 tota

600 2460 842 2521 Ecclesia
857 2461 1056 2518 Christi
1075 2502 1091 2529 ,
1121 2464 1329 2533 respice
1358 2462 1410 2517 in
1442 2472 1906 2519 sacramentorum
1933 2459 2176 2515 celebra-

599 2552 751 2606 tione
778 2552 1091 2607 tnstituente
1110 2552 1269 2609 beato
1296 2551 1457 2607 Petro
1488 2548 1877 2621 (utcredimus)
1908 2550 2036 2620 quid
2054 2556 2178 2605 orat

602 2640 870 2698 Sacerdos
910 2642 962 2696 in
984 2643 1221 2707 Canone,
1251 2642 1490 2713 exceptis
1515 2641 1600 2697 bis
1626 2655 1746 2711 quae
1776 2649 1899 2711 post
1935 2654 2177 2695 commu-

598 2734 817 2788 nionem
843 2734 1110 2789 dicuntur.
1145 2733 1214 2788 Ut
1262 2733 1378 2802 ﬁat,
1409 2733 1600 2803 inquit,
1642 2749 1828 2803 corpus
1871 2741 1918 2787 et
1964 2731 2177 2801 sanguis

600 2823 924 2878 dilectissimi
959 2822 1087 2879 Filii
1115 2825 1190 2877 tui
1212 2823 1421 2878 Domini
1448 2824 1613 2878 nostri
1658 2820 1789 2877 Iesu
1815 2821 2032 2878 Christi.
2059 2822 2176 2889 Qua

606 2928 770 2986 prece
794 2914 1022 2984 expleta,
1053 2930 1291 2971 consona
1314 2930 1691 2983 voce,omnes,
1714 2914 1885 2971 Amen
1913 2915 2171 2981 dicimus;

602 3006 791 3075 sicque
826 3005 1002 3061 omnis
1030 3004 1270 3061 Ecclesia
1305 3006 1359 3061 in
1388 3006 1533 3061 omni
1560 3014 1717 3077 gente
1742 3015 1796 3061 et
1825 3006 2006 3077 lingua
2031 3013 2174 3071 orat,

600 3105 656 3152 ct
693 3095 983 3153 conﬁtetur
1014 3096 1157 3167 quod
1187 3097 1291 3153 hoc
1336 3098 1408 3152 sit
1434 3097 1578 3168 quod
1611 3104 1753 3153 orat.
1804 3096 1957 3153 Unoe
1992 3096 2175 3152 videat

605 3190 700 3260 qui
729 3198 915 3247 contra
943 3191 1048 3249 hoc
1067 3190 1253 3247 venire
1280 3190 1509 3246 voluerit
1529 3190 1704 3263 magis
1727 3203 1887 3261 quam
1926 3190 2172 3257 credere,
2202 3170 2247 3233 (ἶ

602 3283 731 3353 quid
755 3290 879 3359 agat
904 3295 1093 3339 contra
1125 3284 1299 3355 ipsum
1326 3284 1634 3350 Dominum,
1656 3293 1711 3340 et
1737 3292 1925 3339 contra
1960 3299 2176 3340 omnem

601 3374 804 3430 Christi
846 3374 1165 3431 Ecclesiam.
1198 3374 1475 3431 Nefarium
1528 3390 1661 3451 ergo
1703 3374 1881 3431 scelus
1908 3384 1992 3430 est
2017 3390 2178 3431 orare

604 3480 728 3521 cum
756 3466 1027 3530 omnibus,
1059 3473 1114 3522 et
1141 3481 1247 3522 non
1271 3466 1490 3522 credere
1518 3466 1662 3537 quod
1689 3466 1807 3538 ipsa
1833 3464 2046 3523 Veritas
2070 3478 2179 3523 tes-

600 3565 771 3622 tatur,
799 3563 854 3612 et
876 3555 1073 3625 ubique
1106 3570 1296 3611 omnes
1324 3555 1700 3613 universaliter
1724 3570 1913 3611 verum
1942 3570 2061 3612 esse
2097 3555 2180 3610 fa-

599 3656 804 3705 tentur.
845 3647 999 3707 Unde
1033 3648 1160 3721 quia
1193 3648 1307 3720 ipse
1348 3664 1503 3704 suum
1539 3663 1659 3706 esse
1689 3649 1820 3717 dicit
1859 3657 2080 3720 corpds,
2123 3656 2178 3703 et

602 3754 760 3795 suum
786 3740 1105 3811 sanguinem
1130 3755 1237 3795 non
1258 3748 1492 3811 oportet,
1515 3749 1571 3797 et
1591 3740 1636 3796 si
1656 3741 1828 3797 oculis
1840 3740 2053 3797 carneis
2067 3754 2176 3795 non

599 3837 850 3894 videmus
869 3838 1012 3907 quod
1037 3836 1330 3903 credimus,
1361 3836 1608 3892 dubitare
1639 3837 1693 3891 in
1721 3836 1921 3908 aliquo.
1952 3835 2177 3891 Audivi-

604 3943 728 3984 mus
746 3928 910 3985 etiam
941 3928 1070 3998 quid
1094 3926 1387 3999 Gregorius
1431 3943 1569 4000 papa
1594 3928 1659 3983 de
1684 3928 1787 3984 hoc
1817 3930 2033 3983 sentiat.
2062 3928 2175 3981 Au-

601 4018 837 4075 divimus
860 4018 991 4088 quid
1023 4027 1079 4073 et
1099 4024 1318 4073 sanctus
1349 4016 1582 4089 Cyrillus
1610 4032 1732 4072 cum
1760 4018 2029 4072 universis
2054 4030 2177 4071 coe-

600 4108 836 4179 piscopis
863 4108 919 4162 in
944 4107 1156 4178 Epheso
1183 4107 1543 4178 congregatis,
1563 4107 1689 4176 quid
1702 4105 1907 4161 Crtecia
1930 4120 2052 4161 cum
2076 4105 2179 4160 eis-

603 4197 753 4263 dem,
779 4197 909 4269 quid
956 4197 1245 4271 (Egyptus,
1287 4206 1342 4253 et
1390 4198 1519 4268 quid
1558 4206 1777 4253 sanctus
1815 4198 2177 4268 Hieronymus

601 4289 911 4369 presbyter,
958 4291 1049 4362 qui
1089 4301 1142 4347 et
1170 4291 1312 4363 ipsas
1338 4300 1644 4346 sanctorum
1676 4290 1897 4345 Patrum
1928 4290 2067 4345 vitas
2098 4288 2178 4343 la-

599 4381 716 4441 tino
744 4381 913 4440 edidit
940 4397 1207 4439 sermone.
1241 4382 1310 4438 Et
1330 4382 1449 4438 ideo
1476 4381 1722 4453 quamvis
1743 4398 1805 4438 ex
1830 4383 1932 4438 hoc
1957 4382 2174 4452 quidam

599 4472 668 4531 de
693 4471 993 4542 ignorantia
1012 4480 1219 4537 errent,
1244 4487 1405 4527 nemo
1430 4482 1604 4527 tamen
1635 4482 1718 4527 est
1739 4471 1914 4527 adlmc
1938 4474 1990 4527 in
2021 4488 2178 4543 aper-

600 4572 679 4629 to,
719 4563 812 4633 qui
858 4563 962 4618 hoc
1007 4564 1079 4617 ita
1108 4577 1227 4619 csse
1272 4563 1611 4618 contradicat
1657 4562 1799 4634 quod
1841 4573 1986 4619 totus
2027 4564 2176 4618 orbis

600 4654 771 4715 credit
804 4663 860 4712 et
892 4656 1197 4713 conﬁtetur.
1252 4653 1517 4723 Quoniam
1543 4670 1611 4710 ex
1652 4669 1848 4727 magno
1882 4655 1976 4711 Dei
2002 4655 2179 4711 consi-

597 4748 699 4815 lio,
725 4757 782 4803 ut
812 4748 943 4813 dixi,
968 4746 1070 4804 hoc
1090 4749 1166 4803 ita
1188 4761 1308 4803 esse
1334 4747 1602 4803 sancitum
1629 4754 1713 4802 est
1736 4762 1767 4802 a
1794 4747 1973 4803 Deoin
1995 4762 2172 4813 coena,

602 4848 665 4892 ut
709 4837 956 4893 Salvator
989 4838 1116 4907 quia
1150 4837 1407 4893 eximium
1430 4844 1533 4903 est,
1564 4837 1708 4893 dicat
1735 4837 2047 4907 discipulis:
2078 4836 2176 4892 De-

596 4930 790 4985 siderio
819 4928 1109 4984 desideravi
1137 4929 1234 4985 hoc
1253 4930 1447 5000 pascha
1463 4928 1783 4983 manducare
1798 4929 2054 4984 vobiscum
2076 4944 2172 4983 an-

596 5028 803 5089 tequam
823 5018 999 5089 patiar
1015 5014 1167 5101 (Lac.
1192 5017 1350 5089 xxu).
1374 5016 1521 5073 Alias
1547 5025 1725 5072 autem
1752 5017 1855 5072 nisi
1880 5018 2088 5087 essetin
2105 5032 2169 5073 eo

595 5110 818 5166 evidens
857 5108 1291 5176 Sacramentum,
1324 5126 1665 5182 nequaquam
1692 5110 1922 5165 diceret:
1955 5109 2169 5165 Deside-

597 5200 677 5255 rio
709 5199 1038 5266 desideravi;
1064 5202 1318 5272 quoniam
1365 5198 1538 5268 majus
1573 5210 1656 5255 est
1678 5202 1880 5266 dicere,
1910 5201 2168 5256 desiderio

596 5290 909 5357 desideravi,
941 5306 1101 5362 quam
1121 5290 1168 5347 si
1206 5292 1410 5348 diceret
1457 5292 1797 5359 simpliciter,
1845 5294 2165 5360 desideravi,

592 5380 846 5450 quamvis
864 5389 918 5436 et
945 5381 1047 5437 hoc
1083 5392 1226 5438 esset
1247 5398 1518 5454 magnum.
1540 5383 1673 5438 Nam
1698 5390 1798 5442 hoc
1824 5401 1992 5457 genus
2022 5386 2171 5442 locu-

588 5473 761 5565 tionis
780 5474 833 5532 in
868 5473 1165 5544 Scriptnris
1187 5475 1403 5542 divinis,
1428 5492 1698 5547 nunquam
1731 5478 1832 5533 nisi
1860 5495 1956 5549 pro
1977 5495 2169 5550 magno

589 5564 873 5621 inlellectu
916 5581 1038 5623 cum
1091 5565 1181 5620 tali
1210 5566 1575 5622 additamenta
1606 5567 1844 5636 ponitur,
1876 5569 2012 5624 sicut
2041 5580 2167 5623 est:

593 5658 714 5717 Vita
762 5657 908 5719 viret,
962 5667 1009 5711 et
1040 5674 1141 5711 non
1177 5657 1608 5726 morietur(Joan.
1638 5658 1747 5731 v1);
1776 5671 1830 5714 ct
1877 5662 1942 5714 de
1995 5662 2168 5716 amico

574 5750 777 5827 gpomii
804 5768 815 5803 :
852 5748 955 5816 Qui
1004 5758 1104 5804 ttat
1136 5757 1182 5805 et
1212 5748 1358 5804 audit
1388 5764 1554 5806 rocem
1600 5751 1793 5821 sponsi,
1820 5752 2013 5823 gaudio
2042 5769 2167 5825 gau-

2263 564 2459 621 magno
2473 549 2677 619 judicio
2699 552 2768 606 ita
2792 551 2896 607 dici
2927 552 3147 616 debere,
3171 567 3482 622 quanquam
3520 566 3680 605 nemo
3700 560 3851 607 recte

2263 657 2323 699 se
2350 640 2659 698 desiderare
2683 643 2849 709 dicat,
2896 642 2999 698 nisi
3031 657 3095 698 ex
3145 643 3433 698 desiderio.
3485 642 3689 697 Tamen
3719 645 3851 713 quia

2264 748 2364 789 nec
2390 749 2532 789 unus
2558 749 2693 804 apex
2742 734 2865 789 iota:
2912 735 2966 789 in
2995 733 3295 814 Scripturis
3324 733 3498 788 sacris
3543 731 3853 805 superﬂuus

2264 841 2384 883 esse
2409 826 2672 893 creditur,
2700 836 2846 882 recte
2873 826 2999 882 talis
3025 826 3372 897 exaggeratio
3391 825 3513 896 plus
3533 824 3737 895 aliquid
3769 826 3855 881 in-

2266 923 2384 978 nuit
2418 935 2578 992 quam
2618 920 2664 976 si
2690 921 2913 988 diceret,
2945 919 3272 976 desideravi.
3298 918 3417 974 Non
3442 918 3585 974 enim
3618 918 3686 972 de
3732 918 3856 974 solo

2268 1030 2406 1087 agno
2434 1013 2524 1070 illo
2561 1013 2716 1085 legali
2741 1015 2845 1069 hoc
2886 1014 3090 1069 dictum
3119 1012 3343 1068 credere
3387 1011 3673 1075 debemus,
3720 1010 3855 1080 quia

2266 1114 2321 1161 et
2345 1104 2492 1159 illum
2521 1102 2635 1174 jam
2674 1112 2821 1159 retro
2841 1120 2964 1160 cum
2996 1104 3201 1160 eisdem
3243 1116 3395 1157 more
3420 1101 3639 1172 judaico
3674 1115 3858 1155 come-

2268 1194 2441 1259 dcrat,
2473 1192 2564 1249 sed
2586 1194 2652 1248 de
2684 1194 2911 1249 veritate
2936 1193 3068 1247 tanti
3092 1191 3356 1263 mystcrii.
3388 1189 3651 1256 Quoniam
3677 1188 3730 1242 in
3761 1188 3856 1241 illa

2269 1285 2459 1340 umbra
2495 1282 2820 1348 futurorum,
2871 1292 2925 1339 et
2968 1283 3249 1354 prophetia
3278 1287 3395 1337 erat
3435 1281 3488 1334 in
3538 1294 3766 1349 corpore
3801 1286 3860 1332 et

2269 1375 2530 1446 sanguine
2557 1389 2685 1429 vere
2721 1373 2949 1442 Christi,
2982 1374 3093 1429 imo
3133 1374 3187 1428 in
3218 1373 3334 1443 ipso
3364 1372 3565 1427 veritas
3607 1370 3855 1427 Christo.

2269 1467 2388 1539 Ipse
2412 1481 2644 1536 namque
2669 1472 2785 1521 erat
2815 1480 2985 1536 agnus
3016 1480 3175 1533 quem
3214 1463 3347 1517 Abel
3377 1463 3583 1533 primus
3632 1460 3853 1523 obtulit,

2271 1573 2431 1630 quem
2461 1556 2676 1628 Moyses
2730 1555 2931 1610 dudum
2984 1569 3142 1609 mane
3182 1562 3238 1608 et
3262 1567 3489 1621 vespere
3512 1549 3693 1605 oﬁ‘erri
3743 1550 3862 1605 Deo

2273 1649 2328 1703 in
2355 1646 2622 1704 sacriﬁcio
2668 1644 2944 1717 prmcepit.
2976 1643 3107 1699 Erat
3144 1652 3326 1697 autem
3358 1643 3411 1696 in
3457 1641 3649 1695 eadem
3696 1655 3861 1695 coena

2275 1754 2441 1811 agnus
2472 1737 2557 1792 ille
2586 1737 2814 1808 typicus,
2865 1745 2982 1789 erat
3008 1742 3063 1787 ct
3105 1734 3306 1787 veritas
3332 1730 3541 1801 (Cenes.
3574 1747 3649 1795 tv;
3682 1729 3858 1784 Exod.

2276 1845 2436 1895 xxlx;
2498 1828 2664 1883 Nunt.
2723 1826 2955 1897 xxvttt);
2989 1826 3271 1896 oportebat
3324 1829 3502 1876 autem
3553 1822 3619 1876 de
3667 1820 3861 1876 umbra

2277 1920 2507 1976 transire
2528 1919 2595 1974 ad
2625 1917 2929 1973 veritatem.
2962 1916 3027 1970 Et
3056 1916 3176 1970 ideo
3200 1912 3394 1985 gaudio
3410 1912 3630 1983 gaudet,
3653 1912 3862 1981 gratias

2276 2027 2441 2084 agens
2467 2013 2578 2067 Deo
2606 2009 2777 2075 Patri,
2807 2008 2931 2078 quia
2953 2008 3063 2079 jam
3088 2006 3411 2077 implebatur
3431 2005 3576 2076 quod
3606 2020 3729 2060 cum
3760 2003 3859 2059 de-

2275 2102 2476 2159 siderio
2510 2102 2601 2157 diu
2626 2100 3047 2156 desideraverat.
3099 2096 3482 2166 Assumpserat
3510 2096 3658 2150 enim
3687 2094 3864 2150 homi-

2274 2208 2401 2248 nem
2449 2192 2504 2247 in
2531 2190 2724 2257 Deum,
2775 2188 2989 2261 quando
3020 2186 3246 2242 Verbum
3277 2202 3400 2240 caro
3444 2187 3644 2256 factum
3673 2194 3773 2249 est,
3802 2191 3864 2238 ut

2273 2297 2373 2354 per
2396 2296 2519 2337 eum
2557 2294 2799 2335 essemus
2819 2280 2873 2334 in
2899 2278 2990 2333 illo
3015 2294 3030 2343 ;
3060 2277 3155 2333 sed
3186 2275 3417 2331 necdum
3446 2275 3537 2329 ille
3557 2274 3862 2329 admiscue-

2276 2383 2362 2431 rat
2382 2389 2439 2430 se
2459 2388 2558 2445 per
2605 2387 2826 2428 carnem
2852 2378 2906 2427 et
2931 2371 3247 2440 sanguinem
3276 2383 3431 2423 suum
3458 2367 3636 2432 nobis,
3666 2375 3726 2420 ut
3747 2366 3862 2421 sin-

2278 2466 2388 2538 guli
2422 2463 2667 2541 membra
2697 2462 2751 2517 in
2780 2462 2871 2518 illo
2894 2476 3063 2516 unum
3086 2473 3333 2516 essemus
3358 2473 3575 2528 corpus.
3606 2457 3745 2524 Quia
3775 2463 3861 2511 et-

2278 2558 2325 2614 si
2358 2570 2487 2613 caro
2517 2554 2654 2609 nihil
2678 2556 2899 2625 prodest
2925 2568 3022 2623 per
3046 2567 3122 2616 se,
3149 2550 3384 2622 Spiritus
3413 2559 3635 2604 sanctus
3657 2556 3741 2603 est
3764 2544 3859 2616 qui

2279 2646 2515 2703 viviﬁcat
2540 2661 2755 2716 corpus,
2784 2654 2844 2700 ut
2868 2645 2922 2700 in
2949 2644 3107 2699 nobis
3128 2642 3379 2697 omnibus
3404 2656 3543 2695 unus
3571 2640 3641 2695 sit
3673 2639 3863 2694 Chris-

2279 2748 2385 2794 tus.
2414 2737 2472 2793 ln
2513 2753 2621 2793 uno
2649 2736 2947 2807 eodemque
2974 2734 3278 2790 viviﬁcatur
3319 2732 3547 2802 Spiritu,
3591 2740 3649 2786 et
3676 2745 3859 2785 mane-

2279 2844 2402 2885 mus
2445 2829 2499 2883 in
2532 2826 2623 2883 illo
2661 2841 2757 2898 per
2784 2826 3056 2882 hominem
3083 2840 3243 2895 quem
3289 2822 3600 2893 assumpsit,
3626 2821 3768 2877 sicut
3803 2828 3861 2875 et

2278 2922 2392 2993 ipse
2418 2935 2516 2991 per
2554 2920 2654 2975 hoc
2679 2917 2992 2990 mysterium
3019 2915 3263 2987 corporis
3292 2922 3346 2969 et
3387 2913 3664 2983 sanguinis
3692 2912 3773 2967 sui
3803 2912 3861 2965 in

2277 3012 2454 3069 nobis.
2483 3011 2551 3066 Et
2593 3010 2713 3065 ideo
2739 3019 2938 3064 nostra:
2979 3007 3170 3063 salutis
3219 3020 3450 3070 summa,
3486 3003 3612 3073 quia
3659 3002 3714 3057 in
3754 3002 3862 3056 isto

2279 3104 2527 3161 consistit
2549 3109 2909 3169 sacramento,
2946 3100 3217 3155 desiderio
3255 3098 3339 3154 sui
3362 3095 3664 3152 desideravi
3686 3096 3834 3149 aditu

2280 3198 2461 3271 plevit,
2492 3205 2555 3252 ut
2580 3211 2703 3252 cum
2740 3195 2853 3251 suis
2900 3201 3190 3265 antequam
3235 3200 3514 3263 pateretur
3533 3189 3634 3246 hoc
3666 3203 3865 3243 verum

2280 3291 2636 3347 manducaret
2663 3289 2863 3360 pascha
2891 3306 2903 3341 :
2939 3296 3209 3358 quatenus
3231 3300 3329 3355 per
3349 3284 3452 3339 hoc
3480 3291 3775 3351 antequam
3803 3297 3871 3337 se

2278 3382 2433 3438 daret
2472 3382 2525 3436 in
2552 3380 2806 3451 pretium,
2837 3394 2937 3434 nos
2961 3379 3015 3434 in
3058 3377 3151 3432 illo
3175 3385 3230 3431 et
3279 3375 3394 3446 ipse
3423 3376 3477 3430 in
3500 3373 3654 3428 nobis
3682 3387 3869 3427 unum

2278 3488 2522 3531 essemus
2550 3487 2765 3542 corpus.
2798 3470 2865 3525 Et
2891 3470 3011 3525 ideo
3038 3469 3093 3523 in
3121 3484 3283 3523 cruce
3307 3482 3407 3522 nos
3425 3482 3549 3521 cum
3573 3464 3664 3520 illo
3694 3464 3869 3520 simul

2279 3565 2523 3624 cruciﬁxi
2552 3579 2759 3627 sumus,
2794 3562 2849 3617 itt
2872 3562 3142 3633 baptismo
3172 3560 3328 3615 simul
3359 3557 3687 3630 consepulti,
3711 3566 3768 3612 et
3810 3558 3868 3613 in

2282 3656 2681 3715 resurrectione
2703 3654 2863 3711 simul
2889 3653 3320 3710 conresuscitati.
3356 3652 3511 3708 Unde
3531 3652 3611 3705 ait
3626 3650 3868 3721 Aposto-

2284 3750 2366 3807 lus
2390 3769 2404 3805 :
2441 3749 2502 3806 Si
2530 3748 2928 3804 consurrexistis
2955 3761 3074 3801 cum
3096 3744 3322 3808 Christo,
3356 3760 3473 3815 qua:
3510 3760 3721 3799 sursum
3740 3752 3867 3797 sunt

2283 3845 2448 3916 sapite
2475 3841 2698 3915 (Coloss.
2730 3840 2833 3912 ut).
2867 3839 3225 3910 Quapropter,
3257 3836 3604 3895 charissime,
3637 3832 3769 3887 nihil
3812 3833 3868 3887 in

2284 3935 2386 3990 hoc
2404 3933 2614 3989 dubites
2644 3931 2923 4003 mysterio,
2947 3931 3091 4000 quod
3114 3928 3311 3983 veritas
3325 3925 3574 3982 Christus
3586 3925 3654 3979 de
3669 3940 3728 3979 se
3751 3923 3872 3978 lar-

2279 4026 2421 4097 gitus
2446 4034 2529 4080 est
2554 4024 2733 4086 nobis,
2768 4023 2893 4093 quia
2934 4021 3038 4077 etsi
3087 4020 3238 4075 sedet
3261 4019 3314 4073 in
3346 4019 3571 4073 dextera
3606 4015 3786 4071 Patris
3812 4016 3871 4069 in

2282 4117 2456 4184 cmlis,
2490 4131 2595 4171 non
2623 4116 2941 4186 dedignatur
2960 4114 3060 4170 sub
3090 4112 3443 4168 Sacramento
3477 4108 3723 4181 quotidie
3766 4123 3871 4178 per

2282 4223 2476 4265 manus
2508 4206 2804 4262 sacerdotis
2844 4221 2907 4260 ac
2931 4205 2978 4260 si
3008 4219 3134 4260 vera
3166 4203 3343 4259 hostia
3388 4217 3494 4257 non
3545 4200 3869 4264 inﬁdeliter,

2283 4299 2377 4353 sed
2409 4296 2635 4352 ﬁdeliter
2658 4294 2943 4350 immolari.

2350 4387 2451 4456 Qui
2494 4387 2594 4442 etsi
2633 4402 2740 4441 non
2787 4385 3038 4453 moritur,
3068 4398 3244 4455 neque
3294 4400 3435 4437 mors
3477 4382 3594 4451 jam
3644 4381 3695 4436 ei
3726 4381 3870 4435 ultra

2279 4478 2633 4532 dominabitur
2664 4476 2841 4549 (Rom.
2883 4475 2982 4548 vr),
3033 4484 3216 4530 tamen
3254 4475 3309 4529 in
3353 4481 3699 4529 sacramento
3738 4488 3870 4527 vere

2281 4569 2729 4631 communicatur,
2760 4577 2821 4622 ut
2848 4568 2901 4622 in
2938 4567 3094 4622 nobis
3110 4573 3330 4621 maneat
3353 4563 3701 4629 naturaliter,
3723 4562 3868 4617 sicut

2279 4669 2336 4716 et
2357 4674 2453 4714 nos
2476 4659 2528 4714 in
2552 4658 2663 4714 illo.
2693 4658 2828 4713 Hinc
2841 4658 3082 4728 estquod
3102 4657 3178 4711 ait
3202 4675 3216 4710 :
3240 4656 3388 4711 Sicut
3415 4655 3557 4709 misit
3586 4671 3669 4708 me
3693 4654 3867 4708 uiuens

2279 4748 2459 4815 Pater,
2488 4759 2535 4805 et
2555 4766 2649 4820 ego
2677 4751 2787 4804 viro
2814 4759 3028 4820 propter
3055 4746 3270 4803 Patrem
3290 4788 3304 4811 ,
3357 4756 3403 4799 et
3439 4745 3529 4815 qui
3574 4744 3865 4797 mandarat

2275 4858 2356 4897 me
2395 4842 2505 4912 ipse
2544 4840 2673 4895 vivet
2713 4847 2922 4911 propter
2963 4855 3044 4892 me
3072 4837 3254 4909 (Joan.
3277 4836 3376 4907 vt).
3400 4836 3492 4890 Ille
3516 4844 3701 4888 autem
3730 4832 3869 4887 vivit

2272 4940 2494 5002 propter
2507 4930 2746 4995 Patrem,
2772 4929 2861 4999 qui
2880 4937 3039 4983 natus
3061 4937 3143 4983 est
3168 4927 3476 5000 unigenitus
3496 4940 3565 4980 ex
3587 4923 3785 4991 Patre;
3807 4932 3866 4979 et

2276 5038 2374 5089 nos
2389 5031 2607 5091 propter
2631 5022 2823 5090 ipsum,
2847 5020 2971 5090 quia
2992 5019 3382 5074 manducamus
3403 5018 3599 5087 ipsum.
3624 5015 3692 5069 Et
3715 5016 3860 5081 ideo,

2275 5112 2644 5175 dilectissime,
2669 5125 3012 5180 summopere
3037 5108 3361 5174 cavendum,
3392 5116 3449 5161 ut
3473 5106 3651 5161 nullus
3674 5103 3864 5161 Chris-

2275 5205 2542 5259 tianorum
2572 5203 2695 5257 hinc
2722 5202 2838 5257 sine
2860 5202 3054 5256 viatico
3077 5209 3256 5265 exeat,
3284 5199 3338 5255 id
3368 5208 3452 5255 est
3485 5198 3604 5253 sine
3628 5210 3864 5266 corpore

2274 5293 2474 5350 Christi
2505 5302 2557 5348 et
2586 5293 2865 5364 sanguine,
2889 5303 2948 5347 ut
2989 5292 3262 5348 Christum
3286 5292 3340 5346 in
3381 5306 3442 5346 se
3487 5289 3690 5345 habeat
3719 5289 3863 5343 sicut

2277 5388 2331 5443 in
2364 5386 2488 5453 ﬁde,
2514 5388 2584 5442 ita
2614 5396 2667 5441 et
2696 5388 2748 5440 in
2792 5386 2911 5442 cibo
2938 5386 3120 5441 carnis
3145 5394 3200 5440 et
3222 5385 3518 5456 sanguinis,
3551 5383 3681 5454 quia
3714 5379 3859 5436 beati

2276 5479 2472 5535 mortui
2499 5479 2589 5548 qui
2642 5478 2695 5532 in
2746 5478 2970 5532 Domino
2998 5453 3303 5531 moriuntu;
3328 5453 3510 5546 (Apoc.
3542 5475 3675 5543 xw).
3707 5471 3861 5526 Tunc

2276 5578 2454 5625 autem
2495 5570 2548 5623 in
2578 5570 2804 5623 Domino
2851 5570 3134 5633 morimur,
3166 5568 3210 5622 si
3242 5583 3339 5621 nos
3367 5567 3419 5620 in
3448 5566 3557 5629 illo,
3599 5574 3656 5618 et
3685 5563 3775 5617 ille
3802 5561 3858 5615 in

2275 5660 2432 5716 nobis
2458 5675 2555 5729 per
2595 5660 2696 5713 hoc
2723 5661 3038 5731 mysteribm
3070 5675 3405 5714 maneamus.
3458 5656 3683 5711 interim
3728 5667 3863 5707 vero

2275 5751 2665 5822 providendum
2717 5766 2784 5807 ne
2830 5760 3049 5827 propter
3093 5753 3355 5812 incuriam
3385 5760 3436 5808 et
3470 5748 3669 5805 utentis
3710 5746 3859 5820 igna-
