4148 6344
334 304 352 357 Ι
363 301 467 358 365

1357 308 1442 361 ne
1478 307 1710 363 mare
1753 277 2068 366 vaINts.
2106 341 2172 350 -
2210 309 2543 366 MONtTL’M.

3433 312 3574 369 l566

327 421 495 483 viam,
533 417 686 471 nobis
715 418 1034 486 proveniant
1082 422 1194 475 hate
1241 422 1404 493 (quod
1435 426 1596 495 absit)
1631 426 1695 478 ad
1728 427 1904 496 perni-
1933 436 1977 494 Α
2009 427 2135 480 declt
2165 426 2337 498 (Psal.
2371 444 2476 484 cvn
2494 445 2514 494 ;
2543 429 2708 484 Hebr.
2741 446 2815 493 vt,
2837 429 2912 499 7),
2941 439 2993 484 et
3017 443 3124 484 non
3161 428 3454 484 secundum
3483 430 3577 486 de-

326 511 488 573 ciem,
511 515 566 562 et
591 509 658 561 ad
683 508 1045 564 damnationis
1067 513 1360 577 cumulum,
1393 529 1513 581 qua:
1556 516 1748 569 tradita
1778 525 1902 570 sunt

329 603 382 655 in
412 599 805 670 reparationem
836 615 957 654 cum
987 609 1136 656 tanto
1158 603 1428 658 desiderio
1450 615 1664 661 teternae
1689 608 1897 662 salutis.

327 690 408 743 Ad
438 689 684 743 ultimum
708 705 891 757 quaeso
918 705 986 744 ne
1015 693 1259 762 sequaris
1286 694 1513 764 ineptias
1541 696 1605 751 de
1633 697 1903 767 tripartito

327 778 529 833 Christi
556 793 802 849 corpore,
832 795 938 834 non
971 780 1134 836 salem
1165 791 1256 836 aut
1281 785 1384 838 mel
1416 785 1466 839 in
1488 801 1551 841 eo
1582 787 1898 853 admisceas,

326 868 470 936 quod
493 868 712 936 quidam
741 868 1052 936 voluerunt,
1079 887 1178 927 nec
1215 873 1358 928 aliud
1387 875 1628 944 adjicias,
1653 893 1755 932 nec
1779 880 1903 934 sub-

328 958 535 1022 trahas,
568 959 661 1012 sed
691 966 862 1012 totum
885 969 942 1014 ut
966 961 1211 1018 Christus
1244 964 1491 1030 instituit,
1522 967 1591 1021 ita
1626 983 1747 1023 esse
1777 985 1896 1026 cre-

327 1049 423 1102 das
453 1057 505 1102 et
528 1049 797 1121 intelligas
823 1068 835 1114 ;
870 1061 1136 1120 quatenus
1155 1072 1250 1126 per
1277 1057 1377 1112 hoc
1407 1059 1495 1114 ille
1515 1060 1567 1113 in
1593 1062 1748 1116 nobis
1771 1079 1900 1117 con-

323 1148 641 1208 corporatus
670 1152 904 1206 maneat,
943 1143 1082 1199 sicut
1106 1155 1160 1200 et
1183 1164 1280 1202 nos
1312 1149 1362 1202 in
1397 1149 1485 1204 illo
1509 1167 1604 1220 per
1628 1153 1895 1208 hominem

325 1233 491 1286 Deum
523 1249 682 1302 quem
725 1237 1036 1304 assumpsit,
1068 1239 1151 1292 cui
1173 1240 1376 1308 jnravit
1407 1243 1544 1297 Dens
1587 1243 1783 1298 Pater:
1820 1243 1896 1298 Tu

323 1337 376 1374 es
405 1321 650 1375 sacerdos
672 1324 726 1375 in
755 1335 1006 1378 aeternum
1035 1329 1317 1383 secundum
1360 1332 1592 1386 ordinem
1627 1332 1897 1388 Melchise-

328 1488 1787 1528 Ἥ

2002 518 2288 573 liramenta
2309 521 2684 590 quorumdam.
2704 521 2907 577 Idcirco
2921 521 3281 592 apostolorum
3303 522 3576 594 sequenda

2002 623 2085 671 est
2110 617 2325 672 traditio
2355 615 2440 687 (11
2477 615 2601 674 Cor.
2638 619 2737 689 xu),
2790 632 2857 674 ne
2909 619 3275 689 unusquisque
3325 627 3577 678 nostrum

2002 721 2154 761 suam
2190 717 2479 777 prmsumat
2527 723 2736 764 coenam
2781 709 2848 763 ad
2883 709 3328 764 manducandum.
3373 708 3573 764 Eorum

2003 795 2186 866 itaque
2216 796 2366 862 ﬁdes,
2397 795 2584 853 eor'um
2616 798 2858 854 instituta
2888 809 3014 854 sunt
3037 800 3320 854 servanda.
3342 799 3476 866 Quia
3502 799 3571 854 ab

2003 886 2218 940 omibus
2245 902 2372 942 vere
2407 889 2929 944 communicantibus
2977 906 3078 943 una
3127 890 3361 960 exigitur
3415 891 3570 956 ﬁdes,

2003 979 2237 1033 studium
2259 988 2313 1034 et
2338 980 2640 1035 sollicitudo
2666 981 3056 1046 consideratur,
3082 982 3218 1036 facta
3235 993 3570 1052 quaeruntur,

1998 1077 2061 1121 ut
2085 1083 2296 1136 semper
2321 1069 2445 1124 hinc
2476 1084 2574 1123 nos
2599 1069 2778 1123 festini
2804 1078 3088 1138 sequentes
3111 1085 3206 1139 per
3229 1071 3568 1134 charitatem,

2002 1167 2055 1210 et
2085 1171 2180 1226 per
2202 1157 2522 1212 desiderium
2556 1167 2771 1212 :eternze
2791 1159 2933 1220 vita),
2966 1167 3306 1214 transeamus
3327 1161 3393 1215 ad
3417 1169 3574 1214 aeter-

2002 1259 2124 1298 nam
2149 1253 2204 1298 et
2228 1254 2541 1314 perpetuam
2568 1246 2755 1300 vitam.
2788 1244 2916 1300 Vale
2937 1287 2950 1311 ,
2979 1249 3318 1313 charissime,
3364 1257 3418 1303 et
3447 1247 3573 1303 dili-

2001 1343 2217 1406 gentem
2245 1345 2295 1388 te
2326 1335 2506 1407 dilige.

1798 1503 3564 1538 -ᾙΜ

1795 1519 2095 1530 σ--ι--υ-

820 1627 966 1742 S.
1042 1632 2017 1785 PASGHASII
2093 1543 3067 1753 BAbBERTI

1553 1845 1844 1902 ABBATIS
1877 1844 2328 1905 CORBEIENSIS

319 2028 1446 2190 OPUSCULUM
1555 2033 1812 2185 DE
1920 2029 2550 2193 PARTU
2647 2035 3551 2191 VIRGINIS.

1453 2297 1612 2361 (Apud
1635 2297 1916 2361 Acherium,
1939 2299 2193 2362 Spicilegil
2218 2305 2346 2351 torno
2374 2298 2436 2356 Ι.)

1807 2452 2018 2466 ———

1632 2575 2199 2650 MONITUM.

381 2842 712 2916 opusculum
743 2842 991 2916 depart“
1019 2841 1373 2916 Yirgittis_an_
1409 2843 1699 2916 Hildefonsi
1725 2844 1878 2916 Tole-
1913 2848 1960 2908 B
1989 2843 2178 2916 majori
2231 2844 2627 2916 sententiarum!
2662 2845 2933 2916 gravitate
2959 2885 2972 2907 ,
3005 2847 3094 2916 qui
3141 2847 3330 2904 modus
3376 2864 3557 2908 senem

309 2914 420 2967 tani
448 2913 875 2982 archiepiscopi,
921 2929 987 2965 an
1019 2911 1292 2966 Pusebasii
1346 2912 1598 2968 Radberti
1643 2915 1884 2970 Corbeire

309 2983 524 3053 abbatis
559 2990 724 3053 esset,
769 2982 881 3049 jam
937 2982 1062 3036 olitn
1096 2982 1556 3053 addubitaveram,
1603 3001 1723 3039 cum
1770 2985 1882 3053 pri-

308 3068 454 3107 mum
505 3051 777 3122 Spicilegii
832 3063 1033 3106 tomum
1081 3052 1294 3106 ederem
1341 3055 1395 3108 in
1440 3054 1634 3109 lucem.
1685 3051 1882 3109 Verum

307 3131 492 3176 noster
527 3121 781 3194 Joannes
813 3121 1154 3194 Mabillonius
1194 3137 1314 3178 eum
1362 3123 1679 3180 certissimis
1726 3140 1884 3194 argu-

307 3193 506 3247 mentis
529 3192 808 3264 Paschasii
834 3193 1231 3264 Radbertiesse
1258 3195 1630 3264 comprobarit
1655 3208 1680 3235 ο
1706 3192 1880 3249 visum

305 3271 390 3318 est
419 3278 484 3317 ea
535 3263 648 3332 ipsa
693 3271 1008 3386 argumenta
1059 3263 1146 3316 hic
1197 3263 1470 3318 ascribere
1502 3305 1516 3328 ,
1560 3265 1713 3332 queis
1747 3279 1884 3334 pr:e«

306 3333 508 3386 dictum
549 3348 751 3386 onuscu
778 3350 896 3386 um.
943 3333 1085 3386 uuod
1109 3349 1251 3386 nunc
1280 3349 1308 3386 a
1343 3349 1426 3386 me
1455 3336 1720 3386 inteenun
1758 3350 1884 3386 nro-

306 3333 530 3405 dictnm!
549 3333 896 3404 opusculum,
943 3333 1085 3400 quod
1109 3349 1251 3388 nunc
1280 3349 1308 3386 a
1343 3349 1426 3388 me
1455 3336 1720 3405 integrum
1749 3333 1884 3404 pro-

305 3404 478 3456 {et-tur
501 3403 776 3458 Radberto
806 3412 1102 3458 asseratur.

383 3493 400 3523 ‹
431 3472 752 3527 Franciscus
772 3473 1188 3537 Fevardentius,
1217 3473 1495 3541 theolngus
1526 3473 1845 3529 Parisiensis
1863 3518 1877 3539 ,

309 3543 360 3596 in
389 3542 718 3598 Bibliotheca
751 3543 967 3596 Patrum
1004 3545 1258 3597 nonnulla
1303 3544 1593 3597 Ilildcfonsi
1622 3546 1878 3612 opuscula

309 3613 575 3680 vulgavit;
621 3615 672 3667 in
707 3615 789 3667 bis
817 3614 1012 3667 librum
1042 3613 1105 3665 de
1138 3612 1442 3682 Virginitatc
1470 3624 1664 3667 sancta?
1696 3614 1882 3669 Maria

305 3694 486 3736 contra
529 3694 630 3737 tres
662 3684 896 3752 inﬁdeles
917 3725 930 3746 ,
976 3683 1128 3750 cujus
1157 3683 1244 3737 hic
1277 3683 1532 3752 Prologus
1567 3701 1578 3736 :
1632 3683 1769 3737 Deus
1800 3684 1882 3738 lu-

295 3765 423 3814 ,men
459 3770 656 3823 verum,
681 3755 772 3823 qui
796 3753 1062 3806 illuminas
1099 3770 1299 3807 ontnem
1327 3753 1618 3818 hominem,
1654 3763 1758 3808 etc.
1782 3794 1796 3818 ,
1825 3763 1879 3810 et

308 3823 519 3876 initium
551 3841 562 3876 :
599 3822 643 3877 0
684 3824 897 3877 domina
924 3840 1037 3876 mea
1070 3833 1225 3892 atque
1253 3823 1572 3876 dominatrix
1593 3839 1728 3888 mea,
1754 3833 1878 3890 etc.,

304 3893 391 3946 eui
430 3893 567 3948 libro
597 3893 760 3946 alium
791 3892 1322 3963 Hidcllonsoiitidem
1353 3893 1670 3946 attributum
1702 3894 1882 3963 subje-

304 3963 379 4016 cit
404 3963 468 4016 de
493 3974 734 4032 perpetua
759 3964 1052 4032 virginitate
1092 3960 1167 4032 Si
1189 3962 1374 4016 Maria:
1398 3972 1446 4016 et
1468 3965 1532 4016 de
1560 3964 1671 4030 eius
1694 3960 1879 4032 pariu-

306 4031 514 4098 ritione,
540 4049 660 4086 cum
699 4033 801 4086 hoc
833 4031 1055 4087 exordio
1087 4051 1097 4085 :
1136 4031 1384 4097 Quamvis
1421 4049 1654 4086 omnium
1693 4031 1878 4087 Eccle-

306 4103 507 4156 siarum
532 4104 804 4173 virginitas
833 4103 994 4157 beata:
1018 4113 1064 4156 et
1092 4102 1335 4173 gloriosw
1359 4103 1625 4173 genitricis
1647 4102 1742 4173 Dei
1761 4101 1815 4155 Μ
1822 4120 1882 4156 a—

306 4174 399 4225 ria:
421 4174 486 4226 sit
508 4171 664 4226 decus
684 4214 697 4235 ,
723 4181 828 4227 etc.
871 4171 1108 4226 Primum
1155 4171 1352 4226 librum
1381 4187 1501 4226 esse
1547 4171 1872 4237 Hildefonsi,

304 4243 655 4312 posteriorem
686 4258 816 4297 vero
842 4243 1095 4299 Radberti
1121 4242 1332 4297 abbatis
1359 4242 1722 4312 Corbeiensis,
1750 4257 1872 4297 cer-

306 4311 528 4367 tissimis
566 4312 1018 4382 deprehendimus
1049 4312 1402 4382 argumentis.
1434 4311 1777 4382 llidell‘onsus
1806 4312 1874 4366 li-

302 4383 458 4437 brum
488 4385 555 4438 de
585 4379 875 4453 Viginitate
902 4379 1428 4453 testimoniisVeteris
1449 4399 1509 4436 ac
1537 4381 1875 4453 NoviTestae

302 4453 462 4534 men-ti
496 4451 706 4533 plenum
734 4452 915 4534 edidit,
955 4451 1471 4534 inquit_Zixilanes;
1529 4452 1619 4534 qui
1660 4451 1871 4534 dicendi

303 4523 495 4577 modus
519 4523 572 4576 in
598 4523 764 4591 priori
795 4523 931 4576 libro
951 4523 1230 4576 evidenter
1254 4539 1358 4576 non
1388 4523 1440 4591 in
1469 4523 1761 4590 posteriori
1785 4537 1876 4590 ap-

301 4600 476 4662 paret.
499 4590 765 4647 Praeterea
789 4591 1154 4656 Hiltlefonsus,
1177 4600 1396 4662 auctore
1417 4590 1648 4662 Juliano,
1676 4591 1870 4662 librum

302 4661 367 4718 de
385 4661 704 4732 Virginitate
727 4663 942 4732 scripsit
960 4671 1140 4715 contra
1163 4671 1264 4714 tres
1286 4661 1542 4732 infideles,
1573 4669 1627 4713 et
1657 4661 1870 4732 quidem

299 4730 864 4796 contra—Jouininnnm',
889 4730 1181 4785 Helvidium
1203 4741 1248 4783 et
1268 4730 1501 4794 Juda’os,
1527 4730 1874 4799 quemadmo-

300 4803 426 4872 dum
472 4818 536 4856 ex
577 4803 800 4869 Quiricii
830 4801 1084 4872 epistola,
1117 4816 1237 4870 quae
1263 4801 1480 4870 prazﬁxa
1510 4808 1592 4872 est
1619 4800 1874 4872 operibus

299 4868 612 4928 Hildel‘onsi
632 4875 682 4926 in
709 4889 808 4927 ms.
840 4868 961 4927 c'od.
996 4868 1341 4926 mani—festum
1369 4880 1468 4924 est.
1498 4868 1662 4938 Atqui
1688 4868 1869 4922 llilde-

299 4941 486 4998 fonsus
533 4943 746 4998 eosdem
800 4943 1019 4996 omnino
1077 4941 1316 4995 inﬁdeles
1377 4941 1754 4995 nominetenus
1818 4939 1869 4993 in

297 5013 480 5082 priore
511 5014 677 5068 hocce
713 5013 847 5066 libro
877 5011 1178 5081 interpellat
1216 5021 1270 5064 et
1308 5011 1562 5082 exagitat.
1603 5009 1658 5063 In
1689 5018 1870 5082 poste-

297 5081 445 5138 riore
474 5099 604 5138 vero
636 5085 774 5137 libro
798 5084 934 5137 alius
958 5083 1176 5136 omnino
1197 5083 1505 5150 quaestionis
1537 5089 1707 5135 status
1733 5098 1744 5132 :
1774 5081 1872 5134 Pa-

300 5162 444 5208 trum
473 5155 776 5208 testimonia
805 5155 1004 5224 passim
1031 5152 1080 5204 in
1103 5151 1566 5224 conﬁrmationem
1599 5151 1871 5224 adducunf

301 5233 409 5286 tur,
447 5239 582 5292 quos
611 5225 748 5279 inter
774 5220 1060 5278 laudantur
1081 5233 1136 5276 et
1168 5223 1403 5276 citantur
1425 5221 1668 5292 Gregorii
1692 5220 1868 5292 Magni

302 5289 544 5364 Moral'ia,
586 5294 919 5364 Augustinus
946 5292 1323 5364 Hieronymus,
1364 5289 1614 5363 Cyrillus,
1641 5289 1869 5364 Alexan-

299 5363 488 5417 drinus
516 5404 530 5428 ,
564 5361 754 5418 Petrus
795 5363 1099 5427 Ravennae,
1140 5361 1356 5432 aliique,
1392 5361 1527 5430 quos
1569 5375 1636 5414 ne
1674 5361 1870 5415 salutat

301 5434 517 5502 quidem
566 5435 617 5488 in
644 5449 806 5503 Opere
853 5449 951 5488 suo
979 5432 1343 5488 Hildel‘onsus.
1395 5432 1636 5503 Denique
1666 5447 1868 5503 magna

299 5501 384 5556 est
413 5504 551 5558 inter
580 5501 868 5574 utrumque
887 5518 1021 5574 opus
1046 5503 1167 5575 styli
1193 5504 1498 5557 diversitas.
1525 5501 1871 5575 Rideil‘onsus

300 5575 634 5645 conglobatis
660 5572 972 5646 synonymis
1001 5572 1337 5629 adversarios
1358 5581 1536 5643 urget;
1567 5572 1866 5626 Radbertus

1987 2915 2228 2986 decebat,
2263 2914 2327 2986 in
2345 2914 2630 2986 posteriori
2661 2913 2794 2968 li'tro
2830 2913 3088 2984 procedit,
3131 2933 3373 2986 opusque
3405 2937 3558 2976 suum

1987 2984 2202 3038 dedicat
2247 2984 2535 3038 abbatissae
2586 2993 2640 3037 et
2700 2984 3197 3041 sanctimonialibus
3260 2984 3320 3042 Β.
3379 2989 3560 3046 Maria:

1986 3055 2131 3127 apud
2183 3053 2535 3127 SuessionaS,
2589 3053 2677 3107 ubi
2734 3056 2991 3127 educatus
3031 3056 3239 3127 fuerat,
3293 3060 3434 3127 quod
3490 3076 3558 3118 ex

1984 3124 2165 3193 operis
2205 3124 2555 3194 inscriptione
2593 3133 2778 3192 postea
2822 3125 3100 3180 referenda
3141 3124 3363 3193 patebit.
3410 3129 3560 3186 Unde

1985 3208 2078 3250 eas
2102 3204 2292 3266 matres
2315 3203 2360 3248 et
2388 3203 2654 3266 matrones
2681 3194 3015 3266 charissimqs
3044 3210 3184 3266 saepe
3202 3197 3452 3266 appellat.

2060 3284 2093 3336 «γ
2118 3264 2234 3319 Νοη
2268 3280 2399 3336 ergo
2433 3262 2808 3328 Hildefonsus,
2837 3265 2928 3336 sed
2965 3262 3286 3336 Radbertus
3300 3269 3560 3336 posterio-

1984 3334 2062 3390 ris
2084 3335 2238 3406 istius
2267 3334 2388 3388 libri
2418 3344 2604 3406 auctor
2637 3334 2938 3406 censendus
2967 3343 3066 3406 est.
3101 3333 3271 3403 Hujus
3301 3333 3554 3406 tempore

1983 3405 2208 3458 emersit
2253 3404 2619 3458 controversia
2666 3404 2910 3470 quaedam
2960 3404 3103 3458 inter
3143 3404 3439 3460 catholicos
3488 3410 3558 3463 de

1985 3474 2291 3554 modoquo
2348 3473 2406 3526 Β.
2449 3472 2613 3554 lilaria
2662 3474 2933 3554 Christum
2980 3474 3205 3554 peperit:
3235 3476 3367 3554 Eum
3402 3487 3557 3530 natu-

1986 3544 2084 3596 rali
2116 3551 2171 3597 et
2203 3542 2475 3597 communi
2503 3552 2820 3614 czeterorum
2853 3542 3127 3614 hominum
3151 3543 3234 3596 via
3263 3555 3315 3597 et
3333 3543 3444 3614 lege
3469 3563 3558 3601 na-

1984 3622 2096 3667 tum
2150 3614 2465 3668 asserebant
2513 3613 2782 3675 nonnulli;
2835 3613 2924 3666 alii
2973 3623 3180 3676 contra,
3224 3629 3358 3682 quos
3390 3613 3560 3671 ’inter

1983 3683 2312 3748 Radbertus,
2344 3682 2729 3737 reclamabant.
2764 3682 2998 3750 Quatstio
3028 3683 3128 3737 ista
3171 3683 3222 3736 in
3263 3682 3555 3740 Germania

1981 3761 2100 3807 orta
2120 3754 2301 3817 est,uti
2327 3754 2480 3808 docet
2503 3752 2847 3815 Ratramuus,
2871 3752 3214 3807 Corbeiensis
3237 3755 3552 3819 monachus,

1987 3823 2243 3878 Radberti
2289 3823 2568 3878 sententia:
2616 3823 2940 3886 contrarius,
2974 3823 3026 3876 in
3064 3822 3240 3878 libello
3267 3838 3423 3891 quem
3454 3825 3554 3880 hoc

1983 3892 2049 3947 de
2077 3902 2397 3964 argumento
2424 3893 2743 3962 composuit,
2773 3892 3076 3964 et__cuidam
3097 3893 3198 3947 sibi
3227 3894 3400 3964 ignoto
3424 3895 3552 3964 (non

2023 3962 2208 4017 roinde
2243 3963 2518 4017 Radberto
2541 3962 2860 4034 monasterii
2890 3963 2975 4034 sui
2997 3963 3211 4034 abbati)
3250 3962 3547 4034 inscripsit.

1983 3978 2208 4086 Rromae
2243 3978 2518 4017 nauoerto
2547 3978 2860 4017 monasteru
2890 3978 2970 4018 sm
2997 3978 3173 4017 abbati
3195 3978 3211 4034 )
3252 3978 3547 4034 lllSCl'lpSll.

2033 4041 2280 4087 atramno
2323 4033 2650 4103 respondere
2692 4033 2902 4088 videtur
2950 4031 3290 4103 Radbertus,
3330 4035 3554 4103 fratrum

1983 4103 2202 4156 nomine
2229 4102 2567 4157 adversarios
2589 4103 2862 4172 appellans
2886 4103 2970 4159 his
2989 4102 3166 4156 verbis
3194 4118 3212 4157 :
3239 4124 3258 4155 ι
3289 4102 3394 4158 Sed
3426 4105 3551 4173 quia

1987 4189 2004 4222 ‹
2033 4173 2393 4244 quorumdam
2421 4188 2562 4244 nunc
2605 4173 2843 4244 fratrum
2875 4188 3062 4227 rursus
3096 4173 3365 4244 impudica
3397 4177 3551 4244 quasi

1984 4259 2002 4292 ε
2033 4241 2432 4310 percunctando
2445 4241 2959 4308 laborattemeritas,
2982 4241 3195 4298 decrevi
3218 4244 3284 4298 ad
3310 4241 3430 4308 vos,
3441 4260 3553 4299 ma-

1983 4330 2001 4362 ι
2034 4321 2202 4368 tronae
2232 4312 2454 4382 Christi,
2483 4312 2549 4367 de
2573 4313 2655 4366 his
2680 4314 2920 4368 scribere
2941 4353 2956 4379 ,
2985 4328 3105 4382 quae
3144 4313 3243 4382 ipsi
3286 4314 3553 4369 curiosius

1981 4399 1999 4431 ‹
2028 4391 2217 4436 contra
2257 4381 2371 4450 ejus
2416 4383 2722 4452 pudicitiam
2752 4421 2766 4446 ,
2812 4398 2970 4449 quam
3004 4381 3318 4452 religiosius
3350 4398 3548 4437 conan—

1981 4468 1999 4501 ‹
2033 4461 2118 4506 tur
2169 4452 2468 4521 explorare.
2493 4471 2520 4521 7i
2567 4451 2640 4504 Et
2688 4460 2744 4503 ut
2799 4460 2999 4521 statum
3051 4451 3430 4506 controversia:
3464 4453 3548 4506 itt-

1977 4521 2185 4592 telligas
2211 4520 2280 4574 τί(
2310 4521 2433 4592 Non
2473 4520 2622 4583 dico,
2664 4520 2856 4592 inquit,
2887 4521 3030 4590 quod
3061 4523 3243 4592 dicant
3268 4521 3548 4592 virginita-

1981 4608 1998 4641 ι
2027 4591 2135 4646 tem
2165 4591 2432 4661 amisisse,
2462 4605 2591 4661 quae,
2610 4591 2856 4644 nesciens
2883 4591 3053 4645 virum
3085 4591 3236 4660 virgo
3265 4591 3511 4661 concepit
3529 4632 3545 4654 ,

1980 4677 1998 4710 ε
2027 4661 2178 4730 virgo
2198 4659 2426 4730 peperit,
2459 4669 2512 4730 et
2547 4660 2698 4727 virgo
2728 4663 3058 4729 permansit;
3109 4659 3215 4730 sed,
3245 4662 3368 4730 quia
3413 4659 3548 4729 idip-

1979 4746 1997 4777 ι
2027 4728 2144 4784 sum
2195 4728 2341 4800 quod
2382 4728 2704 4782 conﬁtentur
2735 4728 2970 4800 negant,
3023 4731 3146 4800 dum
3187 4728 3374 4784 dicunt
3423 4728 3543 4784 eain

1979 4816 1998 4849 ι
2026 4795 2298 4853 communi
2330 4798 2446 4867 lege
2472 4809 2678 4852 natura:
2706 4795 3025 4868 puerperam
3051 4795 3220 4853 lilium
3241 4799 3493 4854 edidisse.
3523 4820 3540 4849 ι

2049 4888 2067 4920 ι
2101 4868 2235 4924 Hinc
2261 4878 2482 4937 apparet
2521 4883 2714 4936 magna
2755 4871 2896 4924 inter
2921 4879 3207 4939 utrumque
3251 4868 3544 4924 Hildelonsi

1973 4947 2028 4993 et
2054 4939 2310 4992 Radberti
2335 4953 2468 5008 opus
2496 4939 2801 4994 diversitas.
2853 4939 3192 4994 Hildel‘onsus
3220 4940 3333 5008 agit
3361 4949 3544 4993 contra

1973 5020 2074 5062 tres
2105 5008 2371 5078 inﬁdeles;
2403 5007 2708 5064 Radbertus
2745 5009 2994 5078 adversus
3028 5009 3236 5078 fratres.
3262 5007 3546 5063 Hildcfon-

1972 5095 2065 5134 sus
2087 5077 2261 5148 arguit
2299 5078 2597 5132 Helvidium
2648 5086 2702 5133 et
2751 5077 2980 5142 Judatos,
3030 5077 3395 5148 virginitatem
3427 5079 3586 5131 Dei-o

1971 5165 2116 5219 parte
2143 5157 2518 5218 pernegantes.
2557 5148 2858 5203 Radbertus
2901 5149 3196 5204 catholicos
3237 5148 3542 5216 theologos,

1971 5220 2215 5274 eamdem
2238 5220 2404 5290 ipsius
2433 5219 2672 5289 Deiparae
2700 5219 3060 5290 virginitatem
3090 5219 3457 5290 admittentes,
3489 5227 3545 5290 at

1971 5307 2077 5345 non
2119 5287 2617 5358 recte'explican‘tes
2639 5306 2653 5342 :
2679 5289 2844 5357 utqui
2875 5288 3094 5342 Mariam
3122 5288 3356 5343 dilatatis
3384 5287 3546 5358 virgi-f

1971 5361 2182 5416 nalibus
2205 5356 2476 5425 claustris,
2499 5356 3069 5428 (lbristumipeperisse
3105 5359 3370 5425 dicerent;
3403 5356 3547 5428 quod

1971 5440 2116 5486 certe
2129 5431 2240 5499 jam
2266 5431 2508 5485 voluerat
2542 5429 2874 5492 Jovinianus,
2890 5443 3049 5497 quem
3078 5428 3417 5484 llidelfonsus
3446 5429 3547 5480 im-

2011 5511 2191 5571 ugnat.
2238 5501 2541 5554 Radbertus
2584 5515 2718 5571 opus
2759 5514 2914 5571 suum
2954 5500 3008 5571 in
3037 5499 3436 5571 duosrpartitus
3463 5505 3550 5550 est

2011 5518 2191 5571 llgllﬂl.
2243 5518 2541 5554 ιωαυειιιυε
2584 5518 2718 5568 OplIS
2759 5518 2914 5552 suum
2954 5518 3008 5554 Ill
3037 5518 3170 5554 QUOS
3205 5518 3436 5568 partitus
3463 5518 3550 5550 eat

1895 5518 2174 5636 Dlibros,
2234 5570 2732 5626 sanctimonialibus
2799 5569 3276 5625 Suessionensibus
3342 5580 3575 5624 nuncun

375 5742 402 5770 ι
433 5727 625 5787 Sceculi
659 5746 715 5797 η,
751 5730 868 5784 Art.
896 5729 993 5785 SS.
1018 5731 1134 5786 ord.
1163 5729 1220 5785 S.
1257 5730 1444 5785 Bcned.
1493 5727 1547 5782 in
1589 5727 1856 5784 observat.
1899 5727 1964 5783 ad
1990 5727 2161 5782 Vitam
2186 5727 2222 5782 S
2269 5724 2580 5782 Hildefonsi.
