4148 6344
601 354 735 410 1567

1401 354 1458 410 S.
1499 353 1854 410 PASCHASII
1892 353 2235 410 RADBERTI
2270 352 2559 408 ABBATIS
2597 345 3041 408 CORBEIENSIS

3718 354 3861 413 I368

638 481 754 526 atos
797 471 899 524 hac
946 469 1329 540 inscriptione,
1378 469 1552 538 qualis
1595 470 1650 524 in
1693 471 2012 540 apographis
2040 469 2171 526 Cor-
2198 475 2247 535 A
2274 470 2539 526 sermonis
2562 468 2885 540 l‘lililefonso
2913 467 3154 538 ascripti,
3179 468 3270 538 qui
3299 469 3439 523 inter
3459 471 3635 526 editos
3657 471 3722 526 de
3743 471 3866 527 Pu-

638 489 754 526 αῑος
800 489 899 524 nnc
946 489 1329 539 lilSCl'lpllOHB,
1378 489 1552 538 quails
1595 489 1650 524 111
1693 489 2012 540 apograpnts
2040 489 2169 526 bor-

599 489 907 597 Beiensibus
929 540 1225 608 reperitur:
1259 537 1548 608 Venerabili
1576 549 1827 593 murmure
1849 541 2040 593 Christi
2064 558 2169 594 una

600 630 719 666 cum
763 607 1243 682 sacrisgvirginibus
1265 607 1488 682 -νεεοηᾳ
1518 609 1837 682 [legendum
1869 609 2166 682 suessonu]

598 682 882 735 monastice
913 676 1214 750 degentibus
1251 676 1317 731 P.
1355 678 1414 732 Β.
1451 676 1638 750 (Μ’ρεὶ
1677 677 1995 732 Paschasius
2019 676 2170 750 liud;

599 751 801 819 bertus)
833 748 1205 819 monachorum
1248 748 1480 802 omnium
1516 751 1836 819 peripsema,
1867 758 1972 803 etc.
2018 748 2168 806 Hanc

598 818 1004 890 inscriptionem
1060 818 1113 890 si
1151 819 1374 874 vidisset
1414 818 1799 890 Fevardentius
1823 860 1836 883 ,
1896 819 2169 875 Radberto

597 891 715 946 sine
748 888 911 944 dubio
936 889 1213 959 proprium
1247 904 1310 944 ac
1337 904 1651 959 germanum
1680 888 1843 942 fetum
1875 890 2167 959 tribuisset.

595 960 725 1015 Post
756 962 870 1014 haec
894 957 972 1013 sic
998 957 1136 1013 liber
1166 957 1360 1026 incipit
1386 974 1400 1012 :
1431 957 1691 1024 Quoniam
1716 961 1945 1012 omnium
1985 957 2169 1014 Eccle-

593 1032 816 1094 siarum,
834 1038 962 1091 etc.,
993 1044 1114 1099 quae
1135 1029 1187 1084 in
1211 1027 1537 1099 Bibliotheca
1567 1028 1671 1083 PP.
1696 1029 1961 1082 habentur
1987 1031 2052 1083 ad
2069 1047 2176 1085 mc-

593 1101 742 1154 dium
771 1115 940 1169 usque
965 1098 1218 1154 libellum.
1243 1098 1376 1153 Nam
1401 1099 1466 1153 ab
1497 1115 1563 1154 co
1592 1099 1707 1153 loco
1733 1099 1821 1153 ubi
1853 1099 2172 1168 legiturth

594 1179 722 1225 nota
744 1171 834 1240 hic
857 1170 1056 1240 aliquid
1096 1170 1444 1234 desideratur,
1484 1171 1697 1224 codices
1720 1186 1880 1224 manu
1918 1171 2173 1240 descripti

596 1241 666 1296 ab
690 1239 851 1295 editis
872 1239 1092 1296 omnino
1118 1240 1445 1310 discrepant,
1480 1241 1918 1312 substituuntque
1961 1239 2171 1312 partem

2275 541 2566 608 riﬁcatione
2635 538 2696 593 S.
2748 539 2937 592 Mariae
2991 540 3346 606 inscribitur;
3403 543 3670 595 secundus
3726 559 3863 600 vero

2271 609 2530 666 Radberti
2566 608 2702 664 liber
2741 617 2826 681 est
2879 608 3018 681 ipsa
3043 608 3261 662 homilia
3294 625 3435 681 quae
3478 610 3532 665 in
3579 610 3864 681 impressis

2269 681 2529 753 praedicto
2554 680 2791 753 sermoni
2828 678 3116 753 subjicitur
3143 693 3265 753 cum
3293 678 3394 733 huc
3415 678 3678 736 exordio}
3707 681 3866 739 Inter

2270 747 2573 807 sanctarum
2607 747 3003 816 Scripturarum
3032 747 3258 818 eloquia,
3291 768 3308 800 ι
3341 759 3445 804 etc.

2341 821 2466 875 Hzrc
2494 819 2850 890 Mahillonius.
2877 835 3038 890 quem
3066 835 3188 873 cum
3209 819 3472 874 Acherius
3493 824 3863 888 exscriberet,

2272 891 2474 948 oblitus
2501 900 2585 946 est
2610 891 2690 962 sui
2715 889 2873 962 cilicii
2898 889 3026 946 esse
3051 890 3138 945 hic
3169 904 3390 962 monere
3436 892 3692 947 Radberti
3720 910 3866 962 opus

2275 979 2306 1018 e
2331 963 2494 1018 veteri
2535 961 2721 1016 codice
2749 959 3062 1017 Corbeiensi
3090 975 3214 1030 esse
3249 959 3598 1030 descriptum,
3647 974 3703 1018 et
3730 959 3864 1018 cum

2276 1032 2446 1088 altero
2472 1032 2712 1104 ejusdem
2755 1033 3070 1104 monasterii
3113 1029 3389 1104 collatum.
3427 1029 3580 1104 Quod
3624 1043 3866 1104 uterque

2275 1104 2528 1175 opinatur
2558 1103 2723 1175 lib_ros
2753 1103 2915 1157 hosce
2947 1103 3081 1157 duos
3121 1103 3315 1175 missos
3351 1117 3470 1156 esse
3501 1103 3568 1157 ad
3610 1103 3864 1175 virgines

2277 1173 2569 1229 Suessione
2603 1173 2878 1244 degentes,
2923 1175 3104 1229 statim
3150 1174 3251 1230 sub
3297 1186 3522 1228 examen
3576 1173 3864 1230 revocabi-

2275 1260 2418 1300 mus.

626 1403 3839 1433 ———__._.___—_________.____________________________.

1825 1543 2127 1622 LIBER
2200 1544 2614 1624 PRIMUS.

2067 1707 2458 1726 .—

1183 1789 1568 1846 PREFATIO.

660 1881 965 1957 Venerabili
987 1891 1249 1940 matrona:
1273 1883 1498 1947 Christi,
1525 1900 1629 1938 una
1657 1901 1780 1939 cum
1808 1886 1980 1942 sacris
2003 1887 2166 1958 virgi-

588 1977 749 2032 nibus
787 1976 1000 2032 Vesona
1049 1989 1076 2018 ι
1120 1977 1422 2032 monastice
1471 1978 1787 2047 degentibus
1840 1978 2165 2037 Pascuasws

587 2069 931 2133 Raanearus,
958 2068 1345 2123 monachorum
1379 2069 1618 2123 omnium
1648 2069 1974 2138 per-ipsema.

658 2160 1042 2228 Qumstionem,
1077 2160 1443 2227 charissima,
1482 2164 1548 2214 de
1591 2170 1746 2232 partu
1774 2163 1944 2217 beatae
1985 2162 2164 2220 Marias

585 2251 825 2322 Virginis
872 2251 1006 2304 mibi
1057 2265 1230 2320 nuper
1275 2251 1492 2306 allatam
1530 2251 1682 2307 vobis
1723 2253 2030 2322 persolvere
2071 2253 2164 2309 de-

584 2342 766 2408 crevi;
800 2341 1053 2412 quoniam
1078 2357 1176 2397 vos
1210 2356 1331 2396 eam
1358 2343 1648 2414 plurimum
1673 2360 1856 2400 amare
1891 2362 1996 2400 non
2041 2361 2160 2401 am-

582 2434 736 2505 bigo;
783 2442 844 2488 ut
871 2448 936 2489 ex
979 2434 1084 2490 hoc
1127 2435 1315 2490 sciatis
1343 2444 1603 2505 quantum
1643 2437 1782 2508 jam,
1820 2437 1977 2508 longe
2007 2439 2097 2493 diu
2129 2454 2161 2495 a

581 2539 750 2585 puero
778 2533 959 2580 vester
987 2525 1259 2593 alumnus,
1289 2526 1458 2582 multo
1471 2525 1584 2596 jam
1612 2529 1763 2583 senio
1784 2531 2082 2586 confectus.

653 2706 911 2774 Quamvis
934 2708 1175 2764 omnium
1209 2708 1575 2766 Ecclesiarum
1599 2712 1881 2781 virginitas
1909 2715 2080 2771 beatae
2106 2725 2163 2771 et

580 2796 830 2865 gloriosae
875 2796 1165 2854 Genitricis
1197 2799 1291 2854 Dei
1331 2799 1512 2854 Mariae
1556 2802 1628 2856 sit
1654 2803 1840 2867 decus,
1889 2805 2062 2860 honor
2108 2815 2164 2861 et

580 2885 759 2940 forma
791 2886 1040 2952 virtutis,
1070 2887 1304 2943 maxime
1330 2897 1511 2945 tamen
1537 2892 2025 2948 sanctimonialium
2054 2895 2162 2949 vir-

578 2978 785 3047 ginum,
814 2995 1044 3049 quarum
1070 2981 1339 3036 castitatis
1369 2982 1485 3050 ejus
1531 2985 1818 3054 specialius
1856 2987 2163 3042 illustratur

577 3069 912 3136 virtutibus,
967 3071 1296 3127 informatur
1337 3077 1628 3146 exemplis,
1680 3079 2064 3134 corroboratur
2106 3088 2162 3135 et

2199 1797 2246 1857 B
2275 1793 2546 1848 communi
2589 1791 2705 1864 lege
2751 1801 2981 1859 naturae,
3030 1802 3086 1849 et
3125 1795 3267 1850 sicut
3314 1811 3431 1851 mos
3473 1805 3556 1852 est
3604 1800 3854 1856 omniurn

2267 1885 2613 1952 feminarum,
2661 1894 2721 1939 ut
2771 1901 2898 1940 vera
2941 1887 3195 1942 nativitas
3243 1886 3444 1942 Christi
3495 1889 3601 1943 dici
3651 1893 3851 1959 possit.

2264 1973 2414 2029 Alias
2438 1984 2618 2029 autem
2642 2015 2658 2040 ,
2686 1974 2976 2045 inquiunt,
3007 1975 3053 2030 si
3085 1991 3190 2030 non
3224 1977 3298 2030 ita
3344 1986 3503 2032 natus
3538 1987 3626 2033 est
3654 1990 3714 2034 ut
3740 1997 3853 2035 cae-

2266 2066 2366 2120 teri
2401 2074 2698 2121 nascuntur
2731 2065 2996 2132 infantes,
3033 2083 3158 2122 vera
3187 2068 3442 2124 nativitas
3485 2085 3588 2125 non
3629 2081 3736 2126 est.
3786 2073 3854 2128 Et

2263 2159 2386 2216 ideo
2415 2175 2480 2214 ne
2506 2161 2792 2231 phantasia
2822 2153 3060 2232 putetur,
3097 2170 3280 2217 autne
3311 2164 3451 2217 sicut
3476 2179 3612 2234 aqua
3645 2182 3744 2236 per
3768 2167 3849 2221 al-

2262 2267 2420 2308 veum
2447 2254 2731 2319 transisse,
2755 2253 2828 2307 ita
2855 2269 2954 2324 per
2979 2262 3192 2307 uterum
3230 2253 3467 2325 Virginis
3499 2257 3708 2327 absque
3753 2274 3851 2312 na-

2263 2349 2468 2404 scentis
2494 2348 2686 2403 ordine
2712 2356 2873 2404 natus
2901 2349 3155 2402 credatur
3172 2388 3187 2412 ,
3211 2348 3356 2418 pium
3379 2359 3463 2402 est
3493 2351 3698 2405 sentire
3723 2392 3739 2417 ,
3769 2353 3850 2406 sic

2261 2454 2386 2494 eum
2424 2438 2540 2507 lege
2567 2447 2772 2492 natura:
2800 2449 2984 2494 natum
3012 2437 3204 2502 fuisse,
3240 2440 3508 2508 quomodo
3548 2451 3851 2495 nascuntur

2261 2532 2442 2589 caeteri
2482 2533 2746 2597 infantes,
2777 2541 2831 2589 et
2854 2547 2972 2588 eam
3015 2532 3094 2588 sic
3132 2531 3406 2602 peperisse
3444 2532 3584 2586 sicut
3625 2531 3850 2601 reliqua:

2261 2625 2479 2696 pariunt
2499 2625 2774 2682 mulieres.

2332 2718 2377 2774 Ο
2411 2733 2551 2773 caeca
2589 2720 2794 2789 pietas,
2839 2735 2959 2788 qua:
3009 2729 3116 2773 tam
3161 2720 3326 2788 impie
3369 2719 3534 2774 sentit
3575 2719 3645 2774 de
3676 2719 3847 2772 Maria

2263 2811 2505 2879 Virgine,
2555 2823 2608 2866 et
2635 2827 2779 2866 caeca
2831 2813 3200 2882 praesumptio,
3244 2828 3366 2882 qua:
3398 2821 3505 2865 tam
3550 2812 3716 2880 impie
3769 2811 3849 2865 lo-
3911 2850 3924 2860 κ

2261 2903 2446 2974 quitur
2482 2903 2547 2957 de
2575 2903 2810 2957 Christo.
2856 2901 2972 2957 Non
3008 2903 3127 2956 dico
3157 2903 3300 2971 quod
3339 2902 3521 2956 dicant
3561 2902 3845 2971 virginita-

2263 3004 2369 3049 tem
2402 2995 2646 3051 amisisse
2669 3037 2683 3057 ,
2714 3011 2833 3064 quae
2866 2995 3112 3050 nesciens
3142 2995 3315 3048 virum
3345 2996 3508 3065 Virgo
3545 2998 3802 3064 concepit
3826 3037 3844 3058 ,

2262 3085 2426 3155 Virgo
2456 3085 2698 3154 peperit,
2741 3094 2793 3139 et
2832 3084 2994 3154 Virgo
3029 3086 3365 3154 permansit;
3411 3087 3504 3140 sed
3538 3087 3665 3154 quia
3707 3088 3847 3155 idip-

578 3161 813 3217 meritis.
839 3161 992 3218 Unde
1017 3164 1444 3242 sacratissimum
1470 3166 1584 3235 ejus
1605 3170 1950 3238 puerperium
1975 3173 2156 3228 animo
2185 3155 2230 3218 C
2261 3191 2378 3231 sum
2433 3175 2575 3245 quod
2620 3175 2945 3231 conﬁtentur
2992 3184 3229 3246 negant,
3279 3174 3405 3228 dum
3472 3177 3661 3230 dicunt
3722 3193 3844 3230 eam

577 3256 634 3305 et
668 3249 834 3306 corde
881 3251 1227 3309 devotissime
1273 3257 1517 3311 venerari
1569 3273 1635 3312 ac
1671 3268 1938 3325 retexere,
1987 3263 2153 3318 divini

577 3341 820 3398 muneris
863 3352 948 3398 est
974 3344 1167 3412 gratia.
1216 3344 1505 3418 Propterea
1553 3364 1682 3405 vero
1706 3360 1896 3406 contra
1942 3354 2157 3409 haereti-

577 3445 696 3484 cam
723 3433 1046 3500 pravitatem
1069 3434 1329 3492 dimicare
1356 3453 1420 3493 ac
1454 3439 1673 3495 vincere
1701 3456 1837 3511 opus
1873 3452 1956 3497 est
1983 3444 2158 3514 Spiri-

576 3531 665 3578 tus
695 3525 867 3580 sancti
897 3534 952 3580 et
981 3527 1152 3583 virtus
1179 3528 1471 3598 Altissimi,
1495 3533 1586 3602 qui
1612 3549 1731 3589 eam
1777 3535 2151 3604 obumbravit;

578 3619 642 3665 ut
661 3611 777 3669 sine
797 3614 941 3669 coitu
975 3617 1097 3682 viri,
1121 3627 1178 3673 et
1215 3619 1331 3676 sine
1357 3621 1465 3676 ulla
1491 3625 1839 3695 corruptione
1869 3627 2155 3684 Dominum

573 3710 630 3756 et
652 3701 924 3760 hominem
961 3717 1200 3776 pareret,
1227 3711 1489 3783 virgoque
1517 3729 1734 3786 semper
1762 3728 2022 3774 maneret.
2051 3719 2156 3777 Pro

574 3805 680 3860 qua
704 3791 815 3863 jam
839 3793 969 3850 olim
989 3795 1205 3852 beatum
1229 3797 1612 3874 Hieronymum
1635 3816 1820 3860 contra
1853 3806 2155 3866 Helvidium

572 3882 889 3939 haereticum
903 3895 957 3941 et
970 3896 1158 3942 contra
1169 3887 1218 3959 ej
1225 3905 1286 3946 us
1300 3893 1587 3962 complices
1600 3897 1882 3967 scripsisse
1893 3899 2152 3969 legimus;

573 3989 710 4042 quos
738 3974 812 4029 ita
847 3975 1138 4034 debellavit
1171 3995 1236 4036 ac
1267 3982 1480 4046 devicit,
1511 3993 1571 4038 ut
1607 3984 1860 4056 deinceps
1890 4005 2058 4058 usque
2087 3991 2154 4045 ad

571 4080 814 4137 praesens
829 4070 964 4126 nihil
979 4073 1273 4128 recidivum
1295 4075 1322 4115 δ
1339 4077 1541 4131 erroris
1557 4088 1744 4134 contra
1759 4095 1878 4134 eam
1895 4085 2150 4136 surrexit.

647 4159 697 4212 1.
737 4159 843 4214 Sed
869 4161 996 4230 quia
1029 4178 1174 4218 nunc
1199 4168 1554 4234 quorumdam
1585 4167 1812 4225 fratrum
1843 4187 2030 4227 rursus
2054 4175 2153 4228 im-

568 4251 763 4320 pudica
805 4254 959 4322 quasi
997 4259 1399 4326 percunctando
1433 4258 1643 4315 laborat
1690 4265 1996 4330 temeritas,
2055 4266 2152 4321 de-

571 4344 718 4398 crevi
749 4345 816 4400 ad
847 4361 964 4414 vos,
995 4357 1259 4406 matrona:
1281 4350 1504 4417 Christi,
1537 4355 1603 4409 de
1631 4355 1716 4411 his
1746 4355 2005 4420 scribere,
2031 4373 2152 4426 quia

572 4434 675 4503 ipsi
712 4435 980 4494 curiosius
1008 4448 1199 4495 contra
1227 4439 1343 4510 ejus
1371 4445 1709 4513 pudicitiam,
1741 4449 2148 4518 quianifl'eligio-

571 4523 685 4579 sius
737 4536 1003 4583 conantur
1037 4530 1361 4600 explorare;
1391 4536 1734 4611 explorando
1772 4556 1898 4594 vero
1936 4551 2150 4611 partum

569 4615 896 4687 virginitatis
933 4619 1080 4689 ejus,
1113 4630 1170 4676 et
1203 4605 1416 4679 uterum
1449 4629 1722 4696 pudicitiae
1743 4671 1756 4694 ,
1804 4605 2151 4689 introducunt

571 4704 590 4776 [
607 4720 672 4761 ac
709 4705 792 4779 si]
829 4710 1142 4778 peritissimi
1172 4713 1472 4786 physiologi
1519 4717 1710 4774 callide
1749 4722 1884 4776 satis
1909 4722 2149 4792 disputa-

565 4801 718 4856 tione
758 4817 854 4856 sua
901 4803 1258 4860 colluvionem
1295 4805 1569 4873 vitiorum,
1595 4807 1647 4862 in
1678 4825 1781 4880 qua
1817 4823 2149 4870 concurrunt

565 4890 796 4958 plurima
828 4895 1030 4948 erroris
1056 4893 1392 4950 discrimina.

591 5025 604 5033 .
633 4981 688 5035 2.
734 4981 929 5038 Dicunt
957 4986 1100 5041 enim
1139 5003 1246 5042 non
1275 4989 1434 5045 aliter
1459 4989 1675 5046 beatam
1721 4993 1997 5064 Virginem
2037 4994 2146 5049 Ma-

560 5073 704 5126 riam
748 5089 938 5141 parere
975 5078 1234 5144 potuisse,
1278 5095 1454 5150 neque
1493 5081 1652 5141 aliter
1691 5082 1940 5138 debuisse
1981 5099 2144 5153 quam

634 5216 659 5246 λ
707 5204 1010 5277 Virginibus
1048 5209 1273 5266 Verona.
1305 5211 1572 5268 Acherius
1597 5217 1662 5267 ad
1706 5231 1827 5268 eum
1856 5215 2032 5270 locum
2066 5218 2146 5271 sic

564 5285 784 5358 monet“:
818 5278 1344 5358 fd__est,__Suessione;
1390 5293 1552 5358 atque
1595 5286 1793 5358 eadem
1813 5285 2142 5358 fuitdoctis-

563 5346 684 5425 simi
733 5346 1027 5425 Mabillpnii
1074 5346 1363 5425 sententia,
1398 5346 1596 5423 quippe
1642 5355 1731 5422 qui
1782 5355 1885 5425 legi
1912 5357 2143 5413 voluerit

564 5416 849 5498 ξηεροιξα.
887 5417 995 5498 l‘ios
1029 5416 1406 5498 ampl_iand_um_
1415 5416 1702 5498 censemus
1738 5439 1753 5479 :
1789 5416 1911 5498 nam
1937 5442 2058 5481 cum
2084 5427 2138 5482 in

560 5484 951 5566 Galliisfuerit.
968 5500 1033 5566 .e_t
1055 5484 1270 5566 quidem
1295 5493 1347 5547 in
1374 5493 1801 5566 Petragoricensi
1840 5498 2139 5566 provincia,

559 5557 691 5612 urbs
727 5557 949 5632 Vesana,
976 5557 1090 5616 sive
1128 5561 1389 5629 Vesonna,
1439 5557 1563 5621 sive
1584 5564 1815 5632 Vesana,
1841 5557 1922 5622 ὐι
1951 5557 2142 5625 omnes

563 5631 991 5750 geographorum
1021 5632 1112 5686 ﬁlii
1133 5644 1353 5694 norunt.
1374 5651 1474 5692 nec
1494 5639 1785 5708 quidquam
1804 5631 2030 5694 Obstare
2058 5641 2138 5693 vi-

602 5707 757 5750 eatur
802 5714 1090 5750 aummnus
1127 5706 1194 5750 ad
1237 5705 1472 5750 νίιισίηρε
1499 5711 1756 5750 arietariam
1805 5711 1856 5750 in
1889 5709 1974 5750 illa
2011 5710 2138 5750 ini-ha

602 5707 757 5782 eatur
802 5705 1101 5782 quominus.
1127 5706 1194 5782 ad
1237 5705 1472 5782 virgines
1499 5705 1759 5782 quasdam
1804 5711 1858 5765 in
1889 5709 1976 5764 illa
2011 5710 2143 5766 urbe

571 5765 836 5839 degentes
851 5772 1129 5844 scripserit
1157 5765 1475 5834 Paschasius
1492 5765 1651 5850 ,'ejus
1691 5796 1886 5838 nomen
1921 5765 2142 5840 retineri

2257 3267 2528 3322 communi
2575 3265 2690 3338 lege
2738 3276 2945 3320 naturas
2993 3281 3313 3336 puerperam
3365 3264 3530 3319 tilium
3581 3267 3844 3320 edidisse.

2257 3358 2410 3424 Quod
2449 3358 2494 3412 si
2540 3358 2611 3411 ita
2641 3367 2725 3412 est
2763 3367 2824 3412 ut
2863 3367 3116 3412 astruunt
3145 3366 3200 3412 et
3229 3355 3523 3420 afﬁrmant,
3569 3358 3714 3425 quod
3743 3358 3850 3412 ab-

2256 3449 2367 3513 sit,
2413 3447 2524 3516 jam
2565 3448 2733 3503 Maria
2775 3449 2929 3519 virgo
2968 3463 3072 3502 non
3111 3455 3227 3512 est,
3281 3447 3527 3503 Christus
3571 3446 3670 3500 sub
3721 3462 3852 3500 ma-

2256 3541 2451 3597 ledicto
2474 3551 2631 3596 natus
2651 3549 2753 3606 est,
2786 3543 2878 3596 iraa
2903 3541 3044 3596 filius
3073 3541 3141 3595 de
3166 3556 3328 3596 carne
3363 3540 3604 3610 peccati,
3642 3549 3697 3594 et
3726 3540 3847 3610 ipsa

2255 3649 2378 3703 qua:
2433 3633 2740 3688 benedicta‘
2773 3633 2842 3687 ab
2894 3632 3084 3702 angelo
3137 3631 3462 3702 pmdicatur
3514 3631 3568 3684 in
3620 3631 3848 3685 maledi—

2255 3726 2436 3781 ctione
2458 3725 2632 3779 adhuc
2654 3740 2978 3794 permanens
3005 3725 3104 3778 sub
3125 3724 3413 3778 maledicto
3435 3723 3668 3792 peperit.
3699 3722 3847 3775 Alio—

2256 3819 2384 3890 quin
2410 3817 2538 3887 quid
2563 3827 2646 3872 est
2685 3817 2826 3886 quod
2861 3816 3033 3887 legem
3072 3823 3282 3870 natura:
3313 3815 3597 3883 requirunt
3639 3815 3691 3868 in
3729 3813 3842 3866 Ma.

2257 3909 2362 3974 ria,
2391 3908 2481 3961 ubi
2514 3916 2684 3961 totum
2721 3907 2984 3977 quidquid
3022 3907 3075 3960 in
3104 3921 3166 3961 ea
3197 3905 3298 3959 fuit
3331 3906 3575 3976 possedit
3605 3904 3845 3974 Spiritus

2257 4001 2516 4057 sanctus?
2547 4009 2710 4070 quam
2752 4000 2925 4054 virtus
2970 4000 3232 4055 Altissimi
3261 4001 3652 4055 obumbravit?
3685 4001 3841 4067 Quod

2255 4092 2299 4146 si
2331 4091 2504 4146 virtus
2547 4090 2808 4144 Altissimi
2841 4090 2907 4144 ab
2928 4090 3076 4146 omni
3099 4100 3231 4144 aestu
3254 4091 3464 4160 peccati
3489 4106 3611 4146 eam
3643 4092 3842 4145 obum-

2254 4183 2466 4247 bravit,
2511 4183 2563 4237 in
2591 4191 2852 4252 conceptu
2885 4191 2938 4237 et
2968 4183 3018 4236 in
3051 4191 3208 4252 partu
3241 4182 3382 4235 sicut
3423 4183 3489 4235 ab
3517 4182 3664 4235 omni
3703 4192 3844 4237 testu

2254 4270 2494 4325 libidinis
2530 4270 2696 4326 libera
2726 4271 2857 4336 fuit,
2901 4273 2972 4326 ita
3004 4281 3060 4327 et
3088 4272 3156 4327 ab
3189 4272 3335 4326 omni
3376 4287 3632 4341 pressura
3663 4272 3844 4327 male-

2254 4361 2540 4428 dictionis,
2568 4379 2674 4419 non
2701 4377 2766 4418 ex
2794 4378 2910 4418 sese
2931 4404 2946 4429 ,
2977 4363 3068 4418 sed
3096 4378 3164 4417 ex
3197 4363 3396 4417 virtute
3432 4361 3707 4417 Altissimi
3744 4364 3846 4418 im-

2257 4459 2437 4514 munis
2481 4467 2536 4513 et
2575 4459 2749 4512 aliena
2792 4457 2914 4513 fuit.
2959 4458 3302 4528 Quapropter
3341 4459 3581 4528 cogitent
3615 4467 3671 4512 et
3703 4459 3842 4513 divi-

2256 4565 2448 4604 narum
2491 4563 2666 4603 rerum
2691 4550 2850 4618 jura,
2892 4551 3017 4619 quia
3060 4566 3164 4604 non
3200 4566 3267 4604 ex
3306 4558 3497 4604 natura
3534 4565 3718 4606 rerum
3752 4550 3827 4603 di-

2252 4643 2392 4697 vina:
2424 4642 2567 4713 leges
2590 4643 2856 4711 pendent,
2890 4643 2983 4696 sed
3025 4657 3090 4697 ex
3131 4641 3326 4696 divinis
3367 4641 3574 4712 legibus
3612 4650 3843 4696 natura-

2253 4748 2371 4787 rum
2409 4746 2589 4787 rerum
2612 4733 2760 4800 leges
2799 4749 3024 4787 manare
3051 4733 3372 4802 probantur.
3421 4732 3632 4788 Idcirco
3667 4743 3839 4788 teme-

2252 4824 2454 4878 rarium
2487 4831 2570 4878 est
2591 4839 2837 4878 asserere
2860 4825 2926 4878 de
2953 4823 3171 4878 Christo
3203 4825 3346 4892 quod
3362 4824 3662 4878 secundum
3687 4839 3837 4878 com-

2251 4927 2468 4968 munem
2500 4913 2636 4983 legis
2676 4922 2926 4967 naturam
2956 4913 3024 4967 sit
3052 4923 3231 4977 natus,
3271 4913 3362 4983 qui
3397 4929 3505 4968 non
3530 4914 3835 4969 secundum

2248 5020 2404 5060 usum
2437 5015 2642 5058 naturae
2674 5005 2726 5058 in
2755 5013 2909 5060 utero
2938 5006 3002 5060 de
3025 5021 3193 5060 carne
3210 5005 3449 5077 Virginis
3471 5015 3554 5062 est
3585 5020 3838 5076 procrea-

2247 5102 2354 5148 tus.
2385 5094 2518 5148 Nam
2548 5104 2601 5149 et
2635 5095 2746 5166 ipsa
2773 5096 2857 5151 lex
2888 5105 3115 5162 naturae,
3131 5098 3242 5169 sub
3269 5112 3373 5167 qua
3400 5113 3545 5152 nunc
3576 5097 3835 5153 mulieres

2244 5243 2401 5298 posse
2428 5229 2774 5298 arbitramur.

2318 5299 2344 5337 ι)
2387 5297 2537 5372 Nihil
2560 5302 2860 5372 recidivum.
2886 5302 2943 5356 in
2967 5301 3136 5357 altero
3159 5304 3366 5365 codice,
3385 5303 3518 5356 nihil
3537 5305 3830 5372 residuum,

2243 5382 2365 5442 n_on_
2392 5370 2629 5442 omnino;
2663 5371 2820 5425 male.
2852 5371 2992 5426 Infra
3025 5389 3186 5428 voces
3215 5391 3276 5428 ac
3315 5377 3360 5427 si
3385 5375 3698 5442 parenthesi
3750 5370 3834 5430 in;

2245 5439 2462 5494 cludere
2508 5440 2697 5512 libuit;
2732 5452 2896 5512 atque
2935 5443 3077 5497 idem
3113 5445 3237 5498 aliis
3258 5439 3468 5498 duobus
3513 5444 3651 5500 locis
3701 5447 3833 5500 feci-

2245 5525 2384 5575 mus,
2414 5511 2556 5580 quod
2585 5527 2706 5567 cum
2734 5511 2952 5568 sensum
2975 5514 3273 5578 turbarent,
3297 5514 3492 5568 addita:
3517 5516 3841 5572 viderentur

2246 5594 2277 5634 a
2308 5580 2530 5636 librario
2554 5622 2569 5646 ,
2619 5599 2682 5638 ac
2712 5598 2967 5656 egenere
3007 5585 3098 5656 illo
3132 5601 3253 5641 esse
3282 5594 3565 5650 notarum,
3595 5601 3821 5656 quat-uir

2247 5667 2401 5727 usum
2447 5669 2595 5727 nunc
2613 5655 2766 5723 pauci
2791 5664 3012 5727 norunt.
3050 5655 3128 5712 Ne
3165 5672 3297 5711 vero
3325 5655 3681 5727 parentheses
3726 5658 3832 5713 illa:

2247 5721 2480 5793 aliquem
2508 5721 2780 5794 fallerent,
2811 5726 2974 5782 etiam
3011 5727 3300 5784 asteriscos
3325 5721 3644 5799 adjecimus.
