4148 6344
344 281 484 348 1369

1437 291 1525 347 DE
1562 292 1798 350 ΡΜυύ
1842 292 2165 351 VIRGINIS.
2204 326 2275 338 —
2313 297 2440 354 LIB.
2481 299 2522 355 Ι.

3482 319 3623 378 1570

337 402 651 492 concipiunt
686 411 744 459 et
780 404 1017 475 pariunt,
1068 415 1128 462 ut
1167 409 1242 464 ita
1288 409 1489 478 dicam,
1532 429 1659 469 vere
1703 429 1809 468 non
1841 420 1925 467 est
1952 415 2001 475 Α
2029 423 2322 485 conceptus
2347 423 2430 471 εει
2458 432 2557 471 ηεε
2582 419 2774 475 natus?
2795 420 2863 476 Et
2889 421 3012 479 ideo
3049 424 3193 482 sicut
3220 426 3421 487 clausis
3449 432 3621 492 visce-

337 491 427 549 lcx
454 500 664 548 natura:
690 494 1114 563 quodammodo,
1146 500 1240 554 sed
1278 499 1677 558 maledictionis
1725 511 1781 558 et
1819 501 1930 558 cul-

336 601 459 657 pte;
490 585 770 656 quoniam,
794 586 897 641 nisi
927 588 1097 642 Adam
1134 599 1190 644 et
1216 590 1327 645 Eva
1348 592 1580 661 primum
1610 601 1929 664 peccassent

335 674 394 731 in
439 675 718 745 paradiso,
754 691 915 731 nemo
955 678 1211 751 deinceps
1258 692 1576 737 nasceretur
1620 684 1721 739 sub
1770 684 1926 754 culpa

337 766 581 843 peccati.
604 765 672 820 Et
724 766 848 823 ideo
903 768 1010 823 ista
1059 771 1365 828 communis
1398 772 1483 828 lex
1516 774 1775 829 nascendi
1819 789 1927 829 non

336 868 548 916 naturae
578 867 679 926 est,
711 860 808 916 sed
834 862 1201 932 corruptionis
1247 872 1302 919 et
1348 865 1485 920 vitii.
1515 865 1681 921 Maria
1710 875 1918 935 autem,

336 952 465 1023 quia
526 952 813 1007 benedicta
868 952 1083 1025 culpam
1132 956 1499 1026 corruptionis
1551 971 1660 1013 non
1714 957 1924 1023 habuit,

334 1050 625 1114 propterea
650 1041 929 1100 Christum
961 1059 1068 1099 non
1112 1043 1164 1099 iu
1195 1046 1379 1102 dolore
1407 1062 1581 1116 neque
1606 1049 1708 1104 sub
1739 1063 1927 1103 corru-

334 1132 524 1202 ptione
547 1132 751 1204 genuit.
795 1132 948 1201 Quod
980 1134 1025 1190 si
1059 1149 1126 1190 ex
1157 1137 1505 1207 corruptione
1533 1148 1628 1193 aut
1658 1155 1783 1195 cum
1825 1141 1925 1195 do-

336 1225 452 1279 lore
482 1232 645 1279 natus
674 1231 758 1280 est
789 1223 1059 1291 Christus,
1085 1224 1199 1295 jam
1223 1241 1291 1282 ex
1321 1226 1607 1283 maledicto
1636 1237 1795 1285 natus
1817 1238 1922 1285 εει.

335 1315 416 1371 De
445 1330 552 1385 quo
584 1314 871 1371 maledicto
904 1315 1131 1372 Genesis
1159 1323 1391 1372 testatur
1414 1318 1557 1388 quod
1583 1318 1784 1374 dixerit
1824 1320 1926 1375 Do-

336 1410 520 1465 minus
545 1409 702 1465 Evaa:
728 1408 1111 1482 Multiplicans,
1130 1411 1324 1481 inquit,
1346 1410 1704 1482 multiplicabo
1716 1411 1924 1469 dolores

334 1513 453 1559 tuo:
481 1512 532 1558 et
552 1513 829 1572 conceptus
856 1512 972 1557 tuos
996 1501 1150 1575 (Cen.
1179 1518 1263 1570 ιιι,
1302 1502 1414 1574 16).
1462 1502 1569 1558 Pro
1610 1519 1720 1575 quo
1763 1503 1925 1577 Sym-

335 1594 564 1649 machus
615 1592 931 1664 aﬂlictiones
983 1603 1103 1648 tuas
1160 1592 1316 1649 dixit.
1371 1592 1635 1666 Origenes
1696 1611 1827 1652 vero
1866 1604 1924 1652 et

336 1681 676 1740 Theodotion
722 1696 933 1739 necnon
981 1691 1038 1740 et
1079 1682 1456 1755 Septuaginta,
1508 1686 1752 1741 tristitias
1798 1696 1920 1742 tua:

2029 505 2181 562 ribus
2195 507 2318 578 jure
2343 510 2584 564 creditur
2619 522 2935 582 conceptus,
2974 515 3050 571 ita
3096 520 3320 575 omnino
3349 529 3405 577 et
3435 523 3620 583 clauso

2029 603 2187 651 utero
2232 607 2409 653 natus.
2465 598 2575 656 Nec
2604 602 2750 656 enim
2776 603 2852 659 illi
2892 607 3122 662 accessit
3155 608 3222 664 de
3263 611 3484 670 homine
3511 615 3617 670 im-

2026 686 2267 757 potentia
2293 689 2565 758 quomodo
2591 702 2909 749 nasceretur
2952 711 3019 750 ex
3048 697 3279 769 virgine,
3334 704 3476 759 sicut
3515 720 3619 764 nec

2029 777 2322 848 aliquando
2347 781 2395 835 ci
2419 782 2651 837 accessit
2675 799 2743 839 ne
2772 794 2918 841 esset
2937 787 3147 847 Deusiet
3179 807 3317 847 unus
3342 793 3616 866 Christus,

2027 867 2119 938 qui
2149 868 2316 924 voluit
2336 870 2414 924 sic
2440 872 2588 926 nasci
2634 872 2688 926 in
2730 874 2938 930 unitate
2975 878 3089 932 veri
3124 878 3219 935 Dei
3265 890 3318 936 et
3355 883 3615 954 hominis,

2027 969 2088 1015 ut
2123 971 2267 1016 esset
2316 970 2489 1017 totum
2537 966 2738 1021 veritas
2786 967 2931 1036 quod
2989 970 3330 1039 nascebatur,
3379 985 3434 1031 et
3471 988 3616 1033 esset

2026 1051 2298 1110 ineil‘abile
2348 1064 2509 1126 prout
2555 1060 2901 1124 nascebatur,
2954 1072 3118 1131 atque
3152 1072 3321 1119 totum
3351 1069 3611 1125 credibile

2025 1144 2168 1214 quod
2210 1160 2275 1200 ex
2308 1140 2520 1217 virgine
2550 1150 2876 1205 nascebatur
2900 1151 3018 1207 sine
3046 1152 3350 1211 colluvione
3371 1159 3610 1226 peccati,

2025 1236 2166 1292 sicut
2195 1252 2259 1291 ex
2282 1236 2423 1291 nulla
2454 1240 2778 1310 contagione
2806 1242 2997 1310 prima:
3022 1243 3267 1315 originis.

2095 1326 2437 1399 Quapropter
2454 1330 2678 1385 audiant
2713 1334 2989 1389 temerarii
3019 1345 3451 1404 perserutatorcs
3473 1340 3613 1397 tanti

2024 1417 2290 1488 mysterii,
2336 1427 2392 1473 et
2423 1418 2725 1490 intelligant
2753 1421 2897 1489 quod
2936 1437 3042 1478 non
3087 1433 3216 1481 sunt
3263 1425 3380 1482 hare
3429 1428 3615 1484 huma-

2022 1508 2210 1563 nitatis
2234 1506 2359 1578 jura
2400 1509 2456 1564 in
2486 1511 2781 1579 nascendo,
2809 1527 2985 1584 neque
3030 1514 3117 1570 lex
3162 1533 3268 1573 non
3305 1519 3424 1576 dico
3465 1521 3614 1576 dam-

2023 1609 2165 1656 natas
2189 1609 2421 1669 naturae,
2450 1617 2637 1659 verum
2665 1604 2829 1659 etiam
2866 1621 2966 1662 nec
3008 1606 3095 1663 lex
3142 1611 3330 1680 primae
3385 1613 3612 1683 originis

2024 1701 2154 1748 ante
2195 1702 2493 1764 peceatum,
2522 1703 2584 1750 ut
2614 1695 2759 1752 Deus
2792 1705 2847 1753 et
2890 1698 3054 1754 homo
3099 1716 3240 1757 unus
3286 1702 3355 1757 de
3400 1704 3612 1774 virgine

334 1772 609 1866 dixerunt,
628 1783 681 1866 get
695 1771 1056 1845 gemitus.Ubi
1073 1773 1481 1830 etheodotion
1496 1784 1550 1830 et
1566 1775 1922 1848 Symmachus
1952 1771 1998 1832 Β
2026 1783 2106 1839 εἰε
2133 1783 2382 1841 Christus
2415 1795 2760 1855 nasceretur;
2784 1788 2933 1859 quia,
2964 1798 3025 1845 ut
3045 1792 3123 1845 ait
3155 1792 3347 1848 beatus
3373 1771 3610 1866 Cyrillus

334 1880 435 1937 pro
455 1864 748 1937 gemitibus
768 1879 1041 1921 aerumnas
1067 1874 1388 1937 posuerunt,
1412 1866 1466 1922 in
1506 1868 1703 1938 quibus
1742 1870 1920 1926 omni-

332 1957 436 2013 bus
457 1970 563 2011 non
595 1955 679 2010 lex
700 1963 911 2010 naturae
931 1954 1347 2027 designatur,ut
1372 1957 1462 2013 isti
1493 1958 1793 2032 physiologi
1824 1976 1919 2016 vo-

333 2045 451 2101 lunt
482 2045 731 2117 imperite
766 2045 924 2111 satis,
957 2045 1051 2101 sed
1099 2046 1183 2100 lex
1226 2046 1479 2102 vindictae
1505 2048 1915 2118 multiplicatur,

332 2148 389 2195 et
414 2146 643 2209 augetur
670 2152 836 2193 causa
865 2138 1094 2208 peccati,
1123 2137 1339 2194 labores
1364 2138 1417 2192 in
1449 2148 1633 2209 partu,
1666 2139 1915 2197 alllictio-

332 2242 450 2293 nes,
480 2227 714 2283 tristitia:
742 2234 796 2282 et
825 2243 1084 2283 aerumna:
1125 2237 1288 2299 atque
1314 2230 1566 2301 gemitus.
1594 2230 1700 2286 Pro
1727 2246 1835 2303 quo
1861 2232 1916 2288 in

330 2317 558 2374 Hebraeo
583 2318 814 2373 habetur
846 2336 859 2372 :
886 2327 1055 2402 ’μῆτις
1079 2328 1286 2402 -μωω
1310 2330 1472 2379 m‘m
1496 2332 1670 2382 τιτι-γι.

400 2409 555 2468 Unde
602 2426 792 2467 omnes
819 2426 938 2483 quae
965 2412 1185 2482 pariunt
1214 2428 1321 2468 nou
1373 2430 1440 2470 ex
1483 2424 1679 2469 natura
1721 2414 1915 2486 prima:

329 2503 555 2575 originis
584 2504 661 2559 sic
700 2505 937 2575 pariunt,
965 2505 1060 2559 sed
1089 2520 1156 2559 ex
1182 2504 1313 2560 vitio
1343 2506 1541 2577 culpae,
1575 2514 1632 2562 et
1683 2520 1750 2561 ex
1799 2520 1916 2559 ma-

327 2593 527 2651 ledicto
583 2595 743 2666 juslre
780 2594 1030 2650 vindictae
1074 2595 1193 2651 Dei.
1242 2596 1313 2653 At
1362 2612 1490 2653 vero
1538 2596 1821 2653 benedicta
1860 2606 1917 2653 et

328 2687 716 2758 gloriosissima
760 2686 927 2760 Virgo
967 2688 1158 2756 Maria,
1203 2706 1313 2745 non
1341 2692 1463 2747 dico
1507 2691 1651 2763 quod
1703 2707 1808 2748 non
1845 2708 1914 2748 ex

327 2777 601 2833 communi
640 2776 759 2847 lege
794 2787 1022 2844 naturae,
1048 2794 1234 2835 verum
1263 2780 1424 2835 etiam
1457 2796 1556 2836 nec
1602 2796 1672 2836 ex
1719 2790 1912 2836 natura

325 2869 504 2940 prima
542 2868 768 2940 originis
800 2868 988 2935 lilium,
1017 2883 1193 2940 neque
1235 2884 1303 2926 ex
1343 2872 1547 2927 semine
1571 2872 1694 2938 viri,
1726 2874 1821 2928 sed
1846 2874 1912 2928 de

327 2962 530 3034 Spiritu
548 2974 735 3020 sancto
750 2979 818 3019 ex
839 2978 938 3020 sua
964 2978 1128 3021 carne
1140 2950 1775 3037 divinitusprocreatum,
1794 2966 1911 3023 sine

323 3056 432 3113 ulla
476 3056 732 3112 vitiorum
790 3056 1094 3113 colluvione
1144 3057 1313 3114 Deum
1363 3066 1417 3114 et
1466 3059 1737 3115 hominem
1775 3075 1903 3131 pro-

323 3150 485 3208 fudit.
521 3151 590 3207 Et
607 3152 731 3209 ideo
755 3160 943 3223 partus
973 3151 1092 3224 ejus
1127 3167 1233 3208 non
1279 3151 1359 3209 sic
1387 3152 1704 3209 tractandus
1744 3159 1910 3209 estut
1937 3131 1984 3196 (ἶ

323 3246 506 3302 caeteri
559 3254 855 3299 nascuntur
902 3244 1159 3315 quoniam
1236 3245 1379 3301 sicut
1423 3246 1612 3301 doctor
1659 3247 1910 3317 egregius

323 3336 653 3393 Athanasius
679 3335 756 3390 ait
780 3335 923 3390 inter
945 3343 1139 3391 caetera
1159 3336 1212 3390 in
1246 3335 1428 3390 libello
1464 3336 1613 3392 Fidei
1644 3351 1754 3392 suae
1785 3336 1901 3407 (lib.

322 3428 401 3500 ix)
418 3443 578 3498 quem
601 3427 755 3498 quasi
777 3428 877 3481 sub
899 3426 1110 3498 dialogo
1136 3425 1338 3481 edidit:
1362 3426 1678 3482 incarnatus
1703 3436 1758 3482 et
1782 3426 1912 3484 Uni-

322 3518 539 3591 genitus
564 3526 776 3574 secreto
802 3531 901 3573 suo
937 3517 1199 3588 mysterio
1234 3516 1378 3588 quod
1416 3516 1530 3586 ipse
1557 3516 1724 3571 novit.
1754 3515 1909 3572 Unde

310 3609 707 3684 prosequitur:
734 3608 991 3665 Nostrum
1024 3616 1127 3675 est,
1151 3609 1348 3679 inquit,
1381 3608 1624 3673 credere,
1669 3614 1724 3663 et
1764 3606 1909 3663 illius

322 3721 503 3762 nosse.
553 3703 787 3759 Audiant
842 3713 1168 3776 quapropter
1207 3702 1333 3774 quia
1381 3702 1719 3759 solummodo
1765 3701 1908 3758 illius

323 3805 407 3853 est
436 3810 596 3851 nosse
644 3794 916 3865 quomodo
963 3802 1281 3864 conceptus,
1337 3794 1610 3863 quomodo
1657 3792 1709 3846 in
1749 3802 1907 3849 utero

323 3896 697 3953 conversatus,
746 3887 1015 3957 quomodo
1051 3887 1287 3942 Verbum
1338 3886 1483 3942 Deus
1530 3893 1585 3941 et
1639 3886 1802 3941 homo
1839 3886 1907 3942 de

320 3976 530 4052 virgine
552 3987 714 4035 natus
740 3978 811 4033 sit
846 3994 986 4034 unus
1035 3977 1325 4034 Christus:
1366 3978 1514 4047 quia,
1546 3985 1607 4031 ut
1650 3977 1773 4056 ipse
1805 3977 1904 4043 ait,

322 4072 467 4130 Deus
486 4072 727 4128 Verbum
757 4079 927 4125 totum
956 4071 1259 4141 suscipiens
1284 4070 1428 4141 quod
1452 4079 1537 4127 est
1562 4070 1816 4134 hominis,
1846 4079 1907 4126 ut

321 4162 486 4218 homo
507 4161 598 4225 sit,
624 4167 679 4215 et
698 4168 1005 4229 assumptus
1043 4161 1204 4216 homo
1226 4168 1397 4215 totum
1423 4159 1734 4231 accipiendo
1762 4159 1907 4230 quod

321 4252 420 4309 Dei
450 4260 553 4317 est,
600 4251 788 4321 utique
836 4249 980 4305 Deus
1022 4258 1126 4305 εει.
1175 4249 1328 4319 Quod
1357 4250 1402 4305 si
1434 4250 1509 4305 ita
1535 4259 1639 4316 est,
1695 4258 1754 4305 ut
1804 4250 1906 4307 iste

323 4342 602 4400 confessus
633 4350 738 4407 est,
770 4341 879 4396 imo
926 4341 1053 4412 quia
1095 4349 1196 4406 est,
1229 4342 1343 4408 ubi,
1369 4357 1571 4413 quaeso,
1601 4342 1906 4398 communis

323 4444 409 4491 est
460 4435 545 4490 lex
600 4434 654 4489 in
684 4432 979 4499 nascendo,
1019 4432 1108 4487 ubi
1158 4432 1390 4490 colluvie
1429 4434 1684 4489 vitiorum
1713 4434 1738 4489 ἲ
1766 4433 1901 4489 Nam
1928 4474 1982 4534 Β

323 4525 573 4584 Christus
626 4526 801 4590 Deus,
850 4524 943 4595 qui
1005 4539 1279 4594 nunquam
1335 4539 1440 4579 non
1485 4523 1622 4589 fuit,
1680 4539 1746 4579 ex
1793 4540 1902 4594 quo

323 4617 488 4673 homo
539 4613 715 4670 factus
746 4623 831 4670 est
875 4621 932 4669 et
960 4621 1273 4685 assumptus
1316 4613 1369 4667 in
1401 4613 1605 4667 unitate
1634 4627 1901 4682 personae,

322 4721 539 4777 semper
562 4706 762 4762 mansit
790 4713 845 4761 et
886 4714 1169 4776 permanet
1206 4720 1364 4760 verus
1404 4704 1550 4760 Deus
1607 4713 1663 4759 et
1716 4706 1900 4771 homo,

323 4811 431 4852 non
454 4797 559 4852 duo
588 4795 805 4868 quidem
825 4804 886 4851 ut
911 4806 1053 4851 esset
1081 4795 1218 4851 alter
1241 4795 1404 4861 Deus,
1435 4803 1491 4850 et
1539 4794 1677 4849 alter
1714 4795 1899 4862 homo,

272 4911 277 4915 ·
322 4886 415 4943 sed
445 4903 586 4943 unus
618 4887 870 4958 idemque
907 4888 1049 4942 Deus
1105 4895 1163 4943 et
1206 4887 1391 4942 homo.
1439 4886 1700 4953 Quamvis
1754 4886 1899 4941 enim

324 4977 469 5034 aliud
489 4984 588 5049 per
609 4978 752 5050 quod
781 4977 945 5045 Deus,
985 4985 1042 5033 et
1075 4977 1219 5034 aliud
1272 4993 1371 5048 per
1417 4978 1560 5048 quod
1607 4978 1790 5042 homo,
1846 4976 1901 5032 in

322 5074 555 5139 utroque
583 5078 763 5124 tamen
792 5084 933 5124 unus
971 5069 1113 5124 Deus
1149 5076 1205 5123 et
1246 5068 1433 5136 homo,
1482 5068 1611 5139 quia
1666 5082 1772 5123 non
1803 5067 1906 5123 fuit

322 5160 614 5232 aliquando
638 5176 809 5232 purus
837 5162 955 5218 sine
975 5162 1086 5217 Deo
1114 5174 1406 5233 conceptus
1429 5162 1514 5219 vel
1540 5170 1698 5220 natus
1717 5164 1899 5220 homo.

321 5253 430 5313 Sed
462 5254 591 5328 quia
616 5263 909 5327 conceptus
931 5255 1103 5311 estde
1125 5254 1328 5326 Spiritu
1358 5263 1546 5311 sancto
1571 5269 1637 5310 ex
1661 5255 1901 5328 virginea

320 5363 508 5415 carne,
536 5356 593 5405 et
610 5357 768 5406 natus
795 5349 956 5405 homo
975 5361 1123 5416 vere,
1152 5364 1275 5404 mox
1307 5365 1374 5405 ex
1399 5347 1515 5418 ipsa
1544 5350 1902 5420 conceptione

319 5439 579 5498 ineffabili
625 5441 907 5499 nativitate
935 5441 1077 5497 Deus
1117 5456 1280 5496 verus
1316 5439 1605 5513 processit,
1637 5448 1692 5497 et
1740 5448 1900 5496 natus

317 5540 401 5587 est
428 5530 616 5589 homo.
670 5531 952 5600 Quomodo
984 5518 1124 5604 ergo
1175 5547 1464 5589 commune
1509 5530 1710 5586 dicitur
1755 5532 1900 5602 quod

316 5630 403 5678 est
439 5591 745 5680 ineﬂ'abile?
773 5622 872 5681 Vel
923 5591 1193 5694 quomodo
1232 5638 1339 5678 non
1384 5637 1598 5693 semper
1632 5591 1788 5677 totus.
1817 5630 1903 5677 est
1934 5591 1940 5596 1

314 5726 479 5773 verus
507 5716 648 5776 Deus
688 5714 959 5785 Christus,
991 5715 1298 5787 quicunque
1341 5711 1457 5771 sine
1485 5728 1612 5770 vero
1658 5710 1769 5768 Deo
1801 5727 1899 5769 nec

2020 1876 2074 1932 in
2101 1876 2341 1949 Epistola
2378 1879 2446 1933 ad
2483 1878 2814 1947 Nestorium,
2866 1898 2969 1937 non
3008 1892 3093 1938 est
3118 1891 3276 1940 natus
3305 1887 3611 1943 communis

2020 1969 2183 2024 homo
2207 1969 2271 2025 de
2295 1980 2485 2026 sancta
2513 1969 2754 2043 Virgine,
2788 1974 2911 2043 quia
2947 1974 2999 2028 in
3030 1976 3143 2045 ipsa
3174 1978 3331 2032 vulva
3352 1980 3606 2061 yirginis,

2019 2070 2080 2117 ut
2107 2062 2221 2133 ipse
2246 2062 2466 2128 fatetur,
2494 2073 2649 2119 utero
2670 2065 2916 2136 virginali
2945 2082 3003 2121 se
3026 2065 3260 2123 Verbum
3291 2086 3412 2125 cum
3441 2087 3609 2127 carne

2018 2155 2318 2225 conjunxit,
2343 2165 2397 2212 et
2423 2158 2677 2212 sustinuit
2706 2160 3110 2227 generationem
3152 2163 3448 2229 carnalem,
3481 2165 3607 2235 quia

2018 2245 2197 2300 carnis
2226 2261 2338 2301 suae
2360 2248 2697 2302 nativitatem
2726 2264 2878 2304 suam
2901 2250 3049 2314 fecit,
3081 2261 3135 2307 et
3178 2255 3269 2323 qui
3325 2254 3379 2308 in
3428 2253 3605 2310 forma

2016 2336 2112 2395 Dei
2143 2337 2272 2393 fecit
2300 2340 2594 2405 hominem,
2622 2341 2673 2395 in
2704 2340 2877 2395 forma
2906 2344 3046 2396 servi
3075 2343 3251 2399 factus
3282 2355 3366 2400 est
3400 2346 3561 2401 homo
3589 2365 3602 2401 :

2016 2431 2111 2484 sed
2161 2439 2453 2502 utrumque
2511 2433 2652 2488 Deus
2710 2436 2777 2489 de
2825 2436 3060 2504 potentia
3116 2439 3480 2508 suscipientis,
3542 2449 3600 2494 et

2015 2530 2306 2593 utrumque
2327 2523 2489 2577 homo
2513 2524 2579 2578 de
2612 2525 2916 2580 humilitate
2941 2530 3173 2598 suscepti
3210 2545 3224 2594 ;
3272 2544 3336 2583 ac
3375 2546 3469 2598 per
3500 2531 3604 2585 hoc

2017 2610 2136 2665 telis
2164 2621 2347 2682 partus
2373 2629 2478 2667 non
2500 2621 2584 2669 est
2608 2616 2913 2669 communis
2940 2615 3056 2686 lege
3078 2625 3303 2683 naturae,
3334 2618 3427 2672 sed
3462 2619 3604 2674 sicut

2015 2703 2340 2760 mirabiliter
2363 2715 2673 2777 conceptus,
2715 2708 2785 2761 ita
2822 2709 3143 2763 mirabiliter
3179 2709 3318 2765 Deus
3348 2719 3401 2766 et
3432 2712 3596 2766 homo

2016 2802 2196 2849 natus.
2227 2794 2370 2866 Ergo
2397 2811 2501 2850 non
2533 2795 2701 2859 illum,
2726 2805 2784 2850 ut
2811 2807 3035 2853 caeteros
3063 2800 3279 2868 adoptio
3313 2801 3450 2854 ﬁlios
3480 2800 3596 2859 Dei.

2014 2884 2145 2941 fecit
2212 2887 2402 2950 lilium,
2462 2888 2555 2944 sed
2608 2888 2907 2945 divinitatis
2957 2902 3152 2945 natura
3190 2892 3336 2945 illum
3383 2893 3433 2946 in
3479 2909 3604 2963 pro-

2014 2976 2193 3048 prium
2224 2977 2320 3032 Dei
2350 2976 2545 3031 Filium
2581 2978 2861 3043 exultavit,
2904 2988 2957 3033 et
3001 2980 3223 3034 donavit
3269 2981 3341 3035 illi
3380 2997 3599 3047 nomen,

2014 3067 2158 3138 quod
2189 3076 2273 3121 est
2302 3082 2466 3136 super
2515 3083 2676 3123 omne
2725 3084 2921 3124 nomen
2963 3067 3183 3142 (Philip.
3229 3071 3314 3143 ιι),
3362 3082 3421 3127 ιιι
3458 3080 3602 3127 esset

2019 3167 2165 3214 totus
2191 3157 2285 3212 Dei
2315 3158 2483 3213 Filius
2521 3160 2683 3213 homo
2736 3169 2790 3215 ct
2826 3161 3086 3224 Verbum,
3141 3163 3265 3230 quia
3326 3179 3598 3234 nunquam

2014 3265 2123 3304 non
2166 3247 2267 3302 fuit
2289 3248 2381 3303 Dei
2410 3248 2601 3312 Filius,
2629 3249 2717 3319 qui
2746 3250 3108 3319 sempiternus
3131 3263 3410 3322 permanet
3451 3255 3596 3307 unici

2013 3339 2274 3410 genitoris
2318 3340 2649 3409 unigenitus.
2707 3339 2989 3409 Nunquam
3054 3342 3217 3412 igitur
3265 3344 3377 3412 ipse
3430 3360 3598 3411 purus

2011 3429 2175 3484 homo
2204 3437 2518 3497 conceptus,
2547 3443 2721 3498 neque
2739 3440 2897 3483 natus
2918 3431 3057 3483 sicut
3082 3432 3262 3486 cmteri
3298 3442 3598 3486 nascuntur

2012 3520 2267 3586 infantes,
2307 3528 2367 3575 ut
2416 3521 2463 3575 ei
2498 3535 2562 3575 ex
2613 3521 2918 3590 adoptionis
2958 3521 3131 3590 gratia
3172 3531 3265 3576 aut
3299 3537 3362 3577 ex
3395 3522 3598 3577 emolu-

2010 3621 2193 3668 mento
2238 3614 2495 3667 virtutum
2537 3613 2894 3682 prterogativa
2923 3612 3015 3667 filii
3057 3624 3445 3684 prmstaretur;
3496 3616 3591 3670 sed

2010 3703 2105 3759 Dei
2136 3701 2392 3768 Verbum,
2421 3702 2546 3773 quia
2573 3718 2700 3757 caro
2733 3701 2928 3757 factum
2962 3711 3062 3767 est,
3095 3703 3390 3773 assumpsit
3419 3703 3595 3757 homi-

2010 3809 2134 3849 nem
2157 3794 2208 3848 in
2223 3809 2279 3848 se
2295 3794 2411 3848 sine
2437 3807 2667 3862 persona
2683 3792 2942 3856 hominis,
2957 3803 3014 3846 ut
3032 3802 3174 3847 totus
3189 3801 3332 3847 esset
3345 3792 3594 3848 Christus

2007 3886 2279 3959 proprius,
2315 3901 2420 3941 non
2450 3901 2517 3940 ex
2541 3886 2681 3939 dono
2708 3885 2895 3955 gratiae
2928 3886 3261 3941 renascendo
3291 3896 3347 3940 ut
3388 3887 3591 3951 caeteri,

2009 3977 2104 4033 sed
2131 3976 2277 4031 salva
2320 3976 2651 4046 proprietate
2698 3975 2982 4046 utriusque
3023 3987 3248 4031 naturae.
3293 3975 3589 4031 Personam

2007 4083 2136 4123 vero
2160 4066 2396 4123 hominis
2423 4066 2544 4121 ideo
2572 4081 2678 4121 non
2702 4067 3019 4132 assumpsit,
3061 4066 3153 4122 sed
3185 4075 3390 4121 tantum
3418 4066 3594 4121 homi-

2007 4175 2155 4225 nem,
2182 4160 2307 4230 quia
2332 4159 2447 4230 ipse
2472 4173 2703 4230 persona
2736 4158 2893 4213 tertia
2937 4174 3060 4214 cum
3106 4159 3271 4214 Patre
3298 4168 3355 4214 et
3388 4157 3593 4230 Spiritu

2008 4251 2061 4307 in
2093 4249 2359 4305 Trinitate
2414 4249 2558 4305 Deus
2600 4265 2744 4306 unus
2789 4265 3003 4320 semper
3048 4249 3173 4305 fuit.
3218 4250 3426 4306 Idcirco
3467 4250 3593 4318 jure

2007 4342 2150 4412 quod
2177 4340 2363 4396 habuit
2399 4342 2451 4396 in
2488 4341 2791 4396 aeternitate
2816 4357 3103 4411 personam
3136 4334 3240 4397 non
3273 4343 3587 4413 assumpsit,

2005 4434 2100 4490 sed
2123 4434 2395 4488 hominem
2422 4433 2475 4486 in
2500 4440 2739 4503 tempore
2764 4441 2922 4488 antea
2956 4448 3116 4504 quem
3149 4449 3254 4488 non
3282 4432 3489 4499 habuit,
3515 4434 3591 4490 ita

2011 4532 2069 4578 ut
2106 4521 2197 4592 qui
2235 4522 2497 4591 suscepit,
2553 4530 2610 4577 et
2658 4521 2800 4591 quod
2836 4531 3143 4592 susceptum
3191 4530 3293 4585 est,
3345 4523 3488 4578 sicut
3514 4523 3593 4579 ait

2009 4615 2201 4671 beatus
2249 4614 2583 4685 Augustinus
2638 4614 2692 4668 in
2758 4613 2898 4670 libro
2966 4613 3034 4670 de
3086 4615 3591 4684 Prazdestinatione,

2008 4719 2112 4758 una
2137 4711 2282 4758 esset
2310 4703 2365 4756 in
2394 4701 2657 4757 Trinitate
2677 4717 2906 4772 persona
2932 4720 2947 4769 ;
2976 4703 3121 4773 quia,
3149 4704 3290 4759 sicut
3322 4703 3437 4774 ipse
3463 4703 3592 4759 alibi

2008 4794 2105 4859 ait,
2137 4778 2295 4848 natus
2318 4800 2402 4848 est
2433 4792 2500 4847 de
2541 4791 2702 4848 Patre
2739 4793 2878 4850 Deus
2921 4794 3178 4857 Verbum,
3210 4803 3370 4850 natus
3415 4803 3500 4850 est
3524 4795 3593 4850 de

2008 4894 2181 4941 matre
2208 4883 2443 4940 Verbum
2475 4899 2602 4940 caro
2639 4883 2866 4950 factum,
2902 4902 3044 4941 unus
3074 4894 3237 4956 atque
3281 4887 3419 4942 idem
3448 4885 3593 4942 Deus

2003 4976 2099 5032 Dei
2130 4974 2299 5031 Filius
2327 4984 2486 5031 natus
2521 4982 2648 5032 ante
2674 4975 2889 5041 saecula,
2918 4984 2973 5030 et
2993 4984 3154 5031 natus
3192 4975 3247 5030 in
3279 4974 3500 5041 saeculo,
3534 4982 3592 5038 et

2004 5080 2236 5141 utraque
2286 5070 2545 5126 nativitas
2593 5070 2754 5126 unius
2806 5081 2891 5126 est
2936 5070 3058 5126 Filii
3099 5071 3229 5138 Dei;
3260 5085 3325 5126 ac
3353 5085 3449 5141 per
3487 5070 3593 5129 huc

2005 5163 2169 5234 Virgo
2190 5161 2359 5217 Maria
2394 5161 2517 5233 jure
2554 5161 2651 5218 Dei
2683 5159 2933 5216 Cenitrix
2959 5170 3205 5227 vocatur,
3234 5160 3360 5231 quia
3403 5158 3592 5231 genuit

2004 5255 2173 5311 Deum
2200 5262 2255 5309 et
2274 5254 2571 5309 hominem.
2596 5250 2831 5308 Verbum
2851 5266 2982 5308 caro
3003 5250 3226 5318 factum,
3262 5266 3367 5307 nou
3395 5259 3456 5305 ut
3491 5264 3593 5305 cte-

2004 5347 2103 5402 teri
2135 5353 2430 5402 nascuntur
2457 5344 2708 5409 infantes,
2748 5350 2841 5399 aut
2877 5351 2937 5398 ut
2966 5358 3029 5398 ex
3060 5343 3201 5399 dono
3234 5343 3423 5415 gratiae
3449 5342 3587 5396 ﬁunt

2001 5435 2276 5509 homines,
2306 5434 2424 5501 sed,
2475 5432 2618 5489 sicut
2637 5432 2830 5488 beatus
2867 5431 3161 5506 Gregorius
3186 5432 3262 5488 ait
3284 5422 3590 5507 rin'ltiorali-

2000 5527 2124 5593 bus,
2156 5525 2303 5582 salva
2331 5525 2664 5597 proprietate
2684 5526 2970 5597 utriusque
2997 5534 3206 5581 natura}
3226 5523 3588 5581 essentialiter

2000 5618 2057 5673 in
2100 5632 2253 5673 suam
2283 5616 2575 5688 assumpsit
2616 5606 2903 5689 personam
2954 5616 3245 5679 hominem,
3298 5628 3393 5685 per
3444 5610 3588 5683 quod

2003 5709 2249 5768 mirabile
2292 5720 2692 5768 sacramentum
2729 5718 2780 5768 ct
2812 5720 3048 5768 mternus
3076 5724 3139 5767 ex
3172 5708 3328 5766 Patre
3361 5716 3413 5762 et
3457 5716 3591 5761 tem-
