4148 6344
533 290 662 347 1571

1342 279 1399 334 S.
1438 270 1793 333 PASCllASll
1830 265 2176 326 BADBERTI
2210 265 2498 322 ABBATIS
2536 259 2983 322 COS’tBElENSlS

3661 267 3814 324 1372

531 402 732 475 poralis
759 415 828 456 ex
850 406 1041 460 matre,
1065 409 1202 452 unus
1253 394 1502 461 idemque
1537 397 1680 445 esset
1702 401 1860 440 verus
1893 383 1985 437 Dei
2013 383 2112 436 bo-
2141 382 2191 441 Α
2219 378 2593 475 benedictione
2630 394 2726 433 sua
2778 377 2938 432 beata
2979 374 3144 475 Virgo
3189 375 3386 475 Maria.
3415 378 3649 475 illustrat
3700 381 3809 437 Ec-

532 474 801 562 rninisqne
827 489 1008 553 ﬁlius;
1047 485 1326 557 quoniam,
1367 483 1508 537 sicut
1535 481 1647 550 ipse
1691 479 1767 532 ait
1820 476 1872 530 in
1901 474 2108 531 eisdem

534 580 845 645 Moralibus,
875 578 1019 633 aliud
1046 583 1129 630 est
1154 583 1310 629 natos
1336 571 1581 627 homines
1607 567 1837 639 gratiam
1864 563 2109 633 adoptio-

533 677 619 731 nis
664 688 761 745 per
797 687 918 727 eum
948 669 1219 739 accipere,
1248 665 1393 721 aliud
1418 676 1582 718 unum
1632 657 1976 730 singulariter
2015 670 2111 724 per

534 766 830 822 divinitatis
872 762 1171 835 potentiam
1210 759 1383 815 Deum
1430 772 1498 813 ex
1538 756 1654 827 ipso
1683 760 1946 822 conceptu
1988 765 2111 821 pro-

535 861 700 917 disse.

605 950 961 1019 Quapropter,
993 959 1198 1016 quasso,
1240 949 1459 999 cessent
1499 939 1588 995 isti
1640 938 1821 993 dicere
1864 936 1943 992 sic
1987 950 2111 990 eum

534 1054 656 1096 esse
680 1048 864 1094 natum
905 1046 965 1092 ut
1010 1036 1190 1092 caeteri
1220 1043 1550 1101 nascuntur;
1594 1031 1721 1101 quia
1773 1045 1880 1084 non
1927 1028 2115 1099 genuit

534 1145 661 1185 eum
686 1130 838 1200 virgo
865 1128 958 1183 Dei
985 1125 1231 1183 Genitrix
1255 1139 1322 1179 ex
1356 1122 1562 1193 origine
1580 1121 1774 1192 prima:
1798 1119 2113 1190 praevarica-

536 1220 702 1276 tionis
727 1227 785 1272 ut
814 1225 1152 1282 renascatur,
1182 1215 1279 1271 sed
1320 1216 1386 1269 de
1416 1212 1621 1282 Spiritu
1649 1220 1838 1267 sancto
1881 1218 1939 1263 ut
1969 1208 2111 1263 Deus

537 1310 808 1374 credatur,
839 1308 957 1363 sine
984 1307 1170 1362 dolore
1194 1314 1250 1360 et
1278 1305 1393 1361 sine
1433 1303 1654 1373 gemitu,
1707 1303 1823 1357 sine
1868 1299 2113 1354 molestia

536 1410 594 1456 et
643 1415 904 1464 aerumna,
959 1399 1078 1454 sine
1128 1396 1347 1453 tristitia
1391 1403 1444 1449 et
1498 1392 1810 1455 afﬂictione,
1858 1390 2113 1462 quoniam

539 1491 654 1546 hate
683 1492 861 1545 omnia
886 1488 1187 1560 justissime
1207 1487 1473 1541 damnata:
1497 1486 1676 1540 carnis
1707 1485 1758 1539 in
1785 1482 1958 1554 prima
1999 1480 2114 1535 ori-

537 1579 661 1650 gine
708 1578 1087 1634 retributiones
1112 1585 1239 1633 sunt
1271 1585 1325 1632 et
1360 1576 1628 1631 vindicta).
1662 1574 1731 1628 At
1776 1589 1839 1629 ve
1862 1589 1903 1629 ὀ
1955 1573 2115 1629 beata

538 1668 707 1723 Maria
744 1669 868 1724 licet
915 1670 1031 1740 ipsa
1062 1670 1127 1724 de
1169 1682 1335 1724 carne
1387 1667 1593 1737 peccati
1623 1667 1695 1721 sit
1720 1675 1844 1722 nata
1882 1673 1938 1721 et
1987 1680 2115 1736 pro-

2210 467 2456 533 clcsiam,
2496 484 2623 523 num
2656 471 2850 523 merito
2872 469 3209 524 sanctiﬁcata
3245 470 3298 523 in
3354 468 3561 539 Spiritu
3610 480 3809 528 sancto

2210 558 2409 613 colitur
2459 560 2809 613 veneranda?
2860 559 3068 614 Nullius
3127 560 3288 631 igitur
3349 560 3604 616 nativitas
3659 563 3810 617 cele-

2210 647 2399 703 bratur
2427 648 2478 702 in
2510 651 2711 703 tnnndo
2749 650 2854 703 nisi
2901 648 3125 716 Christi,
3172 659 3226 706 et
3266 649 3384 719 ejus
3434 660 3596 721 atque
3653 637 3807 707 bea'ti

2210 738 2449 795 Joannis.
2488 739 2579 796 Sic
2626 750 2681 796 et
2734 742 2892 796 beata
2942 742 3105 813 Virgo
3147 742 3335 807 Maria,
3388 743 3491 798 nisi
3539 744 3593 798 in
3642 755 3807 800 utero

2211 817 2403 885 matris
2438 831 2777 885 sanctiﬁcata
2819 840 2985 898 esset,
3018 832 3238 887 minime
3270 832 3525 888 nativitas
3563 832 3682 902 ejus
3713 850 3812 887 co-

2213 923 2369 979 lenda
2396 932 2557 978 esset.
2593 922 2746 980 Nunc
2779 934 2961 979 autem
3001 926 3130 995 quia
3163 941 3230 980 ex
3268 927 3592 982 auctoritate
3637 927 3813 982 totius

2212 1015 2467 1071 Ecclesia:
2495 1025 2807 1082 veneratur,
2848 1024 3061 1071 constat
3100 1032 3219 1072 eam
3258 1018 3326 1073 ab
3375 1018 3520 1073 omni
3551 1017 3812 1089 originali

2212 1115 2435 1178 peccato
2461 1108 2758 1163 immunem
2790 1107 2976 1174 fuisse,
3012 1124 3109 1178 per
3149 1124 3312 1179 quam
3344 1124 3450 1164 non
3478 1109 3653 1164 solum
3684 1126 3810 1163 ma-

2212 1199 2429 1254 ledictio
2454 1200 2643 1254 matris
2688 1200 2811 1254 Eva:
2847 1200 3026 1255 soluta
3065 1208 3167 1264 est,
3220 1216 3409 1255 verum
3446 1200 3608 1253 etiam
3641 1199 3816 1255 bene-

2214 1289 2378 1344 dictio
2399 1289 2651 1345 omnibus
2672 1290 3027 1344 condonatur.
3058 1289 3212 1357 Quod
3242 1290 3287 1345 si
3323 1290 3583 1360 praeclara
3622 1305 3815 1345 sacra-

2215 1380 2438 1437 tissimte
2465 1381 2699 1452 Virginis
2740 1382 2999 1436 nativitas
3045 1382 3429 1437 universaliter
3473 1390 3582 1436 tam
3611 1390 3809 1437 sancta

2214 1478 2270 1527 et
2310 1480 2418 1526 tam
2454 1472 2686 1543 gloriosa
2709 1472 2833 1542 jure
2883 1472 3079 1528 colitur
3123 1481 3179 1526 et
3231 1481 3545 1539 veneratur,
3597 1481 3812 1542 quanto

2213 1563 2388 1634 magis
2414 1563 2530 1637 ipsa
2575 1565 2789 1635 quando
2829 1564 2897 1619 ab
2924 1564 3113 1635 angelo
3137 1562 3247 1632 jam
3299 1564 3472 1634 gratia
3503 1564 3660 1633 plena
3687 1564 3809 1618 otii-

2215 1652 2517 1708 ciosissime
2547 1653 2855 1708 salutatur?
2884 1652 3016 1709 Nam
3048 1669 3171 1710 cum
3201 1655 3331 1709 dicit
3364 1654 3415 1709 ei
3441 1652 3594 1724 (Luc.
3635 1671 3678 1722 ι,
3707 1656 3807 1727 ‘28)

538 1769 744 1825 creata,
792 1730 1013 1831 ipsaque
1051 1760 1299 1830 quamvis
1346 1730 1473 1814 caro
1519 1758 1727 1828 peccati
1770 1756 1950 1822 fuerit,
1987 1730 2112 1811 -non
2141 1730 2192 1793 Β
2216 1745 2344 1812 Ave,
2370 1744 2591 1801 caeleste
2631 1745 2990 1801 venerationis
3021 1746 3339 1816 obsequium
3366 1745 3587 1801 exhibet
3618 1763 3634 1813 ;
3679 1763 3807 1803 cum

540 1859 669 1904 tunc
684 1848 797 1918 jam
824 1850 1039 1921 quando
1073 1849 1434 1921 praeveniente
1462 1848 1693 1918 Spiritus
1740 1848 1913 1903 sancti
1939 1846 2113 1918 gratia

539 1937 609 1993 ab
634 1938 824 2005 angelo
847 1952 960 2006 pra:
998 1937 1247 1992 omnibus
1292 1937 1609 1992 mulieribus
1650 1937 1930 1991 benedicta
1956 1950 2116 1991 voca-

538 2035 646 2082 tur.
679 2027 909 2095 Spit’itus
931 2037 1163 2091 sanctus,
1191 2027 1379 2096 inquit,
1410 2028 1729 2097 superveniet
1759 2028 1903 2092 inte,
1944 2036 1992 2080 et
2018 2028 2117 2080 vir-

540 2127 622 2169 tus
646 2116 901 2171 Altissimi
924 2116 1247 2170 obumbrabit
1271 2117 1364 2170 tibi
1388 2116 1539 2188 (Luc.
1565 2134 1606 2182 ι,
1644 2117 1756 2188 55).
1780 2116 2034 2189 Alioquin
2067 2116 2115 2172 si

542 2221 649 2260 non
674 2206 864 2262 eodem
895 2206 1099 2276 Spiritu
1141 2216 1329 2262 sancto
1360 2208 1692 2262 sanctiﬁcata
1723 2217 1807 2263 est
1833 2217 1888 2263 et
1927 2223 2116 2262 emun-

541 2298 686 2361 data,
721 2298 991 2368 quomodo
1014 2314 1140 2354 caro
1168 2298 1282 2367 ejus
1308 2315 1415 2353 non
1444 2315 1574 2356 caro
1603 2302 1808 2371 peccati
1835 2300 1970 2357 fuit?
1995 2300 2115 2357 etsi

542 2405 671 2444 caro
681 2391 795 2461 cjus
815 2391 881 2445 de
902 2406 1077 2446 massa
1097 2391 1285 2463 prima:
1310 2392 1767 2462 praevaricationis
1793 2396 1960 2459 venit,
1982 2410 2118 2464 quo—

539 2482 698 2537 modo
726 2481 973 2537 Christus
1000 2483 1233 2539 Verbum
1262 2499 1390 2539 caro
1419 2485 1538 2538 sine
1576 2494 1795 2554 peccato
1843 2484 1964 2551 fuit,
2020 2487 2116 2557 qui

539 2575 607 2628 de
628 2589 790 2629 carne
826 2574 1031 2643 peccati
1059 2589 1274 2628 carnem
1297 2574 1606 2645 assumpsit,
1640 2575 1742 2630 nisi
1769 2576 1893 2644 quia
1925 2587 1949 2615 α
1986 2576 2115 2631 Ver-

538 2664 666 2716 bum
691 2663 833 2732 quod
863 2679 988 2718 caro
1017 2662 1217 2718 factum
1242 2676 1321 2719 est
1346 2681 1464 2719 eam
1489 2666 1720 2733 primum
1745 2667 2110 2734 obumbravit,

539 2752 594 2806 in
622 2767 782 2823 quam
823 2752 1056 2823 Spiritus
1094 2764 1318 2810 sanctus
1344 2756 1653 2825 supervenit
1679 2766 1733 2812 et
1756 2758 1927 2814 virtus
1952 2758 2114 2815 Altis-

540 2844 660 2898 simi
690 2860 808 2899 eam
837 2852 1001 2900 totam
1030 2846 1305 2914 possedit?
1350 2846 1639 2916 Propterea
1682 2864 1808 2905 vere
1837 2866 1965 2906 caro
1999 2852 2113 2922 jam

539 2948 647 2988 non
671 2948 796 2986 caro
824 2934 1029 3002 peccati
1061 2931 1192 2997 fuit;
1227 2934 1279 2986 in
1308 2949 1412 3002 qua
1441 2935 1582 2990 Deus
1610 2952 1668 2992 se
1706 2946 1875 2993 totum
1918 2939 2113 2994 infudit

540 3032 595 3078 et
622 3023 855 3078 Verbum
898 3024 1039 3093 quod
1070 3039 1199 3078 caro
1253 3023 1451 3079 factum
1494 3035 1577 3080 est
1614 3029 1730 3083 sine
1773 3037 1996 3099 peccato
2043 3032 2111 3085 ad

538 3126 638 3166 nos
665 3111 829 3176 venit,
861 3112 951 3181 qui
990 3110 1113 3181 jure
1142 3126 1246 3166 non
1274 3112 1445 3165 solum
1477 3112 1646 3185 legem
1677 3125 1883 3171 natura:
1910 3118 2110 3173 vitiatae

539 3204 594 3256 in
627 3203 896 3257 nascendo
942 3218 1047 3257 non
1099 3204 1292 3269 tenuit,
1329 3219 1513 3257 verum
1562 3221 1662 3261 nec
1707 3206 1877 3277 legem
1925 3209 2112 3278 primae

537 3293 761 3365 originis
801 3309 960 3363 quam
994 3294 1255 3349 haberent
1304 3293 1536 3362 feminaz,
1582 3297 1627 3353 si
1656 3298 1965 3355 mandatum
1992 3316 2110 3356 ser-

537 3392 717 3438 vasset
743 3392 914 3438 mater
951 3383 1189 3438 omnium
1220 3382 1331 3439 Eva
1355 3384 1409 3439 in
1439 3384 1712 3455 paradiso.
1754 3387 1903 3445 Alias
1927 3397 2107 3446 autem

537 3475 803 3543 quomodo
833 3472 1035 3543 Spiritu
1063 3484 1252 3529 sancto
1282 3491 1401 3530 eam
1431 3476 1671 3546 replente
1707 3494 1810 3533 non
1856 3481 1972 3534 sine
2001 3484 2110 3538 ori-

537 3564 700 3634 ginali
748 3572 972 3634 peccato
1012 3561 1132 3627 fuit,
1161 3563 1315 3632 cujus
1360 3565 1523 3621 etiam
1578 3568 1832 3624 nativitas
1879 3571 2108 3641 gloriosa

536 3655 797 3711 catholica
816 3645 882 3710 .in
924 3655 1071 3709 omni
1115 3655 1354 3710 Ecclesia
1382 3657 1579 3712 Christi
1618 3658 1686 3714 ab
1707 3660 1955 3716 omnibus
1985 3661 2106 3717 felix

534 3753 591 3802 et
619 3747 774 3801 beata
814 3746 1173 3815 prtedicatur;
1222 3744 1499 3803 énimvero
1540 3748 1585 3803 si
1632 3765 1738 3804 non
1772 3748 1929 3805 beata
1965 3761 2110 3808 esset

534 3845 590 3893 ct
616 3832 867 3908 gloriosa,
899 3853 1238 3908 nequaquam
1291 3839 1409 3909 ejus
1439 3838 1701 3896 festivitas
1746 3842 2107 3900 celebraretur

534 3931 733 4001 ubique
755 3932 822 3985 ab
849 3933 1117 3988 omnibus.
1147 3934 1252 3988 Sed
1275 3935 1402 4006 quia
1419 3943 1526 3989 tam
1555 3936 1866 3993 solemniter
1888 3938 2102 4007 colitur,

532 4029 746 4076 constat
767 4036 834 4076 ex
871 4024 1192 4078 auctoritate
1218 4025 1471 4080 Ecclesiae
1497 4028 1641 4096 quod
1682 4028 1861 4094 nullis,
1889 4030 2104 4099 quando

530 4120 657 4167 nata
680 4121 784 4177 est,
812 4112 1083 4183 subiacuit
1110 4114 1343 4183 delictis,
1373 4132 1544 4186 neque
1577 4120 1844 4175 contraxit
1868 4121 1920 4175 in
1950 4131 2103 4177 utero

531 4202 863 4256 sanctiﬁcata
889 4204 1149 4273 originale
1171 4214 1465 4275 peccatum.
1500 4206 1647 4261 Unde
1673 4217 1728 4262 et
1774 4211 1817 4264 si
1857 4207 2103 4267 Ieremia:

530 4295 646 4349 dies
671 4304 832 4364 atque
854 4293 953 4349 Job
976 4296 1262 4365 maledicta
1290 4297 1683 4366 pronuntiatur,
1701 4299 1836 4366 dies,
1860 4299 2098 4371 inquam,

528 4387 828 4442 nativitatis
876 4402 1094 4451 eorum,
1157 4388 1271 4442 dies
1322 4395 1533 4454 tamen,
1583 4391 1798 4459 quando
1848 4390 2098 4448 inchoata

528 4487 612 4536 est
661 4477 790 4533 felix
842 4479 1024 4534 Marim
1055 4479 1324 4545 nativitas,
1382 4479 1536 4535 beata
1588 4482 1991 4550 pronuntiatur,
2046 4493 2101 4540 et

527 4570 725 4627 colitur
752 4570 1003 4642 religiose
1031 4571 1183 4626 satis.
1210 4569 1360 4637 Quod
1383 4571 1429 4626 si
1458 4571 1510 4625 in
1541 4582 1761 4641 peccato
1787 4582 1953 4641 esset,
1978 4573 2099 4644 jure

526 4661 809 4716 maledicta
865 4662 1136 4716 diceretur
1164 4702 1179 4727 ,
1226 4672 1280 4715 et
1327 4664 1659 4733 gemebunda
1709 4666 1887 4733 potius
1934 4682 2097 4736 quam

524 4756 825 4822 benedicta,
873 4756 1088 4826 quando
1134 4756 1435 4810 nuntiatum
1478 4766 1564 4811 est
1612 4759 1747 4827 patri
1795 4759 1911 4829 ejus
1955 4761 2098 4828 quod

526 4853 647 4900 nata
681 4852 826 4900 esset
859 4846 917 4899 in
960 4845 1176 4900 saeculo.
1228 4844 1380 4899 Nunc
1416 4855 1595 4899 autem
1627 4847 1751 4918 quia
1785 4848 2096 4905 universam

596 5037 621 5064 ιι
666 5023 786 5078 Nisi
812 5026 956 5096 quia.
992 5025 1037 5096 Ε
1064 5024 1268 5096 duabus
1291 5024 1607 5081 lectionibus
1632 5042 1751 5081 eam
1767 5026 2100 5096 prretulimus

524 5109 686 5178 quam
718 5096 977 5149 Acherius
1004 5095 1382 5178 inma‘rginem
1426 5096 1723 5178 ablegarat,
1768 5095 1892 5178 curn
1938 5098 2099 5153 edere

525 5163 799 5222 maluisset
847 5165 1121 5233 nonquia.
1153 5163 1251 5217 Hic
1290 5163 1652 5220 necessarium
1707 5175 1791 5220 est
1839 5166 2095 5224 lectorem

525 5248 766 5305 monere,
792 5236 880 5290 hic
917 5231 1005 5305 de:
1024 5231 1188 5287 Maria
1216 5233 1433 5305 Virgine
1462 5236 1620 5289 aliter
1666 5236 1828 5305 scribi
1860 5252 1981 5290 cum
2031 5240 2097 5295 de

524 5303 721 5375 Chi-isti
763 5304 1128 5375 conceptione
1144 5303 1351 5375 agitur,
1374 5304 1545 5366 aliter,
1593 5320 1713 5358 cum
1750 5304 1866 5375 ejus
1898 5308 2092 5363 nativi-

525 5372 1277 5444 tatisconditiojlescrihitur.
1308 5373 1439 5428 Nam
1464 5389 1583 5427 cum
1612 5375 1758 5444 prius
1781 5372 2092 5444 scripsisset

521 5440 859 5513 Paschasius,
889 5442 1110 5497 Mariam
1131 5453 1185 5497 et
1214 5444 1279 5497 de
1309 5460 1464 5497 carne
1495 5440 1690 5512 peccati
1729 5440 1910 5498 nataui
1948 5463 2086 5513 esse,

521 5521 575 5565 et
605 5512 1004 5585 ipsamcarnem
1040 5514 1237 5581 peccati
1280 5513 1444 5585 fuisse
1483 5514 1656 5570 donec
1695 5530 1813 5569 eam
1857 5512 2091 5585 Spiritus

521 5583 690 5634 sancti
742 5584 1080 5639 obumbratio
1126 5584 1449 5649 emundaret,
1495 5586 1674 5639 statim
1727 5583 1942 5643 additur
1970 5604 2088 5643 eam

522 5666 626 5704 non
644 5651 811 5706 solum
831 5654 1218 5725 nulltsquando
1240 5665 1363 5709 nata
1387 5663 1465 5710 est
1493 5655 1827 5726 snbjacuissc
1855 5658 2085 5725 delictis,

2216 1845 2397 1890 autem
2424 1835 2556 1889 dicit
2585 1833 2772 1889 Gratia
2801 1834 2981 1905 plena,
3004 1851 3070 1890 ex
3100 1837 3312 1906 integro
3352 1835 3487 1891 iram
3518 1838 3810 1906 expulsam

2216 1925 2473 1991 ostendit,
2501 1934 2555 1980 et
2586 1926 2885 1981 restitutam
2908 1927 3138 1998 gratiam
3172 1926 3413 1981 declarat
3443 1944 3458 1993 ;
3489 1942 3613 1981 eum
3641 1928 3800 1992 dicit,

2214 2015 2500 2073 Benedicta
2553 2027 2643 2083 tu,
2696 2016 2929 2072 fructum
2983 2018 3379 2074 benedictionis
3437 2019 3804 2083 demonstrat,

2216 2109 2342 2178 quia
2370 2109 2584 2179 quando
2612 2109 2845 2180 Spiritus
2875 2118 3094 2165 sanctus
3118 2110 3171 2164 in
3197 2126 3317 2166 eam
3343 2111 3584 2175 advenit,
3634 2121 3803 2165 totam

2216 2197 2499 2254 defaecavit
2537 2214 2569 2252 a
2614 2198 2865 2254 sordibus
2903 2200 3161 2271 virginem
3206 2208 3262 2255 et
3290 2200 3522 2262 decoxit,
3556 2210 3617 2255 ut
3659 2212 3809 2258 esset

2216 2289 2458 2343 sanctior
2480 2304 2640 2359 quam
2665 2298 2811 2344 astra
2838 2289 2982 2344 cmli.
3015 2289 3183 2346 Porro
3228 2293 3444 2361 quando
3492 2294 3663 2348 virtus
3708 2294 3807 2347 Al-

2219 2377 2412 2432 tissimi
2471 2385 2636 2432 totatn
2689 2393 2809 2432 eam
2859 2378 3235 2446 obumbravit,
3289 2379 3471 2435 statim
3528 2379 3647 2448 ejus
3680 2381 3709 2420 δ
3751 2381 3805 2436 in

2216 2476 2372 2524 utero
2398 2470 2619 2525 veniens
2645 2468 2902 2537 Verbum,
2945 2470 3088 2542 quod
3117 2480 3237 2526 erat
3269 2472 3321 2526 in
3362 2472 3630 2542 principio
3657 2487 3829 2541 sem-v

2216 2559 2486 2630 piternum
2513 2559 2653 2630 apud
2695 2559 2931 2628 Patrem,
2968 2571 3027 2616 ut
3079 2575 3206 2616 caro
3246 2561 3400 2616 ﬁeret
3453 2577 3521 2616 ex
3558 2570 3806 2633 tempore

2217 2658 2273 2705 et
2300 2650 2569 2705 habitaret
2592 2650 2643 2704 in
2672 2650 2846 2705 nobis.

2285 2742 2521 2797 Audiant
2559 2742 2720 2812 igitur
2743 2742 2866 2797 novi
2899 2742 3261 2813 disputatores
3284 2752 3339 2797 et
3375 2741 3801 2814 investigatores

2215 2833 2341 2889 novi
2370 2842 2422 2889 ct
2452 2833 2675 2888 inauditi
2714 2842 2941 2905 partus;
2970 2834 3190 2888 audiant
3234 2843 3290 2888 et
3337 2833 3643 2904 intelligant
3693 2833 3807 2903 prio

2215 2942 2362 2981 mum
2393 2927 2518 2997 quia
2543 2927 2640 2981 viri
2671 2936 2829 2994 sunt,
2854 2926 3121 2997 quomodo
3144 2929 3279 2983 bene
3302 2930 3580 2998 disputare
3595 2939 3805 3001 queant

2216 3017 2285 3073 de
2313 3028 2502 3073 natura
2547 3028 2600 3075 et
2629 3034 2760 3074 sexu
2790 3021 3097 3075 mulierum.
3155 3022 3357 3078 Deinde
3388 3024 3710 3093 recogitent,
3745 3034 3805 3078 ut

2138 3087 2185 3149 (ἶ
2214 3109 2303 3178 qui
2335 3118 2585 3164 naturam
2639 3111 2922 3181 requirunt
2961 3122 3015 3167 et
3063 3128 3403 3168 communem
3449 3113 3622 3185 legem
3672 3132 3805 3169 nas-

2212 3198 2391 3267 cendi,
2422 3200 2509 3256 ubi
2538 3210 2705 3256 totum
2739 3202 2978 3257 divinum
3026 3212 3109 3259 est
3161 3212 3215 3259 et
3266 3203 3555 3271 ineffabile,
3614 3205 3807 3261 divina

2211 3286 2383 3347 virtus
2411 3294 2554 3362 quod
2576 3303 2830 3363 operatur
2850 3309 2864 3348 :
2882 3292 3280 3350 Gcnerationem
3305 3296 3435 3366 ejus,
3453 3296 3647 3365 inquit,
3673 3298 3803 3367 quis

2210 3382 2516 3437 enarrabit?
2544 3382 2678 3455 (Isa.
2700 3385 2788 3453 55,
2813 3382 2891 3455 8.)
2911 3384 3047 3440 Nam
3062 3386 3179 3458 quis
3200 3387 3305 3443 hoc
3337 3386 3449 3443 loco
3469 3403 3566 3458 pro
3589 3388 3806 3458 impos-

2210 3473 2348 3528 sibili
2373 3476 2633 3544 accipitur
2657 3493 2671 3542 ;
2699 3469 2825 3548 quia
2870 3493 3028 3533 nemo
3054 3463 3364 3533 sanctorum
3390 3488 3494 3545 est,
3526 3495 3634 3535 non
3674 3480 3802 3536 dico

2209 3562 2467 3629 divinam,
2492 3581 2679 3620 verum
2708 3567 2869 3621 etiam
2899 3567 2991 3637 qui
3024 3568 3377 3623 humanitatis
3425 3567 3543 3638 ejus
3569 3585 3801 3640 genera-

2209 3650 2410 3708 tionem
2442 3654 2509 3708 ad
2553 3654 2812 3725 liquidum
2838 3665 3001 3727 queat
3026 3672 3304 3723 enarrare,
3333 3660 3583 3728 quamvis
3612 3668 3799 3715 utras-

2208 3757 2312 3812 que
2336 3758 2524 3799 omnes
2569 3746 2796 3801 debeant
2847 3749 3105 3803 credere?
3161 3748 3298 3805 Hinc
3339 3766 3468 3822 ergo
3519 3751 3799 3824 colligitur

2208 3836 2351 3905 quod
2391 3839 2762 3906 superstitiosa
2814 3839 2884 3894 sit
2912 3840 3135 3895 istorum
3178 3842 3453 3897 cunctatio
3497 3850 3553 3897 et
3604 3859 3799 3911 super-

2206 3924 2309 3980 ﬂua
2348 3926 2659 3997 disputatio,
2690 3932 2817 3999 quia
2860 3931 3044 3987 dicttnt
3093 3933 3232 3988 ostia
3274 3933 3477 3989 ventris
3519 3943 3578 3989 et
3619 3935 3798 3991 vulva:

2205 4031 2328 4071 eum
2362 4019 2655 4088 aperuisse,
2689 4030 2745 4075 et
2787 4022 3144 4078 colluvionem
3192 4025 3471 4096 sanguinis
3515 4035 3575 4081 ut
3603 4030 3793 4083 caeteri

2204 4120 2415 4172 omnes,
2445 4117 2499 4163 et
2532 4108 2883 4166 fecundarum
2914 4114 3202 4184 spurcitias
3229 4123 3350 4184 post
3376 4130 3435 4170 se
3457 4117 3714 4182 traxisse,
3736 4117 3792 4170 in

2205 4197 2399 4265 quibus
2424 4200 2672 4255 omnibus
2698 4202 2928 4273 gemitus
2944 4212 2998 4259 et
3021 4203 3173 4259 dolor
3185 4205 3590 4276 multiplicatur,
3619 4208 3794 4263 tristi-

2205 4287 2278 4341 tia
2308 4296 2363 4343 et
2390 4304 2643 4345 aerumna:
2687 4302 2972 4363 augentur,
3026 4303 3087 4350 ut
3115 4311 3276 4351 nemo
3315 4297 3434 4352 sine
3477 4297 3563 4353 his
3609 4300 3794 4369 pariat

2205 4379 2391 4435 ﬁlium.
2426 4380 2530 4436 Sed
2553 4384 2694 4438 absit
2719 4399 2749 4438 a
2776 4386 3029 4441 cordibus
3061 4386 3298 4442 ﬁdelium
3328 4397 3390 4443 ut
3436 4390 3542 4444 tale
3583 4391 3791 4461 aliquid

2201 4471 2543 4541 suspicentur
2568 4474 2634 4529 de
2674 4474 2841 4529 Maria
2865 4477 3095 4548 virgine,
3117 4492 3238 4547 qum
3265 4494 3362 4549 pro
3404 4480 3790 4537 maledictione

2198 4563 2385 4631 primae
2406 4566 2632 4636 originis
2653 4567 3083 4625 benedictionem
3108 4571 3288 4626 attulit
3314 4573 3536 4628 mundo.
3558 4574 3713 4630 Unde
3730 4585 3791 4630 et

2199 4653 2311 4724 ipsa
2339 4654 2382 4708 si
2405 4656 2645 4725 quidem,
2676 4666 2735 4712 ut
2763 4659 2894 4724 dixi,
2926 4660 2994 4714 ab
3040 4661 3231 4731 angelo
3273 4663 3557 4718 benedicta
3591 4666 3789 4735 praedi-

2198 4754 2352 4803 catur
2377 4748 2430 4801 in
2461 4749 2792 4816 mulieribus,
2820 4759 2876 4805 et
2903 4752 3167 4806 salutatur
3182 4751 3578 4810 ofﬁciosissime
3600 4766 3660 4810 ut
3676 4773 3791 4811 ina-

2199 4848 2283 4896 ter
2310 4840 2521 4896 Domini
2544 4857 2657 4913 prae
2682 4843 2931 4901 omnibus
2960 4844 3221 4916 gloriosa,
3245 4861 3455 4902 necnon
3483 4857 3540 4902 et
3575 4849 3644 4904 ab
3672 4849 3788 4905 Eli-

2201 5021 2295 5080 sed
2317 5036 2386 5077 ne
2412 5018 2464 5077 in
2488 5029 2644 5076 utero
2672 5021 2887 5090 quidem
2929 5029 3173 5093 materno
3202 5021 3466 5093 originale
3495 5033 3784 5092 peccatum

2201 5093 2535 5148 contraxisse
2560 5108 2576 5158 ;
2603 5089 2923 5162 deindeque,
2956 5089 3217 5161 Spiritum
3254 5089 3523 5158 sanctum,
3567 5094 3783 5162 quando

2199 5165 2255 5218 in
2281 5179 2397 5217 eam
2441 5163 2669 5228 advenit,
2712 5159 3012 5217 defaecasse'
3043 5177 3163 5216 eam
3210 5178 3239 5215 a
3280 5163 3531 5217 sordibus
3580 5159 3644 5217 'et
3688 5163 3787 5218 de-

2200 5232 2626 5289 coxisse.Nullus
2640 5247 2873 5303 unquam
2892 5231 3144 5303 scriptor,
3161 5240 3218 5285 ut
3239 5232 3485 5301 equidem
3499 5233 3782 5297 existimo,

2198 5304 2368 5373 magis
2397 5304 2510 5373 ipse
2545 5303 2645 5357 sibi
2671 5303 2986 5373 adversatus
3009 5310 3124 5367 est;
3156 5318 3222 5355 an
3251 5318 3381 5356 vero
3428 5303 3564 5357 adeo
3608 5304 3784 5370 turpis

2196 5372 2389 5429 levitas
2416 5372 2690 5427 Radberto
2716 5372 2913 5427 ascribi
2941 5381 3123 5441 queat,
3154 5372 3410 5427 lectorem
3451 5380 3511 5426 ut
3553 5387 3623 5427 ex
3654 5373 3785 5427 reti-

2198 5460 2305 5515 quo
2332 5459 2495 5515 opere
2514 5444 2738 5515 judicet,
2753 5458 2917 5515 rogo.
3065 5514 3073 5515 ί
3155 5514 3161 5515 ί
3676 5482 3681 5487 .

2266 5515 2296 5555 δ
2337 5512 2528 5570 Statim
2557 5514 2688 5582 ejus.
2740 5512 2847 5567 Sic
2883 5514 3291 5568 emendavimus
3340 5527 3463 5567 cum
3518 5519 3784 5580 corrupte
3824 5572 3831 5583 Α

2195 5586 2462 5655 legeretur
2501 5583 2697 5652 factum
2738 5583 2876 5653 ejus,
2921 5600 2983 5638 ac
3020 5584 3212 5640 deinde
3261 5583 3611 5648 vo;ulamut,
3656 5596 3783 5651 quae

2199 5655 2501 5712 necessaria
2528 5662 2664 5720 erat,
2689 5655 3060 5725 ascripsimus.
