4148 6344
319 334 458 390 1573

1415 327 1502 383 ns
1542 324 1777 383 mare
1817 323 2133 382 VIRGINIS.
2165 292 2235 369 ζ.
2271 327 2398 382 LIB.
2439 327 2477 383 ι.

3442 337 3583 397 1574

315 446 509 505 saheth
538 444 593 500 in
622 443 813 514 spiritu
846 440 1144 513 prophetiae
1184 440 1467 497 benedicta
1495 440 1897 512 pronuntiatur,
1927 440 1973 500 Α
2004 455 2123 493 rum
2151 439 2389 509 pertulit,
2414 441 2538 510 quia
2567 448 2827 512 quantum
2847 442 3023 498 aliena
3046 442 3145 498 fuit
3175 459 3204 499 a
3227 446 3405 517 culpa,
3453 447 3583 520 Spi-

311 546 367 593 et
394 532 711 590 benedictus
747 532 955 586 fructus
987 531 1193 586 ventris
1227 529 1345 599 ejus
1384 532 1626 587 creditur
1652 540 1708 587 et
1732 544 1897 586 vene-

313 638 488 682 ratur.
540 625 684 696 Ergo
719 624 774 677 in
816 638 922 693 qua
953 629 1009 677 et
1059 635 1157 691 per
1198 637 1362 691 quam
1393 630 1542 677 tanta
1586 623 1894 678 benedictio

312 716 549 775 efﬂoruit
568 725 627 771 et
654 714 825 784 gratia
849 713 1106 779 manavit,
1146 727 1253 769 non
1284 721 1368 768 est
1394 713 1720 769 credendum
1750 714 1894 783 quod

311 806 430 877 ejus
456 806 805 878 puerperium
835 802 1111 860 doloribus
1132 812 1187 860 et
1218 803 1508 875 gemitibus
1557 818 1708 859 more
1738 803 1897 860 femi-

310 913 508 953 narum
537 895 885 965 subjacuerit.
920 896 985 950 Et
1010 895 1135 965 quia
1158 895 1316 951 beata
1341 895 1435 951 Dei
1456 894 1705 951 Genitrix
1728 895 1893 950 tristi-

312 991 403 1047 tiis
430 1006 538 1046 non
559 987 829 1057 subiacuit
855 995 911 1043 et
935 987 1211 1051 aerumnis,
1238 986 1408 1042 libera
1449 986 1516 1041 ab
1558 987 1703 1041 omni
1730 986 1896 1040 male-

313 1080 570 1137 dictionis
596 1094 748 1133 nzevo
778 1076 900 1141 fuit,
929 1092 1092 1147 quam
1123 1076 1357 1148 Spiritus
1385 1085 1605 1132 sanctus
1640 1077 1895 1147 adimple-

310 1169 391 1223 vit
441 1178 496 1222 et
546 1175 712 1222 totam
744 1166 975 1221 Domino
1001 1166 1289 1230 dedicavit,
1336 1182 1500 1237 quam
1533 1167 1706 1222 virtus
1727 1167 1892 1222 Altis-

314 1260 439 1314 simi
475 1258 839 1324 obumbravit,
881 1265 937 1313 et
976 1272 1042 1314 ex
1086 1257 1426 1314 sanctiﬁcata
1461 1273 1626 1313 carne
1666 1258 1891 1327 virginis

313 1353 549 1409 Verbum
572 1367 792 1408 carnem
817 1350 1110 1421 assumpsit
1129 1358 1184 1407 et
1203 1350 1442 1406 counivit
1467 1352 1521 1406 in
1544 1350 1749 1405 unitate
1772 1366 1893 1421 per-

314 1459 480 1501 sonae.
507 1444 576 1499 Et
602 1445 704 1499 hoc
731 1451 814 1499 est
842 1443 985 1513 quod
1006 1442 1225 1507 dicitur,
1265 1441 1500 1497 Verbum
1532 1456 1658 1497 caro
1690 1440 1889 1496 factum

312 1545 418 1603 est,
452 1552 561 1591 non
601 1534 978 1592 commistione
1008 1540 1235 1599 naturae,
1274 1534 1367 1589 sed
1396 1550 1464 1588 ex
1511 1534 1718 1588 unitate
1769 1548 1892 1604 per-

311 1641 478 1681 senae.
504 1623 572 1679 Et
594 1624 714 1679 ideo
735 1624 898 1679 etiam
937 1623 1003 1677 de
1034 1622 1136 1677 hac
1170 1623 1470 1688 nativitate,
1517 1632 1576 1677 ut
1614 1623 1745 1687 dixi,
1766 1620 1892 1691 jure

313 1719 517 1773 dictum
545 1716 817 1772 credimus
841 1729 857 1768 :
892 1712 1287 1768 Geuerationem
1307 1714 1421 1784 ejus
1443 1714 1558 1786 quis
1586 1714 1892 1769 enarrabit?

1999 528 2107 582 ritu
2141 537 2330 584 sancto
2360 530 2412 583 in
2444 544 2510 583 ea
2531 539 2855 600 cooperante
2880 539 2934 586 et
2956 532 3157 589 virtute
3183 534 3446 591 Altissimi
3472 552 3579 608 qua

1996 620 2437 687 adumbrabatur,
2474 623 2528 677 in
2562 630 2768 677 tantum
2808 631 3068 680 extranea
3096 642 3124 679 a
3154 627 3441 685 maledicto
3466 632 3580 700 pri-

1994 728 2097 769 ma:
2132 714 2513 780 damnationis,
2543 730 2645 769 nec
2678 730 2782 770 non
2808 723 2862 770 et
2889 732 2918 770 a
2948 719 3151 788 gemitu
3182 726 3236 774 et
3275 720 3577 789 doloribus,

1994 804 2190 874 quibus
2212 817 2481 862 vexantur
2504 822 2693 861 omnes
2724 806 2845 862 lilia:
2862 806 2987 863 Evm
3001 825 3123 864 cum
3154 812 3396 879 pariunt.
3424 813 3578 869 Unde

1992 894 2263 966 Propheta
2298 898 2351 952 in
2377 912 2607 968 persona
2635 897 2838 953 Christi
2869 896 2938 952 ad
2967 898 3183 954 Patrem
3210 915 3225 955 :
3261 901 3340 956 Tu
3361 899 3437 968 es,
3493 904 3576 959 in-

1992 986 2129 1056 quit,
2154 987 2243 1057 qui
2263 988 2539 1041 extruxisti
2564 1003 2646 1040 me
2670 987 2735 1040 de
2756 996 2961 1041 ventre:
2988 1004 3102 1058 spes
3119 1005 3233 1043 mea
3246 990 3309 1044 ab
3334 992 3576 1046 uberibus

1991 1079 2176 1132 matris
2201 1095 2328 1134 mete
2358 1076 2532 1150 (Psal.
2558 1095 2672 1144 xxi,
2701 1078 2810 1148 l0).
2833 1079 2975 1149 Ergo
3002 1094 3124 1134 cum
3140 1081 3290 1146 dicit,
3315 1089 3370 1135 tu
3393 1097 3454 1137 es
3483 1084 3576 1153 qui

1991 1170 2275 1224 extruxisti
2299 1186 2404 1238 me,
2429 1171 2758 1241 singularem
2781 1185 2933 1225 suam
2956 1170 3197 1226 declarat
3213 1173 3573 1238 nativitatem,

1991 1263 2310 1317 suavitatem
2338 1264 2404 1319 de
2431 1274 2584 1319 utero
2609 1264 2822 1318 enixus.
2851 1261 2998 1319 Alias
3028 1274 3207 1320 autem
3226 1306 3241 1331 ,
3274 1267 3452 1321 omnis
3481 1268 3573 1336 qui

1990 1351 2059 1407 de
2088 1360 2275 1408 ventre
2299 1354 2488 1409 matris
2510 1354 2655 1409 venit
2684 1355 2750 1409 ad
2778 1354 2949 1409 lucem
2978 1355 3032 1408 in
3063 1357 3280 1421 mundo,
3309 1371 3416 1410 non
3466 1358 3574 1412 nisi

1990 1452 2122 1497 nutu
2162 1454 2215 1498 et
2254 1445 2567 1514 operatione
2615 1445 2710 1500 Dei
2763 1454 3081 1514 procreatus
3108 1446 3271 1501 venit.
3325 1447 3573 1505 Christus

1990 1544 2167 1593 autem
2198 1534 2263 1589 de
2285 1536 2501 1607 Virgine
2534 1536 2750 1606 speciali
2781 1546 2836 1592 et
2865 1537 3122 1593 ineffabili
3160 1539 3392 1609 quodam
3451 1556 3571 1595 mo-

1991 1625 2060 1680 do
2082 1635 2421 1696 procreatus,
2467 1627 2670 1697 absque
2710 1627 2997 1682 vexatione
3050 1629 3242 1683 matris
3292 1629 3570 1699 ingressus

1988 1725 2071 1771 est
2101 1718 2376 1772 mundum.
2418 1718 2483 1771 Et
2508 1718 2628 1773 ideo
2652 1718 2797 1788 pium
2819 1726 2904 1772 est
2932 1717 3175 1782 credere,
3203 1719 3345 1788 quod
3367 1734 3471 1773 non
3494 1719 3570 1774 si-

313 1808 449 1876 Quia
478 1816 535 1863 et
561 1808 666 1862 ista
696 1804 982 1862 ineﬂ‘ahilis
1007 1812 1091 1860 est
1117 1805 1252 1860 mira
1280 1805 1537 1860 nativitas
1558 1805 1760 1871 carnis,
1779 1819 1885 1860 non
1916 1806 1964 1866 B
1993 1817 2084 1865 cut
2111 1810 2314 1876 caeteri,
2358 1811 2453 1865 sed
2481 1825 2621 1865 novo
2655 1816 2711 1866 et
2752 1810 3060 1866 admirabili
3109 1812 3297 1866 ordine
3343 1812 3484 1867 Deus
3511 1818 3567 1868 et

311 1898 453 1953 sicut
480 1898 568 1953 isti
597 1896 885 1952 excutiunt
911 1894 1212 1950 communis
1241 1911 1309 1951 ex
1351 1894 1471 1966 lege
1517 1903 1746 1960 natum,
1797 1895 1891 1950 sed

312 1996 654 2042 sacramento
681 1984 886 2056 gratiae.
913 1982 1049 2038 Nam
1092 1985 1237 2053 quod
1286 1985 1526 2040 nascitur
1553 1983 1696 2039 Deus
1731 1985 1892 2039 homo

311 2093 380 2133 ex
414 2076 631 2145 Virgine
650 2091 757 2131 non
783 2084 869 2131 est
895 2077 1246 2141 consuetudo,
1272 2076 1365 2131 sed
1398 2077 1711 2147 mysterium
1738 2091 1751 2138 ;
1784 2090 1891 2129 non

313 2173 398 2223 est
417 2176 628 2231 natura,
657 2164 750 2221 sed
783 2165 977 2230 virtus,
1024 2166 1116 2220 sed
1148 2165 1427 2236 dignatio;
1467 2181 1573 2220 non
1623 2174 1708 2220 est
1757 2166 1893 2222 ordo

312 2261 594 2327 nascendi,
629 2262 723 2317 sed
752 2270 1013 2333 potestas.
1041 2262 1108 2317 Et
1143 2263 1265 2318 ideo
1292 2277 1396 2317 non
1427 2270 1515 2318 est
1544 2263 1686 2333 quod
1712 2263 1890 2332 requi-

316 2361 406 2407 rat
444 2353 679 2406 humana
713 2351 974 2421 sapientia
1025 2353 1079 2405 in
1125 2352 1229 2407 hac
1278 2352 1578 2417 nativitate,
1628 2351 1730 2407 nisi
1765 2351 1890 2422 quia

313 2442 554 2499 Verbum
597 2460 729 2500 caro
770 2445 970 2501 factum
1002 2452 1087 2500 est
1112 2455 1167 2499 et
1196 2454 1355 2500 natus
1384 2454 1466 2501 est
1495 2453 1554 2500 ut
1586 2444 1773 2510 voluit,
1804 2444 1891 2500 vel

312 2536 531 2606 quando
553 2545 609 2591 et
630 2538 899 2606 quomodo
920 2535 1109 2592 voluit.
1134 2536 1385 2606 Alioquin
1410 2536 1533 2607 quis
1546 2536 1725 2606 capiat
1747 2535 1889 2606 quod

316 2625 618 2680 inauditum
670 2634 725 2680 et
776 2625 1045 2680 ineffabile
1090 2635 1193 2691 est,
1233 2626 1317 2681 vel
1374 2626 1502 2696 quid
1536 2624 1888 2697 intelligentia

315 2716 635 2786 carnis'jure
660 2717 717 2771 in
753 2732 817 2772 eo
848 2717 1095 2788 requirit,
1131 2717 1220 2771 ubi
1256 2725 1426 2772 totum
1473 2726 1527 2773 et
1568 2716 1804 2772 divinum
1837 2724 1891 2772 et

314 2808 859 2877 iucomprehensibile
884 2809 1026 2878 quod
1052 2809 1341 2863 narratur?
1358 2808 1448 2862 Ait
1473 2824 1703 2878 namque
1716 2807 1892 2862 Evan-

313 2898 545 2970 gelista:
587 2896 864 2955 Generatio
893 2896 1088 2953 Christi
1124 2898 1201 2952 sic
1245 2907 1355 2953 erat
1404 2897 1621 2969 (Matth.
1675 2914 1728 2964 ι,
1776 2896 1886 2967 18).

315 2990 513 3060 Utique
535 2990 813 3061 generatio
838 2989 942 3045 ista
968 2989 1204 3044 carnalis
1246 2991 1325 3045 sic
1356 2997 1492 3055 erat,
1541 2990 1607 3045 de
1635 3004 1740 3060 qua
1784 3003 1891 3043 non

312 3083 452 3139 dixit
480 3084 560 3139 sic
585 3083 727 3139 facta
748 3092 863 3150 est;
893 3082 985 3138 sed
1007 3083 1085 3137 sic
1107 3090 1243 3148 erat,
1258 3083 1382 3153 quia
1404 3081 1602 3139 Christi
1618 3081 1893 3153 generatio

1995 1900 2157 1956 homo
2175 1910 2335 1955 natus
2358 1908 2441 1956 est
2462 1901 2514 1954 in
2548 1901 2766 1955 mundo.
2797 1899 2935 1956 Hinc
2958 1916 3088 1970 ergo
3123 1909 3204 1957 est
3236 1901 3380 1971 quod
3417 1900 3569 1957 Jere«

1991 1993 2129 2048 mias
2153 2000 2416 2047 testatur:
2446 1989 2631 2046 Faciet
2655 1990 2909 2046 Dominus
2937 2008 3121 2045 novum
3153 2009 3310 2061 super
3336 2001 3563 2058 terram;

1991 2083 2179 2136 mulier
2231 2082 2575 2136 circumdabit
2620 2082 2789 2135 virum
2845 2081 2978 2152 (Jer.
3005 2098 3155 2145 χχχι,
3185 2082 3297 2154 22).
3328 2066 3482 2150 Quod
3520 2083 3567 2138 si

1990 2174 2386 2244 utiquenovum
2409 2166 2509 2226 fuit
2529 2172 2913 2227 ctadmirahile
2948 2173 3091 2242 quod
3122 2173 3275 2244 virgo
3313 2172 3563 2243 concepit

1992 2267 2108 2323 sine
2123 2268 2328 2322 semine
2341 2275 2394 2322 et
2410 2267 2525 2321 sine
2547 2266 2892 2336 corruptione
2920 2265 3042 2332 viri,
3061 2274 3303 2321 vetustas
3316 2280 3435 2321 esse
3459 2281 3567 2320 non

1990 2358 2232 2427 potuitin
2249 2364 2492 2427 partu,et
2526 2356 2646 2410 ideo
2673 2356 3021 2411 nihilominus
3055 2357 3382 2411 credendum
3419 2356 3564 2425 quod

1994 2448 2156 2504 simili
2187 2448 2365 2512 modo,
2395 2462 2535 2502 novo
2561 2454 2616 2500 et
2652 2446 2958 2500 admirabili
2979 2446 3169 2501 ordine
3194 2454 3352 2500 natus
3392 2445 3462 2500 sit
3507 2446 3564 2499 in

1992 2539 2193 2595 mundo
2224 2539 2340 2593 sine
2370 2536 2574 2602 dolore,
2608 2544 2661 2590 et
2694 2535 2811 2590 sine
2832 2536 3055 2607 gemitu,
3087 2544 3138 2591 et
3161 2535 3280 2590 sine
3308 2534 3414 2589 ulla
3445 2550 3567 2589 cor-

1994 2629 2243 2699 ruptione
2268 2627 2467 2683 carnis.
2498 2625 2568 2680 Et
2593 2626 2722 2680 hinc
2759 2634 2843 2680 est
2881 2623 2968 2696 [ac
3012 2623 3080 2697 si]
3127 2640 3226 2695 pro
3269 2623 3566 2696 gratiarum

1994 2720 2226 2785 actione,
2251 2719 2394 2790 quod
2424 2716 2643 2789 speciali
2678 2716 2838 2771 modo
2862 2716 2915 2770 in
2940 2715 3174 2786 psalmo,
3214 2716 3304 2785 qui
3352 2716 3418 2771 de
3450 2715 3566 2785 ipso

1993 2819 2139 2867 totus
2160 2819 2265 2875 est,
2290 2810 2356 2864 ad
2392 2807 2609 2899 Igitrem
2638 2806 2711 2862 ait
2742 2824 2755 2860 :
2791 2805 2869 2860 Tu
2893 2823 2946 2861 es
2965 2807 3054 2877 qui
3101 2805 3374 2861 extruxisti
3396 2821 3475 2859 me
3503 2806 3569 2858 de

1990 2911 2183 2967 ventre,
2235 2915 2301 2956 ac
2346 2900 2392 2955 si
2418 2894 2695 2970 'patenter
2745 2896 2931 2953 dicat:
2981 2896 3274 2951 Extraxisti
3303 2910 3410 2959 me,
3441 2894 3567 2965 quia

1992 3009 2101 3052 non
2129 3008 2195 3048 eo
2216 2992 2405 3048 ordine
2431 3006 2548 3045 sum
2573 3004 2824 3061 egressus
2862 2988 2929 3044 de
2964 2995 3118 3043 utero
3148 2995 3206 3042 ut
3232 2986 3414 3042 caeteri
3443 3001 3568 3040 nas—

1993 3092 2191 3142 cuntur
2240 3098 2363 3139 cum
2418 3080 2619 3152 ingenti
2682 3079 2968 3134 vexatione
3026 3076 3236 3142 matris,
3284 3077 3378 3131 sed
3428 3090 3569 3131 novo

312 3184 431 3231 erat
451 3175 590 3245 apud
617 3174 834 3229 Patrem
866 3172 1170 3241 ineﬂ'abilis,
1215 3174 1432 3244 quando
1459 3190 1555 3245 per
1591 3175 1730 3229 hanc
1755 3186 1890 3242 prae-
1917 3160 1961 3223 C
1992 3189 2211 3247 egressu
2240 3172 2357 3227 sine
2378 3171 2723 3241 corruptione
2746 3168 2985 3239 pudoris.
3012 3166 3307 3221 Extraxisti
3333 3182 3417 3221 me
3440 3167 3564 3235 qui-

314 3265 573 3337 scriptam
602 3276 658 3321 et
686 3266 1007 3322 inetlabilem
1032 3275 1320 3340 generatus
1340 3276 1505 3323 estex
1527 3275 1720 3322 matre.
1740 3263 1889 3320 Unde

313 3359 457 3427 quod
480 3366 622 3423 erat,
649 3360 833 3429 utique
862 3374 1075 3430 semper
1098 3368 1234 3415 erat.
1258 3359 1325 3415 Et
1362 3360 1505 3430 quod
1537 3374 1750 3429 semper
1769 3366 1889 3413 erat

312 3464 380 3505 ex
411 3453 711 3507 aeternitate
738 3452 913 3523 potuit
939 3451 1056 3507 ﬂeri
1082 3466 1149 3507 ex
1176 3461 1417 3522 tempore
1442 3467 1456 3517 ;
1489 3450 1746 3520 quidquid
1775 3448 1886 3504 fac-

313 3549 428 3595 tum
458 3551 541 3597 est
568 3543 621 3596 in
647 3557 714 3598 eo
737 3558 843 3598 non
873 3543 1137 3599 mirabile.

383 3632 539 3689 Unde
552 3634 842 3705 plurimum
861 3634 1151 3706 desipiunt,
1165 3635 1256 3705 qui
1274 3634 1458 3689 dicunt
1472 3648 1592 3688 cum
1616 3631 1886 3693 communi

313 3724 433 3796 lege
457 3734 663 3781 naturae
698 3741 819 3781 esse
844 3734 1030 3780 natum
1058 3725 1148 3794 qui
1172 3741 1277 3779 non
1303 3738 1365 3779 ea
1394 3723 1509 3794 lege
1533 3728 1745 3776 constat
1767 3736 1888 3776 esse

311 3825 639 3887 conceptus;
693 3818 949 3887 quoniam
993 3818 1108 3872 haec
1158 3815 1241 3872 lex
1270 3816 1546 3881 nascendi,
1589 3829 1709 3885 qua:
1744 3829 1907 3869 nunc.

312 3908 400 3964 lex
430 3918 637 3963 naturae
658 3916 901 3974 vocatur,
932 3923 995 3963 ex
1026 3908 1156 3961 vitio
1182 3906 1369 3977 primae
1389 3902 1750 3959 damnationis
1779 3909 1884 3957 est.

311 3999 382 4056 Et
404 4001 524 4055 ideo
553 4001 627 4053 ait
645 3998 932 4070 Apostolus
959 4017 971 4051 :
1004 3996 1225 4051 Fuimus
1247 4013 1338 4051 nos
1384 4011 1559 4049 omnes
1605 3992 1887 4063 aliquando

244 4140 253 4149 .
311 4090 411 4162 ﬁlii
439 4093 534 4147 ira!
563 4093 695 4146 sicut
720 4101 767 4146 et
792 4093 964 4145 caueri
993 4090 1150 4162 (Eph.
1183 4105 1244 4154 lt,
1268 4088 1343 4159 5).
1369 4086 1474 4143 Sed
1499 4086 1654 4159 .absit
1692 4101 1722 4139 a
1754 4085 1886 4139 ﬁde-

311 4182 442 4239 lium
454 4184 707 4238 cordibus
721 4190 780 4238 ut
801 4183 876 4237 ita
900 4182 1147 4237 Christus
1166 4189 1327 4235 natus
1343 4179 1595 4235 credatur
1616 4177 1755 4232 illius
1771 4177 1885 4242 iraa,

310 4276 455 4334 sicut
487 4277 669 4334 caeteri
704 4284 998 4332 nascuntur
1024 4275 1078 4330 in
1104 4274 1236 4330 vitio
1263 4272 1644 4344 corruptionis,
1688 4273 1754 4328 de
1780 4286 1885 4342 qua

313 4368 660 4440 corruptione
691 4366 845 4422 dolor
888 4373 943 4421 et
991 4364 1223 4435 gemitus
1272 4361 1678 4432 multiplicatur.
1735 4360 1884 4415 Alias

312 4466 491 4514 autem
518 4458 812 4514 secundum
840 4471 1058 4512 carnem
1082 4470 1179 4510 nec
1207 4454 1458 4526 gemitus,
1475 4468 1575 4507 nec
1596 4452 1747 4507 dolor
1771 4452 1887 4507 sine

310 4552 659 4622 corruptione
682 4551 974 4613 viscerum,
1003 4561 1103 4602 nec
1125 4546 1400 4616 corruptio
1435 4545 1549 4599 sine
1600 4544 1783 4598 dolore
1832 4550 1886 4597 et

313 4642 519 4713 gemitu
570 4660 583 4696 :
628 4640 859 4711 gemitus
889 4646 945 4696 et
973 4635 1248 4706 corruptio
1276 4635 1329 4689 in
1360 4643 1517 4704 partu
1564 4631 1884 4686 feminarum

313 4747 421 4789 non
451 4730 556 4786 nisi
595 4745 663 4785 ex
716 4729 913 4785 delicto
941 4735 995 4784 et
1040 4725 1413 4805 maledictioue
1442 4722 1629 4793 primm
1658 4721 1884 4791 originis

312 4823 554 4878 veniunt.
588 4820 741 4877 Unde
786 4821 1182 4888 interrogemus
1212 4815 1345 4870 istos
1370 4826 1632 4883 sequaces
1658 4809 1886 4867 Helvidii

313 4912 576 4977 hmretici,
607 4912 723 4982 qui,
753 4911 856 4966 etsi
882 4910 1147 4980 virginem
1174 4920 1293 4962 eam
1340 4918 1446 4959 non
1475 4902 1737 4972 denegant
1761 4914 1886 4969 per-

312 5002 929 5074 mansisse,pudicitiam
953 5009 1131 5055 tamen
1159 4994 1554 5054 commaculant
1579 5002 1635 5049 et
1658 4992 1887 5065 gratiam

313 5115 418 5173 qua
446 5098 605 5171 plena
628 5098 976 5170 praedicatur,
1006 5094 1221 5166 quando
1249 5090 1517 5149 communi
1544 5089 1661 5160 lege
1687 5088 1888 5142 vitiata:

312 5200 524 5247 natura:
556 5190 741 5245 dicunt
779 5203 896 5244 eam
927 5184 1222 5257 peperisse.
1252 5182 1404 5249 Quod
1449 5180 1492 5234 si
1543 5179 1615 5232 ita
1661 5177 1886 5248 peperit,

313 5300 443 5357 ergo
491 5283 667 5340 adhuc
702 5281 789 5355 [ac
835 5280 902 5353 si]
952 5280 1007 5334 in
1067 5291 1245 5332 massa
1292 5274 1479 5344 prima:
1528 5269 1888 5326 damnationis

315 5384 505 5434 contra
530 5374 707 5446 angeli
741 5386 928 5428 vocem
960 5365 1322 5424 maledictioni
1361 5361 1645 5433 suhjacuit,
1669 5369 1724 5416 et
1754 5359 1890 5414 Ver-

311 5470 441 5526 bum
475 5468 653 5524 Patris
695 5467 762 5523 de
813 5479 975 5522 carne
1016 5461 1256 5534 peccati,
1288 5456 1432 5531 quod
1471 5455 1643 5521 absit,
1667 5460 1888 5537 .utcaro

312 5560 469 5620 ﬁeret
513 5561 787 5617 hominem
824 5556 1130 5627 assumpsit.
1183 5553 1289 5610 Sed
1334 5551 1457 5623 quia
1503 5556 1691 5604 contra
1730 5545 1888 5600 ﬁdem

313 5651 636 5711 catholicam
665 5660 751 5707 est
777 5650 855 5705 sic
886 5661 1096 5717 sapere,
1138 5645 1297 5700 beata
1326 5641 1491 5713 Virgo
1516 5638 1674 5711 plena
1716 5635 1890 5708 gratia

298 5761 489 5819 neque
531 5746 770 5803 dolorem
816 5742 1007 5808 sensit,
1048 5755 1220 5810 neque
1266 5736 1667 5807 corruptionem
1714 5731 1888 5787 visce-

1990 3266 2113 3322 dem
2134 3266 2201 3321 de
2222 3272 2409 3320 ventre
2430 3264 2640 3328 matris,
2672 3270 2727 3317 et
2751 3275 2857 3315 non
2883 3275 2982 3331 ego
3001 3259 3208 3313 viscera
3240 3258 3456 3327 corrupi
3487 3258 3570 3311 in-

1991 3355 2279 3428 tegritatis.
2302 3354 2371 3408 Et
2384 3368 2448 3408 ne
2461 3348 2773 3422 putaremus
2785 3350 3105 3419 phantasma
3128 3346 3316 3411 fuisse,
3341 3357 3400 3399 ut
3413 3344 3567 3399 multi

1990 3447 2370 3505 bzereticorum
2394 3442 2665 3508 dixerunt,
2694 3439 2905 3495 addidit
2932 3456 2945 3492 :
2982 3435 3109 3507 Spes
3138 3452 3254 3491 mea
3294 3435 3360 3489 ab
3387 3434 3567 3488 uberi-

1991 3540 2085 3594 bus
2113 3537 2296 3592 matris
2324 3551 2472 3589 meae.
2505 3533 2647 3604 Ergo
2673 3532 2765 3587 ubi
2797 3536 2970 3585 mater
2989 3538 3045 3584 et
3071 3529 3238 3584 ubera
3255 3533 3564 3592 narrantur,

1988 3628 2191 3683 veritas
2221 3626 2403 3680 carnis
2425 3631 2479 3680 et
2501 3639 2607 3679 non
2635 3623 2953 3694 phantasma
2977 3619 3319 3691 praedicatur,
3336 3618 3423 3688 qui
3441 3617 3569 3673 licet

1988 3718 2173 3774 clauso
2195 3726 2346 3772 utero
2373 3716 2443 3770 sit
2463 3724 2623 3770 natus
2641 3754 2655 3778 ,
2682 3727 2840 3782 quem
2873 3712 2986 3782 ipse
3019 3710 3120 3765 sibi
3145 3708 3387 3780 pervium
3436 3706 3567 3763 fecit

1964 3806 2137 3862 'salvo
2166 3805 2338 3876 sigillo
2386 3802 2627 3874 pudoris,
2653 3801 2793 3856 sicut
2837 3808 2891 3855 et
2933 3806 3242 3867 conceptus,
3292 3805 3470 3851 tamen
3499 3797 3566 3852 de

1990 3913 2153 3954 carne
2184 3895 2420 3966 Virginis
2458 3900 2771 3964 procreatus
2805 3899 2906 3956 est,
2935 3898 2990 3945 et
3018 3890 3140 3945 ideo
3175 3890 3567 3960 uberibusjure

1990 3988 2221 4043 laetatus
2267 3991 2740 4041 commemoratur.
2792 3982 2883 4036 Sic
2920 3981 3101 4051 itaque
3156 3988 3328 4035 totum
3359 3977 3564 4032 factum

1989 4086 2095 4144 est,
2125 4085 2185 4131 ut
2226 4076 2380 4131 ﬁeret
2422 4089 2618 4129 novum
2651 4086 2813 4141 super
2839 4079 3042 4125 terram
3088 4068 3302 4138 quando
3331 4068 3568 4123 Verbum

1990 4184 2118 4225 caro
2147 4167 2344 4222 factum
2375 4173 2479 4230 est,
2512 4158 2759 4219 vocatum
2792 4168 2874 4216 est
2926 4158 3262 4224 Emmanuel,
3305 4158 3448 4228 quod
3481 4164 3568 4213 est

1991 4258 2256 4314 nobiscum
2299 4256 2436 4310 Deus
2459 4254 2674 4325 (Matth.
2704 4267 2744 4318 ι,
2773 4251 2885 4323 25).
2921 4250 3020 4305 llic
3047 4258 3132 4305 est
3158 4250 3341 4318 itaque
3372 4249 3565 4303 hortus

1990 4348 2082 4404 ille
2103 4346 2391 4403 conclusus
2417 4345 2471 4398 in
2497 4341 2758 4405 Canticis,
2786 4340 2907 4396 fons
2946 4339 3189 4410 signatus
3232 4337 3410 4409 (Cant.
3441 4335 3515 4408 tv)
3551 4354 3566 4391 :

1991 4440 2181 4495 hortus
2200 4437 2464 4507 siquidem
2488 4434 2792 4497 conclusus,
2812 4432 2936 4501 quia
2951 4430 3165 4499 quando
3194 4430 3337 4484 Deus
3360 4429 3569 4499 ingres-

1990 4546 2082 4586 sus
2111 4538 2195 4584 est
2224 4538 2278 4582 et
2302 4541 2421 4581 eam
2447 4526 2807 4592 incorruptam
2834 4520 3073 4587 invenit;
3101 4521 3195 4576 sed
3239 4519 3359 4574 fons
3390 4518 3573 4589 signa-

1988 4629 2075 4675 tus
2091 4618 2408 4689 permansit,
2433 4614 2649 4686 quando
2669 4613 2809 4668 Deus
2831 4620 2886 4667 et
2907 4613 3068 4667 homo
3090 4620 3253 4667 natus
3277 4618 3446 4665 estex
3462 4623 3524 4663 ea
3548 4625 3563 4673 ;

1988 4726 2089 4766 nec
2110 4719 2287 4763 tamen
2317 4707 2518 4761 fontem
2555 4703 2776 4774 pudoris
2820 4709 2913 4757 aut
2961 4701 3239 4772 sanguinis
3286 4698 3570 4768 integrita-

1990 4812 2097 4858 tem
2124 4798 2367 4855 violavit.
2395 4794 2529 4850 Nam
2558 4793 2778 4865 sanguis
2816 4800 2873 4847 et
2917 4790 3039 4846 fons
3058 4789 3281 4862 pudoris
3327 4788 3418 4857 qui
3447 4801 3569 4842 cor-

1990 4901 2180 4963 ruptus
2208 4905 2314 4944 non
2347 4887 2449 4941 fuit
2478 4886 2531 4940 in
2555 4883 2906 4954 conceptione
2931 4881 3097 4950 prolis
3143 4896 3208 4934 ex
3264 4878 3408 4933 coitu
3435 4877 3566 4941 viri,

1990 4998 2096 5038 non
2118 4980 2280 5037 credo
2300 4976 2443 5048 quod
2464 4975 2735 5045 corrumpi
2755 4974 2999 5029 debuerit
3028 4972 3081 5025 in
3095 4969 3398 5033 nativitate,
3412 4967 3561 5038 quod

1989 5074 2375 5132 cruciationem
2407 5070 2597 5126 matris
2623 5078 2680 5125 et
2718 5065 3235 5123 contaminationem
3267 5060 3572 5118 honestatis

1991 5163 2254 5221 habuerit.
2299 5162 2438 5216 Hinc
2471 5168 2554 5215 est
2581 5174 2711 5215 sane
2739 5157 2885 5228 quod
2913 5154 3152 5210 Ecclesia
3211 5167 3276 5207 ex
3321 5150 3562 5206 auctori-

1991 5267 2100 5313 tate
2126 5263 2436 5311 sanctorum
2458 5252 2683 5308 Patrum
2707 5251 2854 5306 canit
2892 5248 2959 5303 de
3003 5246 3284 5301 nativitate
3311 5243 3428 5313 ejus
3453 5262 3466 5297 :
3498 5242 3572 5299 Et

1989 5348 2236 5420 gaudium
2260 5345 2445 5399 matris
2474 5342 2667 5404 habet,
2716 5339 2911 5410 inquit,
2937 5353 3053 5391 cum
3078 5337 3372 5407 virginitate
3395 5334 3566 5405 pudo-

1990 5450 2083 5503 ris.
2114 5448 2211 5504 Uhi
2242 5446 2332 5501 alii
2380 5459 2541 5515 quam
2589 5441 2788 5512 egregii
2842 5438 2944 5492 viri
3018 5437 3398 5502 emendarunt,
3444 5449 3570 5489 cum

1990 5539 2302 5608 virginitate
2354 5534 2593 5592 honoris.
2630 5529 2967 5601 Virginitatis
3012 5536 3192 5582 autem
3237 5528 3411 5582 honor
3441 5539 3564 5593 per<

1993 5630 2258 5685 maximus
2284 5618 2389 5691 est,
2425 5625 2470 5680 si
2497 5632 2549 5679 et
2574 5624 2724 5694 virgo
2762 5622 2930 5676 Deum
2961 5618 3138 5690 pariat
3170 5626 3224 5673 et
3271 5615 3563 5679 hominem,

1994 5731 2048 5779 et
2078 5731 2256 5777 tamen
2283 5734 2347 5773 ex
2373 5716 2589 5774 homine
2617 5723 2745 5772 nato
2769 5712 2928 5769 nullis
2953 5709 3221 5783 allligatur
3277 5706 3454 5763 kakiis
3492 5705 3564 5759 sic
