4148 6344
550 258 575 314 1
586 255 691 313 375

1368 250 1425 309 S.
1464 251 1818 313 PASCHASII
1858 252 2199 310 RADBERTI
2233 253 2529 313 ABBATIS
2565 256 3015 317 CORBEIENSIS

3672 266 3817 324 1376

549 370 736 443 gilium
763 367 1002 441 pudoris.
1036 366 1209 423 Kakia
1227 381 1463 437 namque
1484 368 1738 424 dicuntur
1763 367 1951 424 Graece
1977 384 2132 423 vexa-
2157 373 2203 430 Α
2233 368 2447 438 gatione
2482 370 2696 441 eguerit
2720 370 2883 427 ullius
2904 373 3106 440 delicti,
3125 375 3252 445 quia
3280 377 3489 448 peperit
3524 374 3817 437 Dominum

548 465 739 529 tiones,
762 463 959 532 quibus
977 476 1140 531 quam
1166 460 1284 515 dire
1308 459 1562 530 sﬂligitur
1579 475 1777 532 corpus
1804 470 1860 515 et
1886 461 2122 515 animus.

556 553 666 611 Sed
680 555 837 610 beata
861 553 1027 607 Maria
1042 552 1178 607 nihil
1196 552 1386 607 borum
1405 552 1645 621 pertulit,
1663 568 1783 622 quae
1798 560 1853 607 et
1872 551 2129 621 gaudium

554 645 744 701 habuit
772 645 828 700 in
855 643 1058 709 fructu,
1086 650 1145 698 et
1185 643 1448 697 honorem
1485 643 1537 697 in
1587 651 1764 712 partu.
1820 641 1956 697 Hinc
1993 657 2129 710 quo-

554 751 660 805 que
682 735 878 791 dicitur
900 735 1213 805 concepisse
1236 732 1401 803 Virgo
1426 744 1481 788 et
1500 735 1775 805 peperisse
1797 744 1850 789 et
1879 749 2131 804 perman-

554 825 710 882 sisse.
740 824 921 896 Ariqua
947 825 1112 895 igitur
1138 824 1447 881 conditione
1476 826 1673 879 dicitur
1719 824 2033 894 concepisse
2069 840 2134 881 ac

553 917 862 987 peperisse,
885 932 1038 987 :rqua
1062 925 1119 972 et
1148 917 1527 986 permansisse.
1562 916 1679 972 Non
1708 920 1852 989 enim
1892 921 1946 975 in
1974 927 2133 991 partu

556 1007 732 1062 solent
759 1008 906 1062 coire
930 1022 1210 1078 puerperae
1235 1023 1360 1062 cum
1385 1007 1539 1073 viris,
1566 1015 1627 1062 ut
1670 1009 1825 1080 virgo
1860 1018 1986 1066 tunc
2032 1025 2132 1066 ne-

558 1107 717 1169 getur
739 1098 1100 1171 virginitatem
1139 1099 1457 1167 perdidisse,
1489 1100 1707 1168 quando
1734 1100 1915 1155 nullus
1939 1109 2021 1155 est
2042 1115 2136 1170 ap-

557 1189 781 1257 petitus,
809 1204 982 1259 neque
1005 1188 1107 1242 ulla
1130 1188 1459 1259 possibilitas
1482 1189 1731 1255 coeundi,
1769 1191 1862 1245 sed
1907 1192 2135 1261 integri-

560 1284 645 1331 tas
668 1278 1080 1332 commendatur
1098 1278 1343 1349 virginis,
1366 1287 1419 1332 et
1440 1279 1613 1333 honor
1626 1286 1789 1347 atque
1805 1280 2136 1349 ineorruptio

560 1367 763 1422 carnis.
820 1367 1074 1437 Alioquin
1132 1384 1233 1423 nos
1302 1369 1402 1422 viri
1454 1370 1580 1440 quia
1661 1372 1931 1425 nescimus
1992 1370 2135 1426 illius

562 1470 726 1512 sexus
762 1465 1037 1524 naturam,
1080 1458 1475 1530 interrogemus
1524 1461 1785 1532 virgines,
1834 1461 2136 1533 interroge-

564 1562 687 1604 mus
727 1564 879 1620 thue
930 1558 985 1606 et
1042 1560 1319 1606 matronas
1377 1551 1625 1623 conjugio
1673 1552 1972 1622 copulatas.
2016 1552 2139 1606 Vir-

564 1636 717 1708 gines
750 1639 984 1708 quidem,
1013 1648 1073 1694 ut
1097 1642 1331 1695 sciamus
1360 1642 1488 1712 quid
1518 1644 1589 1697 sit
1633 1642 1919 1712 integritas
1957 1643 2138 1699 carnis

2230 458 2413 516 Iesum
2444 460 2720 516 Christum
2746 465 2810 518 de
2841 462 3045 534 Spiritu
3073 476 3263 521 sancto
3302 478 3666 537 procreatum,
3719 473 3819 527 sed

2231 552 2358 621 quia
2397 551 2511 621 ipsa
2541 554 2642 607 sub
2670 568 2795 623 rege
2824 563 2962 620 erat,
2986 566 3043 609 et
3068 556 3330 611 Dominus
3357 556 3519 613 Iesus
3564 558 3820 617 Christus

2232 642 2331 695 sub
2357 641 2473 711 lege
2513 641 2710 709 factus,
2750 643 2927 700 factus
2965 647 3032 701 de
3075 647 3322 713 muliere,
3367 649 3505 721 legis
3546 664 3821 723 prmcepta

2231 738 2287 786 et
2307 732 2551 787 instituta
2581 742 2824 789 veterum
2852 735 2905 789 in
2932 750 2998 790 eo
3020 746 3304 792 servantur
3325 737 3448 808 jure
3476 741 3543 795 ad
3580 751 3819 812 tempus,

2231 839 2512 893 quousque
2556 834 2805 881 cessante
2852 826 2970 897 lege
3011 830 3185 899 gratia
3230 832 3562 887 succederet.
3596 834 3664 888 Et
3702 835 3824 890 h:ee

2234 921 2318 967 est
2386 913 2679 982 eompletio
2736 915 2945 970 dierum
3012 918 3309 973 secundum
3368 924 3822 979 consuetudinem

2232 1002 2367 1074 legis
2404 1011 2461 1057 et
2508 1020 2613 1058 non
2635 1007 2931 1062 secundum
2964 1010 3343 1071 necessitatem
3394 1013 3820 1082 puriﬁeationis,

2235 1096 2362 1165 quia
2407 1096 2566 1150 beata
2590 1104 2646 1151 et
2672 1097 2992 1154 intemerata
3026 1095 3321 1171 virginitas
3372 1103 3715 1159 immaculata
3766 1114 3825 1160 et

2237 1186 2550 1257 incorrupta
2615 1190 2939 1257 permansit,
3004 1190 3170 1246 nullis
3225 1193 3573 1262 coinquinata
3622 1195 3815 1249 sordi-

2236 1279 2360 1343 bus,
2427 1279 2588 1334 nullis
2646 1288 2839 1335 vexata
2887 1281 3012 1337 Eva:
3065 1283 3409 1339 cruciatibus.
3460 1283 3576 1339 Non
3635 1294 3823 1356 potest

2238 1367 2379 1431 fieri,
2405 1367 2556 1436 iuxta
2599 1370 2772 1440 angeli
2803 1387 2988 1429 vocem
3029 1372 3120 1441 qui
3148 1373 3404 1442 gaudium
3437 1374 3820 1429 universorum

2240 1457 2413 1522 all‘ert,
2442 1467 2503 1513 ut
2528 1459 2641 1530 ipse
2670 1460 2921 1517 Christus
2946 1470 3219 1517 tormenta
3245 1463 3298 1517 in
3335 1471 3455 1518 ortu
3505 1479 3607 1519 suo
3651 1465 3820 1520 matri

2240 1547 2500 1602 attulerit.
2520 1549 2665 1603 Inter
2685 1550 2995 1621 angelorum
3017 1552 3273 1607 excubias
3294 1562 3348 1607 et
3374 1552 3555 1607 laudes
3577 1568 3684 1608 non
3707 1569 3827 1609 cre-

2243 1637 2313 1693 do
2338 1639 2479 1707 quod
2513 1640 2671 1694 matri
2698 1640 2930 1710 gemitus
2958 1652 3013 1696 et
3038 1641 3253 1696 dolores
3295 1641 3654 1712 tristitiasque
3694 1644 3827 1699 Eva:

565 1735 624 1782 et
655 1731 966 1801 sanguinis;
1004 1730 1318 1803 conjugatas
1353 1748 1501 1799 vero,
1534 1735 1579 1789 si
1612 1744 1696 1789 est
1720 1735 1825 1789 ulla
1865 1737 2141 1806 corruptio

2243 1728 2575 1782 contraxerit
2601 1744 2616 1794 ;
2649 1738 2705 1784 et
2733 1730 2854 1784 ideo
2874 1730 2978 1784 alia
3023 1739 3141 1784 erat
3164 1731 3414 1801 purgatio
3443 1730 3531 1785 illa
3585 1731 3827 1786 femina-

564 1814 618 1870 in
648 1826 805 1887 partu
836 1827 928 1875 aut
949 1819 1123 1884 dolor,
1148 1822 1250 1876 nisi
1300 1824 1625 1892 processerit
1654 1826 1931 1895 sanguinis
1959 1835 2144 1879 conta-

567 1907 797 1965 minatio
846 1919 902 1966 et
955 1911 1178 1967 seminis
1207 1915 1494 1983 susceptio.
1540 1915 1652 1969 Non
1717 1917 1859 1971 enim
1915 1919 2145 1974 libenter

566 1997 720 2051 vobis
746 2000 1125 2054 verecundiam
1160 2000 1471 2067 incutimus,
1521 2005 1855 2071 charissime,
1897 2008 1987 2078 qui
2035 2024 2142 2064 non

569 2084 686 2139 sine
709 2101 903 2157 magno
928 2089 1131 2157 pudore
1159 2090 1223 2144 de
1254 2090 1340 2146 bis
1361 2091 1649 2161 loquimur,
1673 2096 1768 2149 sed
1790 2097 2001 2152 eximite
2025 2098 2142 2169 pie-

566 2175 695 2230 tatis
721 2176 895 2232 honor
916 2188 1000 2234 est
1035 2181 1189 2236 vobis
1217 2190 1272 2237 et
1310 2182 1475 2239 decus
1519 2186 1757 2252 virtutis,
1812 2187 2142 2245 beatissima:

566 2263 804 2337 Virginis
834 2271 1145 2340 pudicitiam
1185 2275 1480 2343 praedicare
1534 2276 1901 2349 incorruptam
1950 2290 2007 2336 et
2060 2282 2144 2336 in-

565 2361 1010 2430 contaminatam,
1045 2374 1099 2421 et
1128 2366 1197 2420 ab
1224 2367 1369 2420 omni
1418 2371 1739 2439 contagione
1792 2372 1979 2442 prima:
2033 2372 2147 2427 ori-

566 2450 706 2522 ginis
735 2454 981 2510 conliteri
1003 2456 1251 2513 alienam.
1294 2458 1366 2512 De
1396 2474 1500 2528 qua
1527 2460 1570 2515 si
1611 2461 2004 2534 interrogemus
2032 2465 2144 2517 vir-

565 2539 739 2609 gines,
773 2556 971 2599 norunt
1015 2547 1438 2615 incorruptionis
1482 2552 1731 2619 gratiam,
1769 2555 1862 2607 sed
1895 2555 2149 2610 nesciunt

568 2629 952 2691 fecunditatem
979 2638 1162 2707 prolis.
1199 2638 1256 2693 Si
1302 2656 1430 2695 vero
1486 2658 1791 2711 quzeranms
1836 2648 1975 2717 apud
2015 2663 2149 2703 con—

562 2720 714 2792 jugio
765 2727 1061 2792 dedicatas,
1107 2731 1283 2786 sciunt
1327 2734 1544 2802 quidem
1592 2737 1987 2802 maledictionis
2020 2741 2143 2797 Eva:

571 2827 856 2882 pressuras
900 2827 954 2872 et
995 2820 1242 2888 gemitus,
1284 2822 1463 2877 sciunt
1507 2834 1561 2879 et
1597 2795 1747 2881 inte?
1778 2844 2047 2885 :ernmnas
2091 2840 2147 2887 et

570 2903 821 2959 tristitias
844 2904 1227 2964 fecunditatem
1256 2913 1498 2978 seminis,
1528 2917 1619 2970 sed
1657 2918 1901 2972 nesciunt
1927 2920 2150 2991 integri-

574 3001 740 3047 tatem
788 2996 1129 3067 virginitatis,
1183 3018 1283 3057 nec
1323 3003 1374 3057 in
1431 3016 1689 3075 conceptu
1728 3024 1828 3063 nec
1866 3011 1919 3063 in
1966 3021 2142 3081 partu.

575 3083 737 3140 Beata
769 3103 898 3144 vero
922 3089 1090 3145 Mater
1115 3093 1320 3148 Domini
1347 3095 1399 3149 in
1436 3106 1663 3166 utroque
1714 3099 1865 3169 virgo
1893 3078 2145 3169 perman-
2174 3078 2219 3139 Ο

575 3175 668 3241 sit,
720 3177 771 3231 id
814 3188 898 3234 est
970 3189 1026 3235 et
1090 3182 1142 3237 in
1217 3196 1477 3255 conceptu
1534 3199 1725 3253 mater,
1770 3201 1824 3244 et
1871 3192 1921 3245 in
1989 3205 2146 3263 partu

578 3268 748 3341 virgo,
778 3273 903 3341 quia
933 3273 986 3329 in
1020 3275 1166 3330 nullo
1192 3278 1381 3332 horum
1411 3282 1776 3336 contaminata
1818 3284 2147 3355 reliquarum

572 3361 817 3431 exemplo
841 3362 1161 3420 feminarum
1187 3367 1305 3431 fuit,
1334 3384 1454 3437 quae
1492 3386 1590 3425 nec
1627 3372 1796 3427 Adam
1846 3377 1913 3429 ad
1962 3391 2020 3430 se
2049 3379 2146 3431 ad-

573 3452 740 3517 misit,
772 3469 872 3509 nec
915 3471 982 3511 ex
1036 3458 1161 3513 Eva:
1202 3460 1502 3515 colluvione
1549 3462 1715 3518 filium
1755 3468 2012 3537 suscepit,
2045 3484 2147 3524 nec

573 3543 674 3597 sub
713 3544 1000 3602 maledicto
1037 3548 1090 3602 in
1133 3549 1406 3605 doloribus
1438 3561 1494 3606 et
1540 3556 1804 3625 angustiis
1836 3557 1995 3610 enixa
2033 3556 2141 3611 Do-

575 3633 776 3689 minum
805 3638 1031 3707 peperit.
1058 3638 1210 3695 Unde
1248 3650 1463 3696 constat
1492 3644 1614 3713 quia
1647 3645 1789 3699 sicut
1814 3645 1998 3702 clauso
2028 3658 2148 3702 ute-

574 3736 637 3776 ro
661 3727 929 3796 concepit,
955 3728 1029 3781 ita
1052 3736 1107 3783 et
1135 3728 1317 3783 clauso
1345 3734 1577 3801 peperit,
1602 3749 1705 3788 non
1733 3739 2002 3791 communi
2033 3737 2149 3807 lege

575 3822 780 3870 naturae
800 3817 999 3873 vitiata:
1027 3829 1082 3875 et
1107 3819 1575 3879 maledictionibus
1597 3824 1880 3889 damuatze,
1915 3829 2006 3882 sed
2030 3828 2148 3899 Spi-

573 3904 713 3962 ritus
750 3910 922 3965 sancti
949 3913 1142 3983 gratia,
1189 3922 1245 3969 et
1277 3915 1478 3973 virtute
1512 3917 1773 3974 Altissimi
1808 3936 1915 3990 qua
1955 3920 2149 3993 legitur

576 3997 920 4056 adumbrata.

645 4089 718 4142 At
744 4106 872 4146 vero
904 4094 988 4147 isti
1018 4095 1138 4149 nisu
1171 4110 1279 4164 quo
1296 4107 1520 4166 possunt
1547 4109 1815 4155 conantur
1856 4102 2149 4172 astipulare

577 4176 853 4248 Virginem
882 4181 932 4234 in
965 4182 1092 4236 vitio
1131 4186 1417 4253 peperisse,
1470 4196 1525 4242 et
1572 4190 1844 4258 pudicitiae
1872 4203 2148 4246 contume-

574 4265 677 4319 lias
699 4264 918 4325 inferre.
944 4268 1097 4325 Unde
1118 4283 1398 4328 assumunt
1421 4275 1546 4331 illud
1570 4294 1636 4332 ex
1669 4279 1954 4350 Evangelia
1977 4299 1989 4334 :
2017 4281 2146 4335 Cum

575 4354 773 4443 impleti
800 4368 965 4413 essent
1001 4361 1111 4415 dies
1138 4364 1471 4433 purgationes
1497 4368 1630 4436 ejus,
1658 4369 1801 4438 quod
1850 4370 2145 4443 obtulerunt

574 4442 754 4500 Iesum
784 4447 838 4501 in
857 4447 1151 4504 Jerusalem
1181 4463 1235 4505 ut
1263 4455 1503 4509 sisterent
1556 4473 1673 4509 eum
1712 4442 1960 4524 Domino,
2014 4461 2149 4514 sicut

573 4535 825 4606 scriptum
853 4550 928 4593 est
950 4540 1003 4593 in
1031 4540 1138 4609 lege
1172 4542 1385 4596 Domini
1408 4557 1426 4596 :
1458 4545 1594 4609 Quia
1622 4563 1771 4601 omne
1801 4548 2147 4604 masculinum

574 4629 883 4698 ndaperiens
910 4632 1113 4712 vulvam
1139 4646 1377 4689 sanctum
1419 4636 1642 4691 Domino
1683 4640 1950 4693 vocabitur
1991 4640 2145 4711 (Luc.

574 4731 637 4781 ll,
659 4718 748 4779 9.2.
771 4720 884 4793 25).
920 4722 1079 4790 Ecce,
1110 4724 1377 4793 inquiunt,
1408 4740 1528 4780 cum
1551 4727 1681 4781 dicit
1710 4729 2004 4799 completos
2032 4731 2148 4785 dies

573 4811 909 4881 purgationis
952 4812 1089 4882 ejus,
1132 4815 1367 4869 ostendit
1416 4816 1743 4886 evangelista
1783 4818 1881 4889 legi
1938 4829 2149 4875 natura:

574 4914 693 4955 eam
737 4903 1090 4972 suhjacuisse,
1133 4914 1189 4961 et
1217 4907 1464 4961 sordibus
1506 4908 1910 4977 coinquinatam
1957 4909 2146 4976 fuisse,

574 4993 736 5048 simul
762 5004 816 5049 et
834 4994 1017 5051 Jesum
1049 4997 1262 5051 vulvam
1304 4998 1492 5052 matris
1544 5000 1843 5068 aperuisse.
1871 5000 1973 5066 Qui
2024 5015 2151 5069 pro-

576 5083 717 5140 fecto
758 5088 1032 5141 temerarii
1093 5096 1392 5143 assertores
1444 5090 1569 5143 dum
1620 5090 1693 5143 ita
1759 5091 2011 5156 sentiunt,
2067 5099 2149 5145 to-

575 5184 689 5231 tum
742 5178 1012 5248 desipiunt
1070 5189 1125 5235 et
1180 5180 1468 5235 destruunt
1506 5183 1649 5250 quod
1696 5197 1841 5236 sana:
1884 5183 2145 5238 doctrinae

575 5274 692 5332 est,
758 5268 903 5336 quod
965 5269 1267 5323 rudimenta
1325 5270 1448 5325 lidei
1518 5271 1586 5324 de
1633 5269 1849 5325 Christo
1901 5272 2146 5327 ecclesiis

572 5356 1040 5422 commendarunt,
1069 5357 1212 5427 quod
1237 5360 1410 5426 gratia
1435 5357 1672 5427 Spiritus
1696 5360 1871 5414 sancti
1916 5360 1970 5413 in
2028 5375 2144 5431 my-

571 5448 739 5501 sterio
761 5449 1137 5521 promulgavit.
1168 5449 1283 5506 Non
1307 5451 1451 5506 enim
1479 5451 1558 5533 sic
1579 5451 1827 5523 completi
1859 5453 1972 5508 dies
2017 5468 2144 5523 pur-

572 5537 807 5606 gationis
847 5539 964 5610 ejus
1017 5541 1288 5607 dicuntur,
1352 5541 1506 5613 quasi
1575 5542 1732 5598 beata
1791 5543 1951 5615 Virgo
2009 5558 2141 5614 pur-

2243 1834 2387 1884 rum,
2418 1819 2470 1873 in
2495 1835 2600 1888 qua
2632 1820 3001 1890 purgabantur
3029 1836 3136 1875 non
3167 1822 3347 1877 minus
3379 1821 3575 1876 delicta
3608 1822 3830 1876 anima-

2242 1922 2362 1960 rum
2382 1922 2544 1977 quam
2571 1918 2625 1964 et
2647 1910 2776 1963 vitia
2799 1926 3119 1981 corporum;
3143 1920 3199 1965 et
3219 1911 3321 1965 alia
3346 1913 3595 1982 purgatio
3616 1912 3824 1977 Mariae,

2243 1996 2297 2051 in
2327 2012 2431 2067 qua
2462 2013 2566 2053 non
2585 2000 2657 2053 ob
2678 1999 2821 2054 aliud
2865 2016 3027 2070 quam
3067 2016 3166 2070 pro
3204 2002 3461 2073 mysterio
3487 2005 3829 2058 consuetudo

2242 2087 2374 2158 legis
2412 2099 2680 2155 servatur,
2712 2092 2837 2161 quia
2873 2091 3032 2145 nullis
3072 2092 3265 2163 egebat
3306 2095 3680 2163 purgamentis
3709 2109 3831 2163 qua:

2243 2180 2413 2234 Deum
2432 2181 2496 2235 de
2509 2198 2569 2237 se
2589 2183 2827 2236 omnium
2846 2182 3241 2254 puriﬁcatorem
3259 2185 3440 2253 genuit
3455 2186 3831 2240 inearnatum.

2241 2271 2409 2327 Porro
2430 2273 2717 2341 completio
2737 2275 2945 2329 dierum
2992 2275 3325 2344 purgationis
3373 2275 3491 2344 ejus
3537 2278 3686 2332 nulla
3710 2278 3827 2333 alia

2243 2378 2404 2418 causa
2460 2372 2545 2418 est
2588 2378 2747 2433 quam
2789 2365 3021 2435 expletio
3059 2376 3113 2420 et
3142 2367 3473 2422 consuetudo
3500 2368 3658 2438 legis.
3691 2369 3833 2422 Pur-

2244 2456 2389 2525 gatio
2411 2471 2536 2510 vero
2555 2466 2609 2512 et
2631 2458 2900 2527 separatio
2928 2458 3251 2528 reliquarum
3279 2459 3604 2516 feminarum
3633 2462 3830 2518 multis

2245 2560 2312 2602 ex
2343 2548 2526 2602 causis
2566 2556 2670 2611 est,
2702 2548 2761 2602 in
2793 2564 2905 2618 qua.
2932 2557 2987 2603 et
3012 2548 3141 2602 vitia
3170 2560 3467 2619 purgantur
3515 2552 3833 2605 animarum

2245 2646 2302 2692 et
2346 2637 2477 2691 vitia
2519 2653 2826 2707 corporum.
2884 2637 3034 2693 Unde
3085 2650 3290 2708 septem
3340 2641 3669 2709 deputantur
3711 2641 3833 2694 dies

2248 2729 2534 2795 immundi,
2567 2730 2762 2799 quibus
2789 2731 2978 2785 sedere
3003 2730 3221 2799 jubctur
3259 2731 3449 2785 mulier
3480 2732 3533 2785 in
3561 2732 3833 2800 sanguine

2248 2821 2547 2885 immundo,
2604 2822 3032 2876 immundissima
3090 2820 3252 2890 juxta
3301 2822 3420 2876 dies
3465 2823 3833 2891 separationis

2249 2912 2385 2981 ejus,
2425 2924 2480 2968 et
2529 2914 2742 2983 triginta
2786 2924 2896 2968 tres
2937 2924 2994 2967 ut
3038 2916 3223 2968 sedeat
3270 2914 3319 2968 in
3354 2916 3618 2983 sanguine
3666 2928 3827 2983 puro.

2251 3003 2509 3061 Omnibus
2541 3013 2714 3058 tamen
2740 3003 2927 3058 diebus
2951 3005 3068 3058 istis
3095 3003 3285 3057 mulier
3310 3004 3581 3061 immunda
3609 3012 3735 3056 erat
3772 3010 3831 3057 et

2249 3093 2463 3149 sordida
2487 3094 2669 3148 multis
2695 3107 2760 3147 ex
2790 3093 2955 3157 vitiis,
2977 3093 3145 3148 donec
3169 3093 3626 3161 redintegraretur
3647 3100 3833 3146 status

2250 3186 2413 3239 totius
2442 3172 2719 3261 perper-is,
2767 3192 2821 3237 et
2864 3193 3185 3237 sanarentur
3240 3198 3464 3250 corpora
3494 3180 3832 3251 sanguisque

2248 3284 2484 3331 cessaret
2511 3292 2538 3328 a
2569 3273 2780 3328 fervore
2809 3274 3029 3339 vitiatus
3061 3288 3076 3336 ;
3110 3272 3297 3341 sicque
3323 3271 3618 3326 emundatis
3639 3268 3832 3323 sordi-

2248 3368 2366 3430 bus,
2393 3365 2584 3419 mulier
2613 3365 2812 3419 divinis
2839 3372 3160 3435 pnrgaretur
3186 3363 3376 3417 hostiis
3404 3371 3459 3417 et
3478 3361 3829 3416 muneribus.

2250 3455 2355 3511 Sed
2390 3455 2545 3508 beata
2578 3455 2746 3508 lllaria
2775 3471 2877 3508 non
2925 3454 3121 3508 talibus
3155 3453 3298 3524 eguit
3341 3451 3640 3514 sacriﬁciis,
3701 3466 3831 3521 quae

2248 3553 2488 3601 sanctam
2515 3546 2580 3599 de
2625 3560 2684 3600 se
2729 3544 2913 3614 genuit
2957 3544 3215 3602 hostiam,
3258 3558 3355 3612 per
3389 3557 3549 3611 quam
3589 3541 3831 3595 mundus

2246 3644 2505 3706 purgatus
2526 3643 2625 3689 est.
2658 3634 2790 3688 Nam
2812 3633 2953 3702 quod
2978 3632 3107 3687 dicit
3132 3632 3482 3703 evangelista,
3509 3630 3652 3697 Quia
3675 3647 3833 3685 omne

2245 3726 2616 3789 masculinum,
2646 3724 2953 3796 adaperiens
2981 3722 3205 3787 vulvam,
3224 3732 3461 3777 sanetum
3484 3721 3709 3777 Domino
3735 3737 3829 3776 tro-

2247 3819 2467 3881 cabitur,
2514 3833 2619 3871 non
2653 3818 2771 3871 ideo
2797 3817 2947 3882 dicit,
2995 3827 3054 3871 ut
3091 3831 3190 3872 nos
3218 3825 3372 3885 cogat
3418 3818 3641 3871 credere
3684 3814 3831 3884 quod

2249 3909 2496 3964 Christus
2519 3909 2730 3963 vulvam
2760 3910 2950 3964 matris
2991 3909 3223 3978 aperuit,
3254 3916 3318 3962 ut
3346 3907 3466 3970 alii,
3491 3908 3586 3961 sed
3635 3918 3695 3960 ut
3736 3906 3831 3959 doc

2249 4009 2398 4054 ceret
2417 4000 2558 4068 quod
2583 3999 2702 4052 ideo
2730 4000 2929 4052 sistunt
2971 4013 3096 4052 eum
3138 3996 3362 4051 Domino
3391 4006 3450 4050 ut
3476 3996 3714 4065 facerent
3756 4009 3834 4047 sc-

2249 4090 2476 4144 cundum
2495 4089 2920 4143 consuetudinem
2945 4088 3071 4157 legis
3096 4103 3190 4156 pro
3214 4103 3274 4140 eo
3287 4103 3306 4151 ;
3321 4088 3444 4156 quia
3457 4102 3611 4138 autne
3624 4100 3835 4140 masta-

2247 4179 2435 4245 linunt,
2454 4180 2760 4248 adaperiam
2785 4178 3013 4243 vulvam,
3030 4189 3265 4232 sanctum
3283 4177 3508 4231 Domino
3537 4176 3834 4238 vocabitur,

2250 4272 2303 4326 in
2321 4272 2576 4342 mysterio
2598 4272 2730 4342 legis
2753 4280 2807 4325 et
2831 4279 3169 4325 sacramento
3228 4285 3395 4324 sacra:
3428 4267 3838 4339 praevaricatio-

2257 4364 2357 4418 nis.
2393 4362 2507 4417 Non
2533 4363 2679 4417 enim
2713 4362 3036 4432 evangelista
3062 4364 3165 4417 hoc
3205 4361 3575 4416 testimonium
3614 4360 3682 4413 de
3719 4358 3838 4427 lege

2185 4430 2229 4487 ί)
2259 4458 2375 4512 ideo
2397 4456 2663 4521 adhibuit,
2691 4465 2751 4510 ut
2783 4430 3109 4510 incustraret
3148 4454 3420 4510 Christum
3465 4453 3688 4507 vulvam
3726 4451 3837 4503 vir-

2256 4549 2396 4618 ginis
2415 4561 2708 4609 reserasse,
2725 4547 2863 4600 sicut
2885 4546 3065 4600 caeteri
3082 4546 3444 4614 primogeniti,
3460 4544 3554 4598 sed
3569 4552 3627 4597 ut
3654 4551 3839 4596 osten-

2256 4640 2407 4691 deret
2458 4652 2582 4690 eum
2630 4636 2730 4691 sub
2764 4635 2880 4706 lege
2932 4634 3157 4699 factum,
3194 4644 3250 4689 et
3286 4636 3352 4689 de
3399 4633 3555 4688 vulva
3607 4630 3839 4700 virginis

2254 4726 2517 4795 prodisse,
2548 4741 2654 4779 non
2684 4725 2775 4794 qui
2822 4735 3109 4781 vocaretur
3166 4733 3396 4787 tantum,
3427 4723 3521 4778 sed
3568 4723 3663 4792 qui
3693 4728 3839 4776 esset

2249 4816 2613 4872 essentialiter
2633 4825 2871 4879 sanctus,
2912 4816 2998 4871 cui
3033 4800 3156 4884 jure
3181 4823 3330 4886 patet
3372 4829 3533 4867 omne
3560 4813 3833 4866 clausum.

2252 4906 2405 4974 Quod
2434 4907 2801 4962 testimonium
2841 4908 3028 4963 beatus
3074 4906 3395 4961 Ambrosius
3439 4920 3729 4974 exponens
3780 4905 3834 4958 in

2250 4996 2539 5066 Evangelia
2568 4998 2642 5051 ait
2669 4997 2784 5067 (lib.
2820 5013 2887 5064 η,
2907 5014 3021 5067 cap.
3049 4998 3085 5051 2
3108 4999 3163 5051 in
3192 4995 3350 5067 Luc.)
3375 5012 3389 5050 :
3418 5008 3444 5036 ι
3474 5013 3494 5046 ί
3528 4993 3647 5048 Non
3688 4994 3837 5049 enim

2250 5088 2425 5142 virilis
2452 5088 2628 5142 coitus
2680 5086 2854 5140 vulva:
2880 5087 3106 5156 virginis
3150 5094 3362 5142 secreta
3412 5084 3698 5145 reseravit,
3740 5079 3837 5137 sed

2251 5178 2657 5234 immaculatum
2681 5194 2864 5234 semen
2897 5177 3188 5232 inviolabili
3220 5187 3376 5232 utero
3420 5176 3659 5246 Spiritus
3711 5188 3837 5228 san-

2249 5279 2370 5328 ctus
2393 5270 2607 5325 infudit.
2639 5268 2793 5337 Quod
2828 5285 2960 5325 sane
2984 5285 3166 5325 semen
3197 5268 3451 5340 praefatus
3485 5269 3679 5323 doctor
3725 5281 3836 5321 non

2247 5364 2330 5419 sic
2350 5362 2481 5417 dicit
2511 5361 2769 5427 infusum,
2804 5369 2867 5414 ut
2893 5361 3107 5416 aliunde
3131 5362 3201 5415 sit
3220 5376 3380 5430 quam
3403 5375 3472 5414 ex
3502 5373 3668 5415 carne
3708 5357 3832 5412 Vir-

2247 5454 2390 5526 ginis
2417 5461 2473 5508 et
2493 5452 2778 5523 Sanguine,
2810 5466 2988 5522 neque
3010 5460 3068 5504 ut
3095 5450 3329 5521 Spiritus
3364 5459 3586 5505 sanctus
3612 5463 3833 5505 semen-

2247 5543 2416 5599 tivum
2446 5556 2567 5598 esse
2601 5542 2853 5598 credatur
2877 5540 3077 5605 carnis,
3107 5551 3166 5595 ut
3191 5540 3425 5595 lrenmus
3445 5541 3580 5623 vult,
3611 5538 3705 5596 sed
3726 5551 3833 5610 per

643 5664 670 5693 ι
711 5651 831 5708 Non
874 5654 1030 5710 enim.
1065 5655 1194 5724 Quae
1238 5664 1556 5726 sequtmtur,
1592 5656 1656 5712 de
1711 5655 1875 5713 verbo
1924 5663 2140 5714 exstant
2178 5655 2316 5725 apud
2376 5653 2747 5733 llildcl‘onsum
2787 5669 2950 5711 serm.
2988 5654 3011 5709 l
3046 5655 3111 5711 de
3147 5652 3548 5710 Purilicatione.
