4148 6344
285 311 421 367 ωτι

1381 307 1468 362 DE
1507 304 1737 362 PARTU
1779 301 2096 358 VIBGINIS.
2137 331 2205 341 —
2241 302 2369 357 LIB.
2405 302 2444 356 l.

3397 315 3536 376 1578

283 429 390 484 hoc
438 425 663 480 verbum
721 422 955 495 Spiritus
1012 421 1185 477 sancti
1241 421 1482 491 operatio
1526 419 1856 488 designatur.

1964 413 2046 483 gis
2061 424 2086 451 ει
2105 412 2296 466 divinae
2310 413 2622 484 praescripta
2645 416 2930 484 signabant
2947 417 3000 472 in
3020 419 3390 492 primogenitis
3403 431 3537 487 suis.

286 519 492 578 Deinde
522 515 762 571 addidit:
797 514 952 569 Solus
983 514 1124 568 enim
1153 529 1247 582 per
1292 514 1471 566 omnia
1511 526 1576 565 ex
1625 511 1768 565 natis
1799 510 1864 565 de

288 609 488 666 femina
518 616 738 661 sanctus
770 605 1027 660 Dominus
1059 602 1233 664 Jesus.
1265 603 1355 672 qui
1393 610 1621 657 terrenae
1670 610 1862 655 conta-

289 701 374 772 gia
406 697 729 767 corruptela:
763 694 1093 748 immaculati
1129 694 1322 762 partus
1349 692 1582 746 novitate
1613 706 1716 745 non
1742 706 1866 745 sen-

289 793 444 856 serit,
475 799 529 844 et
549 788 759 844 ctelesti
792 785 1068 854 majestate
1093 786 1378 856 depulerit.
1406 785 1474 839 Et
1514 784 1671 854 paulo
1705 793 1858 854 post:

287 885 390 940 llic
412 899 562 953 ergo,
595 882 789 952 inquit,
817 880 963 934 solus
994 880 1095 934 sibi
1121 879 1332 949 aperuit
1366 878 1612 943 vulvam;
1645 892 1745 931 nec
1768 877 1866 932 mi-

289 991 431 1031 rum.
457 972 557 1040 Qui
600 973 743 1027 enim
774 973 987 1025 dixerat
1033 972 1098 1026 ad
1141 973 1498 1042 prophetam:
1546 971 1862 1039 Priusquam

289 1081 338 1127 te
367 1071 648 1141 formarem
670 1069 724 1121 in
753 1077 920 1130 utero,
944 1067 1059 1121 nari
1082 1075 1151 1130 te,
1182 1076 1229 1120 et
1267 1067 1322 1119 in
1346 1065 1493 1120 vulva
1519 1065 1702 1118 matris
1748 1081 1864 1117 san-

288 1161 514 1232 ctiﬁcavi
545 1169 592 1213 te
621 1158 755 1229 (Jer.
787 1175 829 1224 ι,
865 1158 941 1226 5).
973 1157 1076 1225 Qui
1124 1172 1252 1228 ergo
1291 1156 1504 1210 vulvam
1551 1155 1861 1211 sanctiﬁca-

286 1256 366 1311 vit
397 1254 648 1316 alienam,
697 1261 754 1306 ut
803 1263 1116 1307 nasceretur
1166 1251 1447 1321 propheta,
1505 1248 1595 1304 hic
1647 1257 1732 1303 est
1769 1249 1862 1318 qui

287 1346 502 1417 aperuit
523 1345 710 1399 matris
733 1359 842 1398 suae
865 1343 1101 1406 vulvam,
1129 1352 1187 1396 ut
1210 1341 1584 1416 immaculatus
1603 1341 1795 1396 exiret.

353 1437 560 1505 Quibus
589 1435 830 1505 profecto
866 1434 1044 1489 verbis
1069 1449 1173 1488 non
1210 1433 1340 1488 mihi
1365 1434 1575 1488 videtur
1601 1433 1702 1488 sibi
1731 1447 1859 1487 con-

283 1528 508 1604 trarius,
563 1534 655 1578 aut
695 1527 904 1581 caeteris
954 1525 1263 1580 doctoribus
1309 1525 1528 1587 sanctis,
1559 1525 1684 1592 quia
1731 1525 1861 1578 dicit

282 1617 425 1688 quod
467 1615 611 1672 solus
639 1616 741 1670 sibi
789 1615 999 1685 aperuit
1046 1615 1280 1668 vulvam.
1321 1615 1547 1682 Aperuit
1592 1614 1858 1682 siquidem

282 1707 384 1764 sibi
429 1721 527 1761 sua
577 1706 814 1775 potentia
870 1704 1209 1769 mirabiliter,
1254 1712 1313 1758 ut
1333 1714 1476 1758 esset
1524 1713 1578 1757 et
1612 1704 1854 1773 pervium

1967 502 2082 558 Non
2105 504 2246 571 quod
2265 512 2446 558 essent
2467 520 2595 559 vere
2611 516 2816 570 sancta,
2846 509 2940 562 sed
2967 510 3090 578 quia
3113 514 3445 573 vocabantur
3469 536 3538 578 ex

1966 597 2227 667 mysterio
2243 597 2393 666 legis.
2411 597 2660 667 Alioquin
2677 599 2721 652 si
2737 599 2968 654 litteram
2985 605 3281 673 sequimur,
3310 625 3537 679 quomo-

1967 685 2033 740 do
2046 694 2264 740 sanctus
2286 695 2402 740 erat
2416 689 2591 742 omnis
2606 689 2874 744 masculus
2895 692 3145 761 aperiens
3161 696 3393 765 vulvam,
3409 716 3532 761 cum

1965 778 2166 832 multos
2216 778 2667 835 sceleratissimos
2707 780 2871 836 fuisse
2916 797 3022 837 non
3070 784 3252 841 lateat.
3283 789 3535 863 Nunquid

1965 877 2185 922 sanctus
2232 869 2439 934 Achab,
2474 880 2566 924 aut
2616 869 2823 937 Joram,
2854 887 2949 927 seu
3003 877 3225 931 ueteri?
3281 878 3533 952 Nunquid

1963 961 2445 1032 pseudoprophetas
2495 979 2631 1033 quos
2666 966 2731 1018 ad
2762 965 2892 1019 Elite
2921 981 3110 1034 preces
3135 969 3277 1024 ultor
3293 976 3533 1033 ctelestis

1964 1051 2174 1120 injurize
2205 1055 2342 1122 ignis
2371 1055 2706 1126 absumpsit?
2734 1057 2848 1112 Non
2881 1060 3094 1129 utique;
3146 1061 3238 1120 s'ed
3268 1066 3320 1120 in
3345 1082 3529 1124 sacra-
3563 1052 3566 1054 Ὺ

1961 1152 2146 1197 mento
2172 1142 2366 1200 futura:
2389 1147 2836 1216 prwﬁgurationis
2851 1152 3184 1206 vocabantur
3211 1158 3381 1212 sancti
3406 1174 3532 1216 cum

1961 1248 2068 1286 non
2097 1244 2298 1300 essent,
2330 1235 2500 1290 donec
2523 1237 2730 1291 veniret
2756 1236 3004 1293 Christus
3023 1242 3384 1299 essentialiter
3403 1262 3531 1302 san-

1960 1333 2101 1387 ctus,
2130 1325 2300 1394 quiet
2327 1341 2536 1393 sponsa:
2563 1341 2672 1380 sua:
2700 1327 2914 1381 vulvam
2967 1332 3222 1398 aperiret,
3276 1332 3527 1390 fecundi-
3593 1321 3600 1326 ’

1960 1422 2233 1483 talemque
2281 1415 2522 1484 pariendi
2583 1415 2720 1471 ﬁlios
2761 1416 3088 1473 refunderet.
3120 1419 3238 1489 Ipse
3293 1437 3535 1494 namque

1959 1505 2238 1559 Dominico
2262 1505 2452 1574 dignus
2474 1506 2749 1575 judicatus
2775 1517 2858 1561 est
2888 1508 3108 1574 obtutu;
3152 1519 3377 1568 cteteros
3410 1529 3530 1569 om-

1957 1592 2222 1660 nesjuxta
2256 1592 2390 1664 legis
2415 1595 2612 1648 seriem
2636 1605 2816 1664 typum
2841 1595 3006 1652 fuisse
3035 1598 3200 1653 futuri
3225 1616 3383 1656 nemo
3431 1605 3525 1675 qui

1959 1685 2213 1753 ambigat.
2263 1685 2330 1738 Et
2374 1685 2493 1739 ideo
2545 1686 2742 1739 sistunt
2792 1701 2912 1740 eum
2975 1687 3219 1755 Domino,
3267 1695 3523 1762 quoniam

281 1801 407 1865 iter,
440 1799 512 1853 ita
544 1808 603 1852 ut
636 1797 904 1869 virgineus
933 1797 1149 1852 clausus
1194 1805 1437 1851 maneret
1479 1804 1685 1860 uterus,
1715 1797 1854 1851 sicut
1884 1777 1927 1835 Β
2122 1785 2205 1830 εει
2255 1776 2504 1846 ΡιηἨθίῖο
2552 1791 2648 1845 Per
2699 1780 3147 1834 Γθευηθειῖοηθιη
3193 1785 3368 1838 OClM'i
3415 1785 3524 1841 diei

278 1890 498 1944 fuerunt
539 1888 718 1957 janute
769 1887 985 1950 clausae,
1035 1895 1090 1940 et
1113 1895 1290 1940 tamen
1345 1901 1442 1956 per
1486 1885 1703 1940 easdem
1770 1885 1853 1939 in-

278 1982 498 2050 gressus
529 1985 612 2032 est
671 1975 738 2030 ad
777 1975 1089 2044 discipulos,
1127 1975 1266 2030 sicut
1329 1976 1496 2029 etiam
1543 1974 1852 2044 sepulcrum

277 2073 546 2143 signatum
578 2078 632 2124 et
653 2069 895 2125 clausum
925 2068 1141 2138 quando
1174 2081 1462 2137 resurgens
1487 2081 1739 2136 egressus
1766 2074 1852 2123 est

276 2177 376 2233 per
399 2161 526 2216 illud
552 2178 566 2228 ;
597 2160 721 2216 hinc
749 2175 962 2230 quoque
993 2157 1118 2212 alibi
1150 2159 1262 2228 ipse
1288 2158 1388 2213 ait:

643 2293 718 2356 Fit
746 2301 878 2356 porta
907 2293 1083 2345 Christi
1111 2293 1298 2354 pervia.

645 2355 844 2404 Referta
864 2358 1010 2415 plena
1036 2358 1208 2415 gratia,

645 2416 937 2529 ’ἓξῖυιιδιιῳιθ
960 2430 1048 2466 rex
1074 2424 1126 2466 et
1147 2420 1405 2480 permanet

677 2512 689 2528 ι
710 2493 919 2528 ausa.....

588 2527 590 2529 ,
653 2493 919 2529 l.Iausa.....

349 2603 465 2661 Non
488 2604 593 2659 boc
622 2603 700 2660 sic
721 2604 850 2659 dicit
880 2612 937 2658 ut
969 2602 1234 2674 intelligas
1262 2600 1403 2672 quod
1433 2607 1620 2655 contra
1644 2613 1703 2654 se
1723 2612 1848 2654 sen—

277 2696 396 2761 tiat,
457 2695 550 2749 sed
602 2695 678 2749 sic
726 2695 908 2763 utique
966 2703 1025 2746 ut
1062 2694 1368 2762 plenissime
1397 2705 1688 2760 cogitescas
1726 2703 1848 2744 eum

276 2787 342 2841 de
369 2795 523 2839 utero
576 2797 630 2839 et
659 2800 752 2853 per
779 2797 988 2838 uterum
1035 2783 1270 2854 Virginis
1305 2790 1513 2845 natum,
1543 2797 1701 2849 quem
1737 2779 1850 2849 ipse

275 2878 379 2931 sibi
410 2876 537 2930 fecit
567 2877 836 2945 pervium,
868 2891 930 2929 ac
952 2891 1046 2945 per
1073 2876 1172 2928 hoc
1201 2875 1316 2942 ipse
1341 2873 1442 2927 sibi
1476 2872 1686 2924 vulvam
1716 2886 1847 2940 ape-

275 2968 404 3021 ruit.
431 2965 542 3020 Sibi
569 2966 803 3036 quidem,
827 2966 952 3036 quia
994 2965 1152 3018 vulva
1179 2965 1403 3034 virginis
1435 2963 1561 3018 licet
1585 2962 1768 3016 clausa
1798 2961 1849 3017 ei

271 3057 621 3129 penetrabilis
646 3058 838 3127 patuit,
870 3067 1048 3112 tamen
1075 3071 1196 3111 cum
1225 3056 1416 3109 enixus
1443 3055 1670 3108 intraret
1697 3069 1848 3106 mun-

1953 1866 2006 1920 in
2033 1864 2357 1930 Jerusalem,
2381 1876 2439 1918 ut
2466 1868 2517 1920 in
2541 1883 2606 1921 eo
2628 1868 2964 1922 condonetur
2989 1879 3044 1924 et
3067 1869 3324 1926 oti‘eratnr
3345 1875 3526 1932 omnis

1952 1956 2170 2025 adoptio
2209 1955 2439 2031 ﬁliorum
2477 1954 2592 2009 Dei.
2636 1956 2690 2010 ln
2742 1971 2807 2010 eo
2857 1973 3087 2027 namque
3115 1963 3256 2029 quod
3288 1962 3373 2016 lex
3401 1965 3521 2020 ait:

1953 2044 2118 2101 Omne
2164 2047 2507 2101 masculinum
2555 2047 2860 2117 adaperiens
2889 2051 3111 2116 vulvam,
3147 2064 3384 2107 sanctum
3422 2056 3528 2111 Do-

1951 2138 2092 2190 mino
2143 2137 2426 2199 vocabitur,
2480 2139 2897 2206 promittebatur
2931 2140 3162 2210 Virginis
3184 2151 3370 2210 partus
3399 2159 3528 2201 vere

1951 2237 2189 2293 sanctus,
2217 2231 2342 2298 quia
2372 2230 2770 2294 immaculatus,
2810 2233 2901 2300 qui
2929 2235 3163 2301 aperiret
3189 2237 3399 2292 vulvam
3422 2239 3526 2294 Ec-

1951 2318 2149 2384 clesiae,
2183 2329 2239 2372 ut
2279 2319 2334 2374 in
2365 2334 2430 2374 eo
2474 2321 2941 2375 sanctiliearentur
2977 2325 3181 2393 reliqua
3229 2328 3431 2394 omnia,
3468 2338 3526 2385 et

1949 2418 2132 2464 essent
2204 2411 2580 2480 primogenita.
2648 2409 2798 2467 Unde
2846 2413 3124 2483 signanter
3180 2417 3401 2487 angelus
3452 2421 3524 2476 ad

1951 2499 2176 2554 Mariam
2207 2520 2218 2554 :
2247 2501 2313 2554 Et
2337 2502 2476 2570 quod
2499 2513 2759 2566 nascetur,
2779 2504 2971 2573 inquit,
2995 2522 3058 2558 ea:
3084 2516 3132 2559 te
3154 2519 3412 2575 sanctum,
3437 2527 3526 2565 vo-

1951 2592 2156 2645 cabitur
2189 2590 2358 2646 Filius
2390 2592 2487 2645 Dei
2518 2592 2670 2660 (Luc.
2693 2601 2752 2657 u',
2776 2594 2887 2664 53).
2914 2594 3028 2649 Non
3058 2597 3198 2665 quod
3221 2602 3528 2669 corruperit

1950 2692 2180 2736 matrem
2206 2683 2495 2747 nascendo,
2519 2698 2680 2752 quam
2710 2684 2969 2753 integram
2997 2693 3053 2738 et
3094 2686 3402 2741 inviolatam
3431 2703 3523 2743 re-

1950 2773 2106 2841 liquit
2136 2774 2425 2842 virginem,
2458 2774 2549 2825 scd
2601 2775 2725 2842 quia
2763 2789 2830 2826 ex
2858 2789 2918 2826 ea
2960 2784 3119 2828 natus
3168 2775 3308 2830 Dens
3360 2778 3524 2833 homo

1951 2863 2166 2932 aperuit
2182 2855 2434 2916 Ecclesiae
2450 2862 2682 2926 vulvam,
2708 2863 2834 2916 etin
2859 2878 3020 2916 carne
3044 2879 3138 2917 sua
3161 2866 3406 2933 pervium
3422 2866 3525 2921 sibi

1949 2954 2081 3011 fecit
2113 2956 2237 3019 iter,
2261 2955 2336 3007 ita
2387 2963 2447 3008 ut
2473 2952 2708 3023 Virginis
2747 2955 2925 3007 aulam
2972 2955 3209 3009 clausam
3258 2966 3521 3024 servaret,

1951 3057 2221 3119 quatenus
2262 3062 2329 3101 ex
2365 3055 2536 3099 matre
2567 3045 2842 3115 Virginem
2891 3046 2991 3100 sibi
3025 3047 3242 3102 duxisse
3271 3063 3524 3117 sponsam

274 3121 400 3204 dum
430 3121 665 3203 clausam
694 3149 910 3218 reliquit
955 3157 1011 3202 et
1059 3149 1321 3216 signatam
1377 3145 1552 3215 sigillo
1604 3144 1842 3214 pudoris.
1874 3121 1918 3189 (δ
1948 3143 2280 3204 ostenderet,
2323 3154 2483 3209 quam
2533 3138 2627 3192 tali
2695 3147 2949 3207 tantoque
3013 3137 3215 3221 fuadere
3267 3141 3524 3196 nascendi

274 3245 506 3301 Omnino
533 3246 660 3315 quia
692 3245 801 3299 Deo
832 3243 965 3298 nihil
994 3243 1206 3297 dillicile
1231 3251 1338 3308 est,
1359 3256 1424 3295 eo
1451 3241 1611 3309 quod,
1647 3247 1703 3292 ut
1729 3240 1847 3308 qui-

273 3343 399 3398 dam
429 3343 538 3408 ait,
569 3341 813 3396 subditur
846 3339 1021 3394 omnis
1069 3348 1261 3393 natura
1293 3337 1408 3404 ejus
1454 3335 1710 3404 imperiis,
1742 3336 1848 3388 ritu

275 3434 438 3487 sol—ito
466 3450 480 3498 ;
514 3433 720 3488 idcirco
750 3439 966 3486 constat
994 3445 1116 3485 eum
1146 3431 1349 3498 absque
1371 3427 1621 3497 ambiguo
1653 3429 1726 3480 ita
1753 3441 1848 3480 na-

273 3537 410 3592 tum,
449 3537 509 3581 ut
535 3536 680 3580 esset
708 3537 975 3580 secretum
1015 3524 1248 3596 genitale
1278 3523 1468 3576 matris
1496 3530 1550 3576 et
1578 3521 1846 3584 clausum,

273 3619 416 3688 quod
444 3619 545 3673 sibi
567 3620 678 3688 ipse
704 3634 799 3672 sua
821 3619 1016 3672 virtute
1038 3618 1164 3672 fecit
1185 3624 1450 3685 apertum.
1469 3614 1618 3668 Alias
1644 3622 1846 3678 autem,

273 3710 390 3779 ipse
420 3710 568 3764 solus
601 3718 800 3764 sancta:
841 3708 1114 3770 Ecclesiae,
1143 3722 1306 3776 quam
1342 3706 1442 3759 sibi
1481 3718 1730 3772 sponsam
1758 3702 1852 3756 de-

275 3801 474 3855 dicavit
508 3801 574 3854 ad
605 3801 937 3871 generandos
967 3799 1211 3868 pepulos,
1244 3795 1452 3866 aperuit
1487 3793 1696 3846 vulvam
1736 3791 1850 3844 vir-

272 3892 536 3961 ginitatis.
573 3891 647 3944 De
683 3907 788 3960 qua
841 3891 1095 3944 nimirum
1152 3888 1308 3941 vulva
1360 3885 1527 3940 David
1587 3883 1851 3952 Propheta

274 3984 422 4038 canit
457 3984 641 4037 dicens
669 3999 680 4035 :
720 3981 944 4034 Alienati
971 3989 1089 4033 sunt
1113 3988 1403 4048 peccatores
1427 3993 1458 4029 a
1489 3975 1673 4038 vulva;
1701 3989 1850 4027 erra-

274 4086 455 4128 rerunt
498 4075 561 4127 ab
621 4083 803 4137 utero;
860 4072 1020 4125 locuti
1068 4080 1188 4125 sunt
1227 4069 1364 4138 falsa
1392 4066 1564 4139 (Psal.
1589 4082 1719 4131 Lvlt,
1757 4065 1849 4134 4);

274 4181 562 4235 personam
594 4163 973 4218 haereticorum
1015 4161 1318 4226 declarans,
1351 4160 1444 4229 qui
1475 4159 1779 4212 alienantur
1822 4172 1854 4211 a

275 4258 432 4312 vulva
449 4256 773 4327 integritatis
799 4252 1084 4319 Ecclesiae;
1114 4268 1274 4322 quam
1299 4267 1429 4306 sane
1452 4250 1856 4305 immaculatam

277 4364 495 4406 servare
523 4347 802 4403 contendit
849 4345 1137 4416 Apostolus
1165 4350 1220 4398 et
1264 4341 1528 4412 virginem
1561 4340 1853 4407 custodire,

277 4457 398 4497 cum
421 4442 582 4495 dicit:
609 4439 874 4509 Despondi
895 4440 1032 4511 enim
1050 4454 1134 4492 vos
1150 4437 1239 4490 uni
1260 4437 1368 4490 viro
1387 4435 1633 4504 virginem
1653 4443 1851 4488 castam
1877 4469 1930 4528 Β

276 4532 517 4585 exhibere
545 4528 752 4584 Christo
779 4528 862 4599 (II
892 4527 1014 4582 Cor.
1043 4542 1119 4591 XI,
1140 4525 1217 4597 2).
1237 4524 1402 4594 Cujus
1421 4523 1652 4594 genitale
1674 4537 1853 4578 secre-

279 4630 391 4676 tum
415 4630 544 4675 tunc
566 4619 1018 4690 aperuit,quando
1039 4633 1136 4687 per
1158 4632 1350 4685 aquam
1375 4626 1430 4670 et
1452 4615 1712 4683 Spiritum
1730 4629 1854 4668 san-

277 4718 425 4765 ctum
457 4711 774 4765 renascendi
804 4709 1034 4780 gratiam
1064 4707 1355 4762 concessit.
1402 4705 1498 4760 Cui
1548 4705 1850 4774 propheta:

276 4801 508 4867 Ltetare,
539 4802 730 4871 inquit,
761 4798 952 4855 sterilis
973 4815 1088 4870 qua:
1112 4815 1215 4852 non
1251 4796 1416 4867 paris,
1443 4812 1653 4864 erumpe
1672 4805 1719 4848 et
1751 4794 1856 4848 cla-

275 4910 365 4947 ma
386 4909 503 4964 qute
533 4910 635 4946 non
662 4893 924 4961 parturis;
947 4891 1194 4961 quoniam
1216 4886 1365 4940 multi
1388 4885 1485 4954 ﬁlii
1509 4885 1722 4938 desertte
1743 4900 1856 4937 ma-

275 4984 356 5055 gis
377 4999 533 5053 quam
555 4983 667 5052 ejus
691 4997 806 5051 qua:
829 4981 980 5034 habet
1016 4980 1184 5032 virum
1224 4976 1355 5045 (Isa.
1380 4991 1486 5039 LIV,
1518 4976 1593 5043 l).
1629 4974 1776 5028 Unde
1799 4981 1854 5026 et

274 5075 434 5129 Anna
472 5075 525 5128 in
558 5072 778 5128 Cautico
816 5086 951 5126 suo:
987 5069 1159 5123 Donec
1193 5066 1403 5132 sterilis,
1438 5065 1628 5134 inquit,
1659 5063 1851 5133 peperit

275 5163 562 5235 plurimos;
593 5173 639 5215 et
685 5177 798 5232 qua:
837 5159 1025 5232 multos
1055 5156 1270 5210 habebat
1297 5153 1452 5222 filios,
1483 5151 1748 5220 inﬁrmata
1777 5158 1851 5202 est

277 5255 329 5328 (Ι
361 5255 489 5326 Reg.
532 5271 595 5320 ιι,
625 5255 700 5324 5).
739 5254 842 5308 lste
871 5261 952 5308 est
993 5266 1123 5321 ergo
1151 5250 1298 5304 solus
1335 5245 1696 5302 essentialiter
1725 5259 1880 5320 san-_

277 5357 423 5412 ctus,
456 5363 560 5402 non
601 5362 697 5416 per
736 5361 897 5416 quem
946 5353 1118 5398 mater
1168 5347 1564 5407 corrumpatur,
1615 5336 1706 5391 sed
1756 5349 1854 5405 per

276 5457 439 5510 quem
458 5441 612 5494 vulva
630 5450 898 5494 reseretur
923 5436 1197 5501 Ecclesize,
1221 5431 1610 5505 primogenitus
1636 5445 1701 5483 ex
1721 5428 1856 5482 mul-

280 5535 350 5590 tis
365 5533 644 5587 fratribus.
660 5531 828 5599 Quem
851 5530 903 5584 in
921 5528 1091 5600 ﬁgura
1109 5525 1274 5580 futuri
1291 5522 1528 5594 mysterii
1547 5536 1642 5591 per
1661 5531 1756 5574 ora
1782 5517 1857 5572 le-

349 5662 375 5689 ι
420 5648 525 5702 Per
545 5663 638 5701 ora
662 5647 808 5717 legis.
837 5643 1001 5717 Forte
1029 5642 1206 5717 priora
1233 5645 1377 5717 :‘au_t
1401 5639 1509 5708 pia,
1558 5643 1616 5717 ut
1654 5631 1854 5717 iulia-

279 5731 496 5777 tramno
525 5709 863 5789 legitur'cap.
902 5714 954 5785 6,
983 5709 1087 5770 non
1119 5711 1192 5766 ita
1246 5709 1413 5765 multo
1464 5715 1584 5778 post
1617 5709 1854 5776 particu-

1947 3235 2212 3305 virginem
2277 3245 2684 3302 permansuram
2760 3238 2817 3284 ct
2895 3229 3296 3285 immaculatam
3373 3247 3525 3289 mon-

1951 3328 2176 3381 strabat.

2025 3416 2178 3471 Unde
2207 3421 2422 3482 constat
2445 3411 2690 3480 lcgaliter
2713 3426 2835 3466 eum
2863 3411 3121 3478 oblatum,
3161 3412 3303 3468 sicut
3329 3419 3384 3468 et
3411 3413 3521 3470 cir-

1951 3509 2279 3572 cumcisum;
2308 3506 2544 3574 alioquin
2590 3505 3000 3560 circumcisione
3051 3519 3155 3558 non
3194 3506 3359 3575 eguit,
3395 3506 3522 3575 quia

1951 3599 2210 3670 originale
2245 3606 2526 3668 peccatum
2557 3595 2758 3648 nullum
2788 3596 2972 3660 traxit,
3013 3609 3119 3663 quo
3149 3595 3408 3651 delendas
3432 3611 3523 3652 es-

1952 3703 2034 3748 set
2056 3693 2168 3761 ipse
2189 3690 2436 3746 Christus
2458 3689 2523 3742 de
2547 3687 2740 3758 populo
2769 3702 2866 3741 suo
2890 3687 2992 3741 nisi
3022 3687 3523 3745 circumcideretur.

1952 3784 2019 3839 Et
2049 3793 2226 3838 tamen
2260 3779 2612 3835 circumcisus
2628 3787 2732 3840 est,
2753 3777 2877 3846 quia
2916 3777 3098 3832 volens
3131 3778 3231 3832 sub
3267 3778 3383 3848 lege
3400 3777 3522 3845 fuit,

1953 3886 2013 3930 nt
2035 3891 2129 3930 eos
2157 3874 2247 3944 qui
2274 3873 2374 3928 sub
2397 3871 2512 3942 lege
2535 3877 2692 3924 erant
2719 3868 3029 3930 redimeret,
3053 3869 3193 3922 sicut
3217 3877 3272 3922 et
3289 3868 3523 3934 oblatus,

1954 3974 2015 4021 ut
2042 3979 2139 4019 nos
2168 3963 2258 4033 qui
2289 3961 2363 4016 rei
2388 3975 2603 4015 eramus
2622 3957 2946 4013 sacriﬁcium
2975 3958 3084 4012 Deo
3111 3957 3257 4011 Patri
3281 3958 3336 4012 in
3365 3973 3423 4013 se
3443 3957 3528 4013 of-

1954 4055 2140 4111 ferret.
2180 4052 2326 4107 Alias
2355 4058 2533 4104 autem
2577 4051 2622 4104 si
2670 4050 2805 4118 ipse,
2834 4048 2978 4118 quod
3015 4049 3179 4112 absit,
3219 4048 3529 4106 immundus

1955 4153 2101 4202 esset
2128 4152 2186 4197 ut
2219 4150 2446 4196 matrem
2486 4138 2881 4207 coiuquinaret,
2916 4137 3187 4207 quomodo
3213 4152 3310 4191 nos
3333 4152 3527 4192 emun-

1956 4238 2112 4292 daret
2136 4235 2188 4288 in
2209 4249 2304 4288 sua
2323 4232 2612 4295 oblatione,
2638 4237 2690 4284 et
2715 4228 2918 4284 faceret
2935 4229 3166 4283 hostiam
3189 4229 3302 4284 Deo
3318 4229 3379 4293 in
3401 4229 3535 4286 odo-

1957 4342 2072 4382 rem
2109 4323 2429 4379 suavitatis?
2453 4320 2659 4375 Idcirco
2687 4320 2788 4374 etsi
2815 4316 2933 4389 ipse
2979 4319 3191 4374 dolores
3236 4329 3452 4376 nostros
3482 4332 3537 4377 et

1956 4420 2302 4474 inﬁrmitates
2323 4416 2452 4469 inse
2481 4413 2700 4482 pertulit
2728 4424 2782 4466 et
2805 4413 3036 4481 portavit
3063 4411 3369 4481 languores,
3393 4414 3537 4467 absit

1957 4522 2015 4567 ut
2045 4512 2231 4566 matris
2265 4509 2524 4578 pudorem
2565 4505 2686 4560 ullis
2719 4505 2997 4559 vexaverit
3029 4504 3372 4574 injuriarium
3417 4523 3534 4560 mo-

1955 4603 2148 4658 lestiis.
2180 4600 2335 4654 Absit
2354 4613 2451 4667 per
2476 4612 2635 4666 quam
2672 4595 2848 4649 omnis
2868 4595 3174 4650 maledictio
3205 4595 3328 4650 Evze
3356 4595 3533 4651 soluta

1956 4703 2056 4758 est,
2105 4701 2168 4747 ut
2218 4692 2334 4760 ipsa
2383 4690 2438 4742 in
2487 4696 2644 4757 partu
2699 4685 3166 4740 maledictionibus
3209 4685 3538 4753 sulijacuerit

1956 4784 2146 4854 prima:
2189 4779 2566 4835 damnationis.
2608 4775 2763 4831 Absit
2817 4776 2907 4830 ubi
2953 4777 3126 4830 virtus
3172 4775 3435 4838 nascitur,
3479 4785 3539 4829 ut

1960 4877 2032 4931 ibi
2063 4882 2211 4929 tanta
2257 4871 2487 4927 colluvio
2531 4868 2781 4922 vitiorum
2830 4865 3115 4937 credatur;
3164 4864 3254 4918 ubi
3282 4865 3535 4933 gaudium

1958 4973 2197 5029 omnium
2222 4961 2739 5038 praedicatur,quod
2773 4969 2919 5015 tanta
2946 4959 3162 5014 tristitia
3203 4967 3259 5014 et
3301 4958 3538 5028 gemitus

1958 5059 2341 5122 intervenerit;
2396 5057 2540 5110 inter
2567 5052 2876 5122 angelorum
2926 5050 3203 5104 discursus
3241 5049 3383 5118 quod
3436 5048 3538 5102 im-

1958 5153 2156 5207 munda
2182 5157 2388 5220 septem
2415 5146 2604 5201 diebus
2635 5144 2688 5197 in
2721 5143 2978 5212 sanguine
3002 5141 3279 5195 immundo
3314 5138 3536 5194 sederit.

1957 5243 2039 5296 Ad
2064 5256 2226 5311 quam
2255 5239 2303 5294 si
2331 5239 2404 5293 ita
2433 5243 2600 5301 esset,
2621 5249 2720 5288 nec
2738 5242 2980 5303 pastores
2997 5230 3316 5300 manejuxta
3336 5229 3534 5300 legem,

1960 5343 2020 5388 ut
2049 5335 2122 5387 ita
2149 5331 2350 5395 dicam,
2377 5328 2584 5399 ingredi
2627 5325 2842 5390 liceret;
2886 5337 3031 5378 nunc
3059 5329 3239 5376 autem
3264 5320 3390 5390 quia
3439 5333 3536 5372 an-

1961 5425 2113 5496 gelus
2145 5439 2239 5480 eos
2282 5416 2684 5489 evangelizandi
2732 5415 2904 5487 gratia
2947 5413 3172 5467 devotus
3198 5411 3412 5474 invitat,
3439 5422 3537 5463 ve-

1960 5518 2116 5572 niunt
2157 5525 2212 5571 et
2259 5513 2467 5578 vident,
2509 5508 2791 5565 inveniunt
2833 5512 2890 5561 et
2932 5503 3240 5574 intelligunt
3264 5501 3332 5557 de
3355 5498 3536 5555 Verbo

1961 5628 2066 5712 lam
2095 5623 2394 5695 negationis
2420 5621 2508 5676 ubi
2539 5618 2736 5691 legitur
2761 5615 2929 5674 sancti
2949 5631 3067 5672 cum
3094 5629 3197 5669 non
3217 5619 3410 5679 essent,
3439 5607 3537 5665 ad.

1958 5712 2204 5770 jecumus.
