4104 6340
635 282 772 338 1579

1452 272 1510 328 5.
1550 266 1908 324 PASCllASll
1941 261 2291 319 RADBERTI
2324 257 2617 315 ABBATIS
2643 253 3090 313 CORBEIENSIS

3773 255 3916 312 1580

625 389 771 462 quod
799 387 880 443 eis
927 385 1241 456 praedictum
1273 381 1469 438 fuerat.
1501 380 1851 448 Nequaquam
1893 374 2056 446 igitur
2085 389 2204 428 ere-
2233 381 2281 440 Α
2311 371 2406 426 sed
2436 369 2562 440 quia
2588 368 2678 438 qui
2708 375 2827 421 erat
2852 365 2921 420 ab
2949 365 3102 462 initio
3127 364 3518 462 primogenitus
3555 364 3729 462 totius
3757 380 3918 421 crea-

625 483 858 538 dendum
898 479 1041 550 quod
1093 477 1398 532 invenerint
1437 473 1657 528 Mariam
1701 471 1752 523 in
1809 467 1970 522 tantis
2003 465 2213 536 spurci-

627 574 737 637 tiis,
769 571 960 636 solam,
1007 568 1194 623 multis
1221 565 1474 628 miseriis,
1524 572 1584 616 ut
1633 560 1866 616 assolent
1915 571 2214 628 puerperae,

625 671 1033 720 consternatam
1062 667 1118 714 et
1147 658 1496 720 obvolutum;
1526 654 1594 708 ad
1611 652 1762 722 cujus
1793 661 2005 720 partum
2032 649 2214 703 multi-

628 757 759 810 tudo
819 753 1133 824 angelorum
1199 751 1346 805 canit
1397 765 1413 803 :
1475 745 1655 800 Gloria
1713 746 1767 799 in
1813 743 2027 798 excelsis
2084 742 2213 808 Deo,

625 859 672 902 et
689 849 744 901 in
762 857 901 901 terra
920 861 1027 916 pax
1050 843 1346 897 hominibus
1367 841 1514 895 bona:
1533 838 1814 893 voluntatis
1839 835 1990 904 (Luc.
2015 852 2077 902 ιι,
2103 834 2212 904 14).

628 940 772 1010 Ergo
826 938 918 993 ubi
961 946 1016 992 et
1059 952 1156 1006 per
1185 950 1346 1005 quem
1384 941 1533 988 tanta
1563 947 1666 1000 pax
1715 929 2055 998 prmdicatur,
2106 942 2214 983 non

627 1034 792 1089 credo
818 1033 962 1102 quod
993 1029 1097 1084 illae
1124 1027 1435 1100 ignominiae
1470 1022 1830 1079 immaculata:
1857 1020 2018 1076 matri
2042 1020 2215 1076 conti-

628 1125 808 1194 gerint
833 1130 928 1176 aut
955 1121 1169 1176 dolores
1198 1118 1396 1174 carnis.

701 1213 810 1268 Sed
858 1219 914 1267 et
964 1210 1104 1278 Magi
1151 1207 1534 1264 venerabiliter
1573 1205 1827 1276 deinceps
1873 1206 2076 1259 intrant
2117 1204 2214 1260 do-

627 1320 820 1370 mum,
891 1310 946 1358 et
1010 1300 1292 1356 inveniunt
1356 1299 1501 1368 quod
1558 1305 1804 1368 pastores
1886 1295 2210 1362 inveniunt,

626 1394 875 1458 Mariam,
928 1390 1124 1460 Joseph
1169 1399 1225 1444 et
1264 1404 1526 1458 puerum;
1574 1386 1857 1442 inveniunt
1901 1401 2006 1439 non
2048 1399 2212 1439 vexa-

625 1494 738 1540 tam
761 1484 1055 1546 doloribus,
1094 1481 1188 1538 sed
1212 1483 1599 1550 obsequentem
1622 1494 1829 1549 puero;
1867 1477 2061 1532 deinde
2085 1492 2211 1546 pro—

623 1575 812 1630 cidunt
831 1583 886 1630 et
917 1573 1142 1629 adorant
1166 1571 1363 1626 oblatis
1392 1571 1704 1626 muneribus
1745 1585 1906 1640 quem
1947 1584 2071 1623 cum
2094 1583 2211 1622 ma-

621 1674 708 1721 tre
759 1665 1058 1720 inveniunt.
1106 1661 1352 1718 Aderant
1384 1702 1400 1728 ,
1457 1662 1676 1732 inquam
1705 1700 1720 1726 ,
1765 1659 1881 1728 ejus
1937 1660 2209 1730 primoge-

620 1761 816 1812 nitum.
853 1755 1281 1826 Primogenitum
1339 1763 1542 1818 autem,
1593 1768 1700 1808 non
1752 1766 1878 1806 eum
1912 1766 2074 1820 quem
2120 1765 2206 1806 se-

618 1853 858 1916 quantur
885 1843 1101 1911 fratres,
1131 1845 1226 1901 sed
1245 1858 1406 1914 quem
1429 1843 1606 1898 nullus
1633 1843 1922 1897 antecedit.
1950 1841 2210 1908 Quamvis

621 1937 768 1992 enim
829 1938 1050 2007 quidam
1119 1937 1390 1992 voluerint
1451 1937 1629 2006 potius
1697 1936 2031 2004 unigenitum
2103 1936 2209 1992 dici

619 2024 820 2082 debere
867 2042 1031 2096 quam
1081 2027 1538 2097 primogenitum,
1607 2033 1788 2080 tamen
1836 2026 1964 2095 quia
2006 2026 2208 2082 idioma

621 2113 1030 2186 Scripturarum
1081 2125 1166 2172 est
1206 2116 1468 2187 quidquid
1499 2116 1734 2186 primum
1777 2117 1952 2186 aperit
1991 2117 2209 2172 vulvam

619 2207 1038 2278 primogenitum
1093 2208 1322 2272 vocari,
1375 2207 1882 2276 sanctificatumque
1934 2221 2056 2262 esse
2099 2207 2204 2262 Do-

619 2297 790 2362 mino,
822 2297 1013 2352 maluit
1044 2297 1388 2368 Evangelista
1431 2297 1726 2352 secundum
1765 2298 2013 2359 eumdem
2041 2298 2206 2352 ritum

617 2389 1036 2460 primogenitum
1065 2404 1227 2459 quam
1281 2389 1618 2460 unigenitum
1649 2387 1860 2453 dicere,
1911 2403 2021 2443 non
2061 2387 2206 2458 quod

617 2482 829 2551 aperuit
858 2481 1072 2535 vulvam
1103 2481 1218 2553 lege
1248 2490 1474 2546 naturae,
1505 2492 1565 2535 ut
1595 2496 1712 2536 mos
1754 2489 1839 2536 est
1881 2490 2204 2536 eaeterarum

619 2570 962 2635 feminarum,
990 2573 1130 2628 sicut
1173 2573 1260 2628 isti
1291 2574 1476 2638 aiunt,‘
1506 2573 1599 2628 sed
1645 2573 1774 2642 quia
1816 2588 1886 2628 ex
1930 2589 1994 2628 ea
2046 2581 2205 2628 natus

617 2671 702 2717 est
749 2671 856 2716 tam
907 2663 1295 2734 primogenitus
1339 2679 1501 2734 quam
1529 2671 1584 2719 et
1615 2664 1939 2734 unigenitus,
1970 2665 2088 2733 lege
2119 2665 2204 2720 di-

613 2750 739 2806 vina
763 2751 940 2806 factus
967 2753 1068 2807 sub
1109 2753 1242 2825 lege,
1297 2763 1356 2808 ut
1393 2769 1490 2824 per
1530 2768 1655 2808 eum
1693 2754 1782 2808 lex
1812 2762 1922 2809 tota
1952 2754 2204 2824 implere-

613 2851 706 2898 tur
730 2844 784 2898 in
813 2843 1006 2913 spiritu
1035 2854 1091 2900 et
1140 2847 1208 2900 ad
1245 2845 1504 2902 litteram.
1556 2845 1691 2900 Nam
1743 2855 1797 2901 et
1843 2847 1958 2916 ipse
1999 2846 2203 2916 primo—

620 2932 836 3001 genitus
859 2947 925 2986 ex
958 2936 1353 2990 resurrectione
1379 2935 1681 3006 appellatur
1715 2951 1779 2990 ex
1810 2935 1992 2990 multis
2017 2934 2202 2990 fratri-

616 3019 738 3076 bus.
778 3021 929 3077 Unde
979 3025 1108 3093 quia
1163 3025 1432 3096 colligitur
1475 3028 1528 3082 in
1578 3028 1757 3097 specie
1791 3042 1980 3098 genus,
2011 3042 2201 3096 quam-

613 3113 698 3168 vis
727 3113 1032 3184 unigenitus
1057 3115 1165 3169 dici
1192 3124 1374 3184 posset
1398 3131 1494 3186 per
1516 3125 1789 3181 naturam,
1821 3117 1992 3186 magis
2019 3125 2200 3171 tamen

615 3203 706 3259 hic
723 3206 1117 3276 primogenitus
1136 3206 1321 3262 debuit
1341 3208 1466 3273 dici,
1499 3217 1722 3264 utesset
1757 3209 2015 3263 indicium
2055 3207 2200 3280 quod

608 3293 721 3363 jam
747 3296 801 3350 in
829 3312 895 3351 eo
915 3305 970 3352 et
997 3313 1093 3367 per
1116 3313 1240 3352 eum
1289 3299 1378 3353 alii
1425 3315 1585 3368 quam
1633 3300 1787 3354 multi
1817 3299 2016 3358 fratres
2039 3301 2198 3356 colli-

612 3386 878 3456 gebantur
927 3387 1020 3440 lilii
1071 3387 1322 3442 Ecclesiae
1377 3403 1474 3458 per
1517 3390 1768 3460 gratiam,
1808 3391 1962 3471 cujug
1987 3390 2200 3460 aperuit

611 3476 852 3532 vulvam.
900 3478 959 3533 In
1013 3479 1196 3536 Veteri
1227 3496 1442 3550 quoque
1469 3482 1818 3537 Testamento
1845 3483 1952 3538 illis
1994 3484 2200 3552 primo-

610 3569 789 3638 genita
813 3569 1081 3624 dabantur
1106 3587 1266 3641 quam
1291 3587 1455 3642 saepe,
1486 3573 1578 3642 qui
1609 3573 1703 3628 Dei
1733 3574 1905 3644 gratia
1924 3575 2197 3644 praeelecti

610 3667 756 3727 sunt,
793 3676 1024 3730 quorum
1051 3679 1157 3718 non
1184 3678 1252 3718 ex
1280 3673 1473 3720 natura
1508 3664 1765 3738 dignitas,
1807 3668 1901 3722 sed
1925 3683 1992 3724 ex
2022 3669 2196 3740 gratia

609 3753 868 3809 meritum
923 3756 1244 3812 antefertur.
1295 3757 1501 3814 Idcirco
1547 3759 1777 3814 dicimus
1805 3767 1859 3814 et
1909 3775 2010 3815 nos
2051 3759 2197 3830 quod

609 3845 1000 3914 primogenitus
1030 3847 1119 3902 hic
1147 3847 1540 3919 significantius
1579 3850 1780 3906 dicitur
1809 3866 1972 3920 quam
2006 3851 2196 3924 unige-

609 3933 776 3999 nitus,
803 3946 862 3988 ut
884 3950 984 4004 per
1015 3951 1139 3992 eum
1167 3953 1356 3994 omnes
1398 3940 1490 4010 qui
1519 3957 1587 3996 ex
1635 3942 1805 4012 gratia
1846 3943 2189 4013 colliguntur,

611 4023 688 4078 illi
715 4025 1050 4084 solummodo
1105 4029 1387 4085 eoadunati
1435 4031 1490 4085 in
1532 4031 1841 4088 ccclestibus
1871 4035 2190 4092 habeantur.

615 4109 766 4166 Hanc
791 4114 989 4183 quippe
1019 4115 1244 4186 figuram
1271 4119 1530 4188 gerebant
1573 4123 1754 4176 omnia
1796 4121 1886 4176 illa
1925 4124 2195 4196 primoge-

614 4199 728 4254 nita
779 4199 880 4254 sub
906 4202 1024 4274 lege
1073 4205 1302 4262 Domino
1341 4219 1679 4264 consecrata.
1733 4212 1800 4266 Et
1843 4213 1964 4268 ideo
1985 4215 2191 4284 justum

612 4295 733 4343 erat
763 4303 831 4345 ex
861 4291 946 4347 his
991 4295 1242 4350 omnibus
1285 4297 1658 4367 primogenitis
1695 4301 1788 4371 qui
1833 4301 2048 4358 vulvam
2087 4304 2194 4361 Do-

611 4381 760 4440 mino
788 4385 1123 4454 aperiebant,
1148 4396 1208 4443 ut
1235 4388 1492 4447 Dominus
1537 4393 1678 4448 inter
1700 4409 1794 4450 eos
1824 4394 2069 4466 legaliter
2103 4396 2188 4453 of-

610 4469 868 4540 ferretur,
897 4475 1050 4544 cujus
1097 4478 1328 4534 formam
1367 4482 1458 4537 illa
1483 4485 1664 4539 omnia
1711 4485 2092 4556 praeferebant,
2132 4495 2192 4542 ut

605 4573 752 4619 esset
772 4564 889 4635 ipse
907 4567 1295 4639 primogenitus
1317 4572 1370 4626 in
1395 4575 1644 4632 omnibus
1659 4577 1949 4648 primatum
1979 4587 2186 4634 tenens.

605 4653 723 4710 Non
756 4658 849 4726 qui
893 4659 1106 4716 vulvam
1161 4675 1382 4720 vexaret
1430 4669 1638 4734 matris,
1689 4671 1784 4726 sed
1829 4671 1922 4740 qui
1970 4670 2190 4726 vulvam

605 4745 843 4812 aperiret
873 4746 1142 4806 Ecclesiae.
1171 4751 1296 4810 Haec
1336 4755 1534 4811 idcirco
1565 4759 1791 4813 dixerim
1819 4768 1877 4813 ut
1925 4761 2189 4832 intelligat

602 4839 842 4908 prudens
891 4840 1085 4911 lector,
1139 4848 1264 4916 quia
1293 4850 1710 4920 primogenitum
1742 4869 1848 4908 non
1897 4866 2188 4925 sequentes

602 4928 803 4988 fratres
829 4933 1054 5004 faciunt,
1079 4941 1173 4994 sed
1200 4941 1322 4997 ideo
1351 4952 1496 4999 certe
1517 4945 1908 5019 primogenitus
1937 4949 2185 5006 Christus

601 5033 849 5091 vocatur,
882 5032 1006 5097 quia
1035 5047 1224 5090 omnes
1251 5035 1530 5106 unigeniti,
1556 5039 1697 5095 sicut
1735 5042 1851 5111 ipse
1873 5041 2183 5111 unigenitus

599 5112 704 5170 fuit
761 5119 970 5186 matris,
1027 5123 1372 5196 primogeniti
1419 5128 1522 5183 dici
1575 5140 1796 5198 queunt,
1842 5146 1947 5184 non
2000 5119 2179 5186 tamen

600 5219 790 5263 omnes
818 5209 1162 5283 primogeniti
1182 5217 1307 5286 jure
1343 5227 1546 5287 queunt
1577 5219 1838 5291 unigeniti
1860 5222 2060 5276 vocari.
2101 5223 2177 5276 Ex

598 5308 707 5364 quo
760 5298 1031 5369 colligitur
1075 5307 1493 5377 primogenitum
1537 5323 1661 5364 cum
1716 5311 1899 5365 vocari
1935 5311 2130 5368 debere
2159 5353 2174 5379 ,

597 5394 724 5442 ante
749 5402 908 5458 quem
938 5393 1115 5450 nullus
1138 5404 1193 5451 et
1218 5405 1343 5467 post
1369 5414 1528 5468 quem
1556 5400 1755 5468 nullus,
1796 5410 1852 5458 et
1895 5417 2005 5457 non
2051 5417 2176 5458 eum

599 5481 810 5532 tantum
833 5494 992 5548 quem
1019 5481 1216 5542 fratres
1236 5498 1552 5557 sequuntur.
1584 5489 1713 5546 Jure
1735 5491 1900 5562 igitur
1921 5491 2174 5548 Christus

595 5565 984 5640 primogenitus
1006 5577 1304 5644 appellatur
1325 5595 1388 5634 ex
1413 5582 1638 5652 virgine,
1668 5598 1770 5638 non
1793 5582 1932 5652 quod
1957 5583 2172 5638 vulvam

598 5665 876 5718 vexaverit
923 5669 1146 5737 virginis
1209 5682 1263 5726 et
1324 5673 1500 5727 aulam
1553 5674 1876 5730 reseraverit
1925 5675 2167 5746 pudoris,

2318 473 2468 528 turas,
2501 470 2658 517 natus
2687 469 2858 515 estex
2892 474 2954 513 ea
2979 467 3032 512 et
3067 458 3180 528 ipse
3230 465 3337 511 tam
3380 458 3697 529 unigenitus
3746 474 3914 528 quam

2317 564 2369 610 et
2397 552 2786 623 primogenitus
2825 567 2890 606 eo
2935 565 3043 619 quo
3089 548 3256 603 voluit
3307 548 3485 613 modo,
3531 550 3654 604 sine
3707 553 3914 620 gemitu

2316 656 2371 702 et
2391 647 2508 701 siue
2538 644 2719 700 dolore
2761 641 3044 712 parientis.
3088 639 3222 694 Nam
3263 649 3318 696 et
3369 641 3434 693 de
3487 639 3768 710 baptismo
3799 643 3914 710 pri-

2317 735 2618 808 mogenitus
2639 743 2785 790 recte
2803 740 3045 797 vocatur,
3068 732 3160 802 qui
3181 740 3236 786 et
3270 731 3322 784 in
3365 734 3780 787 resurrectione
3804 734 3914 803 pri-

2317 829 2622 898 mogenitus
2664 825 3028 892 resurrexisse
3071 826 3303 880 dicatur.
3334 824 3393 878 In
3440 836 3679 896 utraque
3729 836 3910 884 tamen

2315 934 2503 978 natura
2533 931 2588 979 et
2635 923 2916 977 nativitate
2963 921 3211 990 quamvis
3240 920 3638 991 primogenitus
3668 921 3910 985 dicatur,

2309 1013 2431 1086 jure
2460 1016 2769 1086 unigenitus
2793 1029 2912 1068 esse
2935 1013 3199 1077 creditur,
3231 1012 3487 1081 quoniam
3512 1012 3658 1066 idem
3694 1023 3786 1066 est
3817 1014 3912 1068 ho-

2315 1107 2476 1162 minis
2504 1114 2559 1160 et
2583 1106 2678 1160 Dei
2706 1106 2908 1172 Filius;
2944 1119 3051 1160 non
3090 1102 3228 1158 alius
3261 1114 3319 1157 et
3345 1101 3507 1169 alius,
3550 1101 3649 1156 sed
3684 1117 3834 1157 unus
3860 1111 3912 1156 ct

2313 1201 2368 1255 in
2395 1208 2622 1270 utraque
2644 1213 2801 1254 unus.

2384 1335 2589 1404 Quibus
2626 1333 2869 1406 profecto
2913 1331 3192 1388 catholica:
3237 1329 3484 1386 veritatis
3530 1329 3747 1400 regulis
3783 1328 3910 1385 hinc

2312 1433 2438 1487 inde
2466 1439 2614 1500 patet
2641 1444 2854 1494 sensus,
2899 1429 3044 1498 quod
3072 1442 3232 1482 nemo
3277 1427 3382 1481 nisi
3426 1427 3727 1482 haereticus
3775 1427 3906 1481 dicit

2310 1521 2584 1578 Christum
2635 1519 2849 1574 nonnisi
2896 1518 3170 1574 communi
3234 1518 3351 1588 lege
3409 1525 3627 1572 natur-.e
3694 1525 3901 1582 natum,

2311 1629 2485 1685 neque
2537 1614 2694 1669 aliter
2743 1627 2906 1683 quam
2960 1620 3020 1664 ut
3060 1606 3241 1665 caeteri
3289 1619 3592 1664 nascuntur
3643 1607 3900 1664 infanta.

2312 1705 2569 1774 Quamvis
2612 1703 2754 1760 enim
2787 1701 3044 1774 prmfatus
3073 1701 3263 1756 doctor
3311 1699 3688 1771 Hieronymus
3733 1701 3792 1753 in
3843 1715 3904 1753 eo

2310 1813 2492 1870 opere,
2521 1797 2662 1868 quod
2695 1806 2883 1852 contra
2914 1793 3220 1849 Helvidium
3251 1809 3320 1848 ex
3345 1795 3452 1848 hoc
3485 1793 3623 1862 egit,
3655 1791 3904 1846 videatur

2310 1891 2358 1947 ei
2389 1891 2637 1954 cessisse,
2666 1897 2720 1943 et
2746 1902 2812 1942 eo
2838 1887 2892 1941 in
2939 1885 3058 1940 loco
3105 1885 3200 1939 ubi
3234 1885 3310 1939 ait
3355 1885 3422 1940 de
3457 1883 3703 1954 hospitio
3733 1883 3903 1937 vulva:

2309 1997 2502 2038 novem
2542 1979 2828 2044 mensium,
2870 1985 2924 2032 et
2972 1977 3039 2032 de
3073 1977 3279 2032 vilitate
3323 1977 3582 2032 nascendi
3626 1977 3778 2046 quod
3823 1976 3904 2030 ille

2310 2073 2597 2128 haereticus
2654 2069 2962 2125 insultando
3015 2075 3391 2137 proposuerat,
3423 2066 3580 2137 quasi
3621 2067 3899 2136 indignum

2307 2181 2451 2227 esset
2471 2169 2667 2224 divinae
2693 2165 2962 2234 majestati
2988 2165 3055 2220 ad
3086 2172 3288 2220 tantam
3311 2163 3688 2234 dignationem
3715 2177 3778 2216 se
3811 2161 3902 2214 hu.

2306 2260 2562 2325 miliasse,
2589 2269 2648 2313 ut
2675 2258 2816 2312 inter
2844 2257 3050 2312 viscera
3100 2255 3154 2310 in
3186 2262 3342 2310 utero
3366 2261 3695 2309 versaretur
3729 2251 3897 2322 Virgi-

2304 2353 2408 2417 nis,
2456 2360 2550 2405 aut
2585 2351 2724 2405 inter
2780 2348 2983 2403 femora
3015 2347 3246 2403 feminea
3292 2354 3615 2401 nasceretur
3645 2354 3760 2398 tam
3791 2360 3896 2398 sor-

2305 2440 2478 2494 didus.
2533 2439 2624 2493 Sic
2667 2439 2811 2492 enim
2857 2437 3040 2491 omnia
3090 2437 3143 2490 in
3210 2435 3547 2491 contrarium
3620 2449 3894 2509 opponens

2303 2531 2456 2600 quasi
2491 2530 2791 2593 haereticus,
2820 2537 2877 2581 ut
2909 2529 3214 2582 destrueret
3243 2527 3365 2582 fidei
3391 2526 3690 2581 catholicae
3710 2527 3897 2580 verita.

2305 2630 2431 2676 tem.
2459 2619 2556 2686 Cui
2585 2635 2616 2675 e
2653 2620 2926 2676 contrario
2953 2619 3203 2691 egregius
3241 2618 3330 2672 ille
3376 2619 3634 2672 veritatis
3662 2624 3898 2674 assertor

2303 2727 2409 2766 non
2435 2711 2690 2770 cedendo.
2735 2719 2794 2764 ut
2845 2711 2934 2764 isti
2971 2710 3176 2773 volunt,
3223 2708 3318 2764 sed
3347 2707 3671 2777 dignitatem
3703 2705 3894 2775 glorio-

2303 2804 2531 2859 sissima:
2573 2801 2896 2856 humilitatis
2930 2802 3021 2856 Dei
3053 2801 3285 2870 amplius
3314 2798 3753 2854 commendando
3786 2798 3888 2862 ait;

2301 2893 2446 2964 quod
2485 2902 2684 2963 quanto
2709 2892 2899 2947 viliora
2952 2902 3008 2948 et
3053 2893 3422 2948 inhonestiora
3467 2908 3568 2962 pro
3615 2894 3776 2947 nobis
3804 2892 3888 2946 illa

2302 2983 2558 3054 majestas
2577 2985 2754 3039 divina
2780 2985 3016 3054 suscepit
3056 2993 3149 3038 aut
3178 2984 3452 3048 sustinuit,
3487 2992 3641 3038 tanto
3672 2985 3891 3038 durius

2225 3080 2274 3144 C
2304 3093 2402 3133 nos
2446 3077 2693 3142 redemit,
2736 3086 2790 3130 et
2851 3077 3169 3147 prepensius
3217 3076 3566 3130 honorandus
3610 3085 3721 3130 est.
3775 3076 3890 3130 Tali

2305 3184 2538 3238 namque
2579 3183 2761 3232 sensu,
2797 3169 2897 3223 etsi
2934 3183 3040 3222 non
3067 3168 3270 3223 eisdem
3317 3168 3498 3222 verbis
3527 3168 3580 3221 in
3624 3179 3888 3238 quantum

2302 3260 2498 3324 recolo,
2531 3260 2733 3314 eisdem
2777 3253 3107 3328 respondens
3157 3257 3414 3313 lueretico
3455 3257 3672 3311 videtur
3715 3259 3892 3312 beatae

2301 3349 2509 3421 Virgini
2537 3365 2644 3404 non
2678 3349 2955 3404 infamiam
2986 3349 3149 3404 ullius
3175 3348 3503 3412 colluvionis,
3548 3358 3639 3402 aut
3661 3365 3890 3419 penam

2299 3441 2512 3513 peccati
2547 3440 2819 3507 intulisse,
2850 3441 2942 3496 sed
2973 3440 3336 3510 dignationem
3370 3441 3602 3494 divinam
3623 3449 3680 3495 et
3697 3443 3892 3496 exina-

2299 3536 2560 3590 nitionem
2585 3535 2906 3590 immensam
2938 3534 2989 3588 in
3023 3532 3192 3589 forma
3229 3535 3372 3590 servi
3397 3544 3720 3590 reverenter
3755 3539 3888 3593 satis

2299 3626 2724 3690 commendasse,
2769 3641 2875 3680 non
2909 3633 2968 3679 ut
2998 3625 3264 3696 virginem
3296 3635 3551 3680 vexatam
3602 3641 3633 3678 a
3661 3626 3884 3682 Domino

2297 3725 2352 3772 et
2382 3718 2772 3772 exhonoratam
2799 3714 3134 3778 ostenderet,
3186 3714 3279 3769 sed
3323 3722 3386 3769 ut
3435 3714 3784 3769 clementiam
3812 3715 3882 3784 pii

2297 3807 2606 3866 Conditoris
2634 3807 2797 3861 etiam
2832 3805 3137 3875 hujusmodi
3165 3805 3433 3861 haareticis
3459 3805 3877 3861 demonstraret.

2293 3900 2500 3956 Idcirco
2525 3914 2632 3955 non
2659 3899 2824 3954 cessit
2853 3899 2970 3953 istis
2999 3913 3122 3953 eum
3149 3897 3394 3954 Helvidio
3417 3901 3758 3964 errantibus,
3790 3900 3877 3952 sed

2294 3991 2555 4062 corripuit
2594 3999 2654 4044 ut
2697 3990 2969 4044 discerent
3023 4005 3130 4044 non
3179 3989 3444 4045 infamare
3490 3989 3784 4059 virginem,
3829 3998 3880 4042 et

2294 4082 2463 4138 Deum
2519 4097 2630 4138 non
2679 4082 2941 4152 derogare
2985 4082 3038 4136 in
3091 4081 3263 4136 forma
3310 4081 3453 4138 servi
3494 4082 3875 4139 humilitatem.

2293 4172 2408 4229 Non
2437 4173 2580 4229 enim
2628 4173 2944 4244 pudicitiam
2995 4173 3111 4242 ejus
3147 4174 3200 4228 in
3252 4174 3433 4245 aliquo
3470 4175 3659 4231 laesam
3705 4177 3875 4239 docet,

2291 4267 2382 4337 qui
2410 4274 2618 4321 tantum
2644 4266 2698 4320 in
2727 4264 2844 4336 ejus
2865 4267 3020 4322 laude
3043 4267 3360 4337 triumphat,
3390 4283 3571 4339 neque
3597 4271 3664 4324 ad
3693 4271 3874 4324 horam

2292 4358 2456 4413 cessit
2481 4357 2599 4427 ejus
2627 4358 2974 4426 adversariis,
2999 4359 3089 4427 qui
3121 4374 3220 4428 pro
3261 4373 3324 4414 ea
3363 4367 3574 4414 tantum
3604 4369 3660 4416 et
3695 4362 3874 4417 tandiu

2217 4449 2269 4509 D
2295 4447 2570 4504 dimicavit
2611 4448 2762 4504 verbi
2790 4448 2985 4518 gladio.
3019 4447 3117 4503 Cui
3147 4448 3290 4504 Deus
3318 4459 3507 4504 contra
3540 4452 3732 4507 hostes
3763 4453 3874 4522 ejus

2292 4547 2496 4592 tantam
2535 4538 2821 4594 resistendi
2873 4539 3101 4594 contulit
3143 4540 3406 4611 gratiam,
3463 4549 3519 4594 et
3569 4542 3873 4598 revincendi

2289 4628 2519 4698 praebuit
2557 4629 2834 4694 virtutem,
2866 4635 2926 4682 ut
2977 4641 3136 4685 nemo
3165 4637 3356 4685 contra
3395 4645 3519 4685 eum
3569 4630 3772 4688 audeat
3799 4633 3872 4686 in-

2291 4733 2533 4791 surgere.

2361 4855 2470 4912 Oro
2517 4863 2720 4921 autem,
2779 4855 3160 4912 sacratissima:
3205 4856 3443 4928 virgines
3500 4854 3734 4922 Christi,
3789 4871 3870 4911 re.

2284 4948 2412 5003 stris
2437 4947 2920 5003 intervenientibus
2951 4948 3174 5010 meritis,
3205 4956 3263 5002 ut
3290 4948 3380 5017 qui
3407 4948 3482 5002 illi
3509 4957 3722 5004 tantam
3748 4965 3872 5020 pra:-

2285 5040 2421 5094 stitit
2446 5039 2658 5094 dicendi
2690 5040 2938 5108 peritiam
2967 5050 3021 5094 et
3051 5039 3354 5095 debellandi
3384 5039 3743 5094 adversarios
3772 5039 3872 5094 for-

2283 5131 2564 5184 titudinem
2595 5168 2610 5193 ,
2681 5130 2809 5184 mihi
2855 5143 3069 5200 quoque
3133 5128 3264 5184 dare
3310 5128 3566 5199 dignetur
3619 5127 3866 5199 loquendi

2283 5221 2533 5292 gratiam,
2563 5229 2618 5275 ct
2652 5235 2773 5290 qua:
2820 5220 2980 5289 digna
3027 5227 3156 5273 sunt
3190 5218 3317 5272 huic
3357 5219 3621 5289 mysterio
3659 5219 3867 5287 aperire

2284 5312 2338 5367 in
2381 5311 2586 5383 Spiritu
2627 5312 2890 5378 veritatis,
2930 5320 3196 5381 quatenus
3242 5310 3367 5365 hinc
3410 5310 3535 5364 inde
3562 5325 3664 5377 per
3693 5325 3792 5364 vos
3817 5318 3866 5362 et

2285 5413 2502 5476 propter
2547 5419 2662 5469 vos,
2711 5418 2743 5458 ο
2793 5414 3054 5459 matrona:
3099 5402 3322 5468 Christi,
3377 5402 3571 5472 dignus
3623 5401 3866 5456 inveniar

2283 5503 2585 5563 tantopere,
2639 5493 2731 5562 qui
2785 5493 2920 5548 meis
2974 5491 3137 5547 nullis
3187 5489 3453 5561 sull‘ragor
3505 5489 3760 5553 meritis,
3811 5497 3867 5542 ut

2284 5593 2407 5655 apte
2462 5582 2749 5638 defendere
2811 5598 3004 5654 queam
3064 5581 3253 5636 matris
3321 5578 3532 5635 Domini
3589 5577 3697 5632 mei
3763 5591 3861 5646 pu-

2281 5673 2564 5741 dicitiam,
2629 5682 2694 5743 et.
2731 5689 2836 5730 non
2887 5689 3018 5729 sane
3075 5670 3421 5730 credentibus
3480 5670 3720 5739 pandere
3773 5681 3865 5722 vce
