4148 6344
284 211 416 276 4581

1369 211 1452 266 DE
1486 211 1717 267 PARTU
1758 211 2075 268 VlRGlNlS.
2113 245 2182 255 —
2219 215 2348 269 LIB.
2388 216 2428 270 1.

3403 219 3535 277 1582

279 333 521 395 ritatem,
547 334 606 382 ut
623 327 945 398 resipiscant
964 333 1018 381 et
1039 322 1378 393 cessentjam
1405 320 1544 375 ultra
1575 320 1722 390 loqui
1743 319 1848 374 l'al-
1875 321 1938 390 A’
1953 321 2132 392 aliquo
2161 324 2284 379 lzcsa
2314 335 2458 380 esset
2483 325 2597 394 ejus
2649 327 2949 398 integritas.
2979 327 3084 382 Sed
3117 328 3240 397 quia
3284 330 3337 384 in
3386 332 3534 390 nullo

281 423 520 479 άωωω.

350 511 548 565 Dicunt
579 517 760 564 autem
806 509 947 580 quod
993 523 1100 564 non
1145 506 1304 562 aliter
1349 513 1508 561 natus
1539 505 1645 560 dici
1694 510 1859 574 queat

278 599 528 655 Christus
570 598 673 652 nisi
715 613 869 668 aequa
913 606 1060 652 sorte
1101 605 1306 651 natura:
1335 605 1394 649 ut
1440 595 1662 660 caeteri;
1701 594 1858 663 quasi

278 709 432 763 aequa
454 692 758 748 conditione
796 691 851 744 in
899 689 1193 759 Scripturis
1243 687 1438 743 divinis
1467 702 1680 758 semper
1717 685 1858 740 nati-

277 787 418 841 vitas
443 799 565 840 esse
591 784 822 848 dicatur,
847 797 970 837 cum
997 781 1153 851 longe
1203 780 1307 834 alia
1337 780 1408 834 sit
1452 780 1554 834 ista
1604 778 1859 832 nativitas

279 875 523 932 omnium
568 887 674 942 qua
699 872 801 926 sub
843 878 990 926 sorte
1032 869 1426 925 maledictionis
1455 875 1768 930 nascuntur,
1805 874 1861 920 et

281 964 385 1020 alia
408 964 454 1018 si
476 963 585 1017 Eva
606 977 714 1016 non
735 969 1046 1030 peccasset:
1070 961 1194 1029 quia
1218 959 1320 1013 ista
1348 958 1448 1013 sub
1473 956 1756 1011 maledicto
1775 963 1858 1010 est

280 1061 336 1108 et
359 1065 632 1116 erumna;
679 1048 769 1104 illa
807 1059 989 1102 autem
1035 1056 1146 1102 tota
1193 1047 1248 1101 in
1296 1045 1426 1101 ﬁore
1470 1045 1859 1100 benedictionis

281 1143 516 1198 fructum
540 1141 757 1196 aﬁ'erret
779 1141 896 1195 sine
919 1139 1120 1210 gemitu
1148 1150 1201 1192 et
1224 1137 1425 1192 dolore.
1454 1137 1626 1201 Unde,
1652 1151 1854 1205 quasso,

282 1234 473 1290 saltem
518 1233 662 1286 illam
695 1231 784 1286 isti
815 1232 1113 1286 concedant
1162 1229 1501 1284 nativitatem
1530 1228 1745 1284 Christo
1791 1228 1858 1283 de

284 1324 452 1379 Maria
522 1323 765 1393 Virgine,
834 1336 942 1390 qua
1007 1329 1357 1374 nascerentur
1419 1319 1687 1374 communi
1743 1317 1858 1386 lege

283 1428 473 1471 omnes
505 1413 552 1467 si
599 1427 707 1466 non
753 1419 1032 1481 peccasset
1064 1409 1190 1474 Eva,
1247 1423 1368 1480 qua:
1408 1423 1552 1462 nunc
1602 1407 1857 1462 nativitas

281 1517 410 1562 nota
437 1514 524 1560 est
573 1505 675 1580 soli
710 1505 841 1572 Deo,
892 1512 947 1558 et
991 1503 1174 1573 ignota
1229 1503 1368 1558 forte
1416 1502 1750 1566 hominibus;
1801 1510 1857 1556 et

283 1611 392 1651 non
446 1593 724 1650 ascribant
767 1593 816 1647 ei
865 1592 1168 1656 maledicta,
1199 1591 1448 1660 gemitus,
1487 1600 1541 1645 et
1586 1605 1856 1645 aerumnas

1957 421 2040 466 est
2068 412 2297 468 violatus
2325 416 2498 484 pudor
2524 416 2818 486 virgineus,
2874 433 3046 486 neque
3074 416 3193 473 fons
3247 419 3300 474 in
3349 422 3532 492 aliquo

1956 501 2280 572 resignatus,
2333 505 2518 572 procul
2549 506 2712 560 dubio
2737 514 2884 575 patet
2910 523 3123 572 sensus,
3179 511 3303 579 quia
3352 512 3536 569 clauso

1956 607 2112 652 utero
2157 599 2225 652 ad
2271 614 2369 654 nos
2393 600 2560 665 venit,
2617 601 2756 654 sicut
2791 599 2970 668 januis
3021 603 3216 657 clausis
3262 605 3535 675 ingressus

1957 697 2040 744 est
2067 689 2134 741 ad
2174 689 2480 758 discipulos.
2534 690 2810 759 Siquidem
2858 699 3106 760 aspectus
3147 692 3531 763 discipulorum

1956 786 2243 847 utrumque
2296 787 2422 832 tunc
2478 781 2770 848 probavit,
2834 781 3042 836 scilicet
3091 783 3234 850 quod
3289 792 3344 839 et
3390 784 3537 840 fores

1957 870 2154 924 clausae
2197 880 2399 936 essent,
2441 880 2497 925 et
2542 871 2682 939 quod
2742 871 3000 925 Dominus
3047 886 3146 941 per
3189 875 3405 928 easdem
3449 877 3535 930 in-

1958 960 2160 1013 troiens
2183 973 2368 1012 coram
2412 960 2492 1014 eis
2528 975 2766 1028 praesens
2807 969 3028 1026 astarct,
3069 961 3147 1016 sic
3197 971 3248 1017 et
3281 963 3413 1018 ﬁdes
3441 980 3537 1020 no-

1958 1057 2066 1103 stra
2096 1057 2382 1118 utrumque
2405 1050 2470 1103 de
2507 1049 2724 1104 Christo
2762 1050 3127 1104 certissimum
3181 1059 3342 1116 tenet,
3393 1054 3537 1122 quod

1957 1151 2012 1196 et
2030 1143 2214 1211 pervia
2246 1140 2408 1195 fuerit
2430 1141 2547 1210 ejus
2575 1141 2858 1211 integritas
2894 1149 3150 1196 nascente
3193 1142 3420 1198 Domino
3467 1159 3536 1200 ex.

1957 1247 2045 1298 ea,
2074 1241 2128 1286 et
2164 1241 2342 1286 tamen
2385 1242 2571 1286 uterus
2619 1247 2726 1286 non
2757 1231 2916 1286 fuerit
2961 1240 3250 1287 reseratus.
3281 1232 3534 1303 Alioquin

1957 1325 2226 1393 quomodo
2257 1323 2494 1378 clausum
2527 1323 2631 1377 dici
2661 1331 2838 1393 potest
2862 1323 3221 1392 permansisse
3250 1325 3392 1392 quod
3417 1325 3533 1379 vio-

1957 1415 2126 1469 latum
2157 1417 2275 1470 est?
2299 1415 2405 1469 Aut
2429 1415 2700 1485 quomodo
2738 1415 2855 1469 sine
2880 1415 3062 1468 dolore
3089 1422 3146 1468 et
3171 1415 3287 1469 sine
3329 1415 3531 1485 gemitu

1957 1521 2220 1578 puerpera
2276 1507 2524 1575 peperit,
2602 1506 2647 1560 si
2699 1521 2849 1559 more
2911 1514 3229 1560 creterorum
3305 1507 3533 1560 femina-

1958 1613 2078 1652 rum
2103 1598 2310 1652 vexatis
2353 1597 2652 1652 visceribus
2698 1597 2864 1649 ﬁlium
2909 1597 3109 1651 edidit?
3151 1596 3285 1650 Etsi
3318 1596 3393 1650 ita
3438 1611 3534 1666 pa-

284 1702 383 1757 pro
410 1686 604 1756 gaudio
632 1684 790 1739 matri
838 1683 1098 1738 attulisse.
1148 1683 1276 1750 Qua:
1315 1691 1462 1737 tanto
1495 1682 1665 1752 magis
1690 1680 1851 1752 Virgo

1963 1690 2076 1752 tuit,
2115 1697 2176 1743 ut
2218 1689 2407 1754 aiunt,
2454 1687 2725 1756 quomodo
2770 1685 2951 1740 clausa
2989 1686 3288 1756 permansit
3327 1695 3388 1740 ut
3433 1685 3535 1741 fuit

282 1775 454 1831 libera
478 1775 579 1830 fuit
621 1790 653 1828 a
698 1774 1040 1844 corruptione
1062 1772 1350 1842 passionis,
1379 1788 1410 1825 a
1439 1772 1624 1827 dolore
1651 1771 1852 1838 carnis,

282 1881 315 1921 a
344 1867 590 1922 sordibus
619 1864 940 1935 ignominias,
975 1869 1177 1932 quanto
1203 1862 1375 1931 gratia
1402 1859 1560 1932 plena
1597 1868 1651 1914 ct
1677 1861 1855 1915 incor-

282 1966 462 2026 rupta,
512 1967 712 2026 quanto
768 1954 971 2025 Spiritu
1025 1961 1214 2009 sancto
1268 1954 1513 2008 dedicata
1558 1963 1612 2009 et
1655 1955 1856 2008 virtute

282 2048 465 2103 divina
497 2048 835 2103 adumbrata.
882 2045 1054 2101 Habet
1099 2045 1242 2100 enim
1288 2045 1522 2114 Spiritus
1550 2055 1770 2100 sanctus
1799 2046 1855 2098 i-n

280 2155 341 2196 se
363 2155 610 2196 recessus
637 2153 783 2203 suos,
819 2139 1015 2208 quibus
1055 2139 1228 2194 modis
1270 2138 1480 2193 dicatur
1507 2138 1760 2192 nativitas
1799 2138 1855 2192 in

282 2233 577 2304 Scripturis
623 2232 811 2298 sacris,
845 2240 901 2287 et
928 2231 1123 2302 quibus
1151 2230 1452 2286 occultetur
1474 2231 1684 2299 legibus
1710 2245 1856 2285 sem-

279 2326 527 2396 piternis.
555 2325 674 2380 Alia
703 2341 936 2395 namque
973 2333 1058 2380 est
1083 2325 1334 2379 nativitas
1362 2325 1550 2380 carnis
1575 2324 1642 2378 de
1668 2337 1851 2389 carne,

275 2417 384 2471 alia
407 2419 500 2473 Dei
526 2419 592 2473 de
621 2420 752 2483 Deo,
784 2426 838 2472 et
863 2417 967 2472 alia
997 2417 1358 2488 quarumlibet
1388 2434 1567 2473 rerum
1604 2418 1853 2472 innume-

277 2507 552 2562 rabilium.
599 2508 667 2562 Et
704 2517 884 2563 tamen
935 2524 1121 2562 eorum
1151 2509 1390 2562 omnium
1429 2525 1536 2564 non
1586 2524 1725 2562 unus
1773 2514 1857 2564 est

277 2597 470 2652 modus
496 2599 772 2663 nascendi,
800 2613 973 2667 neque
1012 2614 1150 2652 unus
1182 2613 1369 2653 eorum
1404 2601 1537 2654 ordo
1566 2599 1852 2664 existendi,

273 2686 526 2756 quamvis
567 2687 820 2741 nativitas
867 2688 921 2740 in
964 2687 1188 2756 singulis
1229 2703 1382 2756 teque
1407 2689 1619 2743 dicatur
1657 2688 1856 2758 quibus

275 2775 504 2846 estjure
534 2779 872 2842 attributum,
919 2787 977 2832 ut
1014 2779 1125 2832 nati
1156 2779 1221 2833 de
1265 2779 1434 2834 altero
1481 2780 1750 2845 dicantur,
1791 2795 1856 2834 ac

275 2882 379 2937 per
411 2869 512 2922 hoc
556 2868 792 2937 quolibet
842 2869 1001 2923 modo
1043 2869 1107 2924 de
1136 2868 1302 2923 Maria
1353 2871 1572 2941 Virgine
1606 2870 1854 2926 Christus

275 2969 424 3014 recte
449 2968 607 3015 natus
652 2961 912 3025 creditur,
935 2961 1058 3030 quia
1083 2976 1147 3016 ex
1175 2976 1239 3016 ea
1276 2977 1495 3016 carnem
1543 2963 1850 3032 assumpsit.

277 3047 702 3104 Nativitas'vero
729 3050 840 3120 ipsa
863 3049 1130 3119 quomodo
1153 3050 1219 3104 ad
1240 3064 1338 3105 nos
1361 3051 1574 3116 exierit,
1604 3061 1855 3106 utrumne
1883 3021 1927 3083 θ’

275 3154 339 3193 ea
367 3140 672 3194 conditione
700 3156 804 3209 qua
835 3140 942 3194 Eva
979 3140 1278 3209 peperisset
1325 3141 1370 3195 si
1411 3157 1515 3196 non
1551 3150 1853 3211 peccasset,

277 3243 348 3280 an
407 3227 692 3298 gloriosus,
755 3228 878 3297 quia
931 3227 1101 3282 Deum
1158 3236 1211 3283 et
1255 3229 1528 3283 hominem
1570 3230 1752 3300 genuit
1803 3237 1858 3286 et

284 3317 440 3388 virgo
484 3319 798 3387 permansit,
842 3317 985 3388 quod
1036 3317 1126 3371 illa
1170 3333 1276 3372 non
1328 3327 1491 3383 esset,
1544 3334 1720 3388 neque
1773 3333 1860 3373 re.

277 3408 439 3477 liqua:
483 3409 608 3462 dum
655 3416 949 3478 parerent,
1013 3407 1280 3478 superﬂue
1322 3409 1595 3478 quaeritur.
1646 3409 1704 3464 In
1752 3425 1860 3480 quo

276 3511 444 3568 opere
475 3512 634 3552 nemo
672 3506 984 3553 sanctorum
1033 3497 1203 3552 voluit
1240 3498 1506 3563 dubitare,
1551 3498 1645 3554 sed
1675 3500 1860 3554 catho-

277 3588 383 3643 lica
430 3587 536 3642 ﬁde
569 3589 672 3643 hoc
710 3597 919 3643 certum
949 3601 1136 3642 omnes
1177 3588 1492 3657 praedicant,
1519 3587 1642 3656 quia
1673 3602 1774 3643 nec
1804 3588 1860 3643 in

277 3680 480 3734 delicto
517 3679 781 3749 concepit,
813 3694 911 3733 nec
941 3678 995 3732 in
1039 3678 1234 3733 delicto
1281 3687 1334 3733 et
1379 3678 1562 3734 dolore
1590 3695 1713 3733 cum
1744 3694 1863 3734 cor-

279 3770 532 3840 ruptione
556 3771 784 3840 peperit,
814 3785 986 3840 neque
1027 3770 1272 3826 Christus
1298 3786 1364 3824 ex
1410 3786 1474 3826 ea
1522 3771 1689 3826 ullum
1736 3787 1864 3842 pec-

280 3871 464 3915 catum
498 3861 676 3914 traxit.
729 3860 880 3928 Quod
916 3861 960 3915 si
1003 3876 1071 3915 ex
1115 3877 1178 3916 ea
1213 3870 1492 3931 peccatum
1526 3878 1634 3918 non
1675 3863 1861 3928 traxit,

280 3966 383 4006 nec
415 3951 651 4016 admisit,
684 3951 808 4020 quia
837 3951 996 4005 nullis
1021 3952 1347 4006 cruciatibus
1369 3953 1422 4006 in
1451 3951 1723 4007 nascendo
1747 3967 1863 4006 ma-

281 4040 386 4094 tris
415 4039 921 4109 vexavitpndorem,
947 4055 1122 4110 neque
1142 4041 1196 4095 in
1223 4040 1400 4110 aliquo
1418 4039 1533 4109 ejus
1553 4055 1863 4096 commacu-

281 4131 418 4185 lavit
439 4132 820 4204 virginitatem.

356 4233 472 4287 Non
507 4232 735 4287 dicimus
759 4233 962 4303 itaque,
1010 4240 1070 4286 ut
1107 4233 1276 4298 aiunt,
1325 4234 1465 4303 quod
1522 4243 1866 4292 monstruose

1956 1790 2244 1850 antequam
2272 1779 2534 1848 pareret?
2574 1778 2683 1833 Nec
2728 1779 2872 1832 enim
2900 1776 3080 1845 januze
3137 1777 3241 1831 illa:
3285 1785 3536 1847 penetra-

1954 1870 2174 1926 biliores
2198 1878 2355 1923 erant
2400 1868 2610 1930 clausze,
2644 1881 2806 1937 quam
2851 1875 3037 1921 uterus
3089 1867 3315 1936 virginis
3356 1867 3535 1921 incor-

1956 1967 2163 2029 ruptus.
2214 1957 2422 2012 ldcirco
2459 1973 2567 2012 non
2600 1957 2697 2011 abs
2739 1971 2798 2010 re
2841 1956 3081 2011 creditur
3107 1958 3174 2011 ad
3215 1972 3312 2011 nos
3352 1957 3537 2011 Domi-

1954 2064 2082 2104 num
2113 2049 2190 2102 sic
2215 2048 2414 2113 exisse,
2451 2056 2511 2102 ut
2545 2047 2797 2102 nativitas
2823 2046 3022 2102 Christi
3051 2047 3118 2100 de
3149 2061 3311 2102 carne
3362 2047 3538 2117 Virgi-

1955 2139 2040 2193 nis
2092 2140 2434 2207 probaretur,
2483 2146 2538 2193 et
2585 2138 2737 2207 virgo
2795 2136 2955 2192 nullis
2998 2137 3328 2192 cruciatibus
3369 2150 3532 2191 vexa-

1955 2238 2125 2296 retur.

2023 2320 2187 2375 Forte
2226 2321 2422 2375 dicturi
2452 2330 2578 2376 sunt
2617 2320 2730 2384 isti,
2776 2317 2918 2388 quod
2959 2333 3156 2388 corpus
3198 2318 3312 2388 jam
3357 2317 3535 2372 incor-

1955 2410 2206 2481 ruptibile
2232 2419 2288 2464 et
2313 2410 2619 2466 immortale
2639 2409 2830 2464 exilius
2860 2416 3006 2464 esset
3033 2407 3097 2462 ad
3136 2407 3532 2477 penetrandum

1955 2519 2062 2572 quo
2101 2503 2281 2569 vellet,
2315 2518 2479 2573 quam
2506 2511 2655 2557 esset
2682 2501 2832 2570 prius
2883 2508 3172 2568 antequam
3208 2505 3535 2568 resurgeret.

1956 2593 2303 2664 Nequaquam
2328 2594 2492 2665 igitur
2521 2595 2624 2647 hoc
2649 2592 2780 2646 dicit
2820 2591 3048 2660 quisque
3075 2590 3167 2660 qui
3193 2603 3324 2644 sane
3353 2589 3493 2659 sapit
3520 2605 3535 2642 :

1955 2687 2080 2758 quia
2102 2703 2170 2741 ex
2200 2701 2306 2756 quo
2344 2695 2634 2755 conceptus
2667 2694 2751 2741 est
2784 2685 2967 2751 homo,
3013 2684 3155 2739 idem
3200 2699 3412 2754 semper
3441 2683 3536 2753 qui

1955 2788 2080 2834 ante
2111 2779 2252 2834 Deus
2297 2779 2419 2833 fuit.
2472 2779 2624 2834 Unde
2671 2779 2887 2848 quando
2933 2793 3095 2847 super
3138 2779 3310 2832 undas
3358 2792 3541 2846 :equo-

1956 2883 2078 2922 reas
2111 2868 2404 2922 ambulavit
2455 2879 2579 2922 ante
2626 2883 2931 2937 passxonem
2955 2907 2968 2932 ,
3009 2882 3118 2921 non
3153 2867 3331 2921 minus
3376 2868 3541 2922 homo

1957 2974 2118 3028 quam
2156 2959 2298 3012 Deus
2332 2958 2454 3012 fuit.
2494 2958 2646 3024 Quod
2677 2959 2724 3012 si
2759 2959 2826 3012 ad
2855 2967 3106 3012 naturam
3153 2958 3411 3026 respicias
3455 2972 3543 3012 re-

1961 3067 2101 3114 rum,
2134 3060 2225 3104 aut
2255 3065 2449 3120 corpus
2481 3052 2594 3106 sine
2625 3049 2863 3120 pondere
2891 3051 3056 3115 vexit,
3089 3057 3184 3103 aut
3227 3050 3398 3105 undas
3443 3065 3542 3105 sua

1959 3143 2196 3212 potentia
2223 3157 2330 3212 quo
2363 3143 2689 3198 sustinerent
2720 3155 2745 3184 ει
2773 3143 2980 3212 pondus
3004 3141 3245 3210 corporis
3295 3141 3541 3206 solidius,

1961 3232 2316 3287 conﬁrmavit.
2361 3233 2429 3286 Et
2481 3234 2620 3296 ideo,
2672 3239 2728 3285 ut
2775 3231 2963 3285 beatus
3013 3230 3305 3300 Gregorius
3353 3230 3430 3283 ait
3487 3231 3542 3284 in

1959 3321 2197 3376 homiliis
2222 3322 2333 3392 suis
2357 3321 2581 3392 (Ilomil.
2608 3319 2776 3389 xxvr),
2801 3320 3176 3389 Redemptoris
3199 3319 3546 3388 nostriopera

1959 3429 2079 3484 qua:
2100 3429 2168 3468 ex
2189 3413 2497 3482 semetipsis
2521 3411 2903 3482 comprehendi
2927 3425 3265 3480 nequaquam
3291 3417 3541 3478 possunt,

1961 3520 2028 3560 ex
2052 3505 2156 3560 alia
2185 3503 2302 3573 ejus
2328 3503 2640 3574 Operatione
2665 3501 2939 3571 pensanda
2957 3508 3102 3567 sunt,
3127 3501 3362 3555 utrebus
3383 3500 3549 3555 mira-

1960 3596 2156 3651 bilibus
2181 3595 2339 3649 ﬁdem
2368 3594 2647 3664 prtebeant
2669 3592 2807 3648 facta
2838 3592 3188 3646 mirabiliora.
3221 3591 3354 3647 Illud
3375 3592 3542 3659 enim,

1963 3687 2155 3757 inquit,
2183 3701 2376 3755 corpus
2405 3685 2616 3740 Domini
2648 3685 2872 3739 intravit
2917 3684 2983 3737 ad
3014 3683 3324 3753 discipulos,
3362 3684 3546 3755 januis

1963 3775 2182 3842 clausis,
2213 3775 2356 3844 quod
2379 3774 2627 3829 videlicet
2663 3775 2729 3829 ad
2759 3775 3023 3828 humanos
3065 3773 3251 3829 oculos
3301 3789 3399 3844 per
3451 3789 3550 3828 na-

1965 3867 2228 3921 tivitatem
2275 3880 2429 3920 suam
2464 3864 2648 3920 clauso
2688 3864 2821 3919 exiit
2867 3871 3025 3918 utero
3064 3863 3310 3932 virginis.
3343 3863 3546 3918 Deinde

1965 3957 2113 4012 addit
2146 3973 2158 4010 :
2194 3955 2332 4023 Quid
2367 3971 2494 4027 ergo
2519 3957 2716 4010 mirum
2760 3956 2805 4010 si
2839 3955 3040 4011 clausis
3084 3954 3265 4025 januis
3311 3963 3433 4026 post
3459 3970 3547 4010 re-

1963 4046 2354 4103 surrectionem
2393 4062 2546 4102 suam
2590 4048 2645 4101 in
2668 4055 2933 4103 aeternum
2966 4046 3079 4118 jam
3107 4049 3349 4102 victurus
3382 4048 3552 4103 intra-

1964 4141 2063 4206 vit,
2107 4140 2200 4210 qui
2251 4140 2546 4195 moriturus
2580 4140 2802 4196 veniens
2846 4156 2952 4196 non
3003 4148 3191 4212 aperto
3237 4150 3393 4195 utero
3435 4139 3549 4194 vir-

1968 4233 2110 4304 ginis
2136 4233 2342 4288 exivit?
2393 4231 2531 4288 Ecce
2575 4239 2755 4286 tantus
2800 4233 3030 4302 talisque
3059 4232 3250 4287 doctor
3293 4239 3350 4286 et
3398 4247 3549 4286 sum-

283 4325 359 4380 sit
391 4334 568 4388 natus,
600 4323 692 4378 sed
741 4325 881 4378 sicut
925 4325 1308 4394 praasignatum
1335 4334 1418 4380 est
1464 4327 1592 4380 olim
1639 4328 1693 4382 in
1740 4343 1868 4397 pro-
1895 4363 1945 4422 Β
1969 4340 2090 4379 mus
2117 4323 2356 4395 pontifex
2384 4325 2449 4379 de
2478 4324 2583 4378 hoc
2623 4323 2750 4392 quid
2799 4323 3061 4387 senserit,
3091 4322 3182 4392 qui
3210 4336 3396 4376 omnes
3427 4330 3555 4376 ante

283 4415 485 4486 pinetis,
544 4422 599 4468 et
649 4414 905 4468 traditum
935 4422 1018 4468 est
1051 4415 1207 4469 nobis
1253 4431 1285 4470 a
1340 4418 1541 4472 sanctis
1592 4417 1860 4486 Patribus,

285 4506 433 4575 quod
461 4506 571 4574 ipsa
593 4506 662 4559 sit
691 4513 846 4573 porta
872 4520 990 4574 quae
1014 4515 1228 4560 ostensa
1252 4514 1334 4561 est
1357 4509 1643 4574 Ezechieli,
1672 4511 1736 4566 de
1760 4526 1866 4580 qua

286 4597 455 4651 dicit:
487 4594 601 4649 Vidi
615 4607 816 4666 portam
837 4599 891 4650 in
913 4597 1065 4651 domo
1079 4597 1311 4663 Domini,
1327 4609 1372 4652 et
1395 4600 1504 4652 lucc
1526 4599 1863 4670 eraqclausa;

285 4698 338 4741 et
370 4689 449 4742 vir
477 4704 578 4741 non
603 4688 819 4741 transiet
848 4704 938 4757 per
961 4703 1109 4750 eam;
1138 4690 1264 4757 quia
1285 4688 1540 4743 Dominus
1563 4688 1702 4743 Deus
1723 4706 1869 4744 exer-

284 4781 492 4834 cituum
517 4780 777 4850 ingressus
809 4789 884 4834 est
909 4795 1000 4850 per
1045 4797 1160 4834 eam
1208 4778 1421 4851 (Ezech.
1465 4797 1611 4847 XLIV,
1661 4781 1738 4852 2).
1793 4782 1868 4837 Dc

283 4887 400 4940 qua
424 4879 576 4939 porta
625 4872 814 4925 beatus
859 4871 1180 4926 Ambrosius
1219 4871 1272 4925 in
1316 4873 1503 4926 eodem
1551 4874 1770 4944 hymno,
1807 4875 1873 4928 de

285 4979 403 5032 quo
426 4962 557 5024 dixi,
583 4978 742 5032 quem
763 4963 815 5016 in
842 4963 1045 5015 honore
1068 4962 1446 5016 sacratissima:
1469 4961 1706 5034 Virginis
1726 4978 1876 5018 com-

281 5055 477 5125 posuit
497 5073 518 5126 ,ε
547 5055 632 5109 Fit
657 5062 830 5124 porta,
851 5053 1043 5123 inquit,
1061 5052 1262 5107 Christi
1286 5055 1490 5123 pervia,
1510 5055 1706 5110 referta
1720 5056 1875 5126 plena

286 5146 493 5216 gratia,
531 5145 830 5214 transitque
862 5145 975 5199 Rex
1007 5153 1060 5198 et
1095 5152 1378 5214 permanet
1408 5145 1614 5211 clausa,
1643 5155 1699 5204 ut
1752 5146 1870 5211 fuit,

287 5250 399 5306 per
434 5234 647 5289 saecula.
683 5233 823 5304 Ergo
853 5249 974 5289 cum
1014 5233 1144 5288 dicit
1175 5232 1235 5286 ﬁt
1287 5235 1496 5302 pervia,
1525 5237 1874 5306 semetipsum

282 5323 523 5393 exponit
545 5330 599 5378 et
643 5321 879 5377 ostendit
910 5321 1192 5375 transitum
1220 5322 1518 5379 nativitatis
1551 5323 1667 5393 ejus
1698 5343 1712 5392 ;
1751 5341 1875 5381 cum

285 5413 434 5468 dicit
483 5421 764 5482 permanet
793 5410 998 5476 clausa,
1043 5411 1280 5466 ostendit
1329 5412 1681 5482 adimpletum
1731 5417 1873 5483 quod

279 5510 422 5559 erat
450 5501 502 5555 in
533 5499 828 5571 prophetis.
859 5499 1053 5555 Clausa
1085 5499 1246 5569 igitur
1292 5517 1398 5556 non
1429 5503 1718 5570 diceretur,
1747 5506 1792 5559 si
1820 5507 1874 5560 in

1971 4429 2030 4471 se
2055 4415 2259 4484 legerat
2280 4424 2387 4468 tam
2427 4413 2648 4468 Latinos
2669 4428 2831 4480 quam
2856 4419 2912 4466 et
2935 4411 3152 4466 Grmcos
3178 4411 3407 4466 eximios
3440 4419 3553 4464 tra-

1972 4514 2230 4562 ctatores.
2260 4505 2398 4559 Ecce
2440 4519 2506 4557 ex
2538 4504 2639 4558 hoc
2663 4518 2770 4556 uno
2814 4501 2958 4571 quod
2987 4501 3118 4556 nulli
3162 4501 3384 4556 dubium
3432 4515 3557 4554 esse

1975 4597 2222 4662 credidit,
2255 4597 2515 4667 approbat
2538 4596 2681 4666 quod
2711 4596 2849 4650 forte
2879 4596 3101 4650 dubium
3153 4611 3276 4652 esse
3316 4604 3551 4665 poterat.

1977 4686 2147 4740 Nemo
2167 4686 2332 4756 igitur
2357 4685 2448 4754 qui
2479 4701 2608 4739 sane
2642 4686 2804 4755 sapit,
2831 4686 2899 4740 de
2928 4699 2986 4740 re
3014 4687 3239 4740 multum
3272 4686 3434 4741 dubia
3469 4687 3553 4739 in-

1979 4785 2185 4833 certum
2231 4775 2434 4844 aliquid
2486 4773 2753 4829 alﬁrmare
2801 4776 3098 4831 contendit.
3133 4775 3284 4830 Unde
3313 4775 3438 4845 quia
3490 4776 3558 4830 de

1977 4869 2071 4922 illo
2108 4883 2333 4937 corpore
2367 4868 2512 4937 quod
2557 4868 2727 4924 videri
2781 4878 3014 4938 poterat,
3052 4869 3185 4924 ﬁdes
3230 4870 3555 4924 intuentium

1977 4961 2257 5015 dubitabat
2295 4960 2421 5014 dum
2465 4958 2612 5015 fores
2650 4961 2944 5016 cernebant
2988 4959 3200 5014 clausas
3225 5000 3239 5024 ,
3297 4961 3562 5030 magister

1978 5051 2223 5107 veritatis
2271 5053 2338 5107 ab
2362 5052 2442 5107 eis
2466 5067 2684 5108 omnem
2711 5052 2889 5106 aul‘ert
2933 5051 3287 5116 dubietatem,
3322 5065 3442 5104 cum
3477 5051 3560 5106 eis

1980 5161 2173 5201 manus
2201 5154 2257 5200 et
2285 5145 2426 5201 latus
2472 5146 2692 5216 palpare
2724 5154 2781 5200 et
2833 5145 3014 5200 videre
3054 5142 3228 5213 jubet.
3260 5143 3337 5199 Ita
3376 5151 3432 5200 et
3470 5144 3561 5200 hic

1983 5244 2175 5290 auctor
2207 5236 2454 5307 egregius
2484 5238 2549 5292 de
2577 5238 2679 5292 hoc
2725 5236 2867 5307 quod
2897 5234 3152 5290 omnibus
3181 5234 3236 5289 in
3275 5249 3561 5291 commune

1981 5309 2332 5384 certumesse
2376 5329 2627 5394 Credidit,
2679 5343 2794 5382 rem
2830 5325 2986 5380 valde
3029 5323 3299 5380 difﬁcilem
3328 5326 3560 5380 astruxit

1982 5429 2036 5473 et
2081 5419 2336 5485 ﬁrmavit,
2367 5420 2510 5490 quod
2554 5433 2752 5490 corpus
2781 5417 3122 5472 Dominicum
3154 5424 3274 5487 post
3315 5431 3560 5472 resurre-

1979 5510 2214 5564 ctionem
2255 5509 2436 5578 januis
2482 5509 2682 5564 clausis
2722 5508 3017 5572 introierit,
3067 5505 3334 5575 fueritque
3381 5507 3562 5561 incor-

375 5627 404 5660 ι
443 5613 558 5681 Quo
575 5613 906 5670 sustinerent.
934 5612 1010 5667 Ita
1030 5613 1460 5681 emendavimus;
1486 5632 1608 5672 nam
1625 5627 1880 5690 corrupte
1913 5619 2190 5690 legebatur
2211 5637 2310 5690 quo
2335 5623 2608 5675 sustinere.
