4148 6344
619 285 757 346 1583

1438 277 1497 334 S.
1536 275 1893 334 PASCIIASII
1930 272 2277 330 RADBERTI
2314 268 2605 328 ABBATIS
2640 266 3086 325 CORBEIENSIS

3758 270 3892 328 1385

615 397 872 470 ruptibile
919 398 1037 469 pari
1090 397 1252 453 modo
1296 405 1352 452 et
1385 395 1673 468 palpabile.
1723 395 1926 450 Tamen
1956 394 2198 464 quolibet
2226 400 2275 458 Α,
2304 401 2470 447 tatem
2495 391 2707 446 debitus
2737 391 2912 444 honor
2940 389 3132 444 matris
3182 397 3237 445 et
3290 391 3591 457 reverentia
3645 383 3909 462 pudoris.l

615 501 778 564 pacto
817 491 1092 560 ingressus
1131 503 1200 542 ex
1247 487 1540 558 Evangelio
1586 489 1652 541 ad
1693 485 1986 556 discipulos
2020 483 2202 552 januis

618 581 817 638 clausis
844 579 1125 649 probatur,
1175 577 1314 631 sicut
1363 585 1418 630 et
1455 577 1641 631 clauso
1671 586 1824 630 utero
1855 576 2080 643 virginis
2109 591 2204 629 na-

617 680 727 726 tus.
757 670 908 738 Quod
949 669 995 724 si
1023 677 1183 722 natus
1211 667 1290 722 sic
1313 683 1409 736 per
1433 667 1645 720 vulvam
1669 666 1793 735 jure
1829 666 1934 719 dici
1969 682 2075 721 non
2101 682 2203 735 po-

619 771 746 826 test,
796 771 854 815 ut
899 760 985 814 isti
1033 758 1240 823 volunt,
1283 758 1503 812 omnino
1552 772 1650 811 nec
1705 758 1980 826 ingressus
2009 771 2102 824 per
2120 755 2205 825 ja-

619 871 754 910 nuas
778 871 792 918 ;
822 862 878 907 et
904 864 1083 906 tamen
1105 852 1381 921 ingressus
1403 851 1467 904 ad
1491 864 1586 904 eos
1609 850 1972 914 convincitur,
1990 849 2205 916 quando

620 947 674 1002 in
698 945 874 999 medio
894 959 1082 998 eorum
1116 943 1334 996 stetisse
1360 941 1573 1010 legitur.
1607 941 1759 994 Sicut
1785 949 1837 995 et
1865 939 1931 993 de
1957 939 2206 1009 sepulcro

619 1041 872 1108 egressus
902 1037 1114 1105 signato
1155 1041 1502 1085 monumento
1534 1042 1561 1070 ι
1595 1039 1948 1092 monstratur,
1992 1029 2206 1097 quando

620 1125 842 1196 angelus
877 1124 1104 1179 revolvit
1154 1122 1385 1191 lapidem
1442 1130 1497 1176 et
1545 1136 1772 1175 vacuum
1811 1120 2051 1173 ostendit
2087 1135 2208 1174 mo-

621 1223 957 1271 nomentum.
986 1213 1134 1268 Unde
1161 1212 1364 1280 liquido
1387 1221 1617 1272 constat,
1648 1211 1790 1280 quod
1817 1211 1960 1264 sicut
1984 1225 2208 1264 saxeum

620 1310 751 1365 illud
783 1309 982 1364 ostium
1012 1307 1060 1360 ci
1093 1305 1336 1376 pervium
1367 1314 1422 1358 et
1459 1303 1791 1373 penetrabile
1822 1301 1943 1366 fuit,
1979 1318 2077 1357 nec
2107 1318 2205 1372 po-

621 1402 727 1456 tuit
774 1399 1030 1454 cohibere
1084 1396 1262 1449 vivum
1293 1410 1454 1464 quem
1510 1394 1659 1462 prius
1687 1393 1975 1447 claudebat
2007 1393 2106 1446 sub
2134 1391 2209 1445 si-

621 1491 749 1564 gillo
790 1498 1078 1548 mortuum,
1117 1486 1190 1539 ita
1239 1494 1294 1539 et
1317 1485 1614 1538 claustrum
1657 1483 1900 1536 matricis
1927 1493 2090 1550 atque
2119 1498 2210 1552 ge-

622 1581 788 1637 nitale
838 1578 1066 1648 virginis
1097 1593 1218 1630 cum
1249 1584 1394 1629 esset
1430 1573 1671 1629 clausum
1703 1583 1757 1627 et
1811 1574 2081 1642 signatum
2131 1572 2207 1626 si-

620 1672 745 1744 gillo
777 1671 1014 1740 pudoris,
1053 1683 1173 1721 cum
1208 1667 1410 1735 impleti
1464 1675 1648 1719 essent
1676 1665 1790 1718 dies
1824 1664 2068 1732 pariendi
2101 1678 2207 1717 non

2304 483 2442 538 llinc
2465 496 2678 551 quoque
2702 481 2892 535 beatus
2917 478 3235 534 Ambrosius
3280 482 3608 552 hymnidicis
3641 481 3895 538 laudibus

2305 580 2536 630 testatur
2558 573 2636 643 (in
2663 573 2867 644 hymno
2891 573 2945 626 in
2960 573 3126 626 natali
3148 573 3402 644 Domini),
3419 576 3569 644 quod
3591 573 3896 631 claustrum

2302 666 2524 737 pudoris
2537 665 2981 734 permanserit,et
2992 663 3186 718 vexilla
3199 664 3456 718 virtutum
3472 666 3527 720 in
3541 681 3606 720 ea
3623 665 3895 733 fulserint,

2303 759 2358 814 in
2374 773 2480 828 qua
2497 767 2606 812 tota
2622 757 2876 824 majestas
2892 754 3122 810 Deitatis
3135 757 3400 821 versatur,
3415 772 3701 827 quousque
3723 757 3898 827 pleni-

2305 849 2432 904 tudo
2449 847 2705 916 temporis
2728 845 2944 900 advenit
2959 845 3225 916 pariendi.
3244 845 3386 916 Ergo
3400 846 3452 900 in
3469 861 3575 915 qua
3590 847 3897 904 claustrum

2303 939 2526 1010 pudoris
2540 938 2806 1006 integrum
2823 935 3287 1007 permansit,nulla
3301 936 3564 1007 disruptio
3580 937 3895 998 intervenit.

2306 1033 2448 1087 nulla
2477 1033 2690 1086 vexatio
2715 1032 2918 1095 carnis,
2955 1031 3098 1085 nulla
3127 1030 3342 1086 fmditas
3370 1032 3502 1086 dira:
3529 1031 3884 1087 conditionis.

2306 1122 2376 1177 Et
2403 1124 2454 1176 in
2477 1138 2582 1192 qua
2609 1122 2823 1176 vexillla
2862 1121 3120 1176 virtutum
3148 1123 3436 1187 micarunt,
3464 1122 3670 1176 nullum
3696 1137 3895 1192 pecca-

2310 1222 2419 1268 tum
2447 1215 2635 1282 prima:
2661 1213 2885 1282 originis
2914 1222 2972 1266 ut
2995 1215 3353 1278 cruciaretur,
3382 1215 3568 1283 viguit.
3601 1214 3900 1272 Fulserunt

2309 1316 2490 1361 autem
2541 1305 2737 1360 vexilla
2805 1306 3062 1358 virtutum
3119 1305 3172 1358 in
3230 1305 3323 1360 illo
3377 1321 3534 1360 sacro
3583 1308 3898 1376 puerperio,

2309 1403 2528 1471 quando
2571 1402 2723 1470 virgo
2767 1401 3017 1469 concepit
3060 1401 3178 1455 sine
3224 1402 3451 1466 semine,
3491 1402 3646 1472 virgo
3686 1403 3902 1473 peperit

2311 1494 2428 1547 sine
2469 1491 2652 1546 dolore
2693 1501 2748 1545 et
2787 1491 3012 1561 gemitu,
3044 1502 3099 1544 et
3131 1492 3428 1560 permansit
3473 1493 3628 1562 virgo
3667 1491 3901 1548 fecunda

2311 1581 2477 1650 prole.
2530 1579 2644 1634 Hoc
2683 1581 2880 1649 quippe
2909 1588 2993 1634 est
3028 1581 3322 1634 claustrum
3365 1597 3686 1650 permanere
3731 1583 3904 1652 pudo-

2312 1675 2410 1737 ris,
2442 1674 2494 1727 in
2525 1673 2669 1726 nullo
2697 1673 2948 1727 violatura
2977 1687 3096 1726 esse
3122 1672 3352 1743 genitale
3383 1685 3654 1728 secretum
3681 1673 3828 1742 quod
3848 1674 3900 1728 ei

620 1765 795 1834 potuit
835 1763 1054 1814 obstare
1107 1772 1323 1827 partum
1361 1758 1643 1824 integritas
1684 1755 1945 1824 corporis,
1980 1768 2079 1807 nec
2125 1763 2207 1806 ta-
2243 1753 2284 1810 Β
2314 1763 2414 1817 fuit
2443 1773 2712 1832 apertum.
2751 1761 2864 1816 Non
2903 1763 2953 1817 in
2985 1774 3267 1832 conceptu,
3298 1778 3402 1817 non
3429 1763 3480 1816 in
3504 1772 3684 1832 partu,
3713 1779 3822 1818 non
3845 1765 3899 1820 in

621 1870 743 1907 men
776 1853 918 1922 eguit
949 1850 1206 1912 reserari,
1262 1848 1388 1916 quia
1422 1861 1523 1898 non
1557 1845 1795 1914 oportuit
1823 1853 1880 1896 ut
1914 1853 2060 1896 esset
2092 1851 2207 1895 tor-

621 1953 860 1996 mentum
890 1942 940 1994 ci
971 1941 1060 2010 qui
1104 1949 1223 1994 erat
1254 1940 1426 1991 honor
1459 1939 1648 1988 matris
1675 1946 1730 1988 et
1761 1936 2040 2005 gaudium,
2080 1934 2208 2001 quia

624 2033 732 2086 Deo
765 2041 934 2088 totum
965 2039 1084 2084 erat
1117 2029 1362 2098 pervium
1409 2027 1463 2079 in
1510 2041 1573 2079 ea
1623 2026 1882 2094 quidquid
1913 2035 2032 2078 erat
2063 2023 2210 2077 clau-

623 2139 782 2187 sum,
839 2123 1013 2177 bonor
1061 2136 1190 2175 vero
1229 2121 1353 2188 quia
1385 2126 1555 2170 totum
1606 2127 1724 2172 erat
1773 2116 2032 2170 Deiftcum
2067 2117 2209 2187 quod

625 2226 938 2266 ιιειιιιιιι.....

697 2303 892 2356 Fateor
913 2302 1072 2371 plane
1100 2302 1243 2369 quod
1276 2316 1381 2354 non
1421 2309 1568 2353 tanta
1616 2299 1870 2352 materies
1901 2299 2207 2368 disputandi

625 2395 800 2450 valeat
825 2393 1077 2456 inveniri,
1108 2408 1204 2447 cur
1225 2393 1435 2461 signato
1481 2391 1726 2461 sepulcro
1749 2391 1961 2455 exierit,
1990 2389 2072 2446 vel
2102 2406 2202 2446 cur

623 2487 821 2542 clausis
844 2485 1028 2553 januis
1069 2486 1337 2538 introierit
1373 2485 1439 2538 ad
1473 2484 1789 2552 discipulos,
1827 2493 2029 2553 quanta
2061 2485 2206 2552 quod

623 2579 690 2634 de
737 2578 907 2635 Maria
947 2577 1166 2650 Virgine
1215 2576 1399 2633 clauso
1433 2577 1634 2633 exierit
1683 2586 1855 2632 utero.
1883 2575 1939 2629 ιιι
1976 2575 2082 2631 illis
2135 2575 2212 2631 si-

622 2669 840 2739 quidem
875 2669 1182 2724 declaratur
1221 2668 1399 2722 divina
1449 2667 1726 2736 majestas,
1777 2665 1831 2719 in
1884 2665 1984 2719 hac
2024 2674 2209 2720 autem

625 2771 959 2817 munstratur
1003 2763 1185 2817 divina
1243 2761 1512 2832 dignatio,
1561 2770 1617 2814 ct
1659 2760 1951 2814 secundum
1996 2760 2210 2814 humili-

698 2885 724 2913 ει
751 2871 969 2940 Signata
993 2883 1346 2927 monumento.
1411 2873 1676 2928 Acberius
1703 2872 1947 2927 ediderat
1973 2874 2245 2944 signatus;

623 2947 761 3012 quod
790 2953 992 2996 nutum.

2313 1855 2417 1908 ulla
2451 1855 2765 1908 confusione
2795 1855 3186 1923 parturitionis.
3220 1854 3354 1908 Nam
3387 1864 3442 1908 et
3471 1855 3713 1910 Ecclesia
3747 1855 3903 1911 Chri-

2313 1946 2380 1998 sti
2425 1946 2601 1998 omnis
2638 1953 2745 1997 tam
2787 1945 3027 1998 Romana
3069 1960 3229 2013 quam
3269 1953 3324 1999 et
3369 1943 3557 1999 Graeca
3599 1947 3678 2000 sic
3709 1961 3808 2000 sua
3848 1955 3903 2001 et

2312 2037 2490 2089 divina
2524 2035 2750 2090 ﬁdenter
2775 2035 2922 2089 canit
2954 2036 3276 2088 auctoritate
3303 2035 3445 2104 quod
3475 2035 3687 2105 peperit
3739 2036 3900 2106 Virgo

2311 2128 2426 2180 sine
2452 2127 2656 2190 dolore,
2688 2128 2828 2197 quod
2866 2128 3162 2196 permansit
3188 2128 3464 2191 inviolata,
3493 2128 3755 2196 quoniam
3781 2143 3899 2182 eam

2312 2217 2365 2271 in
2399 2217 2648 2271 outnibus
2699 2217 2918 2270 illmsam
2967 2218 3203 2270 servavit
3265 2219 3498 2287 Spiritus
3549 2229 3799 2282 sanctus,
3844 2226 3902 2272 ut

2314 2308 2462 2376 virgo
2511 2309 2731 2360 haberet
2781 2308 2970 2370 tilium,
2998 2317 3051 2359 et
3099 2319 3407 2361 servaretur
3433 2310 3480 2362 ei
3531 2310 3707 2362 honor
3751 2319 3900 2362 tanto

2317 2414 2542 2455 munere
2581 2401 2792 2470 dignus,
2829 2407 3029 2470 quanta
3076 2399 3504 2456 sanctificatione
3550 2411 3746 2456 uterus
3797 2401 3903 2456 Deo

2316 2487 2480 2544 fuerit
2506 2489 2804 2546 dedicatus.

2388 2671 2620 2743 Explicit
2657 2681 2826 2727 tomus
2866 2671 2930 2725 de
2971 2669 3140 2725 Parta
3196 2671 3421 2741 Virginis
3468 2669 3662 2725 Mariae
3699 2669 3903 2741 primus

2319 2781 2426 2821 una
2452 2782 2569 2818 cum
2598 2766 2765 2819 sacris
2792 2765 3074 2834 virginibus
3109 2761 3404 2817 dedicatus.

2286 2877 2430 2932 idem
2459 2877 2755 2948 scripserat
2780 2876 3034 2945 Dei/icum
3059 2892 3160 2946 quo
3182 2885 3384 2942 natum,
3411 2875 3505 2930 ubi
3562 2873 3903 2942 reposuimus

1681 3306 1686 3310 .
1785 3235 2083 3314 LIBER
2178 3234 2739 3312 SECUNDUS.

704 3494 850 3550 Inter
890 3505 1164 3551 sacrarum
1197 3489 1597 3561 Scripturarttm
1629 3490 1841 3560 eloquia
1869 3489 2106 3544 cavenda
2138 3497 2222 3543 est
2249 3493 2293 3553 C
2336 3485 2581 3542 Genitrix
2612 3482 2906 3554 sola‘virgo
2933 3489 3056 3553 post
3096 3490 3313 3552 partum
3348 3490 3402 3537 et
3443 3483 3756 3554 incorrupta
3782 3480 3905 3541 fuit.

628 3601 844 3656 semper
873 3599 1007 3637 vana
1026 3593 1080 3637 et
1111 3583 1482 3651 superstitiosa
1515 3582 1891 3647 intelligentia;
1923 3582 2046 3650 quia
2076 3581 2217 3635 sicut

631 3676 688 3731 in
723 3674 1026 3744 proverbiis
1063 3672 1280 3742 legitur,
1327 3674 1551 3740 perversi
1581 3672 1787 3742 difﬁcile
1838 3673 2214 3742 corriguntur;

630 3776 679 3822 et
719 3764 998 3820 stultorum
1035 3761 1277 3830 inﬁnitus
1320 3772 1395 3815 est
1433 3778 1678 3815 numerus
1709 3759 1896 3824 (Eccli.
1932 3777 1971 3825 ι,
2007 3759 2116 3830 15).
2149 3760 2218 3814 Et

629 3855 752 3912 ideo
797 3853 1155 3924 quorumdam
1219 3853 1447 3905 fratrum
1505 3851 1802 3913 temeritas,
1859 3851 1987 3920 quia
2043 3836 2219 3905 semel.

629 3946 794 4016 cmpit
840 3951 1180 3998 sacramenta
1230 3941 1396 3995 divini
1439 3941 1676 3996 muneris
1720 3940 1934 4009 procaci
1977 3939 2225 4010 disputas

629 4037 776 4090 tione
805 4032 1222 4096 commaculare,
1250 4043 1306 4087 et
1350 4032 1663 4102 mysterium
1697 4032 1837 4086 sacri
1884 4040 2071 4101 partus
2118 4046 2213 4086 su-

632 4125 837 4196 perﬂua
876 4123 1224 4194 inquisitione
1249 4123 1536 4189 discutere,
1567 4122 1769 4176 malunt
1794 4137 1918 4177 cum
1946 4120 2218 4176 haereticis

631 4233 838 4279 errare,
863 4231 1026 4286 quam
1053 4231 1176 4271 cum
1205 4215 1487 4271 catholicis
1514 4232 1634 4286 quae
1659 4216 1802 4271 male
1830 4216 2069 4270 sentiunt
2093 4230 2218 4271 cor-

632 4309 829 4379 rigere.
865 4307 1018 4362 Unde
1045 4307 1148 4362 sibi
1180 4308 1305 4376 quia
1336 4309 1502 4363 rimas
1527 4325 1676 4362 vanre
1717 4308 2099 4377 disputationis
2136 4309 2220 4363 in-

633 4400 877 4463 veniunt,
909 4398 1177 4453 sentinam
1223 4415 1400 4470 pravae
1430 4399 1746 4454 colluvionis
1781 4400 1847 4453 ad
1892 4401 2222 4457 submersio-

634 4505 758 4546 nem
798 4490 1102 4545 animarum
1133 4488 1377 4544 iustitiam
1409 4491 1570 4544 nimis
1597 4490 1649 4542 in
1689 4488 1945 4544 Ecclesiis
1976 4489 2222 4546 introdu-

643 4590 791 4645 cunt,
835 4583 961 4635 dum
993 4581 1177 4635 dicunt
1203 4583 1457 4636 mendose
1487 4580 1708 4634 Mariam
1741 4578 2015 4649 Virginem
2063 4589 2222 4635 natu-

636 4672 739 4728 rali
775 4671 893 4742 lege
930 4670 1216 4725 Dominum
1257 4672 1533 4741 peperisse
1570 4671 1710 4725 sicut
1751 4671 1969 4740 reliqua:
2005 4672 2224 4742 pariunt

633 4762 866 4824 feminae,
896 4771 950 4816 et
978 4777 1084 4816 non
1116 4763 1332 4817 aliunde
1365 4763 1418 4817 in
1452 4772 1608 4833 partu
1654 4764 2020 4834 incorruptam
2054 4765 2220 4822 fuisse

2319 3581 2538 3634 Talibus
2573 3579 2737 3648 igitur
2778 3585 2831 3632 ct
2882 3575 3186 3643 hujusmodi
3244 3576 3567 3645 vaniloquiis
3599 3576 3728 3631 dum
3783 3593 3907 3634 suas

2319 3671 2622 3726 diffundunt
2676 3670 2880 3730 nenias,
2935 3676 3244 3723 sanctorum
3293 3667 3517 3722 Patrum
3565 3670 3904 3739 praemittunt

2317 3762 2718 3825 auctoritatem,
2778 3767 2833 3814 et
2883 3758 3282 3813 commaculant
3334 3757 3661 3812 catholicam
3721 3757 3902 3814 iidem.

2319 3855 2498 3919 Unde,
2535 3868 2740 3924 quaeso,
2769 3851 2894 3922 quia
2933 3860 3118 3906 nostra
3161 3852 3520 3922 dedignantur
3554 3849 3770 3918 audire,
3810 3868 3905 3906 au-

2318 3947 2472 4002 diant
2499 3945 2718 4001 beatum
2758 3944 3141 4013 Augustinum,
3170 3944 3255 3998 cui
3283 3945 3666 3999 contradicere
3694 3943 3782 4001 fas
3805 3960 3907 4000 non

2318 4046 2425 4102 est,
2458 4037 2524 4092 de
2555 4037 2657 4091 hac
2684 4051 2742 4091 re
2778 4036 2831 4090 in
2861 4035 2999 4090 libro
3027 4033 3319 4088 Eucbiridii
3348 4035 3484 4104 (cap.
3520 4034 3613 4104 54)
3643 4034 3792 4090 inter
3811 4050 3887 4090 ea:

2319 4139 2435 4184 tera
2462 4130 2846 4199 disputantem.
2887 4127 2977 4181 Ait
3002 4127 3144 4182 enim
3171 4144 3184 4179 :
3210 4124 3354 4180 Nihil
3403 4127 3657 4181 humana:
3701 4136 3912 4182 natura:

2320 4221 2374 4276 in
2407 4221 2494 4276 illa
2517 4220 2856 4291 susceptione
2881 4216 2962 4274 fas
2987 4227 3072 4273 est
3099 4219 3278 4274 dicere
3301 4217 3555 4274 defuisse.
3589 4217 3708 4273 Non
3734 4219 3912 4289 qualis

2320 4313 2388 4367 de
2408 4325 2638 4380 utroque
2665 4326 2796 4366 sexu
2821 4309 3065 4364 nascitur
3090 4325 3186 4379 per
3206 4309 3708 4379 concupiscentiam
3732 4311 3914 4366 carnis

2319 4416 2442 4456 cum
2475 4400 2804 4470 obligatione
2841 4398 3045 4464 delicti,
3084 4396 3238 4466 cujus
3281 4406 3465 4453 reatus
3494 4400 3913 4470 regeneratione

2319 4493 2565 4557 diluitur,
2634 4492 2727 4547 sed
2768 4491 2982 4561 qualem
3025 4490 3091 4545 de
3143 4490 3353 4561 virgine
3406 4490 3553 4544 nasci
3598 4491 3909 4560 oportebat,

2320 4599 2479 4654 quem
2513 4582 2648 4637 fides
2673 4581 2864 4636 matris
2898 4597 3003 4636 non
3037 4579 3204 4634 libido
3241 4588 3599 4650 conceperat;
3652 4580 3909 4649 quoniam

2320 4674 2366 4729 si
2405 4674 2486 4728 vel
2519 4689 2617 4743 per
2645 4680 2960 4728 nascentem
2986 4679 3430 4740 corrumperetur
3451 4671 3571 4740 ejus
3600 4671 3904 4742 integritas,

2322 4780 2428 4819 non
2449 4764 2563 4833 jam
2592 4763 2680 4817 ille
2703 4763 2770 4818 de
2807 4763 3017 4834 virgine
3058 4770 3394 4825 nasceretur,
3440 4776 3678 4831 eumque
3725 4762 3860 4818 falso
3892 4800 3906 4824 .

634 4855 993 4919 solummodo,
1026 4856 1129 4909 nisi
1164 4857 1288 4924 quia
1321 4871 1387 4909 ex
1415 4858 1519 4912 viri
1549 4857 1693 4912 coitu
1737 4873 1843 4912 non
1885 4859 2216 4928 conceperit.
2245 4854 2298 4914 D
2324 4855 2467 4925 quod
2493 4853 2659 4919 absit,
2684 4862 2868 4908 natum
2903 4855 2968 4908 de
3007 4853 3228 4922 Virgine
3273 4851 3444 4907 Maria
3473 4861 3586 4907 tota
3617 4852 3911 4907 conﬁtetur

635 4948 711 5001 De
741 4945 893 5014 cujus
927 4947 1334 5015 incorruptione
1362 4946 1474 5015 jam
1511 4964 1597 5002 me
1623 4964 1786 5017 supra
1809 4948 1942 5003 satis
1972 4948 2025 5002 in
2052 4948 2223 5018 priori

635 5044 783 5091 tomo
805 5035 1004 5090 dixisse
1029 5033 1211 5090 credo.
1244 5035 1350 5090 Sed
1371 5037 1495 5104 quia
1525 5036 1610 5091 isti
1633 5037 1832 5092 nostris
1848 5051 1954 5091 non
1980 5037 2226 5106 acquies-

635 5137 767 5183 cuut
792 5128 974 5192 dictis,
1003 5127 1272 5197 pervicaci
1314 5127 1662 5182 insultatione
1686 5126 1956 5184 ditliniunt
1991 5129 2221 5200 virgini-

635 5230 807 5276 tatem
853 5236 959 5276 non
1002 5219 1236 5283 aliunde
1284 5235 1446 5289 quant
1492 5236 1560 5275 ex
1601 5223 1743 5277 coitu
1785 5222 1888 5277 viri
1944 5222 2220 5293 corrumpi

633 5329 816 5384 posse,
841 5327 1017 5382 neque
1043 5321 1355 5383 corruptam
1388 5315 1572 5370 vocari
1600 5314 1799 5371 debere
1824 5314 2071 5381 Mariam,
2097 5314 2224 5370 licet

629 5407 790 5478 juxta
820 5408 993 5479 legem
1016 5407 1285 5478 pepererit
1309 5409 1553 5463 omnium
1589 5407 1934 5476 feminarum,
1955 5424 2020 5465 eo
2051 5407 2221 5478 quod,

637 5500 910 5570 inquiunt,
931 5499 1032 5554 etsi
1060 5499 1270 5554 viscera
1295 5499 1376 5556 vel
1403 5500 1636 5571 genitale
1665 5509 1932 5556 secretum
1950 5512 2100 5555 more
2122 5513 2226 5554 caa-

637 5599 879 5646 terarunt
930 5588 1248 5646 feminarum
1297 5593 1469 5662 patuit
1503 5603 1564 5647 ut
1597 5601 1912 5649 nasceretur
1954 5591 2223 5658 Christus,

637 5681 922 5752 virginitas
946 5688 1124 5737 tamen
1152 5685 1423 5755 corrumpi
1457 5699 1562 5740 non
1584 5685 1789 5756 potuit;
1822 5693 2105 5758 propterea
2129 5681 2224 5740 Dei

2329 4944 2592 5010 Ecclesia,
2637 4959 2756 5014 quae
2794 4945 3012 4998 imitans
3037 4941 3155 5011 ejus
3187 4953 3438 5006 matrem,
3487 4941 3739 5011 quotidie
3774 4941 3910 5013 parit

2328 5036 2572 5090 membra
2613 5035 2755 5104 ejus,
2794 5042 2850 5088 et
2871 5033 3024 5102 virgo
3069 5040 3172 5088 est.
3215 5032 3293 5087 De
3333 5046 3439 5100 quo
3478 5022 3612 5086 sane
3639 5029 3821 5102 Opere
3849 5029 3911 5084 ad

2329 5125 2682 5180 Volusianum
2729 5125 2864 5180 satis
2896 5124 3172 5195 eleganter
3199 5123 3410 5188 scribit,
3439 5122 3509 5177 ad
3537 5137 3704 5193 quem
3750 5122 3908 5178 etiam

2327 5215 2524 5273 librum
2549 5232 2647 5272 nos
2679 5216 2961 5289 legendum
2989 5231 3091 5286 pro
3113 5216 3218 5270 hoc
3240 5214 3491 5270 remittit.
3518 5211 3629 5268 Sed
3661 5214 3755 5268 isti
3783 5213 3905 5284 quia

2329 5324 2434 5365 nec
2466 5309 2614 5364 illum
2643 5309 2858 5371 librum,
2889 5322 2991 5363 nec
3011 5308 3156 5364 hunc
3184 5306 3362 5362 locum
3389 5305 3570 5376 legere
3595 5306 3810 5369 volunt,
3831 5319 3910 5358 er-

2331 5409 2452 5457 rant
2484 5417 2580 5458 sua
2616 5401 2918 5458 temeritate
2957 5399 3188 5470 decepti.
3224 5397 3498 5466 Alioquin,
3529 5405 3592 5450 ut
3633 5396 3726 5452 hic
3761 5410 3908 5466 egre-

2330 5494 2450 5566 gius
2479 5495 2669 5550 doctor
2690 5494 2914 5559 fatetur,
2942 5493 2987 5547 si
3009 5491 3093 5546 vel
3123 5505 3221 5562 per
3245 5497 3559 5546 nascentem
3591 5501 3906 5556 corrumpe-

2332 5596 2485 5643 retur
2508 5587 2794 5658 integritas
2830 5583 3130 5656 virginalis,
3162 5599 3267 5638 non
3295 5581 3378 5638 fas
3402 5588 3548 5637 esset
3578 5594 3704 5636 eam
3739 5579 3908 5634 dicere

2332 5680 2622 5752 virginem,
2649 5686 2904 5750 corrupta
2923 5691 2953 5734 a
2978 5683 3238 5734 nascente
3263 5672 3598 5747 virginitate.
3626 5667 3696 5727 Et
3727 5669 3775 5726 si
3797 5682 3906 5724 cor-
