4148 6344
273 234 291 288 l
305 231 411 289 385

1360 236 1450 292 DE
1485 234 1713 293 PARTU
1759 233 2075 291 VIRGINIS.
2112 264 2185 278 -ο
2218 231 2349 288 LIB.
2384 232 2449 289 II.

3399 226 3540 285 1388

268 356 425 416 Npts
454 354 599 400 esset
646 344 725 399 vel
779 360 875 416 per
924 357 1257 413 nascentem,
1316 349 1587 418 quomodo
1636 348 1844 418 integra
1875 352 1921 411 Α
1950 342 2184 431 ﬁrmavit
2234 341 2578 399 vaticinando
2630 340 2998 396 descensionis
3043 337 3162 408 ejus
3206 339 3259 394 in
3306 349 3522 397 uterum

227 438 239 445 ’
267 449 413 496 esset
437 446 494 494 et
529 438 690 494 illznsa
731 440 917 511 virgo?
947 442 1179 497 Audiant
1222 443 1404 513 itaque
1453 443 1543 499 hic
1570 434 1844 516 vanildqui

270 542 480 588 tantum
526 534 826 597 doctorem,
853 542 908 588 et
949 534 1290 604 resipiscam,
1332 550 1399 590 ne
1429 535 1568 592 forte
1599 536 1843 592 introdu-

267 633 396 678 cunt
429 637 526 692 per
556 637 710 677 suam
744 622 933 678 falsam
973 625 1329 679 assertionem
1371 625 1644 682 Christum
1670 627 1724 681 in
1750 628 1845 683 de-

269 711 412 767 lictis
444 720 784 780 couceptum,
812 720 869 766 et
910 711 1280 783 iniquitatibus
1305 725 1511 770 natum.
1543 716 1676 783 Quia
1709 724 1767 770 ct
1799 715 1845 771 si

270 803 339 857 de
363 802 571 872 virgine
597 817 703 857 non
731 813 814 858 est
841 814 1018 867 natus,
1066 803 1261 859 falsum
1298 814 1381 860 est
1410 807 1553 875 quod
1602 805 1844 861 Ecclesia

269 890 581 955 conﬁtetur,
610 903 670 945 ut
707 891 797 947 hic
826 892 937 957 ait;
983 891 1175 948 falsum
1210 880 1265 949 et
1297 882 1440 964 quod
1479 897 1655 951 omnis
1700 896 1846 950 Scri-

203 1046 209 1050 ,
266 989 429 1050 plura
480 980 614 1036 Novi
649 996 714 1036 ac
763 982 975 1038 Veteris
1015 983 1348 1041 Testamenti
1377 985 1444 1040 de
1471 986 1560 1041 illa
1593 994 1841 1041 testatur.

268 1068 380 1125 Sed
421 1071 549 1140 quia
574 1072 797 1127 omnino
830 1073 985 1144 virgo
1020 1075 1336 1144 permansit,
1367 1076 1528 1131 nullis
1555 1090 1739 1145 pressa
1761 1083 1846 1131 est

269 1174 299 1203 ι
329 1162 627 1228 doloribus,
659 1163 714 1217 in
741 1162 888 1217 nullo
913 1172 1170 1234 corrupta
1198 1164 1338 1232 fuit;
1369 1176 1424 1221 et
1454 1166 1574 1220 ideo
1613 1181 1718 1220 non
1754 1180 1843 1221 se-

267 1256 568 1309 cundarum
606 1255 897 1326 spurcitias
945 1256 1131 1320 traxit,
1171 1271 1278 1310 non
1326 1256 1605 1327 sanguinis
1640 1255 1844 1310 lluxum

264 1346 469 1409 emisit,
510 1359 620 1399 non
664 1346 1040 1415 corruptiones
1084 1346 1351 1401 viscerum
1398 1345 1537 1401 infra
1584 1354 1844 1414 extraque

266 1435 513 1507 pertulit.
563 1435 715 1502 Quod
748 1436 793 1491 si
843 1436 1037 1492 talibus
1067 1447 1125 1494 et
1154 1437 1519 1506 hujuscemodi
1567 1446 1844 1510 pateretur

263 1543 533 1600 puerpera
582 1537 873 1595 tormenta,
920 1530 1109 1599 procul
1154 1531 1317 1586 dubio
1345 1532 1498 1603 virgo
1526 1548 1637 1587 non
1677 1539 1839 1597 esset,

263 1619 391 1689 quia
424 1618 702 1690 virginalis
728 1620 1008 1690 integritas
1045 1621 1240 1676 violata
1271 1633 1433 1678 esset.
1486 1624 1624 1681 Hinc
1670 1625 1842 1682 Sedu-

1947 436 2176 509 virginis
2211 436 2521 499 adventum,
2548 433 2675 505 quia
2703 431 2844 487 sicut
2868 431 3047 503 pluvia
3076 432 3341 501 integrum
3363 440 3420 488 et
3446 430 3527 486 in-

1947 529 2206 585 violatum
2240 524 2516 598 perfundit
2542 522 2734 588 vellus,
2758 523 2835 578 ita
2866 531 2921 577 et
2948 521 3204 578 divinitas
3243 522 3405 579 Verbi
3433 522 3524 585 iu-

1947 619 2369 675 contaminatam
2406 623 2463 673 et
2503 614 2732 671 illaesam
2772 614 3010 669 servavit
3049 614 3337 684 virginem.
3379 614 3524 671 Inte-

1946 725 2100 783 gram
2122 711 2339 780 quidem
2370 724 2490 764 eam
2529 707 2737 763 invenit
2775 716 2831 763 et
2874 706 3260 778 incorruptam,
3305 708 3528 778 quando

1946 802 2224 859 descendit
2242 802 2384 858 sicut
2409 800 2585 873 pluvia
2619 799 2673 854 in
2698 797 2890 863 vellus,
2911 807 2968 854 et
2991 799 3267 869 ingressus
3295 809 3380 855 est
3416 802 3528 859 vir-

1946 898 2102 969 ginea
2147 896 2376 960 viscera,
2423 892 2701 949 descendit
2750 899 2931 946 autem
2970 899 3024 946 et
3066 892 3208 948 sicut
3254 892 3526 949 stillicidia

1946 985 2202 1043 stillantia
2256 986 2419 1055 super
2468 982 2692 1037 terram.
2759 979 2914 1037 Unde
2956 981 3097 1037 idem
3153 979 3421 1051 PrOpheta
3471 981 3533 1045 in

1945 1078 2153 1134 duabus
2189 1077 2311 1132 istis
2340 1074 2638 1148 prophetia:
2672 1071 2955 1129 sententiis
2983 1070 3278 1141 perfectam
3324 1069 3533 1127 Christi

1946 1169 2372 1224 incarnationem
2401 1166 2674 1238 explanat.
2714 1164 2819 1220 Per
2842 1164 3117 1220 stillicidia
3149 1180 3382 1235 namque
3413 1174 3526 1220 ter-

1943 1275 2059 1314 ram
2099 1260 2404 1331 germinare
2446 1257 2739 1320 cernimus,
2766 1271 2834 1312 ex
2864 1270 2968 1326 qua
3008 1255 3078 1311 ad
3108 1254 3434 1310 inlusionem
3467 1264 3529 1310 et

1943 1352 2011 1407 ad
2036 1351 2316 1406 humorem
2345 1349 2541 1421 pluvia:
2572 1363 2733 1404 omne
2768 1347 3056 1419 virgultum
3098 1348 3211 1418 agri
3251 1347 3530 1418 germina-

1945 1450 2065 1507 tur,
2091 1449 2148 1497 et
2182 1441 2359 1496 omnis
2392 1449 2550 1494 terrae
2577 1438 2727 1493 viror
2760 1439 3023 1494 nascitur.
3055 1438 3146 1493 Sic
3180 1447 3237 1493 et
3268 1438 3526 1494 divinitas

1942 1533 2106 1590 Verbi
2140 1533 2474 1590 descendens
2504 1532 2558 1586 in
2605 1530 2828 1585 Mariam
2874 1531 3014 1586 sicut
3045 1530 3315 1586 stillicidia
3360 1544 3528 1601 super

1944 1634 2168 1691 terram,
2200 1624 2508 1694 germinare
2550 1637 2669 1678 eam
2701 1620 2829 1678 fecit
2867 1637 3089 1694 germen
3126 1624 3274 1687 vita»;
3320 1632 3376 1678 et
3416 1637 3524 1679 non

240 1709 385 1772 'lins,
417 1710 602 1765 rhetor
624 1709 881 1765 Romanae
904 1711 1180 1779 Ecclesiae,
1206 1715 1261 1769 in
1287 1714 1531 1772 Paschali
1553 1732 1653 1773 suo
1678 1734 1842 1789 opere
1873 1715 1916 1777 Β
1944 1717 2160 1771 aliunde
2198 1730 2359 1786 quam
2397 1730 2464 1771 ex
2492 1715 2666 1784 seipsa
2702 1714 2843 1769 idem
2886 1714 2952 1769 de
2974 1730 3142 1770 carne
3167 1714 3393 1784 virginis
3425 1728 3526 1784 per

262 1799 409 1870 (cap.
433 1798 489 1865 3,
518 1799 659 1870 init.)
682 1800 800 1855 ait:
843 1800 1028 1857 Infans
1062 1818 1295 1873 namque
1324 1821 1523 1876 parvus
1569 1824 1633 1863 ac
1671 1810 1842 1864 maxi-

263 1907 405 1957 mus,
431 1892 692 1948 membris
734 1895 941 1950 scilicet
987 1897 1232 1968 exiguus,
1285 1900 1485 1955 deitate
1528 1902 1836 1973 praecelsus,

258 1996 362 2051 per
387 1982 670 2054 hospitalis
701 1986 884 2055 templi
928 1988 1194 2043 sinceram
1226 1989 1465 2048 deﬂuens
1506 1995 1837 2062 castitatem,

261 2090 370 2130 non
398 2074 539 2130 laesit
573 2091 769 2147 corpus
804 2079 1099 2134 abscedens
1149 2081 1293 2151 quod
1332 2097 1438 2138 non
1478 2084 1689 2141 laeserat
1716 2103 1838 2141 cum

260 2165 521 2220 venisset.
549 2165 703 2233 Quod
738 2167 785 2222 si
814 2167 888 2222 ita
919 2178 1022 2234 est,
1067 2171 1176 2225 imo
1214 2172 1341 2240 quia
1370 2173 1443 2227 ita
1474 2183 1579 2238 est,
1618 2191 1724 2231 non
1764 2176 1837 2233 ita

257 2267 425 2314 natus
451 2269 537 2315 est
563 2269 626 2316 ut
648 2263 827 2318 caeteri
868 2274 1166 2320 nascuntur
1192 2276 1449 2339 corrupto
1471 2284 1718 2341 corpore,
1743 2272 1839 2326 sed

257 2347 447 2404 illaesis
474 2350 773 2408 visceribus
796 2353 938 2409 Deus
961 2363 1020 2409 et
1056 2355 1218 2410 homo
1244 2365 1401 2410 natus
1426 2365 1529 2413 est.
1568 2356 1722 2414 Unde
1744 2358 1840 2413 ad-

256 2441 369 2497 huc
390 2442 533 2497 idem
559 2442 684 2501 vere
712 2445 906 2501 divina:
929 2448 1298 2516 generationis
1326 2450 1429 2504 hoc
1455 2460 1723 2506 secretum
1753 2460 1837 2507 te-

261 2534 367 2589 stis
389 2534 612 2605 virginis
636 2546 825 2607 partus
867 2538 1187 2604 ostenditur,
1227 2540 1318 2609 qui
1346 2541 1575 2595 materni
1615 2542 1838 2612 pudoris

260 2632 448 2679 custos
480 2624 754 2696 ingressus
784 2627 982 2683 clausis
1011 2628 1309 2684 visceribus
1352 2640 1644 2701 conceptus
1671 2640 1759 2687 est
1781 2640 1837 2686 et

255 2721 493 2767 creatus.
511 2714 653 2768 Nihil
674 2730 801 2785 ergo
813 2719 1050 2787 apertius
1069 2720 1251 2774 dicere
1265 2729 1488 2789 queunt,
1512 2721 1646 2775 nihil
1659 2721 1836 2776 mani-

253 2799 457 2855 festius
480 2802 570 2858 hic
603 2806 773 2860 sancti
801 2804 1050 2863 doctores
1090 2809 1156 2862 de
1194 2817 1351 2878 partu
1389 2808 1643 2882 Virginis,
1691 2813 1836 2881 quod

257 2890 472 2960 integra
501 2887 971 2966 virgtfclausaque
1016 2899 1394 2967 permanserit,
1435 2909 1493 2954 ut
1534 2900 1635 2955 fuit
1679 2911 1831 2957 ante-

258 2996 422 3049 quam
470 2993 702 3053 pareret,
743 2989 886 3057 quod
929 2989 1147 3043 omnino
1188 3005 1295 3045 non
1326 2999 1471 3045 esset
1496 2991 1625 3061 siin
1656 3000 1833 3060 partu,

1943 1806 2269 1862 inlusionem
2316 1806 2511 1861 divinae
2546 1804 2861 1874 maiestatis.
2918 1804 2986 1859 Et
3032 1805 3154 1859 ideo
3183 1820 3337 1875 atque
3375 1805 3525 1875 quod

1941 1907 2125 1954 natum
2166 1905 2250 1952 est
2289 1912 2357 1951 ex
2389 1911 2454 1951 ea
2494 1895 2734 1949 divinum
2773 1902 2831 1949 ct
2865 1894 3160 1949 humanum
3208 1894 3328 1959 fuit,
3361 1895 3435 1949 ita
3464 1903 3529 1951 ut

1937 2003 2006 2042 ex
2040 1986 2206 2041 Maria
2256 1999 2434 2056 neque
2460 1983 2718 2039 divinitas
2747 1976 2912 2038 Verbi
2962 1992 3085 2037 nata
3116 1983 3370 2039 credatur
3403 1983 3526 2040 sine

1941 2079 2186 2144 homine,
2216 2092 2389 2147 neque
2416 2077 2577 2131 homo
2603 2075 2722 2130 sine
2753 2073 2952 2138 Verbo,
2981 2075 3108 2144 quia
3134 2073 3372 2130 Verbum
3393 2090 3525 2131 caro

1940 2172 2141 2226 factum
2172 2178 2276 2235 est,
2303 2183 2368 2224 ac
2393 2183 2491 2239 per
2517 2168 2622 2222 hoc
2650 2166 2794 2220 Deus
2821 2174 2878 2221 et
2905 2166 3066 2220 homo
3095 2181 3235 2220 unus
3260 2175 3346 2221 est
3370 2166 3528 2221 Chri-

1939 2270 2076 2318 stus.
2115 2263 2286 2317 Porro
2332 2276 2430 2331 per
2462 2258 2699 2331 pluviam
2745 2274 2866 2328 quae
2912 2258 3191 2314 descendit
3233 2258 3288 2314 in
3325 2259 3519 2323 vellus,

1938 2367 2045 2408 non
2092 2349 2428 2421 germinandi
2479 2357 2730 2407 naturam
2778 2348 3046 2415 expressit
3071 2364 3140 2403 ex
3170 2346 3391 2415 vellere,
3420 2349 3516 2404 sed

1938 2441 2156 2497 modum
2179 2439 2433 2496 nascendi
2454 2453 2525 2493 ex
2546 2436 2775 2507 virgine.
2803 2434 2938 2490 Nam
2960 2436 3142 2506 pluvia
3168 2450 3367 2492 sereno
3388 2446 3520 2492 tem-

1939 2548 2071 2604 pore
2116 2533 2333 2603 quando
2373 2528 2650 2600 perfundit
2694 2528 2865 2584 vellus
2906 2543 3061 2599 aeque
3104 2528 3172 2583 ad
3214 2528 3519 2600 ingressum

1894 2616 1901 2621 ’
1940 2630 2122 2680 servat
2156 2624 2518 2694 integritatem
2547 2621 2682 2692 ejus,
2710 2633 2865 2690 atque
2891 2620 2960 2675 ad
2989 2633 3267 2691 egressum
3292 2620 3516 2692 'quando

1939 2716 2260 2781 refunditur,
2291 2715 2417 2785 quia
2443 2715 2497 2769 in
2522 2714 2672 2769 nullo
2713 2727 2744 2767 a
2773 2713 2955 2784 pluvia
2980 2711 3198 2769 velleris
3226 2713 3513 2783 integritas

1939 2810 2193 2864 violatur.
2225 2806 2319 2861 Sic
2345 2806 2546 2876 quippe
2577 2807 2644 2860 de
2667 2803 2841 2859 Maria
2870 2801 3094 2874 Virgine
3138 2801 3396 2873 praefatus
3424 2803 3517 2858 ille
3608 2867 3614 2873 ι

1939 2902 2177 2959 caelestis
2206 2909 2391 2956 orator
2413 2899 2594 2963 sentit,
2624 2899 2808 2969 sicque
2833 2896 3122 2954 conﬁtetur
3147 2897 3292 2968 quod
3322 2912 3421 2953 nec
3447 2896 3522 2953 ad

1943 2994 2248 3064 ingressum
2296 2992 2418 3047 Filii
2464 2991 2561 3047 Dei
2590 2990 2663 3046 sit
2691 2999 2964 3060 corrupta,
2992 3005 3093 3047 nec
3120 2990 3188 3047 ad
3233 3006 3525 3063 egressum

261 3087 416 3126 more
448 3083 766 3130 cceterarum
786 3078 1131 3144 feminarum,
1159 3083 1490 3151 corruptioni
1509 3083 1834 3152 subiaceret.
1865 3063 1910 3125 Ο
1941 3063 2161 3149 violata,
2184 3083 2277 3139 sed
2299 3083 2352 3138 in
2373 3083 2622 3138 omnibus
2646 3081 2807 3153 plena
2828 3081 3023 3152 gratia,
3052 3081 3259 3153 integra
3278 3090 3334 3137 et
3354 3080 3527 3137 illaesa

261 3160 419 3216 Nulla
464 3164 634 3235 igitur
666 3167 820 3238 virgo
847 3168 1151 3238 hujusmodi
1194 3169 1437 3240 suhjacet
1463 3173 1836 3242 passionibus;

259 3263 319 3307 et
349 3255 469 3310 ideo
513 3273 642 3313 vere
668 3260 842 3331 virgo,
887 3261 1010 3331 quia
1052 3260 1264 3333 integra
1293 3273 1349 3318 et
1390 3263 1698 3334 incorrupta
1732 3274 1837 3331 est,

247 3347 381 3416 jure
412 3348 627 3403 dicitur.
657 3348 747 3405 Sic
767 3358 824 3405 et
850 3352 1008 3407 beata
1033 3352 1129 3408 Dei
1157 3353 1407 3408 Geuitrix
1452 3364 1512 3409 ut
1538 3370 1664 3410 vere
1689 3355 1839 3425 virgo

259 3436 477 3492 dicatur
509 3439 636 3493 dum
663 3441 825 3510 parit,
853 3457 922 3497 ex
953 3450 1065 3497 toto
1096 3452 1244 3498 recte
1285 3444 1471 3499 clausa
1499 3461 1649 3500 more
1675 3447 1839 3516 virgi-

254 3542 394 3582 num
419 3537 473 3583 et
498 3528 809 3601 incorrupta
840 3533 1100 3589 creditur.
1145 3535 1298 3602 Quod
1329 3537 1375 3591 si
1412 3552 1515 3591 non
1547 3537 1621 3592 ita
1649 3552 1837 3593 mane—

261 3626 348 3674 ret
385 3619 808 3678 incontaminata
852 3634 912 3679 ut
951 3625 1171 3696 reliquae
1215 3628 1473 3699 virgines,
1520 3644 1645 3683 vere
1689 3631 1840 3701 virgo

252 3725 371 3764 non
405 3722 569 3767 esset.
613 3712 765 3780 Quod
802 3725 860 3770 ut
884 3719 1194 3773 ostenderet
1232 3719 1399 3774 David
1443 3721 1725 3790 propheta,
1749 3736 1842 3775 va-

259 3802 497 3858 ticinans
521 3805 588 3859 de
611 3821 674 3862 ea
700 3808 833 3863 satis
851 3824 1087 3880 congruo
1112 3811 1359 3881 exemplo
1384 3812 1457 3867 ita
1483 3815 1595 3867 ait:
1620 3812 1844 3881 Descen-

256 3893 339 3946 dit
364 3895 499 3949 sicut
527 3896 702 3966 pluvia
727 3898 783 3953 in
810 3898 994 3964 vellus,
1026 3910 1073 3954 et
1100 3901 1234 3955 sicut
1273 3901 1546 3956 stillicidia
1585 3902 1844 3955 stillantia

257 3978 419 4053 super
454 3995 648 4041 terram
681 3987 854 4060 (Psal.
898 4006 1047 4056 uxr,
1071 3991 1147 4063 6).
1190 3992 1363 4058 Quem
1388 4008 1602 4048 versum
1633 3992 1843 4048 Cassio-

253 4078 429 4134 dorus
486 4092 705 4138 senator
749 4085 804 4139 in
847 4084 1197 4155 Expositione
1254 4087 1582 4157 psalmorum
1626 4095 1843 4157 pertra-

254 4179 435 4235 ctans,
469 4175 641 4231 vellus
668 4179 1088 4234 sacratissimum
1132 4177 1407 4251 Virginem
1444 4179 1663 4234 Mariam
1689 4177 1845 4232 intel-

255 4260 382 4332 Iigit
402 4265 680 4320 dctonsam
706 4283 771 4322 ex
795 4270 988 4325 ovibus
1012 4270 1209 4336 Israel;
1241 4270 1433 4341 pluviae
1498 4285 1628 4326 vero
1650 4270 1844 4325 divini-

254 4360 431 4409 tatem
479 4357 639 4414 Verbi
683 4371 982 4431 comparat,
1014 4362 1138 4433 quia
1169 4364 1309 4419 sicut
1350 4362 1527 4433 pluvia
1573 4363 1625 4418 in
1665 4363 1838 4418 vellus

253 4461 387 4501 cum
429 4463 641 4507 summo
670 4452 885 4510 silentio
922 4455 1092 4520 venit,
1123 4455 1198 4510 ita
1243 4453 1479 4526 perfudit
1503 4470 1565 4510 ac
1612 4452 1841 4525 replevit

254 4536 565 4608 virgineum
608 4557 824 4615 corpus,
866 4552 923 4600 et
963 4544 1201 4616 possedit
1243 4545 1539 4616 virgineam
1577 4554 1834 4599 mentem.

255 4625 400 4683 Itiro
441 4629 625 4703 itaque
661 4635 821 4691 modo
860 4636 1107 4707 miroque
1137 4635 1555 4708 comparationis
1591 4635 1837 4706 exemplo

1864 4409 1917 4472 D

1941 3183 2026 3230 est
2053 3183 2298 3243 servata;
2328 3189 2431 3230 nec
2454 3188 2579 3229 cum
2606 3172 2926 3245 ingreditur,
2955 3182 3146 3228 uterus
3171 3179 3266 3225 aut
3303 3171 3518 3226 viscera

1938 3273 2384 3335 corrumpuntur,
2417 3278 2518 3319 nec
2544 3278 2668 3319 cum
2694 3271 3010 3329 evacuatur,
3037 3272 3374 3319 reserantur.
3412 3260 3525 3316 Ma-

1941 3364 2036 3410 net
2059 3355 2275 3426 quidem
2301 3354 2533 3423 genitale
2551 3362 2845 3418 secretum,
2869 3351 2965 3407 sed
2988 3351 3232 3407 clausum
3256 3359 3313 3405 et
3332 3351 3525 3406 imma-

1941 3447 2179 3501 culatum
2205 3463 2221 3512 ;
2252 3453 2546 3500 evacuatur
2572 3451 2781 3509 uterus,
2807 3450 2865 3497 ut
2904 3441 3074 3497 vellus
3112 3457 3145 3496 a
3172 3441 3374 3511 pluvia,
3423 3442 3523 3496 sed

1887 3611 1897 3619 .
1944 3554 2053 3593 non
2086 3545 2416 3609 quassantur
2443 3537 2673 3592 viscera.
2699 3535 2917 3591 Duabus
2943 3533 3126 3605 itaque
3153 3534 3274 3590 istis
3295 3541 3523 3607 sentcn-

1942 3630 2056 3697 tiis,
2091 3640 2153 3687 ut
2189 3628 2448 3701 praefatus
2477 3629 2666 3684 doctor
2716 3628 2969 3691 insinuat,
3018 3626 3253 3697 Spiritus
3299 3635 3525 3684 sanctus

1941 3722 2113 3779 voluit
2132 3722 2408 3779 declarare
2428 3722 2572 3792 quod
2597 3722 2813 3776 demum
2835 3719 3003 3776 Isaias
3029 3720 3096 3775 de
3117 3717 3334 3776 Christo
3357 3714 3526 3775 teste-

1943 3825 2053 3883 tur,
2078 3814 2264 3871 dicens
2286 3832 2301 3869 :
2329 3813 2602 3883 Quomodo
2628 3814 2891 3869 descendit
2909 3813 3077 3868 imber
3095 3823 3144 3868 et
3172 3812 3265 3867 nia:
3283 3812 3349 3867 de
3366 3810 3525 3878 ca'lo,

1942 3914 1992 3959 et
2018 3904 2145 3959 illuc
2172 3903 2312 3959 ultra
2335 3920 2439 3959 non
2468 3904 2765 3968 revertitur,
2790 3902 2883 3957 sed
2898 3902 3123 3956 inebriat
3148 3912 3341 3955 terram
3369 3910 3417 3956 et
3440 3902 3525 3954 in-

1944 3995 2118 4065 fundit
2146 4011 2282 4059 eam,
2311 4003 2359 4049 et
2391 3994 2682 4065 germinare
2721 4009 2837 4047 eam
2866 3993 3034 4063 facit;
3060 3993 3137 4046 sic
3164 3992 3265 4046 erit
3300 3989 3524 4046 Verbum

1944 4086 2085 4157 quod
2131 4086 2425 4156 egredietur
2454 4084 2518 4139 de
2564 4101 2653 4139 ore
2688 4100 2824 4139 meo.
2874 4083 2999 4138 Non
3030 4091 3316 4138 revertetur
3342 4082 3411 4136 ad
3442 4097 3525 4136 me

1944 4193 2188 4243 uacuum,
2217 4176 2306 4232 sed
2330 4175 2492 4245 faciet
2520 4191 2841 4247 quazcunque
2865 4172 3039 4229 colui:
3057 4183 3106 4227 et
3132 4172 3525 4244 prosperabitur

1944 4269 2000 4323 in
2027 4267 2109 4323 his
2141 4268 2211 4322 ad
2236 4283 2352 4339 qua:
2379 4266 2496 4320 misi
2524 4265 2679 4320 illud.
2717 4266 2854 4320 Ecce
2876 4263 3006 4335 quid
3036 4277 3132 4334 per
3161 4262 3394 4334 pluviam
3418 4258 3526 4314 Da.

1945 4359 2035 4415 vid
2059 4359 2290 4415 voluerit
2315 4357 2646 4429 signiﬁcare,
2675 4364 2730 4411 et
2757 4355 2885 4426 quid
2920 4370 3017 4426 per
3046 4351 3318 4409 stillicidia
3341 4392 3357 4417 ,
3392 4365 3521 4422 pro-

1945 4452 2089 4509 l‘ecto
2136 4451 2372 4523 Spiritus
2414 4449 2592 4506 sancti
2635 4445 2983 4511 inlusionem,
3021 4454 3077 4523 et
3123 4442 3281 4500 Verbi
3325 4440 3525 4498 divini—

1944 4556 2134 4604 tatem.

331 4776 361 4808 ι
394 4764 575 4826 Nullis
596 4786 777 4842 pressa
806 4783 905 4829 est.
938 4772 1034 4831 Sic
1052 4773 1321 4831 Acherius
1350 4773 1466 4845 ipse
1496 4771 1598 4843 legi
1628 4772 1825 4830 debere
1848 4769 2101 4842 coniecit,
2134 4785 2258 4827 cum
2288 4768 2344 4825 in
2369 4768 2654 4827 codicibus
2678 4768 2794 4826 suis
2818 4767 3112 4840 reperissst
3134 4779 3290 4835 passa
3313 4770 3414 4818 est.

737 5742 986 5805 I‘nuox.
1046 5741 1251 5804 CXX.
