  <div class='ocr_page' id='page_1' title='image "/cluster/home/n/w/nwhite01/storage/ocr_20150623/120/hvd.32044015466923/700.png"; bbox 0 0 4148 6344; ppageno 0'>
   <div class='ocr_carea' id='block_1_1' title="bbox 274 251 414 308">
    <p class='ocr_par' dir='ltr' id='par_1_1' title="bbox 274 251 414 308">
     <span class='ocr_line' id='line_1_1' title="bbox 274 251 414 308; baseline -0.014 0"><span class='ocrx_word' id='word_1_1' title='bbox 274 251 414 308; x_wconf 71' lang='grc'><strong>1389</strong></span> 
     </span>
    </p>
   </div>
   <div class='ocr_carea' id='block_1_2' title="bbox 1199 238 2606 311">
    <p class='ocr_par' dir='ltr' id='par_1_2' title="bbox 1199 238 2606 311">
     <span class='ocr_line' id='line_1_2' title="bbox 1199 238 2606 311; baseline -0.001 -12"><span class='ocrx_word' id='word_1_2' title='bbox 1199 242 1287 299; x_wconf 81' lang='lat' dir='ltr'><strong>DE</strong></span> <span class='ocrx_word' id='word_1_3' title='bbox 1322 241 1502 311; x_wconf 81' lang='lat' dir='ltr'><strong>FIDE,</strong></span> <span class='ocrx_word' id='word_1_4' title='bbox 1544 241 1672 298; x_wconf 79' lang='lat' dir='ltr'><strong>SPE</strong></span> <span class='ocrx_word' id='word_1_5' title='bbox 1710 240 1798 298; x_wconf 84' lang='lat' dir='ltr'><strong>ET</strong></span> <span class='ocrx_word' id='word_1_6' title='bbox 1838 238 2256 299; x_wconf 76' lang='lat' dir='ltr'><strong>CIIARITATE.</strong></span> <span class='ocrx_word' id='word_1_7' title='bbox 2292 272 2366 283; x_wconf 90' lang='lat'><strong>—-</strong></span> <span class='ocrx_word' id='word_1_8' title='bbox 2397 242 2525 297; x_wconf 86' lang='lat' dir='ltr'><strong>LIB.</strong></span> <span class='ocrx_word' id='word_1_9' title='bbox 2565 241 2606 297; x_wconf 91' lang='lat' dir='ltr'><strong>I.</strong></span> 
     </span>
    </p>
   </div>
   <div class='ocr_carea' id='block_1_3' title="bbox 3392 228 3557 307">
    <p class='ocr_par' dir='ltr' id='par_1_3' title="bbox 3392 228 3557 307">
     <span class='ocr_line' id='line_1_3' title="bbox 3392 228 3557 307; baseline 0.006 -4"><span class='ocrx_word' id='word_1_10' title='bbox 3392 228 3557 307; x_wconf 65' lang='lat'><strong>1390‘</strong></span> 
     </span>
    </p>
   </div>
   <div class='ocr_carea' id='block_1_4' title="bbox 271 356 3528 441">
    <p class='ocr_par' dir='ltr' id='par_1_4' title="bbox 271 356 3528 441">
     <span class='ocr_line' id='line_1_4' title="bbox 271 356 3528 441; baseline -0.001 -24"><span class='ocrx_word' id='word_1_11' title='bbox 271 380 427 419; x_wconf 81' lang='lat' dir='ltr'><strong>omne</strong></span> <span class='ocrx_word' id='word_1_12' title='bbox 472 362 669 417; x_wconf 75' lang='lat' dir='ltr'><strong>donum</strong></span> <span class='ocrx_word' id='word_1_13' title='bbox 701 359 984 432; x_wconf 79' lang='lat' dir='ltr'><strong>perfectum</strong></span> <span class='ocrx_word' id='word_1_14' title='bbox 1023 359 1298 416; x_wconf 73' lang='lat' dir='ltr'><strong>desursum</strong></span> <span class='ocrx_word' id='word_1_15' title='bbox 1336 377 1447 415; x_wconf 85' lang='lat' dir='ltr'><strong>esse</strong></span> <span class='ocrx_word' id='word_1_16' title='bbox 1492 360 1636 432; x_wconf 64' lang='lat' dir='ltr'><strong>(Jac:</strong></span> <span class='ocrx_word' id='word_1_17' title='bbox 1663 374 1707 423; x_wconf 84' lang='grc' dir='ltr'><strong>ι,</strong></span> <span class='ocrx_word' id='word_1_18' title='bbox 1740 358 1851 431; x_wconf 84' lang='lat' dir='ltr'><strong>l7.)</strong></span> <span class='ocrx_word' id='word_1_19' title='bbox 1881 364 1930 422; x_wconf 76' lang='grc' dir='ltr'><strong>Α</strong></span> <span class='ocrx_word' id='word_1_20' title='bbox 1958 356 2193 429; x_wconf 86' lang='lat' dir='ltr'><strong>ligimus.</strong></span> <span class='ocrx_word' id='word_1_21' title='bbox 2221 356 2375 411; x_wconf 80' lang='lat' dir='ltr'><strong>Nulla</strong></span> <span class='ocrx_word' id='word_1_22' title='bbox 2398 357 2566 428; x_wconf 86' lang='lat' dir='ltr'><strong>igitur</strong></span> <span class='ocrx_word' id='word_1_23' title='bbox 2591 358 2783 430; x_wconf 78' lang='lat' dir='ltr'><strong>pagina</strong></span> <span class='ocrx_word' id='word_1_24' title='bbox 2805 359 3107 414; x_wconf 87' lang='lat' dir='ltr'><strong>divinarum</strong></span> <span class='ocrx_word' id='word_1_25' title='bbox 3122 357 3528 441; x_wconf 76' lang='lat' dir='ltr'><strong>Scripturarum</strong></span> 
     </span>
    </p>
   </div>
   <div class='ocr_carea' id='block_1_5' title="bbox 275 444 1850 519">
    <p class='ocr_par' dir='ltr' id='par_1_5' title="bbox 275 444 1850 519">
     <span class='ocr_line' id='line_1_5' title="bbox 275 444 1850 519; baseline -0.003 -14"><span class='ocrx_word' id='word_1_26' title='bbox 275 444 430 510; x_wconf 79' lang='lat' dir='ltr'><strong>Unde</strong></span> <span class='ocrx_word' id='word_1_27' title='bbox 443 451 535 507; x_wconf 89' lang='lat' dir='ltr'><strong>diu</strong></span> <span class='ocrx_word' id='word_1_28' title='bbox 553 464 763 506; x_wconf 90' lang='lat' dir='ltr'><strong>mecum</strong></span> <span class='ocrx_word' id='word_1_29' title='bbox 787 462 815 491; x_wconf 80' lang='grc' dir='ltr'>ι</span> <span class='ocrx_word' id='word_1_30' title='bbox 842 448 1196 519; x_wconf 88' lang='lat' dir='ltr'><strong>multumque,</strong></span> <span class='ocrx_word' id='word_1_31' title='bbox 1222 450 1297 504; x_wconf 91' lang='lat' dir='ltr'><strong>mi</strong></span> <span class='ocrx_word' id='word_1_32' title='bbox 1322 449 1503 515; x_wconf 88' lang='lat' dir='ltr'><strong>Pater,</strong></span> <span class='ocrx_word' id='word_1_33' title='bbox 1525 448 1850 511; x_wconf 87' lang='lat' dir='ltr'><strong>deliberans,</strong></span> 
     </span>
    </p>
   </div>
   <div class='ocr_carea' id='block_1_6' title="bbox 273 538 1856 611">
    <p class='ocr_par' dir='ltr' id='par_1_6' title="bbox 273 538 1856 611">
     <span class='ocr_line' id='line_1_6' title="bbox 273 538 1856 611; baseline -0.004 -12"><span class='ocrx_word' id='word_1_34' title='bbox 273 542 492 599; x_wconf 88' lang='lat' dir='ltr'><strong>adorior</strong></span> <span class='ocrx_word' id='word_1_35' title='bbox 518 538 661 611; x_wconf 91' lang='lat' dir='ltr'><strong>quod</strong></span> <span class='ocrx_word' id='word_1_36' title='bbox 699 539 893 609; x_wconf 83' lang='lat' dir='ltr'><strong>exigis,</strong></span> <span class='ocrx_word' id='word_1_37' title='bbox 934 538 1001 593; x_wconf 90' lang='lat' dir='ltr'><strong>de</strong></span> <span class='ocrx_word' id='word_1_38' title='bbox 1046 538 1172 604; x_wconf 88' lang='lat' dir='ltr'><strong>fide,</strong></span> <span class='ocrx_word' id='word_1_39' title='bbox 1223 550 1320 608; x_wconf 85' lang='lat' dir='ltr'><strong>spe</strong></span> <span class='ocrx_word' id='word_1_40' title='bbox 1367 547 1532 607; x_wconf 89' lang='lat' dir='ltr'><strong>atque</strong></span> <span class='ocrx_word' id='word_1_41' title='bbox 1588 538 1856 593; x_wconf 86' lang='lat' dir='ltr'><strong>charitate</strong></span> 
     </span>
    </p>
   </div>
   <div class='ocr_carea' id='block_1_7' title="bbox 273 631 1856 706">
    <p class='ocr_par' dir='ltr' id='par_1_7' title="bbox 273 631 1856 706">
     <span class='ocr_line' id='line_1_7' title="bbox 273 631 1856 706; baseline -0.001 -18"><span class='ocrx_word' id='word_1_42' title='bbox 273 634 573 706; x_wconf 79' lang='lat' dir='ltr'><strong>quippiam,</strong></span> <span class='ocrx_word' id='word_1_43' title='bbox 615 633 745 703; x_wconf 90' lang='lat' dir='ltr'><strong>quid</strong></span> <span class='ocrx_word' id='word_1_44' title='bbox 789 633 919 697; x_wconf 92' lang='lat' dir='ltr'><strong>sint,</strong></span> <span class='ocrx_word' id='word_1_45' title='bbox 950 631 1032 685; x_wconf 91' lang='lat' dir='ltr'><strong>vel</strong></span> <span class='ocrx_word' id='word_1_46' title='bbox 1079 632 1312 700; x_wconf 90' lang='lat' dir='ltr'><strong>qualiter</strong></span> <span class='ocrx_word' id='word_1_47' title='bbox 1358 631 1680 686; x_wconf 74' lang='lat' dir='ltr'><strong>habeantur.</strong></span> <span class='ocrx_word' id='word_1_48' title='bbox 1716 631 1856 686; x_wconf 86' lang='lat' dir='ltr'><strong>Pro-</strong></span> 
     </span>
    </p>
   </div>
   <div class='ocr_carea' id='block_1_8' title="bbox 272 722 1853 801">
    <p class='ocr_par' dir='ltr' id='par_1_8' title="bbox 272 722 1853 801">
     <span class='ocr_line' id='line_1_8' title="bbox 272 722 1853 801; baseline -0.003 -20"><span class='ocrx_word' id='word_1_49' title='bbox 272 724 417 781; x_wconf 85' lang='lat' dir='ltr'><strong>l&#39;ecto</strong></span> <span class='ocrx_word' id='word_1_50' title='bbox 448 741 571 780; x_wconf 90' lang='lat' dir='ltr'><strong>cum</strong></span> <span class='ocrx_word' id='word_1_51' title='bbox 600 724 630 765; x_wconf 70' lang='grc' dir='ltr'>δ</span> <span class='ocrx_word' id='word_1_52' title='bbox 654 723 855 788; x_wconf 86' lang='lat' dir='ltr'><strong>nullus,</strong></span> <span class='ocrx_word' id='word_1_53' title='bbox 889 732 949 789; x_wconf 85' lang='lat' dir='ltr'><strong>ut</strong></span> <span class='ocrx_word' id='word_1_54' title='bbox 974 723 1207 793; x_wconf 72' lang='lat' dir='ltr'><strong>prmtuli,</strong></span> <span class='ocrx_word' id='word_1_55' title='bbox 1249 723 1562 778; x_wconf 82' lang='lat' dir='ltr'><strong>earumdem</strong></span> <span class='ocrx_word' id='word_1_56' title='bbox 1592 722 1853 801; x_wconf 85' lang='lat' dir='ltr'><strong>virtutum</strong></span> 
     </span>
    </p>
   </div>
   <div class='ocr_carea' id='block_1_9' title="bbox 273 814 1854 887">
    <p class='ocr_par' dir='ltr' id='par_1_9' title="bbox 273 814 1854 887">
     <span class='ocr_line' id='line_1_9' title="bbox 273 814 1854 887; baseline -0.003 -14"><span class='ocrx_word' id='word_1_57' title='bbox 273 817 706 887; x_wconf 74' lang='lat' dir='ltr'><strong>intelligentiam,</strong></span> <span class='ocrx_word' id='word_1_58' title='bbox 729 815 832 869; x_wconf 88' lang='lat' dir='ltr'><strong>nisi</strong></span> <span class='ocrx_word' id='word_1_59' title='bbox 857 830 923 870; x_wconf 83' lang='lat' dir='ltr'><strong>ex</strong></span> <span class='ocrx_word' id='word_1_60' title='bbox 937 814 1078 868; x_wconf 88' lang='lat' dir='ltr'><strong>dono</strong></span> <span class='ocrx_word' id='word_1_61' title='bbox 1105 816 1277 869; x_wconf 69' lang='lat' dir='ltr'><strong>sancti</strong></span> <span class='ocrx_word' id='word_1_62' title='bbox 1302 814 1538 884; x_wconf 87' lang='lat' dir='ltr'><strong>Spiritus</strong></span> <span class='ocrx_word' id='word_1_63' title='bbox 1562 821 1741 882; x_wconf 86' lang='lat' dir='ltr'><strong>potest</strong></span> <span class='ocrx_word' id='word_1_64' title='bbox 1767 828 1854 868; x_wconf 91' lang='lat' dir='ltr'><strong>ae-</strong></span> 
     </span>
    </p>
   </div>
   <div class='ocr_carea' id='block_1_10' title="bbox 275 902 1852 978">
    <p class='ocr_par' dir='ltr' id='par_1_10' title="bbox 275 902 1852 978">
     <span class='ocr_line' id='line_1_10' title="bbox 275 902 1852 978; baseline 0.001 -19"><span class='ocrx_word' id='word_1_65' title='bbox 275 902 511 978; x_wconf 82' lang='lat' dir='ltr'><strong>quirere,</strong></span> <span class='ocrx_word' id='word_1_66' title='bbox 539 907 657 961; x_wconf 89' lang='lat' dir='ltr'><strong>sine</strong></span> <span class='ocrx_word' id='word_1_67' title='bbox 671 907 866 976; x_wconf 85' lang='lat' dir='ltr'><strong>quibus</strong></span> <span class='ocrx_word' id='word_1_68' title='bbox 888 905 1066 960; x_wconf 90' lang='lat' dir='ltr'><strong>nullus</strong></span> <span class='ocrx_word' id='word_1_69' title='bbox 1093 905 1146 960; x_wconf 86' lang='lat' dir='ltr'><strong>in</strong></span> <span class='ocrx_word' id='word_1_70' title='bbox 1175 921 1234 960; x_wconf 88' lang='lat' dir='ltr'><strong>re</strong></span> <span class='ocrx_word' id='word_1_71' title='bbox 1263 905 1461 959; x_wconf 90' lang='lat' dir='ltr'><strong>dicitur</strong></span> <span class='ocrx_word' id='word_1_72' title='bbox 1484 903 1852 971; x_wconf 88' lang='lat' dir='ltr'><strong>Christianus,</strong></span> 
     </span>
    </p>
   </div>
   <div class='ocr_carea' id='block_1_11' title="bbox 272 995 1854 1069">
    <p class='ocr_par' dir='ltr' id='par_1_11' title="bbox 272 995 1854 1069">
     <span class='ocr_line' id='line_1_11' title="bbox 272 995 1854 1069; baseline -0.003 -16"><span class='ocrx_word' id='word_1_73' title='bbox 272 998 378 1053; x_wconf 87' lang='lat' dir='ltr'><strong>etsi</strong></span> <span class='ocrx_word' id='word_1_74' title='bbox 407 1013 596 1053; x_wconf 87' lang='lat' dir='ltr'><strong>omnes</strong></span> <span class='ocrx_word' id='word_1_75' title='bbox 638 998 859 1069; x_wconf 72' lang='lat' dir='ltr'><strong>reliquae</strong></span> <span class='ocrx_word' id='word_1_76' title='bbox 887 997 1116 1052; x_wconf 81' lang='lat' dir='ltr'><strong>virtutes</strong></span> <span class='ocrx_word' id='word_1_77' title='bbox 1137 996 1422 1052; x_wconf 88' lang='lat' dir='ltr'><strong>videantur</strong></span> <span class='ocrx_word' id='word_1_78' title='bbox 1453 995 1695 1066; x_wconf 72' lang='lat' dir='ltr'><strong>adepttr;</strong></span> <span class='ocrx_word' id='word_1_79' title='bbox 1719 1010 1854 1066; x_wconf 87' lang='lat' dir='ltr'><strong>quo-</strong></span> 
     </span>
    </p>
   </div>
   <div class='ocr_carea' id='block_1_12' title="bbox 275 1086 1851 1158">
    <p class='ocr_par' dir='ltr' id='par_1_12' title="bbox 275 1086 1851 1158">
     <span class='ocr_line' id='line_1_12' title="bbox 275 1086 1851 1158; baseline -0.002 -14"><span class='ocrx_word' id='word_1_80' title='bbox 275 1090 421 1144; x_wconf 91' lang='lat' dir='ltr'><strong>niam</strong></span> <span class='ocrx_word' id='word_1_81' title='bbox 444 1104 507 1143; x_wconf 80' lang='lat' dir='ltr'><strong>ex</strong></span> <span class='ocrx_word' id='word_1_82' title='bbox 540 1089 658 1144; x_wconf 87' lang='lat' dir='ltr'><strong>istis</strong></span> <span class='ocrx_word' id='word_1_83' title='bbox 685 1095 738 1143; x_wconf 89' lang='lat' dir='ltr'><strong>et</strong></span> <span class='ocrx_word' id='word_1_84' title='bbox 767 1088 821 1142; x_wconf 92' lang='lat' dir='ltr'><strong>in</strong></span> <span class='ocrx_word' id='word_1_85' title='bbox 855 1086 972 1143; x_wconf 85' lang='lat' dir='ltr'><strong>istis</strong></span> <span class='ocrx_word' id='word_1_86' title='bbox 1003 1089 1165 1143; x_wconf 85' lang='lat' dir='ltr'><strong>totius</strong></span> <span class='ocrx_word' id='word_1_87' title='bbox 1193 1086 1414 1142; x_wconf 84' lang='lat' dir='ltr'><strong>humani</strong></span> <span class='ocrx_word' id='word_1_88' title='bbox 1445 1088 1659 1158; x_wconf 81' lang='lat' dir='ltr'><strong>generis</strong></span> <span class='ocrx_word' id='word_1_89' title='bbox 1684 1087 1851 1151; x_wconf 86' lang='lat' dir='ltr'><strong>salus,</strong></span> 
     </span>
    </p>
   </div>
   <div class='ocr_carea' id='block_1_13' title="bbox 272 1176 1852 1247">
    <p class='ocr_par' dir='ltr' id='par_1_13' title="bbox 272 1176 1852 1247">
     <span class='ocr_line' id='line_1_13' title="bbox 272 1176 1852 1247; baseline -0.002 -13"><span class='ocrx_word' id='word_1_90' title='bbox 272 1189 330 1234; x_wconf 91' lang='lat' dir='ltr'><strong>et</strong></span> <span class='ocrx_word' id='word_1_91' title='bbox 355 1180 618 1234; x_wconf 90' lang='lat' dir='ltr'><strong>virtutum</strong></span> <span class='ocrx_word' id='word_1_92' title='bbox 643 1176 926 1233; x_wconf 78' lang='lat' dir='ltr'><strong>efﬁcientia</strong></span> <span class='ocrx_word' id='word_1_93' title='bbox 955 1178 1185 1245; x_wconf 81' lang='lat' dir='ltr'><strong>pendet;</strong></span> <span class='ocrx_word' id='word_1_94' title='bbox 1215 1176 1619 1247; x_wconf 89' lang='lat' dir='ltr'><strong>Scripturarum</strong></span> <span class='ocrx_word' id='word_1_95' title='bbox 1638 1190 1852 1246; x_wconf 87' lang='lat' dir='ltr'><strong>quoque</strong></span> 
     </span>
    </p>
   </div>
   <div class='ocr_carea' id='block_1_14' title="bbox 274 1265 1851 1338">
    <p class='ocr_par' dir='ltr' id='par_1_14' title="bbox 274 1265 1851 1338">
     <span class='ocr_line' id='line_1_14' title="bbox 274 1265 1851 1338; baseline -0.003 -14"><span class='ocrx_word' id='word_1_96' title='bbox 274 1270 601 1335; x_wconf 89' lang='lat' dir='ltr'><strong>divinarum,</strong></span> <span class='ocrx_word' id='word_1_97' title='bbox 639 1284 744 1322; x_wconf 89' lang='lat' dir='ltr'><strong>non</strong></span> <span class='ocrx_word' id='word_1_98' title='bbox 776 1268 898 1323; x_wconf 85' lang='lat' dir='ltr'><strong>dico</strong></span> <span class='ocrx_word' id='word_1_99' title='bbox 931 1267 1184 1338; x_wconf 79' lang='lat' dir='ltr'><strong>quaelibet</strong></span> <span class='ocrx_word' id='word_1_100' title='bbox 1226 1265 1622 1331; x_wconf 81' lang='lat' dir='ltr'><strong>manifestiora,</strong></span> <span class='ocrx_word' id='word_1_101' title='bbox 1660 1280 1851 1320; x_wconf 90' lang='lat' dir='ltr'><strong>verum</strong></span> 
     </span>
    </p>
   </div>
   <div class='ocr_carea' id='block_1_15' title="bbox 272 1358 1850 1430">
    <p class='ocr_par' dir='ltr' id='par_1_15' title="bbox 272 1358 1850 1430">
     <span class='ocr_line' id='line_1_15' title="bbox 272 1358 1850 1430; baseline -0.003 -15"><span class='ocrx_word' id='word_1_102' title='bbox 272 1360 457 1415; x_wconf 87' lang='lat' dir='ltr'><strong>omnia</strong></span> <span class='ocrx_word' id='word_1_103' title='bbox 499 1358 920 1430; x_wconf 86' lang='lat' dir='ltr'><strong>profundissima</strong></span> <span class='ocrx_word' id='word_1_104' title='bbox 971 1359 1281 1427; x_wconf 90' lang='lat' dir='ltr'><strong>panduntur</strong></span> <span class='ocrx_word' id='word_1_105' title='bbox 1326 1367 1382 1412; x_wconf 90' lang='lat' dir='ltr'><strong>et</strong></span> <span class='ocrx_word' id='word_1_106' title='bbox 1426 1358 1690 1422; x_wconf 89' lang='lat' dir='ltr'><strong>obscura,</strong></span> <span class='ocrx_word' id='word_1_107' title='bbox 1743 1372 1850 1413; x_wconf 91' lang='lat' dir='ltr'><strong>non</strong></span> 
     </span>
    </p>
   </div>
   <div class='ocr_carea' id='block_1_16' title="bbox 273 1448 1850 1522">
    <p class='ocr_par' dir='ltr' id='par_1_16' title="bbox 273 1448 1850 1522">
     <span class='ocr_line' id='line_1_16' title="bbox 273 1448 1850 1522; baseline -0.001 -19"><span class='ocrx_word' id='word_1_108' title='bbox 273 1452 487 1521; x_wconf 88' lang='lat' dir='ltr'><strong>quidem</strong></span> <span class='ocrx_word' id='word_1_109' title='bbox 535 1461 815 1522; x_wconf 90' lang='lat' dir='ltr'><strong>poetarum</strong></span> <span class='ocrx_word' id='word_1_110' title='bbox 874 1448 1081 1504; x_wconf 80' lang='lat' dir='ltr'><strong>salsura</strong></span> <span class='ocrx_word' id='word_1_111' title='bbox 1114 1461 1161 1504; x_wconf 74' lang='grc' dir='ltr'><strong>ε.</strong></span> <span class='ocrx_word' id='word_1_112' title='bbox 1194 1450 1331 1505; x_wconf 89' lang='lat' dir='ltr'><strong>Tres</strong></span> <span class='ocrx_word' id='word_1_113' title='bbox 1385 1465 1530 1505; x_wconf 92' lang='lat' dir='ltr'><strong>nunc</strong></span> <span class='ocrx_word' id='word_1_114' title='bbox 1578 1448 1850 1504; x_wconf 82' lang='lat' dir='ltr'><strong>Musarum</strong></span> 
     </span>
    </p>
   </div>
   <div class='ocr_carea' id='block_1_17' title="bbox 272 1540 1851 1613">
    <p class='ocr_par' dir='ltr' id='par_1_17' title="bbox 272 1540 1851 1613">
     <span class='ocr_line' id='line_1_17' title="bbox 272 1540 1851 1613; baseline 0.001 -18"><span class='ocrx_word' id='word_1_115' title='bbox 272 1542 417 1612; x_wconf 85' lang='lat' dir='ltr'><strong>fingo</strong></span> <span class='ocrx_word' id='word_1_116' title='bbox 443 1558 679 1604; x_wconf 87' lang='lat' dir='ltr'><strong>sorores,</strong></span> <span class='ocrx_word' id='word_1_117' title='bbox 724 1549 815 1596; x_wconf 90' lang='lat' dir='ltr'><strong>aut</strong></span> <span class='ocrx_word' id='word_1_118' title='bbox 846 1540 1079 1596; x_wconf 86' lang='lat' dir='ltr'><strong>Pierium</strong></span> <span class='ocrx_word' id='word_1_119' title='bbox 1102 1541 1127 1581; x_wconf 78' lang='grc' dir='ltr'>ά</span> <span class='ocrx_word' id='word_1_120' title='bbox 1152 1541 1307 1613; x_wconf 91' lang='lat' dir='ltr'><strong>pulso</strong></span> <span class='ocrx_word' id='word_1_121' title='bbox 1334 1541 1565 1607; x_wconf 89' lang='lat' dir='ltr'><strong>illectus,</strong></span> <span class='ocrx_word' id='word_1_122' title='bbox 1606 1541 1702 1597; x_wconf 88' lang='lat' dir='ltr'><strong>sed</strong></span> <span class='ocrx_word' id='word_1_123' title='bbox 1735 1541 1851 1597; x_wconf 86' lang='lat' dir='ltr'><strong>vias</strong></span> 
     </span>
    </p>
   </div>
   <div class='ocr_carea' id='block_1_18' title="bbox 270 1620 1850 1705">
    <p class='ocr_par' dir='ltr' id='par_1_18' title="bbox 270 1620 1850 1705">
     <span class='ocr_line' id='line_1_18' title="bbox 270 1620 1850 1705; baseline 0.001 -18"><span class='ocrx_word' id='word_1_124' title='bbox 270 1634 395 1688; x_wconf 75' lang='lat' dir='ltr'><strong>vitae</strong></span> <span class='ocrx_word' id='word_1_125' title='bbox 443 1634 726 1705; x_wconf 81' lang='lat' dir='ltr'><strong>aggredior</strong></span> <span class='ocrx_word' id='word_1_126' title='bbox 768 1644 1051 1689; x_wconf 78' lang='lat' dir='ltr'><strong>manantes</strong></span> <span class='ocrx_word' id='word_1_127' title='bbox 1092 1635 1159 1689; x_wconf 90' lang='lat' dir='ltr'><strong>de</strong></span> <span class='ocrx_word' id='word_1_128' title='bbox 1194 1620 1467 1705; x_wconf 87' lang='lat' dir='ltr'><strong>paradiso.</strong></span> <span class='ocrx_word' id='word_1_129' title='bbox 1512 1633 1667 1689; x_wconf 91' lang='lat' dir='ltr'><strong>Unde</strong></span> <span class='ocrx_word' id='word_1_130' title='bbox 1710 1647 1850 1689; x_wconf 92' lang='lat' dir='ltr'><strong>novo</strong></span> 
     </span>
    </p>
   </div>
   <div class='ocr_carea' id='block_1_19' title="bbox 1957 436 3528 517">
    <p class='ocr_par' dir='ltr' id='par_1_19' title="bbox 1957 436 3528 517">
     <span class='ocr_line' id='line_1_19' title="bbox 1957 436 3528 517; baseline 0.004 -18"><span class='ocrx_word' id='word_1_131' title='bbox 1957 460 2079 517; x_wconf 65' lang='lat' dir='ltr'><strong>qua:</strong></span> <span class='ocrx_word' id='word_1_132' title='bbox 2111 456 2220 501; x_wconf 91' lang='lat' dir='ltr'><strong>tres</strong></span> <span class='ocrx_word' id='word_1_133' title='bbox 2265 446 2430 502; x_wconf 83' lang='lat' dir='ltr'><strong>hasce</strong></span> <span class='ocrx_word' id='word_1_134' title='bbox 2473 446 2702 503; x_wconf 80' lang='lat' dir='ltr'><strong>virtutes</strong></span> <span class='ocrx_word' id='word_1_135' title='bbox 2747 447 3157 504; x_wconf 77' lang='lat' dir='ltr'><strong>fundamentum</strong></span> <span class='ocrx_word' id='word_1_136' title='bbox 3210 436 3282 502; x_wconf 20' lang='lat' dir='ltr'><strong>et.</strong></span> <span class='ocrx_word' id='word_1_137' title='bbox 3311 440 3528 506; x_wconf 78' lang='lat' dir='ltr'><strong>culmen</strong></span> 
     </span>
    </p>
   </div>
   <div class='ocr_carea' id='block_1_20' title="bbox 1960 535 3529 610">
    <p class='ocr_par' dir='ltr' id='par_1_20' title="bbox 1960 535 3529 610">
     <span class='ocr_line' id='line_1_20' title="bbox 1960 535 3529 610; baseline 0.006 -21"><span class='ocrx_word' id='word_1_138' title='bbox 1960 536 2123 591; x_wconf 84' lang='lat' dir='ltr'><strong>totius</strong></span> <span class='ocrx_word' id='word_1_139' title='bbox 2151 535 2573 591; x_wconf 80' lang='lat' dir='ltr'><strong>Christianitatis</strong></span> <span class='ocrx_word' id='word_1_140' title='bbox 2616 553 2725 593; x_wconf 92' lang='lat' dir='ltr'><strong>non</strong></span> <span class='ocrx_word' id='word_1_141' title='bbox 2753 540 3008 609; x_wconf 83' lang='lat' dir='ltr'><strong>praedicet</strong></span> <span class='ocrx_word' id='word_1_142' title='bbox 3041 548 3095 595; x_wconf 91' lang='lat' dir='ltr'><strong>et</strong></span> <span class='ocrx_word' id='word_1_143' title='bbox 3119 539 3386 605; x_wconf 87' lang='lat' dir='ltr'><strong>insinuet;</strong></span> <span class='ocrx_word' id='word_1_144' title='bbox 3408 542 3529 610; x_wconf 84' lang='lat' dir='ltr'><strong>qui-</strong></span> 
     </span>
    </p>
   </div>
   <div class='ocr_carea' id='block_1_21' title="bbox 1957 624 3533 704">
    <p class='ocr_par' dir='ltr' id='par_1_21' title="bbox 1957 624 3533 704">
     <span class='ocr_line' id='line_1_21' title="bbox 1957 624 3533 704; baseline 0.006 -24"><span class='ocrx_word' id='word_1_145' title='bbox 1957 624 2058 681; x_wconf 91' lang='lat' dir='ltr'><strong>bus</strong></span> <span class='ocrx_word' id='word_1_146' title='bbox 2100 635 2294 682; x_wconf 63' lang='lat' dir='ltr'><strong>caetera</strong></span> <span class='ocrx_word' id='word_1_147' title='bbox 2348 637 2676 698; x_wconf 68' lang='lat' dir='ltr'><strong>praestantur</strong></span> <span class='ocrx_word' id='word_1_148' title='bbox 2712 631 2880 696; x_wconf 89' lang='lat' dir='ltr'><strong>dona,</strong></span> <span class='ocrx_word' id='word_1_149' title='bbox 2921 641 2977 687; x_wconf 89' lang='lat' dir='ltr'><strong>et</strong></span> <span class='ocrx_word' id='word_1_150' title='bbox 3014 633 3123 688; x_wconf 90' lang='lat' dir='ltr'><strong>vita</strong></span> <span class='ocrx_word' id='word_1_151' title='bbox 3178 635 3533 704; x_wconf 87' lang='lat' dir='ltr'><strong>consequitur</strong></span> 
     </span>
    </p>
   </div>
   <div class='ocr_carea' id='block_1_22' title="bbox 1956 719 3532 794">
    <p class='ocr_par' dir='ltr' id='par_1_22' title="bbox 1956 719 3532 794">
     <span class='ocr_line' id='line_1_22' title="bbox 1956 719 3532 794; baseline 0.006 -21"><span class='ocrx_word' id='word_1_152' title='bbox 1956 719 2304 788; x_wconf 88' lang='lat' dir='ltr'><strong>sempiterna.</strong></span> <span class='ocrx_word' id='word_1_153' title='bbox 2338 719 2638 776; x_wconf 87' lang='lat' dir='ltr'><strong>Pascuntur</strong></span> <span class='ocrx_word' id='word_1_154' title='bbox 2667 723 2812 777; x_wconf 90' lang='lat' dir='ltr'><strong>enim</strong></span> <span class='ocrx_word' id='word_1_155' title='bbox 2850 735 3055 794; x_wconf 91' lang='lat' dir='ltr'><strong>septem</strong></span> <span class='ocrx_word' id='word_1_156' title='bbox 3087 723 3323 794; x_wconf 90' lang='lat' dir='ltr'><strong>Spiritus</strong></span> <span class='ocrx_word' id='word_1_157' title='bbox 3352 727 3532 782; x_wconf 83' lang='lat' dir='ltr'><strong>sancti</strong></span> 
     </span>
    </p>
   </div>
   <div class='ocr_carea' id='block_1_23' title="bbox 1954 807 3532 884">
    <p class='ocr_par' dir='ltr' id='par_1_23' title="bbox 1954 807 3532 884">
     <span class='ocr_line' id='line_1_23' title="bbox 1954 807 3532 884; baseline 0.006 -23"><span class='ocrx_word' id='word_1_158' title='bbox 1954 807 2132 872; x_wconf 90' lang='lat' dir='ltr'><strong>donis,</strong></span> <span class='ocrx_word' id='word_1_159' title='bbox 2162 808 2302 863; x_wconf 87' lang='lat' dir='ltr'><strong>sicut</strong></span> <span class='ocrx_word' id='word_1_160' title='bbox 2330 810 2383 864; x_wconf 92' lang='lat' dir='ltr'><strong>in</strong></span> <span class='ocrx_word' id='word_1_161' title='bbox 2414 808 2514 865; x_wconf 81' lang='lat' dir='ltr'><strong>Job</strong></span> <span class='ocrx_word' id='word_1_162' title='bbox 2539 812 2920 882; x_wconf 81' lang='lat' dir='ltr'><strong>praesignatum</strong></span> <span class='ocrx_word' id='word_1_163' title='bbox 2960 813 3209 884; x_wconf 86' lang='lat' dir='ltr'><strong>legimus,</strong></span> <span class='ocrx_word' id='word_1_164' title='bbox 3236 815 3378 884; x_wconf 89' lang='lat' dir='ltr'><strong>quod</strong></span> <span class='ocrx_word' id='word_1_165' title='bbox 3417 824 3532 872; x_wconf 86' lang='lat' dir='ltr'><strong>tres</strong></span> 
     </span>
    </p>
   </div>
   <div class='ocr_carea' id='block_1_24' title="bbox 1955 897 3530 975">
    <p class='ocr_par' dir='ltr' id='par_1_24' title="bbox 1955 897 3530 975">
     <span class='ocr_line' id='line_1_24' title="bbox 1955 897 3530 975; baseline 0.006 -23"><span class='ocrx_word' id='word_1_166' title='bbox 1955 897 2079 954; x_wconf 75' lang='lat' dir='ltr'><strong>filia:</strong></span> <span class='ocrx_word' id='word_1_167' title='bbox 2101 898 2217 965; x_wconf 83' lang='lat' dir='ltr'><strong>ejus</strong></span> <span class='ocrx_word' id='word_1_168' title='bbox 2247 900 2488 970; x_wconf 87' lang='lat' dir='ltr'><strong>quotidie</strong></span> <span class='ocrx_word' id='word_1_169' title='bbox 2525 917 2622 972; x_wconf 91' lang='lat' dir='ltr'><strong>per</strong></span> <span class='ocrx_word' id='word_1_170' title='bbox 2649 904 2834 958; x_wconf 90' lang='lat' dir='ltr'><strong>orbem</strong></span> <span class='ocrx_word' id='word_1_171' title='bbox 2859 904 3067 960; x_wconf 89' lang='lat' dir='ltr'><strong>dierum</strong></span> <span class='ocrx_word' id='word_1_172' title='bbox 3098 905 3151 957; x_wconf 92' lang='lat' dir='ltr'><strong>in</strong></span> <span class='ocrx_word' id='word_1_173' title='bbox 3191 905 3530 975; x_wconf 86' lang='lat' dir='ltr'><strong>singulorum</strong></span> 
     </span>
    </p>
   </div>
   <div class='ocr_carea' id='block_1_25' title="bbox 1953 987 3528 1063">
    <p class='ocr_par' dir='ltr' id='par_1_25' title="bbox 1953 987 3528 1063">
     <span class='ocr_line' id='line_1_25' title="bbox 1953 987 3528 1063; baseline 0.004 -19"><span class='ocrx_word' id='word_1_174' title='bbox 1953 987 2182 1046; x_wconf 77' lang='lat' dir='ltr'><strong>fratrum</strong></span> <span class='ocrx_word' id='word_1_175' title='bbox 2222 1007 2441 1047; x_wconf 89' lang='lat' dir='ltr'><strong>suorum</strong></span> <span class='ocrx_word' id='word_1_176' title='bbox 2490 994 2851 1063; x_wconf 86' lang='lat' dir='ltr'><strong>epulabantur</strong></span> <span class='ocrx_word' id='word_1_177' title='bbox 2904 994 3182 1059; x_wconf 88' lang='lat' dir='ltr'><strong>domibus;</strong></span> <span class='ocrx_word' id='word_1_178' title='bbox 3224 994 3474 1054; x_wconf 76' lang='lat' dir='ltr'><strong>videlicet</strong></span> <span class='ocrx_word' id='word_1_179' title='bbox 3505 996 3528 1036; x_wconf 78' lang='grc' dir='ltr'>ί</span> 
     </span>
    </p>
   </div>
   <div class='ocr_carea' id='block_1_26' title="bbox 1953 1084 3530 1157">
    <p class='ocr_par' dir='ltr' id='par_1_26' title="bbox 1953 1084 3530 1157">
     <span class='ocr_line' id='line_1_26' title="bbox 1953 1084 3530 1157; baseline 0.004 -19"><span class='ocrx_word' id='word_1_180' title='bbox 1953 1084 2079 1156; x_wconf 85' lang='lat' dir='ltr'><strong>quia</strong></span> <span class='ocrx_word' id='word_1_181' title='bbox 2111 1085 2263 1152; x_wconf 90' lang='lat' dir='ltr'><strong>fides,</strong></span> <span class='ocrx_word' id='word_1_182' title='bbox 2308 1101 2432 1155; x_wconf 88' lang='lat' dir='ltr'><strong>spes</strong></span> <span class='ocrx_word' id='word_1_183' title='bbox 2461 1095 2623 1156; x_wconf 88' lang='lat' dir='ltr'><strong>atque</strong></span> <span class='ocrx_word' id='word_1_184' title='bbox 2649 1088 2891 1143; x_wconf 89' lang='lat' dir='ltr'><strong>cbaritas</strong></span> <span class='ocrx_word' id='word_1_185' title='bbox 2926 1102 3051 1143; x_wconf 87' lang='lat' dir='ltr'><strong>rore</strong></span> <span class='ocrx_word' id='word_1_186' title='bbox 3078 1085 3313 1157; x_wconf 88' lang='lat' dir='ltr'><strong>Spiritus</strong></span> <span class='ocrx_word' id='word_1_187' title='bbox 3353 1089 3530 1146; x_wconf 83' lang='lat' dir='ltr'><strong>sancti</strong></span> 
     </span>
    </p>
   </div>
   <div class='ocr_carea' id='block_1_27' title="bbox 1952 1178 3531 1248">
    <p class='ocr_par' dir='ltr' id='par_1_27' title="bbox 1952 1178 3531 1248">
     <span class='ocr_line' id='line_1_27' title="bbox 1952 1178 3531 1248; baseline 0.004 -19"><span class='ocrx_word' id='word_1_188' title='bbox 1952 1178 2131 1246; x_wconf 83' lang='lat' dir='ltr'><strong>Opime</strong></span> <span class='ocrx_word' id='word_1_189' title='bbox 2153 1179 2487 1248; x_wconf 79' lang='lat' dir='ltr'><strong>saginantur,</strong></span> <span class='ocrx_word' id='word_1_190' title='bbox 2532 1189 2591 1233; x_wconf 89' lang='lat' dir='ltr'><strong>ut</strong></span> <span class='ocrx_word' id='word_1_191' title='bbox 2630 1179 2861 1233; x_wconf 88' lang='lat' dir='ltr'><strong>visibilia</strong></span> <span class='ocrx_word' id='word_1_192' title='bbox 2907 1187 3256 1235; x_wconf 89' lang='lat' dir='ltr'><strong>contemnant</strong></span> <span class='ocrx_word' id='word_1_193' title='bbox 3279 1181 3322 1243; x_wconf 74' lang='grc' dir='ltr'><strong>ε,</strong></span> <span class='ocrx_word' id='word_1_194' title='bbox 3356 1187 3414 1234; x_wconf 88' lang='lat' dir='ltr'><strong>et</strong></span> <span class='ocrx_word' id='word_1_195' title='bbox 3458 1180 3531 1235; x_wconf 89' lang='lat' dir='ltr'><strong>ad</strong></span> 
     </span>
    </p>
   </div>
   <div class='ocr_carea' id='block_1_28' title="bbox 1951 1270 3527 1338">
    <p class='ocr_par' dir='ltr' id='par_1_28' title="bbox 1951 1270 3527 1338">
     <span class='ocr_line' id='line_1_28' title="bbox 1951 1270 3527 1338; baseline 0.004 -17"><span class='ocrx_word' id='word_1_196' title='bbox 1951 1281 2017 1321; x_wconf 86' lang='lat' dir='ltr'><strong>ea</strong></span> <span class='ocrx_word' id='word_1_197' title='bbox 2087 1284 2206 1338; x_wconf 83' lang='lat' dir='ltr'><strong>quae</strong></span> <span class='ocrx_word' id='word_1_198' title='bbox 2283 1285 2388 1323; x_wconf 91' lang='lat' dir='ltr'><strong>non</strong></span> <span class='ocrx_word' id='word_1_199' title='bbox 2442 1270 2696 1325; x_wconf 87' lang='lat' dir='ltr'><strong>videntur</strong></span> <span class='ocrx_word' id='word_1_200' title='bbox 2751 1271 3118 1326; x_wconf 83' lang='lat' dir='ltr'><strong>indesinenter</strong></span> <span class='ocrx_word' id='word_1_201' title='bbox 3184 1272 3442 1328; x_wconf 80' lang='lat' dir='ltr'><strong>festinent</strong></span> <span class='ocrx_word' id='word_1_202' title='bbox 3471 1272 3527 1328; x_wconf 74' lang='grc' dir='ltr'><strong>ιι.</strong></span> 
     </span>
    </p>
   </div>
   <div class='ocr_carea' id='block_1_29' title="bbox 1954 1357 3530 1436">
    <p class='ocr_par' dir='ltr' id='par_1_29' title="bbox 1954 1357 3530 1436">
     <span class='ocr_line' id='line_1_29' title="bbox 1954 1357 3530 1436; baseline 0.004 -23"><span class='ocrx_word' id='word_1_203' title='bbox 1954 1357 2153 1429; x_wconf 87' lang='lat' dir='ltr'><strong>Spiritu</strong></span> <span class='ocrx_word' id='word_1_204' title='bbox 2186 1360 2382 1430; x_wconf 87' lang='lat' dir='ltr'><strong>quippe</strong></span> <span class='ocrx_word' id='word_1_205' title='bbox 2418 1359 2512 1415; x_wconf 82' lang='lat' dir='ltr'><strong>Dei</strong></span> <span class='ocrx_word' id='word_1_206' title='bbox 2543 1371 2797 1432; x_wconf 86' lang='lat' dir='ltr'><strong>aguntur,</strong></span> <span class='ocrx_word' id='word_1_207' title='bbox 2857 1371 2914 1417; x_wconf 89' lang='lat' dir='ltr'><strong>et</strong></span> <span class='ocrx_word' id='word_1_208' title='bbox 2953 1363 3072 1418; x_wconf 90' lang='lat' dir='ltr'><strong>ideo</strong></span> <span class='ocrx_word' id='word_1_209' title='bbox 3106 1378 3205 1435; x_wconf 85' lang='lat' dir='ltr'><strong>pro</strong></span> <span class='ocrx_word' id='word_1_210' title='bbox 3259 1363 3343 1420; x_wconf 90' lang='lat' dir='ltr'><strong>his</strong></span> <span class='ocrx_word' id='word_1_211' title='bbox 3406 1380 3530 1436; x_wconf 69' lang='lat' dir='ltr'><strong>quas</strong></span> 
     </span>
    </p>
   </div>
   <div class='ocr_carea' id='block_1_30' title="bbox 1946 1452 3532 1529">
    <p class='ocr_par' dir='ltr' id='par_1_30' title="bbox 1946 1452 3532 1529">
     <span class='ocr_line' id='line_1_30' title="bbox 1946 1452 3532 1529; baseline 0.003 -24"><span class='ocrx_word' id='word_1_212' title='bbox 1946 1452 2060 1522; x_wconf 84' lang='lat' dir='ltr'><strong>jam</strong></span> <span class='ocrx_word' id='word_1_213' title='bbox 2112 1454 2339 1508; x_wconf 85' lang='lat' dir='ltr'><strong>donatas</strong></span> <span class='ocrx_word' id='word_1_214' title='bbox 2393 1454 2626 1524; x_wconf 89' lang='lat' dir='ltr'><strong>diligunt</strong></span> <span class='ocrx_word' id='word_1_215' title='bbox 2661 1457 2705 1519; x_wconf 77' lang='grc' dir='ltr'><strong>ί,</strong></span> <span class='ocrx_word' id='word_1_216' title='bbox 2763 1456 3017 1512; x_wconf 88' lang='lat' dir='ltr'><strong>ardenter</strong></span> <span class='ocrx_word' id='word_1_217' title='bbox 3056 1455 3357 1529; x_wconf 77' lang='lat' dir='ltr'><strong>invigilant.</strong></span> <span class='ocrx_word' id='word_1_218' title='bbox 3384 1455 3532 1523; x_wconf 82' lang='lat' dir='ltr'><strong>Qua-</strong></span> 
     </span>
    </p>
   </div>
   <div class='ocr_carea' id='block_1_31' title="bbox 1951 1545 3525 1618">
    <p class='ocr_par' dir='ltr' id='par_1_31' title="bbox 1951 1545 3525 1618">
     <span class='ocr_line' id='line_1_31' title="bbox 1951 1545 3525 1618; baseline 0.003 -21"><span class='ocrx_word' id='word_1_219' title='bbox 1951 1552 2168 1614; x_wconf 90' lang='lat' dir='ltr'><strong>propter</strong></span> <span class='ocrx_word' id='word_1_220' title='bbox 2223 1545 2291 1600; x_wconf 88' lang='lat' dir='ltr'><strong>de</strong></span> <span class='ocrx_word' id='word_1_221' title='bbox 2348 1545 2434 1601; x_wconf 89' lang='lat' dir='ltr'><strong>his</strong></span> <span class='ocrx_word' id='word_1_222' title='bbox 2482 1547 2673 1617; x_wconf 92' lang='lat' dir='ltr'><strong>loqui,</strong></span> <span class='ocrx_word' id='word_1_223' title='bbox 2724 1556 2786 1602; x_wconf 89' lang='lat' dir='ltr'><strong>ut</strong></span> <span class='ocrx_word' id='word_1_224' title='bbox 2838 1548 3131 1618; x_wconf 81' lang='lat' dir='ltr'><strong>congruit,</strong></span> <span class='ocrx_word' id='word_1_225' title='bbox 3183 1549 3326 1604; x_wconf 91' lang='lat' dir='ltr'><strong>sicut</strong></span> <span class='ocrx_word' id='word_1_226' title='bbox 3378 1547 3525 1614; x_wconf 82' lang='lat' dir='ltr'><strong>dixi,</strong></span> 
     </span>
    </p>
   </div>
   <div class='ocr_carea' id='block_1_32' title="bbox 1951 1633 3530 1707">
    <p class='ocr_par' dir='ltr' id='par_1_32' title="bbox 1951 1633 3530 1707">
     <span class='ocr_line' id='line_1_32' title="bbox 1951 1633 3530 1707; baseline 0.005 -21"><span class='ocrx_word' id='word_1_227' title='bbox 1951 1633 2271 1690; x_wconf 88' lang='lat' dir='ltr'><strong>altissimum</strong></span> <span class='ocrx_word' id='word_1_228' title='bbox 2297 1644 2424 1701; x_wconf 90' lang='lat' dir='ltr'><strong>est;</strong></span> <span class='ocrx_word' id='word_1_229' title='bbox 2470 1645 2650 1692; x_wconf 90' lang='lat' dir='ltr'><strong>tacere</strong></span> <span class='ocrx_word' id='word_1_230' title='bbox 2677 1651 2829 1703; x_wconf 90' lang='lat' dir='ltr'><strong>vero,</strong></span> <span class='ocrx_word' id='word_1_231' title='bbox 2857 1645 2912 1691; x_wconf 92' lang='lat' dir='ltr'><strong>et</strong></span> <span class='ocrx_word' id='word_1_232' title='bbox 2950 1653 3056 1692; x_wconf 85' lang='lat' dir='ltr'><strong>non</strong></span> <span class='ocrx_word' id='word_1_233' title='bbox 3107 1651 3207 1707; x_wconf 87' lang='lat' dir='ltr'><strong>pro</strong></span> <span class='ocrx_word' id='word_1_234' title='bbox 3260 1638 3344 1692; x_wconf 91' lang='lat' dir='ltr'><strong>his</strong></span> <span class='ocrx_word' id='word_1_235' title='bbox 3399 1637 3530 1694; x_wconf 85' lang='lat' dir='ltr'><strong>doo-</strong></span> 
     </span>
    </p>
   </div>
   <div class='ocr_carea' id='block_1_33' title="bbox 270 1722 3531 1797">
    <p class='ocr_par' dir='ltr' id='par_1_33' title="bbox 270 1722 3531 1797">
     <span class='ocr_line' id='line_1_33' title="bbox 270 1722 3531 1797; baseline 0.002 -21"><span class='ocrx_word' id='word_1_236' title='bbox 270 1723 527 1795; x_wconf 91' lang='lat' dir='ltr'><strong>appulsus</strong></span> <span class='ocrx_word' id='word_1_237' title='bbox 559 1739 768 1790; x_wconf 88' lang='lat' dir='ltr'><strong>amore,</strong></span> <span class='ocrx_word' id='word_1_238' title='bbox 795 1724 868 1795; x_wconf 85' lang='lat' dir='ltr'><strong>pii</strong></span> <span class='ocrx_word' id='word_1_239' title='bbox 899 1723 1101 1780; x_wconf 84' lang='lat' dir='ltr'><strong>favoris</strong></span> <span class='ocrx_word' id='word_1_240' title='bbox 1131 1732 1254 1778; x_wconf 88' lang='lat' dir='ltr'><strong>voto</strong></span> <span class='ocrx_word' id='word_1_241' title='bbox 1290 1724 1595 1788; x_wconf 85' lang='lat' dir='ltr'><strong>devinctus,</strong></span> <span class='ocrx_word' id='word_1_242' title='bbox 1626 1722 1733 1777; x_wconf 89' lang='lat' dir='ltr'><strong>tuis</strong></span> <span class='ocrx_word' id='word_1_243' title='bbox 1761 1739 1848 1778; x_wconf 91' lang='lat' dir='ltr'><strong>me</strong></span> <span class='ocrx_word' id='word_1_244' title='bbox 1874 1732 1923 1792; x_wconf 82' lang='grc' dir='ltr'><strong>Β</strong></span> <span class='ocrx_word' id='word_1_245' title='bbox 1951 1723 2129 1789; x_wconf 89' lang='lat' dir='ltr'><strong>trinis,</strong></span> <span class='ocrx_word' id='word_1_246' title='bbox 2160 1732 2215 1778; x_wconf 89' lang='lat' dir='ltr'><strong>et</strong></span> <span class='ocrx_word' id='word_1_247' title='bbox 2240 1726 2491 1795; x_wconf 88' lang='lat' dir='ltr'><strong>precibus</strong></span> <span class='ocrx_word' id='word_1_248' title='bbox 2535 1726 2790 1781; x_wconf 89' lang='lat' dir='ltr'><strong>insudare</strong></span> <span class='ocrx_word' id='word_1_249' title='bbox 2841 1726 3250 1793; x_wconf 89' lang='lat' dir='ltr'><strong>stultissimum;</strong></span> <span class='ocrx_word' id='word_1_250' title='bbox 3284 1726 3531 1797; x_wconf 80' lang='lat' dir='ltr'><strong>quando-</strong></span> 
     </span>
    </p>
   </div>
   <div class='ocr_carea' id='block_1_34' title="bbox 268 1797 1847 1887">
    <p class='ocr_par' dir='ltr' id='par_1_34' title="bbox 268 1797 1847 1887">
     <span class='ocr_line' id='line_1_34' title="bbox 268 1797 1847 1887; baseline -0.001 -17"><span class='ocrx_word' id='word_1_251' title='bbox 268 1815 525 1887; x_wconf 89' lang='lat' dir='ltr'><strong>precibus</strong></span> <span class='ocrx_word' id='word_1_252' title='bbox 561 1815 803 1885; x_wconf 86' lang='lat' dir='ltr'><strong>adjuvari</strong></span> <span class='ocrx_word' id='word_1_253' title='bbox 833 1797 1072 1881; x_wconf 83' lang='lat' dir='ltr'><strong>credidi;</strong></span> <span class='ocrx_word' id='word_1_254' title='bbox 1108 1831 1178 1870; x_wconf 89' lang='lat' dir='ltr'><strong>ne</strong></span> <span class='ocrx_word' id='word_1_255' title='bbox 1215 1815 1331 1870; x_wconf 90' lang='lat' dir='ltr'><strong>sine</strong></span> <span class='ocrx_word' id='word_1_256' title='bbox 1360 1815 1447 1871; x_wconf 89' lang='lat' dir='ltr'><strong>his</strong></span> <span class='ocrx_word' id='word_1_257' title='bbox 1481 1814 1648 1870; x_wconf 88' lang='lat' dir='ltr'><strong>dehis</strong></span> <span class='ocrx_word' id='word_1_258' title='bbox 1701 1812 1847 1885; x_wconf 88' lang='lat' dir='ltr'><strong>loqui</strong></span> 
     </span>
    </p>
   </div>
   <div class='ocr_carea' id='block_1_35' title="bbox 270 1894 1846 1978">
    <p class='ocr_par' dir='ltr' id='par_1_35' title="bbox 270 1894 1846 1978">
     <span class='ocr_line' id='line_1_35' title="bbox 270 1894 1846 1978; baseline -0.003 -15"><span class='ocrx_word' id='word_1_259' title='bbox 270 1894 518 1976; x_wconf 87' lang='lat' dir='ltr'><strong>audeam,</strong></span> <span class='ocrx_word' id='word_1_260' title='bbox 559 1908 814 1978; x_wconf 89' lang='lat' dir='ltr'><strong>quoniam</strong></span> <span class='ocrx_word' id='word_1_261' title='bbox 837 1922 942 1961; x_wconf 91' lang='lat' dir='ltr'><strong>non</strong></span> <span class='ocrx_word' id='word_1_262' title='bbox 976 1905 1079 1961; x_wconf 90' lang='lat' dir='ltr'><strong>ista</strong></span> <span class='ocrx_word' id='word_1_263' title='bbox 1105 1914 1411 1961; x_wconf 88' lang='lat' dir='ltr'><strong>atramento</strong></span> <span class='ocrx_word' id='word_1_264' title='bbox 1437 1914 1493 1961; x_wconf 91' lang='lat' dir='ltr'><strong>et</strong></span> <span class='ocrx_word' id='word_1_265' title='bbox 1513 1905 1705 1960; x_wconf 88' lang='lat' dir='ltr'><strong>charta</strong></span> <span class='ocrx_word' id='word_1_266' title='bbox 1737 1912 1846 1959; x_wconf 42' lang='lat' dir='ltr'><strong>tra‘</strong></span> 
     </span>
    </p>
   </div>
   <div class='ocr_carea' id='block_1_36' title="bbox 267 1994 1846 2068">
    <p class='ocr_par' dir='ltr' id='par_1_36' title="bbox 267 1994 1846 2068">
     <span class='ocr_line' id='line_1_36' title="bbox 267 1994 1846 2068; baseline 0 -17"><span class='ocrx_word' id='word_1_267' title='bbox 267 1996 488 2061; x_wconf 89' lang='lat' dir='ltr'><strong>duntur,</strong></span> <span class='ocrx_word' id='word_1_268' title='bbox 523 1997 617 2052; x_wconf 90' lang='lat' dir='ltr'><strong>sed</strong></span> <span class='ocrx_word' id='word_1_269' title='bbox 638 1997 845 2053; x_wconf 91' lang='lat' dir='ltr'><strong>calamo</strong></span> <span class='ocrx_word' id='word_1_270' title='bbox 867 1996 1102 2068; x_wconf 88' lang='lat' dir='ltr'><strong>Spiritus</strong></span> <span class='ocrx_word' id='word_1_271' title='bbox 1127 1996 1299 2052; x_wconf 89' lang='lat' dir='ltr'><strong>sancti</strong></span> <span class='ocrx_word' id='word_1_272' title='bbox 1316 2037 1331 2061; x_wconf 93' lang='lat'><strong>,</strong></span> <span class='ocrx_word' id='word_1_273' title='bbox 1361 1995 1427 2051; x_wconf 90' lang='lat' dir='ltr'><strong>de</strong></span> <span class='ocrx_word' id='word_1_274' title='bbox 1449 2011 1556 2065; x_wconf 89' lang='lat' dir='ltr'><strong>quo</strong></span> <span class='ocrx_word' id='word_1_275' title='bbox 1575 1994 1846 2066; x_wconf 84' lang='lat' dir='ltr'><strong>Propheta</strong></span> 
     </span>
    </p>
   </div>
   <div class='ocr_carea' id='block_1_37' title="bbox 267 2083 1850 2157">
    <p class='ocr_par' dir='ltr' id='par_1_37' title="bbox 267 2083 1850 2157">
     <span class='ocr_line' id='line_1_37' title="bbox 267 2083 1850 2157; baseline -0.004 -14"><span class='ocrx_word' id='word_1_276' title='bbox 267 2102 470 2143; x_wconf 85' lang='lat' dir='ltr'><strong>canens</strong></span> <span class='ocrx_word' id='word_1_277' title='bbox 494 2102 508 2140; x_wconf 89' lang='lat'><strong>:</strong></span> <span class='ocrx_word' id='word_1_278' title='bbox 531 2086 737 2157; x_wconf 83' lang='lat' dir='ltr'><strong>Lingua</strong></span> <span class='ocrx_word' id='word_1_279' title='bbox 762 2104 899 2152; x_wconf 85' lang='lat' dir='ltr'><strong>mea,</strong></span> <span class='ocrx_word' id='word_1_280' title='bbox 931 2087 1125 2156; x_wconf 84' lang='lat' dir='ltr'><strong>inquit,</strong></span> <span class='ocrx_word' id='word_1_281' title='bbox 1149 2085 1383 2140; x_wconf 85' lang='lat' dir='ltr'><strong>calamus</strong></span> <span class='ocrx_word' id='word_1_282' title='bbox 1405 2085 1588 2139; x_wconf 78' lang='lat' dir='ltr'><strong>scriba:</strong></span> <span class='ocrx_word' id='word_1_283' title='bbox 1607 2083 1850 2139; x_wconf 79' lang='lat' dir='ltr'><strong>velociter</strong></span> 
     </span>
    </p>
   </div>
   <div class='ocr_carea' id='block_1_38' title="bbox 262 2176 1844 2251">
    <p class='ocr_par' dir='ltr' id='par_1_38' title="bbox 262 2176 1844 2251">
     <span class='ocr_line' id='line_1_38' title="bbox 262 2176 1844 2251; baseline -0.002 -19"><span class='ocrx_word' id='word_1_284' title='bbox 262 2179 539 2234; x_wconf 70' lang='lat' dir='ltr'><strong>scribentis</strong></span> <span class='ocrx_word' id='word_1_285' title='bbox 572 2176 765 2251; x_wconf 83' lang='lat' dir='ltr'><strong>(Psat.</strong></span> <span class='ocrx_word' id='word_1_286' title='bbox 790 2194 938 2245; x_wconf 60' lang='grc' dir='ltr'><strong>μιν,</strong></span> <span class='ocrx_word' id='word_1_287' title='bbox 963 2178 1054 2250; x_wconf 67' lang='lat'><strong>2).</strong></span> <span class='ocrx_word' id='word_1_288' title='bbox 1086 2178 1470 2233; x_wconf 73' lang='lat' dir='ltr'><strong>Verumtamen</strong></span> <span class='ocrx_word' id='word_1_289' title='bbox 1504 2190 1613 2231; x_wconf 91' lang='lat' dir='ltr'><strong>non</strong></span> <span class='ocrx_word' id='word_1_290' title='bbox 1654 2176 1791 2231; x_wconf 91' lang='lat' dir='ltr'><strong>adeo</strong></span> <span class='ocrx_word' id='word_1_291' title='bbox 1818 2187 1844 2215; x_wconf 81' lang='grc' dir='ltr'><strong><em>ο</em></strong></span> 
     </span>
    </p>
   </div>
   <div class='ocr_carea' id='block_1_39' title="bbox 266 2265 1847 2336">
    <p class='ocr_par' dir='ltr' id='par_1_39' title="bbox 266 2265 1847 2336">
     <span class='ocr_line' id='line_1_39' title="bbox 266 2265 1847 2336; baseline -0.001 -14"><span class='ocrx_word' id='word_1_292' title='bbox 266 2267 552 2323; x_wconf 86' lang='lat' dir='ltr'><strong>lectionem</strong></span> <span class='ocrx_word' id='word_1_293' title='bbox 580 2267 935 2325; x_wconf 86' lang='lat' dir='ltr'><strong>omittendam</strong></span> <span class='ocrx_word' id='word_1_294' title='bbox 972 2283 1186 2331; x_wconf 91' lang='lat' dir='ltr'><strong>censeo,</strong></span> <span class='ocrx_word' id='word_1_295' title='bbox 1233 2267 1342 2322; x_wconf 90' lang='lat' dir='ltr'><strong>imo</strong></span> <span class='ocrx_word' id='word_1_296' title='bbox 1372 2265 1713 2336; x_wconf 89' lang='lat' dir='ltr'><strong>disciplinam</strong></span> <span class='ocrx_word' id='word_1_297' title='bbox 1754 2282 1847 2322; x_wconf 85' lang='lat' dir='ltr'><strong>ea-</strong></span> 
     </span>
    </p>
   </div>
   <div class='ocr_carea' id='block_1_40' title="bbox 267 2355 1845 2426">
    <p class='ocr_par' dir='ltr' id='par_1_40' title="bbox 267 2355 1845 2426">
     <span class='ocr_line' id='line_1_40' title="bbox 267 2355 1845 2426; baseline 0.001 -13"><span class='ocrx_word' id='word_1_298' title='bbox 267 2374 412 2424; x_wconf 87' lang='lat' dir='ltr'><strong>rum,</strong></span> <span class='ocrx_word' id='word_1_299' title='bbox 437 2360 794 2415; x_wconf 90' lang='lat' dir='ltr'><strong>eruditionem</strong></span> <span class='ocrx_word' id='word_1_300' title='bbox 822 2361 1156 2426; x_wconf 87' lang='lat' dir='ltr'><strong>sectandam,</strong></span> <span class='ocrx_word' id='word_1_301' title='bbox 1185 2370 1244 2415; x_wconf 93' lang='lat' dir='ltr'><strong>ut</strong></span> <span class='ocrx_word' id='word_1_302' title='bbox 1264 2359 1462 2415; x_wconf 87' lang='lat' dir='ltr'><strong>habeat</strong></span> <span class='ocrx_word' id='word_1_303' title='bbox 1495 2355 1845 2415; x_wconf 86' lang='lat' dir='ltr'><strong>Christianus</strong></span> 
     </span>
    </p>
   </div>
   <div class='ocr_carea' id='block_1_41' title="bbox 265 2450 1845 2524">
    <p class='ocr_par' dir='ltr' id='par_1_41' title="bbox 265 2450 1845 2524">
     <span class='ocr_line' id='line_1_41' title="bbox 265 2450 1845 2524; baseline 0.003 -24"><span class='ocrx_word' id='word_1_304' title='bbox 265 2450 411 2519; x_wconf 85' lang='lat' dir='ltr'><strong>quod</strong></span> <span class='ocrx_word' id='word_1_305' title='bbox 459 2450 744 2521; x_wconf 83' lang='lat' dir='ltr'><strong>intelligat,</strong></span> <span class='ocrx_word' id='word_1_306' title='bbox 782 2460 839 2508; x_wconf 92' lang='lat' dir='ltr'><strong>et</strong></span> <span class='ocrx_word' id='word_1_307' title='bbox 887 2452 941 2508; x_wconf 90' lang='lat' dir='ltr'><strong>in</strong></span> <span class='ocrx_word' id='word_1_308' title='bbox 989 2452 1074 2508; x_wconf 91' lang='lat' dir='ltr'><strong>his</strong></span> <span class='ocrx_word' id='word_1_309' title='bbox 1115 2452 1368 2524; x_wconf 89' lang='lat' dir='ltr'><strong>precibus</strong></span> <span class='ocrx_word' id='word_1_310' title='bbox 1421 2451 1660 2507; x_wconf 87' lang='lat' dir='ltr'><strong>universi</strong></span> <span class='ocrx_word' id='word_1_311' title='bbox 1698 2451 1845 2521; x_wconf 89' lang='lat' dir='ltr'><strong>quod</strong></span> 
     </span>
    </p>
   </div>
   <div class='ocr_carea' id='block_1_42' title="bbox 263 2540 1846 2614">
    <p class='ocr_par' dir='ltr' id='par_1_42' title="bbox 263 2540 1846 2614">
     <span class='ocr_line' id='line_1_42' title="bbox 263 2540 1846 2614; baseline 0.001 -21"><span class='ocrx_word' id='word_1_312' title='bbox 263 2548 545 2610; x_wconf 83' lang='lat' dir='ltr'><strong>excptent.</strong></span> <span class='ocrx_word' id='word_1_313' title='bbox 569 2540 821 2612; x_wconf 79' lang='lat' dir='ltr'><strong>Alioquin</strong></span> <span class='ocrx_word' id='word_1_314' title='bbox 867 2541 1223 2614; x_wconf 79' lang='lat' dir='ltr'><strong>quodcunque</strong></span> <span class='ocrx_word' id='word_1_315' title='bbox 1251 2542 1481 2612; x_wconf 87' lang='lat' dir='ltr'><strong>agimus,</strong></span> <span class='ocrx_word' id='word_1_316' title='bbox 1503 2549 1598 2595; x_wconf 89' lang='lat' dir='ltr'><strong>aut</strong></span> <span class='ocrx_word' id='word_1_317' title='bbox 1625 2542 1846 2595; x_wconf 83' lang='lat' dir='ltr'><strong>cuicun-</strong></span> 
     </span>
    </p>
   </div>
   <div class='ocr_carea' id='block_1_43' title="bbox 261 2634 1843 2708">
    <p class='ocr_par' dir='ltr' id='par_1_43' title="bbox 261 2634 1843 2708">
     <span class='ocr_line' id='line_1_43' title="bbox 261 2634 1843 2708; baseline 0.001 -20"><span class='ocrx_word' id='word_1_318' title='bbox 261 2649 375 2704; x_wconf 82' lang='lat' dir='ltr'><strong>que</strong></span> <span class='ocrx_word' id='word_1_319' title='bbox 403 2634 661 2691; x_wconf 83' lang='lat' dir='ltr'><strong>doctrinae</strong></span> <span class='ocrx_word' id='word_1_320' title='bbox 708 2636 1040 2703; x_wconf 87' lang='lat' dir='ltr'><strong>insistimus,</strong></span> <span class='ocrx_word' id='word_1_321' title='bbox 1085 2636 1222 2692; x_wconf 88' lang='lat' dir='ltr'><strong>nihil</strong></span> <span class='ocrx_word' id='word_1_322' title='bbox 1276 2645 1360 2693; x_wconf 88' lang='lat' dir='ltr'><strong>est</strong></span> <span class='ocrx_word' id='word_1_323' title='bbox 1414 2637 1557 2708; x_wconf 89' lang='lat' dir='ltr'><strong>quod</strong></span> <span class='ocrx_word' id='word_1_324' title='bbox 1602 2636 1843 2707; x_wconf 88' lang='lat' dir='ltr'><strong>acquiri-</strong></span> 
     </span>
    </p>
   </div>
   <div class='ocr_carea' id='block_1_44' title="bbox 264 2725 1845 2798">
    <p class='ocr_par' dir='ltr' id='par_1_44' title="bbox 264 2725 1845 2798">
     <span class='ocr_line' id='line_1_44' title="bbox 264 2725 1845 2798; baseline 0.002 -20"><span class='ocrx_word' id='word_1_325' title='bbox 264 2740 421 2790; x_wconf 87' lang='lat' dir='ltr'><strong>mus;</strong></span> <span class='ocrx_word' id='word_1_326' title='bbox 450 2725 576 2796; x_wconf 89' lang='lat' dir='ltr'><strong>quia</strong></span> <span class='ocrx_word' id='word_1_327' title='bbox 625 2725 677 2779; x_wconf 91' lang='lat' dir='ltr'><strong>in</strong></span> <span class='ocrx_word' id='word_1_328' title='bbox 707 2726 792 2782; x_wconf 90' lang='lat' dir='ltr'><strong>his</strong></span> <span class='ocrx_word' id='word_1_329' title='bbox 815 2736 903 2782; x_wconf 89' lang='lat' dir='ltr'><strong>est</strong></span> <span class='ocrx_word' id='word_1_330' title='bbox 954 2726 1313 2798; x_wconf 89' lang='lat' dir='ltr'><strong>quodcunque</strong></span> <span class='ocrx_word' id='word_1_331' title='bbox 1347 2727 1505 2784; x_wconf 92' lang='lat' dir='ltr'><strong>nobis</strong></span> <span class='ocrx_word' id='word_1_332' title='bbox 1526 2743 1556 2783; x_wconf 89' lang='lat' dir='ltr'><strong>a</strong></span> <span class='ocrx_word' id='word_1_333' title='bbox 1593 2726 1703 2783; x_wconf 91' lang='lat' dir='ltr'><strong>Deo</strong></span> <span class='ocrx_word' id='word_1_334' title='bbox 1747 2726 1845 2781; x_wconf 54' lang='lat' dir='ltr'><strong>do.</strong></span> 
     </span>
    </p>
   </div>
   <div class='ocr_carea' id='block_1_45' title="bbox 263 2816 1844 2892">
    <p class='ocr_par' dir='ltr' id='par_1_45' title="bbox 263 2816 1844 2892">
     <span class='ocr_line' id='line_1_45' title="bbox 263 2816 1844 2892; baseline 0.003 -23"><span class='ocrx_word' id='word_1_335' title='bbox 263 2822 454 2869; x_wconf 84' lang='lat' dir='ltr'><strong>natum</strong></span> <span class='ocrx_word' id='word_1_336' title='bbox 501 2816 789 2881; x_wconf 83' lang='lat' dir='ltr'><strong>credimus,</strong></span> <span class='ocrx_word' id='word_1_337' title='bbox 841 2832 1143 2890; x_wconf 88' lang='lat' dir='ltr'><strong>speramus,</strong></span> <span class='ocrx_word' id='word_1_338' title='bbox 1193 2827 1248 2875; x_wconf 90' lang='lat' dir='ltr'><strong>et</strong></span> <span class='ocrx_word' id='word_1_339' title='bbox 1280 2833 1378 2892; x_wconf 89' lang='lat' dir='ltr'><strong>per</strong></span> <span class='ocrx_word' id='word_1_340' title='bbox 1407 2819 1729 2875; x_wconf 88' lang='lat' dir='ltr'><strong>charitatem</strong></span> <span class='ocrx_word' id='word_1_341' title='bbox 1763 2818 1844 2874; x_wconf 85' lang='lat' dir='ltr'><strong>di-</strong></span> 
     </span>
    </p>
   </div>
   <div class='ocr_carea' id='block_1_46' title="bbox 336 2894 1064 3006">
    <p class='ocr_par' dir='ltr' id='par_1_46' title="bbox 336 2894 1064 3006">
     <span class='ocr_line' id='line_1_46' title="bbox 336 2894 1064 3006; baseline 0.004 -4"><span class='ocrx_word' id='word_1_342' title='bbox 336 2960 365 2988; x_wconf 82' lang='grc' dir='ltr'>ι</span> <span class='ocrx_word' id='word_1_343' title='bbox 388 2945 449 3002; x_wconf 82' lang='lat' dir='ltr'><strong>In</strong></span> <span class='ocrx_word' id='word_1_344' title='bbox 475 2894 816 3006; x_wconf 66' lang='lat' dir='ltr'><strong>editis.deest</strong></span> <span class='ocrx_word' id='word_1_345' title='bbox 839 2966 1064 3005; x_wconf 81' lang='lat' dir='ltr'><strong>mecum.</strong></span> 
     </span>
    </p>
   </div>
   <div class='ocr_carea' id='block_1_47' title="bbox 336 3016 1211 3090">
    <p class='ocr_par' dir='ltr' id='par_1_47' title="bbox 336 3016 1211 3090">
     <span class='ocr_line' id='line_1_47' title="bbox 336 3016 1211 3090; baseline 0.002 -18"><span class='ocrx_word' id='word_1_346' title='bbox 336 3016 368 3058; x_wconf 64' lang='grc' dir='ltr'>δ</span> <span class='ocrx_word' id='word_1_347' title='bbox 394 3018 562 3090; x_wconf 47' lang='lat' dir='ltr'><strong>Edim</strong></span> <span class='ocrx_word' id='word_1_348' title='bbox 590 3020 823 3090; x_wconf 76' lang='lat' dir='ltr'><strong>profecto</strong></span> <span class='ocrx_word' id='word_1_349' title='bbox 849 3022 988 3075; x_wconf 81' lang='lat' dir='ltr'><strong>enim</strong></span> <span class='ocrx_word' id='word_1_350' title='bbox 1012 3020 1211 3077; x_wconf 78' lang='lat' dir='ltr'><strong>nullus.</strong></span> 
     </span>
    </p>
   </div>
   <div class='ocr_carea' id='block_1_48' title="bbox 336 3088 908 3159">
    <p class='ocr_par' dir='ltr' id='par_1_48' title="bbox 336 3088 908 3159">
     <span class='ocr_line' id='line_1_48' title="bbox 336 3088 908 3159; baseline 0.007 -18"><span class='ocrx_word' id='word_1_351' title='bbox 336 3098 363 3159; x_wconf 51' lang='grc' dir='ltr'>ὲ</span> <span class='ocrx_word' id='word_1_352' title='bbox 392 3088 558 3159; x_wconf 81' lang='lat' dir='ltr'><strong>Edit.,</strong></span> <span class='ocrx_word' id='word_1_353' title='bbox 587 3088 908 3159; x_wconf 74' lang='lat' dir='ltr'><strong>falsimcnta.</strong></span> 
     </span>
    </p>
   </div>
   <div class='ocr_carea' id='block_1_49' title="bbox 329 3157 879 3225">
    <p class='ocr_par' dir='ltr' id='par_1_49' title="bbox 329 3157 879 3225">
     <span class='ocr_line' id='line_1_49' title="bbox 329 3157 879 3225; baseline 0.005 -13"><span class='ocrx_word' id='word_1_354' title='bbox 329 3157 363 3198; x_wconf 66' lang='grc' dir='ltr'><strong><em>ἀ</em></strong></span> <span class='ocrx_word' id='word_1_355' title='bbox 393 3158 558 3225; x_wconf 86' lang='lat' dir='ltr'><strong>Edit.,</strong></span> <span class='ocrx_word' id='word_1_356' title='bbox 585 3157 879 3215; x_wconf 80' lang='lat' dir='ltr'><strong>Pieridum.</strong></span> 
     </span>
    </p>
   </div>
   <div class='ocr_carea' id='block_1_50' title="bbox 335 3229 867 3295">
    <p class='ocr_par' dir='ltr' id='par_1_50' title="bbox 335 3229 867 3295">
     <span class='ocr_line' id='line_1_50' title="bbox 335 3229 867 3295; baseline 0.006 -13"><span class='ocrx_word' id='word_1_357' title='bbox 335 3242 367 3269; x_wconf 66' lang='grc' dir='ltr'>θ</span> <span class='ocrx_word' id='word_1_358' title='bbox 395 3229 561 3295; x_wconf 81' lang='lat' dir='ltr'><strong>Edit.,</strong></span> <span class='ocrx_word' id='word_1_359' title='bbox 590 3242 695 3285; x_wconf 80' lang='lat' dir='ltr'><strong>non</strong></span> <span class='ocrx_word' id='word_1_360' title='bbox 731 3232 867 3286; x_wconf 83' lang='lat' dir='ltr'><strong>ideo.</strong></span> 
     </span>
    </p>
   </div>
   <div class='ocr_carea' id='block_1_51' title="bbox 342 3299 811 3367">
    <p class='ocr_par' dir='ltr' id='par_1_51' title="bbox 342 3299 811 3367">
     <span class='ocr_line' id='line_1_51' title="bbox 342 3299 811 3367; baseline -0.009 -8"><span class='ocrx_word' id='word_1_361' title='bbox 342 3300 369 3343; x_wconf 71' lang='grc' dir='ltr'>ί</span> <span class='ocrx_word' id='word_1_362' title='bbox 397 3299 563 3367; x_wconf 78' lang='lat' dir='ltr'><strong>Edit.,</strong></span> <span class='ocrx_word' id='word_1_363' title='bbox 587 3302 811 3356; x_wconf 77' lang='lat' dir='ltr'><strong>videtur.</strong></span> 
     </span>
    </p>
   </div>
   <div class='ocr_carea' id='block_1_52' title="bbox 1869 3082 1918 3145">
    <p class='ocr_par' dir='ltr' id='par_1_52' title="bbox 1869 3082 1918 3145">
     <span class='ocr_line' id='line_1_52' title="bbox 1869 3082 1918 3145; baseline 0 0"><span class='ocrx_word' id='word_1_364' title='bbox 1869 3082 1918 3145; x_wconf 91' lang='lat' dir='ltr'><strong><em>C</em></strong></span> 
     </span>
    </p>
   </div>
   <div class='ocr_carea' id='block_1_53' title="bbox 1951 1813 3528 1889">
    <p class='ocr_par' dir='ltr' id='par_1_53' title="bbox 1951 1813 3528 1889">
     <span class='ocr_line' id='line_1_53' title="bbox 1951 1813 3528 1889; baseline 0.005 -21"><span class='ocrx_word' id='word_1_365' title='bbox 1951 1813 2169 1883; x_wconf 89' lang='lat' dir='ltr'><strong>quidem</strong></span> <span class='ocrx_word' id='word_1_366' title='bbox 2196 1832 2298 1871; x_wconf 91' lang='lat' dir='ltr'><strong>nec</strong></span> <span class='ocrx_word' id='word_1_367' title='bbox 2322 1817 2603 1872; x_wconf 89' lang='lat' dir='ltr'><strong>beatitudo</strong></span> <span class='ocrx_word' id='word_1_368' title='bbox 2629 1828 2808 1874; x_wconf 89' lang='lat' dir='ltr'><strong>vestra</strong></span> <span class='ocrx_word' id='word_1_369' title='bbox 2834 1820 2993 1889; x_wconf 79' lang='lat' dir='ltr'><strong>petiit</strong></span> <span class='ocrx_word' id='word_1_370' title='bbox 3026 1834 3176 1875; x_wconf 89' lang='lat' dir='ltr'><strong>more</strong></span> <span class='ocrx_word' id='word_1_371' title='bbox 3209 1828 3528 1876; x_wconf 86' lang='lat' dir='ltr'><strong>sanctorum</strong></span> 
     </span>
    </p>
   </div>
   <div class='ocr_carea' id='block_1_54' title="bbox 1950 1903 3530 1979">
    <p class='ocr_par' dir='ltr' id='par_1_54' title="bbox 1950 1903 3530 1979">
     <span class='ocr_line' id='line_1_54' title="bbox 1950 1903 3530 1979; baseline 0.004 -20"><span class='ocrx_word' id='word_1_372' title='bbox 1950 1903 2173 1959; x_wconf 89' lang='lat' dir='ltr'><strong>Patrum</strong></span> <span class='ocrx_word' id='word_1_373' title='bbox 2200 1905 2213 1956; x_wconf 87' lang='lat' dir='ltr'><strong>i</strong></span> <span class='ocrx_word' id='word_1_374' title='bbox 2255 1906 2323 1961; x_wconf 87' lang='lat' dir='ltr'><strong>de</strong></span> <span class='ocrx_word' id='word_1_375' title='bbox 2346 1906 2450 1962; x_wconf 86' lang='lat' dir='ltr'><strong>fide</strong></span> <span class='ocrx_word' id='word_1_376' title='bbox 2474 1908 2750 1977; x_wconf 89' lang='lat' dir='ltr'><strong>disputare</strong></span> <span class='ocrx_word' id='word_1_377' title='bbox 2778 1925 2793 1973; x_wconf 89' lang='lat'><strong>;</strong></span> <span class='ocrx_word' id='word_1_378' title='bbox 2822 1909 2915 1963; x_wconf 91' lang='lat' dir='ltr'><strong>sed</strong></span> <span class='ocrx_word' id='word_1_379' title='bbox 2942 1909 3072 1979; x_wconf 91' lang='lat' dir='ltr'><strong>quid</strong></span> <span class='ocrx_word' id='word_1_380' title='bbox 3098 1909 3271 1975; x_wconf 63' lang='lat' dir='ltr'><strong>sintk,</strong></span> <span class='ocrx_word' id='word_1_381' title='bbox 3299 1908 3530 1979; x_wconf 83' lang='lat' dir='ltr'><strong>qualeve</strong></span> 
     </span>
    </p>
   </div>
   <div class='ocr_carea' id='block_1_55' title="bbox 1949 1999 3531 2073">
    <p class='ocr_par' dir='ltr' id='par_1_55' title="bbox 1949 1999 3531 2073">
     <span class='ocr_line' id='line_1_55' title="bbox 1949 1999 3531 2073; baseline 0.003 -20"><span class='ocrx_word' id='word_1_382' title='bbox 1949 1999 2224 2070; x_wconf 80' lang='lat' dir='ltr'><strong>negotium</strong></span> <span class='ocrx_word' id='word_1_383' title='bbox 2251 2007 2460 2071; x_wconf 84' lang='lat' dir='ltr'><strong>gerant,</strong></span> <span class='ocrx_word' id='word_1_384' title='bbox 2482 1999 2568 2057; x_wconf 89' lang='lat' dir='ltr'><strong>vel</strong></span> <span class='ocrx_word' id='word_1_385' title='bbox 2590 2002 2719 2070; x_wconf 90' lang='lat' dir='ltr'><strong>quid</strong></span> <span class='ocrx_word' id='word_1_386' title='bbox 2753 2002 3055 2073; x_wconf 88' lang='lat' dir='ltr'><strong>proprium,</strong></span> <span class='ocrx_word' id='word_1_387' title='bbox 3090 2009 3185 2056; x_wconf 90' lang='lat' dir='ltr'><strong>aut</strong></span> <span class='ocrx_word' id='word_1_388' title='bbox 3230 2000 3358 2072; x_wconf 89' lang='lat' dir='ltr'><strong>quid</strong></span> <span class='ocrx_word' id='word_1_389' title='bbox 3381 2016 3531 2057; x_wconf 79' lang='lat' dir='ltr'><strong>com-</strong></span> 
     </span>
    </p>
   </div>
   <div class='ocr_carea' id='block_1_56' title="bbox 1951 2090 3525 2163">
    <p class='ocr_par' dir='ltr' id='par_1_56' title="bbox 1951 2090 3525 2163">
     <span class='ocr_line' id='line_1_56' title="bbox 1951 2090 3525 2163; baseline 0.001 -18"><span class='ocrx_word' id='word_1_390' title='bbox 1951 2106 2112 2145; x_wconf 88' lang='lat' dir='ltr'><strong>mune</strong></span> <span class='ocrx_word' id='word_1_391' title='bbox 2140 2090 2193 2145; x_wconf 91' lang='lat' dir='ltr'><strong>in</strong></span> <span class='ocrx_word' id='word_1_392' title='bbox 2214 2091 2561 2147; x_wconf 88' lang='lat' dir='ltr'><strong>credentibus</strong></span> <span class='ocrx_word' id='word_1_393' title='bbox 2589 2093 2965 2163; x_wconf 86' lang='lat' dir='ltr'><strong>germanitatis</strong></span> <span class='ocrx_word' id='word_1_394' title='bbox 2988 2090 3164 2147; x_wconf 71' lang='lat' dir='ltr'><strong>ofﬁcio</strong></span> <span class='ocrx_word' id='word_1_395' title='bbox 3191 2093 3525 2163; x_wconf 86' lang='lat' dir='ltr'><strong>impendant,</strong></span> 
     </span>
    </p>
   </div>
   <div class='ocr_carea' id='block_1_57' title="bbox 1948 2181 3526 2254">
    <p class='ocr_par' dir='ltr' id='par_1_57' title="bbox 1948 2181 3526 2254">
     <span class='ocr_line' id='line_1_57' title="bbox 1948 2181 3526 2254; baseline -0.001 -16"><span class='ocrx_word' id='word_1_396' title='bbox 1948 2181 2063 2238; x_wconf 86' lang='lat' dir='ltr'><strong>suis</strong></span> <span class='ocrx_word' id='word_1_397' title='bbox 2112 2182 2255 2253; x_wconf 89' lang='lat' dir='ltr'><strong>quod</strong></span> <span class='ocrx_word' id='word_1_398' title='bbox 2305 2182 2371 2237; x_wconf 87' lang='lat' dir='ltr'><strong>de</strong></span> <span class='ocrx_word' id='word_1_399' title='bbox 2417 2183 2667 2239; x_wconf 86' lang='lat' dir='ltr'><strong>tirocinio</strong></span> <span class='ocrx_word' id='word_1_400' title='bbox 2737 2183 2804 2238; x_wconf 89' lang='lat' dir='ltr'><strong>ad</strong></span> <span class='ocrx_word' id='word_1_401' title='bbox 2869 2181 3193 2254; x_wconf 86' lang='lat' dir='ltr'><strong>perfectiora</strong></span> <span class='ocrx_word' id='word_1_402' title='bbox 3248 2181 3526 2254; x_wconf 87' lang='lat' dir='ltr'><strong>provehis,</strong></span> 
     </span>
    </p>
   </div>
   <div class='ocr_carea' id='block_1_58' title="bbox 1949 2274 3539 2347">
    <p class='ocr_par' dir='ltr' id='par_1_58' title="bbox 1949 2274 3539 2347">
     <span class='ocr_line' id='line_1_58' title="bbox 1949 2274 3539 2347; baseline -0.001 -18"><span class='ocrx_word' id='word_1_403' title='bbox 1949 2276 2137 2344; x_wconf 89' lang='lat' dir='ltr'><strong>paucis</strong></span> <span class='ocrx_word' id='word_1_404' title='bbox 2172 2276 2509 2346; x_wconf 86' lang='lat' dir='ltr'><strong>capitulatim</strong></span> <span class='ocrx_word' id='word_1_405' title='bbox 2553 2276 2792 2347; x_wconf 89' lang='lat' dir='ltr'><strong>pandere</strong></span> <span class='ocrx_word' id='word_1_406' title='bbox 2828 2276 3074 2347; x_wconf 75' lang='lat' dir='ltr'><strong>iussisti;</strong></span> <span class='ocrx_word' id='word_1_407' title='bbox 3115 2277 3256 2329; x_wconf 87' lang='lat' dir='ltr'><strong>unde</strong></span> <span class='ocrx_word' id='word_1_408' title='bbox 3290 2274 3539 2337; x_wconf 16' lang='lat' dir='ltr'><strong>habeant,</strong></span> 
     </span>
    </p>
   </div>
   <div class='ocr_carea' id='block_1_59' title="bbox 1946 2365 3527 2440">
    <p class='ocr_par' dir='ltr' id='par_1_59' title="bbox 1946 2365 3527 2440">
     <span class='ocr_line' id='line_1_59' title="bbox 1946 2365 3527 2440; baseline -0.003 -18"><span class='ocrx_word' id='word_1_409' title='bbox 1946 2366 2003 2422; x_wconf 88' lang='lat' dir='ltr'><strong>hi</strong></span> <span class='ocrx_word' id='word_1_410' title='bbox 2041 2367 2111 2422; x_wconf 87' lang='lat' dir='ltr'><strong>ad</strong></span> <span class='ocrx_word' id='word_1_411' title='bbox 2147 2368 2436 2431; x_wconf 91' lang='lat' dir='ltr'><strong>modicum,</strong></span> <span class='ocrx_word' id='word_1_412' title='bbox 2489 2367 2620 2438; x_wconf 90' lang='lat' dir='ltr'><strong>quid</strong></span> <span class='ocrx_word' id='word_1_413' title='bbox 2661 2367 2979 2440; x_wconf 88' lang='lat' dir='ltr'><strong>degustent;</strong></span> <span class='ocrx_word' id='word_1_414' title='bbox 3008 2365 3361 2438; x_wconf 87' lang='lat' dir='ltr'><strong>perfectiores</strong></span> <span class='ocrx_word' id='word_1_415' title='bbox 3394 2377 3527 2419; x_wconf 89' lang='lat' dir='ltr'><strong>vero</strong></span> 
     </span>
    </p>
   </div>
   <div class='ocr_carea' id='block_1_60' title="bbox 1945 2443 3529 2528">
    <p class='ocr_par' dir='ltr' id='par_1_60' title="bbox 1945 2443 3529 2528">
     <span class='ocr_line' id='line_1_60' title="bbox 1945 2443 3529 2528; baseline -0.004 -14"><span class='ocrx_word' id='word_1_416' title='bbox 1945 2443 2189 2514; x_wconf 88' lang='lat' dir='ltr'><strong>omnium</strong></span> <span class='ocrx_word' id='word_1_417' title='bbox 2228 2456 2248 2498; x_wconf 79' lang='grc' dir='ltr'>ι</span> <span class='ocrx_word' id='word_1_418' title='bbox 2290 2468 2604 2515; x_wconf 88' lang='lat' dir='ltr'><strong>sanctarum</strong></span> <span class='ocrx_word' id='word_1_419' title='bbox 2643 2457 3049 2528; x_wconf 87' lang='lat' dir='ltr'><strong>Seripturarum</strong></span> <span class='ocrx_word' id='word_1_420' title='bbox 3092 2455 3367 2512; x_wconf 88' lang='lat' dir='ltr'><strong>volumina</strong></span> <span class='ocrx_word' id='word_1_421' title='bbox 3404 2469 3529 2523; x_wconf 86' lang='lat' dir='ltr'><strong>per-</strong></span> 
     </span>
    </p>
   </div>
   <div class='ocr_carea' id='block_1_61' title="bbox 1946 2535 3530 2619">
    <p class='ocr_par' dir='ltr' id='par_1_61' title="bbox 1946 2535 3530 2619">
     <span class='ocr_line' id='line_1_61' title="bbox 1946 2535 3530 2619; baseline -0.001 -18"><span class='ocrx_word' id='word_1_422' title='bbox 1946 2547 2158 2618; x_wconf 75' lang='lat' dir='ltr'><strong>tegant;</strong></span> <span class='ocrx_word' id='word_1_423' title='bbox 2182 2546 2450 2619; x_wconf 51' lang='lat' dir='ltr'><strong>&quot;quoniam</strong></span> <span class='ocrx_word' id='word_1_424' title='bbox 2488 2548 2542 2603; x_wconf 86' lang='lat' dir='ltr'><strong>in</strong></span> <span class='ocrx_word' id='word_1_425' title='bbox 2573 2548 2678 2614; x_wconf 91' lang='lat' dir='ltr'><strong>his,</strong></span> <span class='ocrx_word' id='word_1_426' title='bbox 2729 2549 2775 2603; x_wconf 88' lang='lat' dir='ltr'><strong>si</strong></span> <span class='ocrx_word' id='word_1_427' title='bbox 2822 2557 2967 2605; x_wconf 88' lang='lat' dir='ltr'><strong>recte</strong></span> <span class='ocrx_word' id='word_1_428' title='bbox 3000 2547 3247 2617; x_wconf 81' lang='lat' dir='ltr'><strong>sapiunt,</strong></span> <span class='ocrx_word' id='word_1_429' title='bbox 3279 2561 3387 2601; x_wconf 87' lang='lat' dir='ltr'><strong>non</strong></span> <span class='ocrx_word' id='word_1_430' title='bbox 3432 2535 3530 2600; x_wconf 77' lang='lat' dir='ltr'><strong>de-</strong></span> 
     </span>
    </p>
   </div>
   <div class='ocr_carea' id='block_1_62' title="bbox 1947 2639 3527 2712">
    <p class='ocr_par' dir='ltr' id='par_1_62' title="bbox 1947 2639 3527 2712">
     <span class='ocr_line' id='line_1_62' title="bbox 1947 2639 3527 2712; baseline -0.003 -18"><span class='ocrx_word' id='word_1_431' title='bbox 1947 2640 2073 2705; x_wconf 86' lang='lat' dir='ltr'><strong>erit,</strong></span> <span class='ocrx_word' id='word_1_432' title='bbox 2096 2656 2203 2711; x_wconf 92' lang='lat' dir='ltr'><strong>quo</strong></span> <span class='ocrx_word' id='word_1_433' title='bbox 2224 2642 2450 2712; x_wconf 90' lang='lat' dir='ltr'><strong>amplius</strong></span> <span class='ocrx_word' id='word_1_434' title='bbox 2472 2650 2527 2697; x_wconf 91' lang='lat' dir='ltr'><strong>et</strong></span> <span class='ocrx_word' id='word_1_435' title='bbox 2542 2640 2834 2711; x_wconf 89' lang='lat' dir='ltr'><strong>perfectius</strong></span> <span class='ocrx_word' id='word_1_436' title='bbox 2858 2639 3085 2695; x_wconf 87' lang='lat' dir='ltr'><strong>Domino</strong></span> <span class='ocrx_word' id='word_1_437' title='bbox 3113 2644 3390 2693; x_wconf 87' lang='lat' dir='ltr'><strong>reserante</strong></span> <span class='ocrx_word' id='word_1_438' title='bbox 3411 2650 3527 2691; x_wconf 87' lang='lat' dir='ltr'><strong>cre-</strong></span> 
     </span>
    </p>
   </div>
   <div class='ocr_carea' id='block_1_63' title="bbox 1947 2725 3530 2804">
    <p class='ocr_par' dir='ltr' id='par_1_63' title="bbox 1947 2725 3530 2804">
     <span class='ocr_line' id='line_1_63' title="bbox 1947 2725 3530 2804; baseline 0 -20"><span class='ocrx_word' id='word_1_439' title='bbox 1947 2743 2122 2795; x_wconf 86' lang='lat' dir='ltr'><strong>scant,</strong></span> <span class='ocrx_word' id='word_1_440' title='bbox 2153 2732 2526 2787; x_wconf 87' lang='lat' dir='ltr'><strong>etcrescendo</strong></span> <span class='ocrx_word' id='word_1_441' title='bbox 2546 2731 2615 2787; x_wconf 88' lang='lat' dir='ltr'><strong>ad</strong></span> <span class='ocrx_word' id='word_1_442' title='bbox 2635 2747 2722 2796; x_wconf 89' lang='lat' dir='ltr'><strong>ea,</strong></span> <span class='ocrx_word' id='word_1_443' title='bbox 2752 2746 2873 2804; x_wconf 77' lang='lat' dir='ltr'><strong>qua:</strong></span> <span class='ocrx_word' id='word_1_444' title='bbox 2902 2726 3233 2802; x_wconf 88' lang='lat' dir='ltr'><strong>sempiterna</strong></span> <span class='ocrx_word' id='word_1_445' title='bbox 3273 2736 3421 2793; x_wconf 89' lang='lat' dir='ltr'><strong>sunt,</strong></span> <span class='ocrx_word' id='word_1_446' title='bbox 3449 2725 3530 2784; x_wconf 82' lang='lat' dir='ltr'><strong>fe-</strong></span> 
     </span>
    </p>
   </div>
   <div class='ocr_carea' id='block_1_64' title="bbox 1944 2823 2710 2896">
    <p class='ocr_par' dir='ltr' id='par_1_64' title="bbox 1944 2823 2710 2896">
     <span class='ocr_line' id='line_1_64' title="bbox 1944 2823 2710 2896; baseline 0.001 -19"><span class='ocrx_word' id='word_1_447' title='bbox 1944 2823 2123 2879; x_wconf 85' lang='lat' dir='ltr'><strong>liciter</strong></span> <span class='ocrx_word' id='word_1_448' title='bbox 2151 2823 2490 2896; x_wconf 86' lang='lat' dir='ltr'><strong>perveniant.</strong></span> <span class='ocrx_word' id='word_1_449' title='bbox 2517 2823 2710 2878; x_wconf 86' lang='lat' dir='ltr'><strong>Amen.</strong></span> 
     </span>
    </p>
   </div>
   <div class='ocr_carea' id='block_1_65' title="bbox 2019 2952 2689 3015">
    <p class='ocr_par' dir='ltr' id='par_1_65' title="bbox 2019 2952 2689 3015">
     <span class='ocr_line' id='line_1_65' title="bbox 2019 2952 2689 3015; baseline 0.001 -9"><span class='ocrx_word' id='word_1_450' title='bbox 2019 2954 2047 2994; x_wconf 73' lang='grc'>⁸</span> <span class='ocrx_word' id='word_1_451' title='bbox 2077 2952 2243 3015; x_wconf 74' lang='grc' dir='ltr'><strong>Εᾱὶι..</strong></span> <span class='ocrx_word' id='word_1_452' title='bbox 2275 2963 2689 3008; x_wconf 75' lang='lat' dir='ltr'><strong>contemnantur.</strong></span> 
     </span>
    </p>
   </div>
   <div class='ocr_carea' id='block_1_66' title="bbox 2016 3023 2566 3093">
    <p class='ocr_par' dir='ltr' id='par_1_66' title="bbox 2016 3023 2566 3093">
     <span class='ocr_line' id='line_1_66' title="bbox 2016 3023 2566 3093; baseline -0.002 -16"><span class='ocrx_word' id='word_1_453' title='bbox 2016 3023 2046 3062; x_wconf 72' lang='grc' dir='ltr'><strong>ιι</strong></span> <span class='ocrx_word' id='word_1_454' title='bbox 2073 3023 2242 3089; x_wconf 87' lang='lat' dir='ltr'><strong>Edit.,</strong></span> <span class='ocrx_word' id='word_1_455' title='bbox 2273 3023 2566 3093; x_wconf 77' lang='lat' dir='ltr'><strong>festinetur.</strong></span> 
     </span>
    </p>
   </div>
   <div class='ocr_carea' id='block_1_67' title="bbox 2024 3075 3198 3164">
    <p class='ocr_par' dir='ltr' id='par_1_67' title="bbox 2024 3075 3198 3164">
     <span class='ocr_line' id='line_1_67' title="bbox 2024 3075 3198 3164; baseline -0.003 -15"><span class='ocrx_word' id='word_1_456' title='bbox 2024 3094 2041 3164; x_wconf 62' lang='grc' dir='ltr'>ξ</span> <span class='ocrx_word' id='word_1_457' title='bbox 2591 3075 2839 3148; x_wconf 61' lang='grc' dir='ltr'><strong>ιιι-ἄεωᾶ</strong></span> <span class='ocrx_word' id='word_1_458' title='bbox 2868 3093 3198 3164; x_wconf 75' lang='lat' dir='ltr'><strong>invigilatur.</strong></span> 
     </span>
    </p>
   </div>
   <div class='ocr_carea' id='block_1_68' title="bbox 2023 3162 2865 3235">
    <p class='ocr_par' dir='ltr' id='par_1_68' title="bbox 2023 3162 2865 3235">
     <span class='ocr_line' id='line_1_68' title="bbox 2023 3162 2865 3235; baseline -0.001 -16"><span class='ocrx_word' id='word_1_459' title='bbox 2023 3162 2039 3235; x_wconf 59' lang='grc' dir='ltr'>ᾖ</span> <span class='ocrx_word' id='word_1_460' title='bbox 2087 3163 2254 3235; x_wconf 82' lang='lat' dir='ltr'><strong>Edit.,</strong></span> <span class='ocrx_word' id='word_1_461' title='bbox 2286 3162 2589 3219; x_wconf 76' lang='lat' dir='ltr'><strong>sanctorum</strong></span> <span class='ocrx_word' id='word_1_462' title='bbox 2615 3167 2865 3235; x_wconf 83' lang='lat' dir='ltr'><strong>primum.</strong></span> 
     </span>
    </p>
   </div>
   <div class='ocr_carea' id='block_1_69' title="bbox 2022 3232 3286 3305">
    <p class='ocr_par' dir='ltr' id='par_1_69' title="bbox 2022 3232 3286 3305">
     <span class='ocr_line' id='line_1_69' title="bbox 2022 3232 3286 3305; baseline -0.003 -17"><span class='ocrx_word' id='word_1_463' title='bbox 2022 3232 2048 3305; x_wconf 56' lang='lat' dir='ltr'><strong>lt</strong></span> <span class='ocrx_word' id='word_1_464' title='bbox 2087 3234 2407 3305; x_wconf 61' lang='lat' dir='ltr'><strong>Edit.,»quid</strong></span> <span class='ocrx_word' id='word_1_465' title='bbox 2440 3236 2508 3289; x_wconf 84' lang='lat' dir='ltr'><strong>sit</strong></span> <span class='ocrx_word' id='word_1_466' title='bbox 2531 3232 2743 3305; x_wconf 76' lang='lat' dir='ltr'><strong>quatere</strong></span> <span class='ocrx_word' id='word_1_467' title='bbox 2771 3235 3036 3305; x_wconf 81' lang='lat' dir='ltr'><strong>negotium</strong></span> <span class='ocrx_word' id='word_1_468' title='bbox 3072 3241 3286 3303; x_wconf 68' lang='lat' dir='ltr'><strong>geratur</strong></span> 
     </span>
    </p>
   </div>
   <div class='ocr_carea' id='block_1_70' title="bbox 2026 3303 2485 3370">
    <p class='ocr_par' dir='ltr' id='par_1_70' title="bbox 2026 3303 2485 3370">
     <span class='ocr_line' id='line_1_70' title="bbox 2026 3303 2485 3370; baseline -0.004 -11"><span class='ocrx_word' id='word_1_469' title='bbox 2026 3303 2047 3342; x_wconf 77' lang='grc' dir='ltr'><strong><em>ι</em></strong></span> <span class='ocrx_word' id='word_1_470' title='bbox 2086 3303 2256 3370; x_wconf 83' lang='lat' dir='ltr'><strong>Edit.,</strong></span> <span class='ocrx_word' id='word_1_471' title='bbox 2286 3303 2485 3360; x_wconf 79' lang='lat' dir='ltr'><strong>omnia.</strong></span> 
     </span>
    </p>
   </div>
   <div class='ocr_carea' id='block_1_71' title="bbox 1149 3600 2553 3688">
    <p class='ocr_par' dir='ltr' id='par_1_71' title="bbox 1149 3600 2553 3688">
     <span class='ocr_line' id='line_1_71' title="bbox 1149 3600 2553 3688; baseline -0.001 -3"><span class='ocrx_word' id='word_1_472' title='bbox 1149 3666 1155 3673; x_wconf 68' lang='grc' dir='ltr'><strong>ς</strong></span> <span class='ocrx_word' id='word_1_473' title='bbox 1223 3600 1632 3688; x_wconf 78' lang='lat' dir='ltr'><strong>INCIPIT</strong></span> <span class='ocrx_word' id='word_1_474' title='bbox 1710 3608 2012 3686; x_wconf 79' lang='lat' dir='ltr'><strong>LIBER</strong></span> <span class='ocrx_word' id='word_1_475' title='bbox 2084 3607 2217 3683; x_wconf 87' lang='lat' dir='ltr'><strong>DE</strong></span> <span class='ocrx_word' id='word_1_476' title='bbox 2287 3603 2553 3684; x_wconf 83' lang='lat' dir='ltr'><strong>FIDE.</strong></span> 
     </span>
    </p>
   </div>
   <div class='ocr_carea' id='block_1_72' title="bbox 785 3862 1311 3953">
    <p class='ocr_par' dir='ltr' id='par_1_72' title="bbox 785 3862 1311 3953">
     <span class='ocr_line' id='line_1_72' title="bbox 785 3862 1311 3953; baseline -0.006 -1"><span class='ocrx_word' id='word_1_477' title='bbox 785 3894 1013 3953; x_wconf 83' lang='lat' dir='ltr'><strong>CAPUT</strong></span> <span class='ocrx_word' id='word_1_478' title='bbox 1044 3862 1311 3952; x_wconf 71' lang='lat' dir='ltr'><strong>ennium</strong></span> 
     </span>
    </p>
   </div>
   <div class='ocr_carea' id='block_1_73' title="bbox 831 4030 1278 4100">
    <p class='ocr_par' dir='ltr' id='par_1_73' title="bbox 831 4030 1278 4100">
     <span class='ocr_line' id='line_1_73' title="bbox 831 4030 1278 4100; baseline -0.004 -14"><span class='ocrx_word' id='word_1_479' title='bbox 831 4030 973 4098; x_wconf 82' lang='lat' dir='ltr'><strong>Quid</strong></span> <span class='ocrx_word' id='word_1_480' title='bbox 998 4033 1076 4085; x_wconf 89' lang='lat' dir='ltr'><strong>sit</strong></span> <span class='ocrx_word' id='word_1_481' title='bbox 1107 4031 1278 4100; x_wconf 74' lang='lat' dir='ltr'><strong>ﬁdes?</strong></span> 
     </span>
    </p>
   </div>
   <div class='ocr_carea' id='block_1_74' title="bbox 338 4156 1841 4238">
    <p class='ocr_par' dir='ltr' id='par_1_74' title="bbox 338 4156 1841 4238">
     <span class='ocr_line' id='line_1_74' title="bbox 338 4156 1841 4238; baseline 0.001 -18"><span class='ocrx_word' id='word_1_482' title='bbox 338 4165 391 4221; x_wconf 70' lang='lat' dir='ltr'><strong>i.</strong></span> <span class='ocrx_word' id='word_1_483' title='bbox 430 4156 790 4234; x_wconf 63' lang='lat' dir='ltr'><strong>Quaerendum</strong></span> <span class='ocrx_word' id='word_1_484' title='bbox 815 4165 987 4238; x_wconf 86' lang='lat' dir='ltr'><strong>prius,</strong></span> <span class='ocrx_word' id='word_1_485' title='bbox 1009 4163 1139 4235; x_wconf 88' lang='lat' dir='ltr'><strong>quid</strong></span> <span class='ocrx_word' id='word_1_486' title='bbox 1158 4164 1229 4219; x_wconf 88' lang='lat' dir='ltr'><strong>sit</strong></span> <span class='ocrx_word' id='word_1_487' title='bbox 1253 4172 1573 4220; x_wconf 57' lang='lat' dir='ltr'><strong>exterarum</strong></span> <span class='ocrx_word' id='word_1_488' title='bbox 1601 4164 1841 4221; x_wconf 91' lang='lat' dir='ltr'><strong>omnium</strong></span> 
     </span>
    </p>
   </div>
   <div class='ocr_carea' id='block_1_75' title="bbox 264 4253 1841 4333">
    <p class='ocr_par' dir='ltr' id='par_1_75' title="bbox 264 4253 1841 4333">
     <span class='ocr_line' id='line_1_75' title="bbox 264 4253 1841 4333; baseline -0.002 -23"><span class='ocrx_word' id='word_1_489' title='bbox 264 4258 523 4313; x_wconf 80' lang='lat' dir='ltr'><strong>virtutum</strong></span> <span class='ocrx_word' id='word_1_490' title='bbox 546 4255 809 4311; x_wconf 76' lang='lat' dir='ltr'><strong>initiatrix</strong></span> <span class='ocrx_word' id='word_1_491' title='bbox 847 4253 1021 4333; x_wconf 83' lang='lat' dir='ltr'><strong>fides;</strong></span> <span class='ocrx_word' id='word_1_492' title='bbox 1052 4253 1201 4325; x_wconf 88' lang='lat' dir='ltr'><strong>quia,</strong></span> <span class='ocrx_word' id='word_1_493' title='bbox 1240 4254 1382 4310; x_wconf 87' lang='lat' dir='ltr'><strong>sicut</strong></span> <span class='ocrx_word' id='word_1_494' title='bbox 1415 4253 1704 4324; x_wconf 87' lang='lat' dir='ltr'><strong>Apostolus</strong></span> <span class='ocrx_word' id='word_1_495' title='bbox 1740 4254 1841 4321; x_wconf 88' lang='lat' dir='ltr'><strong>ait,</strong></span> 
     </span>
    </p>
   </div>
   <div class='ocr_carea' id='block_1_76' title="bbox 261 4345 1850 4419">
    <p class='ocr_par' dir='ltr' id='par_1_76' title="bbox 261 4345 1850 4419">
     <span class='ocr_line' id='line_1_76' title="bbox 261 4345 1850 4419; baseline -0.003 -16"><span class='ocrx_word' id='word_1_496' title='bbox 261 4347 395 4405; x_wconf 80' lang='lat' dir='ltr'><strong>licet</strong></span> <span class='ocrx_word' id='word_1_497' title='bbox 420 4348 539 4404; x_wconf 89' lang='lat' dir='ltr'><strong>aliis</strong></span> <span class='ocrx_word' id='word_1_498' title='bbox 561 4348 863 4419; x_wconf 88' lang='lat' dir='ltr'><strong>quibusque</strong></span> <span class='ocrx_word' id='word_1_499' title='bbox 888 4346 1210 4403; x_wconf 76' lang='lat' dir='ltr'><strong>Christiana:</strong></span> <span class='ocrx_word' id='word_1_500' title='bbox 1236 4345 1509 4418; x_wconf 84' lang='lat' dir='ltr'><strong>religionis</strong></span> <span class='ocrx_word' id='word_1_501' title='bbox 1534 4346 1741 4403; x_wconf 89' lang='lat' dir='ltr'><strong>enitere</strong></span> <span class='ocrx_word' id='word_1_502' title='bbox 1766 4345 1850 4400; x_wconf 91' lang='lat' dir='ltr'><strong>vi-</strong></span> 
     </span>
    </p>
   </div>
   <div class='ocr_carea' id='block_1_77' title="bbox 263 4436 1849 4509">
    <p class='ocr_par' dir='ltr' id='par_1_77' title="bbox 263 4436 1849 4509">
     <span class='ocr_line' id='line_1_77' title="bbox 263 4436 1849 4509; baseline -0.003 -14"><span class='ocrx_word' id='word_1_503' title='bbox 263 4440 493 4495; x_wconf 85' lang='lat' dir='ltr'><strong>deamur</strong></span> <span class='ocrx_word' id='word_1_504' title='bbox 522 4439 809 4509; x_wconf 87' lang='lat' dir='ltr'><strong>operibus,</strong></span> <span class='ocrx_word' id='word_1_505' title='bbox 860 4438 973 4493; x_wconf 86' lang='lat' dir='ltr'><strong>sine</strong></span> <span class='ocrx_word' id='word_1_506' title='bbox 1017 4437 1122 4507; x_wconf 81' lang='lat' dir='ltr'><strong>ﬁde</strong></span> <span class='ocrx_word' id='word_1_507' title='bbox 1165 4436 1482 4508; x_wconf 82' lang='lat' dir='ltr'><strong>impossibile</strong></span> <span class='ocrx_word' id='word_1_508' title='bbox 1523 4448 1600 4491; x_wconf 86' lang='lat' dir='ltr'><strong>est</strong></span> <span class='ocrx_word' id='word_1_509' title='bbox 1644 4436 1849 4508; x_wconf 85' lang='lat' dir='ltr'><strong>placere</strong></span> 
     </span>
    </p>
   </div>
   <div class='ocr_carea' id='block_1_78' title="bbox 264 4528 1846 4603">
    <p class='ocr_par' dir='ltr' id='par_1_78' title="bbox 264 4528 1846 4603">
     <span class='ocr_line' id='line_1_78' title="bbox 264 4528 1846 4603; baseline -0.002 -17"><span class='ocrx_word' id='word_1_510' title='bbox 264 4530 377 4587; x_wconf 84' lang='lat' dir='ltr'><strong>Deo</strong></span> <span class='ocrx_word' id='word_1_511' title='bbox 413 4530 612 4603; x_wconf 84' lang='lat' dir='ltr'><strong>(Hebr.</strong></span> <span class='ocrx_word' id='word_1_512' title='bbox 657 4546 749 4596; x_wconf 75' lang='lat' dir='ltr'><strong>vr,</strong></span> <span class='ocrx_word' id='word_1_513' title='bbox 783 4528 906 4600; x_wconf 78' lang='grc'><strong>55).</strong></span> <span class='ocrx_word' id='word_1_514' title='bbox 957 4529 1025 4584; x_wconf 85' lang='lat' dir='ltr'><strong>Et</strong></span> <span class='ocrx_word' id='word_1_515' title='bbox 1064 4529 1185 4585; x_wconf 88' lang='lat' dir='ltr'><strong>ideo</strong></span> <span class='ocrx_word' id='word_1_516' title='bbox 1224 4528 1357 4583; x_wconf 89' lang='lat' dir='ltr'><strong>satis</strong></span> <span class='ocrx_word' id='word_1_517' title='bbox 1403 4528 1690 4583; x_wconf 90' lang='lat' dir='ltr'><strong>admodum</strong></span> <span class='ocrx_word' id='word_1_518' title='bbox 1728 4537 1846 4583; x_wconf 88' lang='lat' dir='ltr'><strong>stu-</strong></span> 
     </span>
    </p>
   </div>
   <div class='ocr_carea' id='block_1_79' title="bbox 262 4617 1843 4693">
    <p class='ocr_par' dir='ltr' id='par_1_79' title="bbox 262 4617 1843 4693">
     <span class='ocr_line' id='line_1_79' title="bbox 262 4617 1843 4693; baseline -0.004 -13"><span class='ocrx_word' id='word_1_519' title='bbox 262 4624 440 4690; x_wconf 89' lang='lat' dir='ltr'><strong>diose,</strong></span> <span class='ocrx_word' id='word_1_520' title='bbox 459 4638 566 4679; x_wconf 86' lang='lat' dir='ltr'><strong>non</strong></span> <span class='ocrx_word' id='word_1_521' title='bbox 588 4623 727 4685; x_wconf 89' lang='lat' dir='ltr'><strong>dico,</strong></span> <span class='ocrx_word' id='word_1_522' title='bbox 747 4620 1059 4693; x_wconf 69' lang='lat' dir='ltr'><strong>quaerenda,</strong></span> <span class='ocrx_word' id='word_1_523' title='bbox 1073 4620 1182 4676; x_wconf 91' lang='lat' dir='ltr'><strong>imo</strong></span> <span class='ocrx_word' id='word_1_524' title='bbox 1207 4618 1544 4690; x_wconf 87' lang='lat' dir='ltr'><strong>imploranda</strong></span> <span class='ocrx_word' id='word_1_525' title='bbox 1566 4627 1649 4674; x_wconf 92' lang='lat' dir='ltr'><strong>est</strong></span> <span class='ocrx_word' id='word_1_526' title='bbox 1676 4617 1843 4685; x_wconf 82' lang='lat' dir='ltr'><strong>fides;</strong></span> 
     </span>
    </p>
   </div>
   <div class='ocr_carea' id='block_1_80' title="bbox 263 4712 1848 4789">
    <p class='ocr_par' dir='ltr' id='par_1_80' title="bbox 263 4712 1848 4789">
     <span class='ocr_line' id='line_1_80' title="bbox 263 4712 1848 4789; baseline -0.004 -16"><span class='ocrx_word' id='word_1_527' title='bbox 263 4716 384 4775; x_wconf 87' lang='lat' dir='ltr'><strong>sine</strong></span> <span class='ocrx_word' id='word_1_528' title='bbox 406 4733 514 4789; x_wconf 90' lang='lat' dir='ltr'><strong>qua</strong></span> <span class='ocrx_word' id='word_1_529' title='bbox 542 4732 704 4774; x_wconf 87' lang='lat' dir='ltr'><strong>nemo</strong></span> <span class='ocrx_word' id='word_1_530' title='bbox 728 4716 970 4773; x_wconf 62' lang='lat' dir='ltr'><strong>adbaaret</strong></span> <span class='ocrx_word' id='word_1_531' title='bbox 1000 4715 1149 4781; x_wconf 89' lang='lat' dir='ltr'><strong>Deo;</strong></span> <span class='ocrx_word' id='word_1_532' title='bbox 1178 4728 1276 4785; x_wconf 91' lang='lat' dir='ltr'><strong>per</strong></span> <span class='ocrx_word' id='word_1_533' title='bbox 1304 4727 1466 4782; x_wconf 90' lang='lat' dir='ltr'><strong>quam</strong></span> <span class='ocrx_word' id='word_1_534' title='bbox 1494 4712 1668 4768; x_wconf 88' lang='lat' dir='ltr'><strong>sancti</strong></span> <span class='ocrx_word' id='word_1_535' title='bbox 1697 4713 1848 4768; x_wconf 84' lang='lat' dir='ltr'><strong>vice-</strong></span> 
     </span>
    </p>
   </div>
   <div class='ocr_carea' id='block_1_81' title="bbox 265 4804 1849 4880">
    <p class='ocr_par' dir='ltr' id='par_1_81' title="bbox 265 4804 1849 4880">
     <span class='ocr_line' id='line_1_81' title="bbox 265 4804 1849 4880; baseline -0.003 -16"><span class='ocrx_word' id='word_1_536' title='bbox 265 4817 394 4865; x_wconf 90' lang='lat' dir='ltr'><strong>runt</strong></span> <span class='ocrx_word' id='word_1_537' title='bbox 420 4824 604 4880; x_wconf 85' lang='lat' dir='ltr'><strong>regna,</strong></span> <span class='ocrx_word' id='word_1_538' title='bbox 639 4809 847 4880; x_wconf 89' lang='lat' dir='ltr'><strong>operati</strong></span> <span class='ocrx_word' id='word_1_539' title='bbox 874 4813 1000 4864; x_wconf 90' lang='lat' dir='ltr'><strong>sunt</strong></span> <span class='ocrx_word' id='word_1_540' title='bbox 1022 4806 1309 4879; x_wconf 85' lang='lat' dir='ltr'><strong>justitiam,</strong></span> <span class='ocrx_word' id='word_1_541' title='bbox 1334 4820 1432 4877; x_wconf 87' lang='lat' dir='ltr'><strong>per</strong></span> <span class='ocrx_word' id='word_1_542' title='bbox 1468 4821 1631 4876; x_wconf 87' lang='lat' dir='ltr'><strong>quam</strong></span> <span class='ocrx_word' id='word_1_543' title='bbox 1669 4804 1849 4876; x_wconf 89' lang='lat' dir='ltr'><strong>adepti</strong></span> 
     </span>
    </p>
   </div>
   <div class='ocr_carea' id='block_1_82' title="bbox 264 4897 1849 4973">
    <p class='ocr_par' dir='ltr' id='par_1_82' title="bbox 264 4897 1849 4973">
     <span class='ocr_line' id='line_1_82' title="bbox 264 4897 1849 4973; baseline -0.001 -18"><span class='ocrx_word' id='word_1_544' title='bbox 264 4909 394 4955; x_wconf 87' lang='lat' dir='ltr'><strong>sunt</strong></span> <span class='ocrx_word' id='word_1_545' title='bbox 438 4902 786 4973; x_wconf 89' lang='lat' dir='ltr'><strong>repromissa,</strong></span> <span class='ocrx_word' id='word_1_546' title='bbox 834 4909 893 4958; x_wconf 87' lang='lat' dir='ltr'><strong>et</strong></span> <span class='ocrx_word' id='word_1_547' title='bbox 926 4901 1103 4956; x_wconf 81' lang='lat' dir='ltr'><strong>adhuc</strong></span> <span class='ocrx_word' id='word_1_548' title='bbox 1139 4898 1303 4956; x_wconf 89' lang='lat' dir='ltr'><strong>hodie</strong></span> <span class='ocrx_word' id='word_1_549' title='bbox 1346 4912 1415 4953; x_wconf 82' lang='lat' dir='ltr'><strong>ex</strong></span> <span class='ocrx_word' id='word_1_550' title='bbox 1462 4913 1528 4954; x_wconf 90' lang='lat' dir='ltr'><strong>ea</strong></span> <span class='ocrx_word' id='word_1_551' title='bbox 1571 4897 1849 4954; x_wconf 88' lang='lat' dir='ltr'><strong>mirabiles</strong></span> 
     </span>
    </p>
   </div>
   <div class='ocr_carea' id='block_1_83' title="bbox 262 4987 1847 5064">
    <p class='ocr_par' dir='ltr' id='par_1_83' title="bbox 262 4987 1847 5064">
     <span class='ocr_line' id='line_1_83' title="bbox 262 4987 1847 5064; baseline -0.003 -17"><span class='ocrx_word' id='word_1_552' title='bbox 262 4993 671 5062; x_wconf 76' lang='lat' dir='ltr'><strong>praedicantur;</strong></span> <span class='ocrx_word' id='word_1_553' title='bbox 697 4992 935 5063; x_wconf 83' lang='lat' dir='ltr'><strong>alioquin</strong></span> <span class='ocrx_word' id='word_1_554' title='bbox 961 4992 1086 5064; x_wconf 88' lang='lat' dir='ltr'><strong>quis</strong></span> <span class='ocrx_word' id='word_1_555' title='bbox 1106 4989 1457 5059; x_wconf 85' lang='lat' dir='ltr'><strong>justiflcatur,</strong></span> <span class='ocrx_word' id='word_1_556' title='bbox 1482 4990 1585 5045; x_wconf 88' lang='lat' dir='ltr'><strong>nisi</strong></span> <span class='ocrx_word' id='word_1_557' title='bbox 1610 5004 1676 5044; x_wconf 81' lang='lat' dir='ltr'><strong>ex</strong></span> <span class='ocrx_word' id='word_1_558' title='bbox 1705 4987 1847 5044; x_wconf 76' lang='lat' dir='ltr'><strong>fide?</strong></span> 
     </span>
    </p>
   </div>
   <div class='ocr_carea' id='block_1_84' title="bbox 258 5077 1848 5155">
    <p class='ocr_par' dir='ltr' id='par_1_84' title="bbox 258 5077 1848 5155">
     <span class='ocr_line' id='line_1_84' title="bbox 258 5077 1848 5155; baseline -0.003 -16"><span class='ocrx_word' id='word_1_559' title='bbox 258 5082 454 5139; x_wconf 78' lang='lat' dir='ltr'><strong>Justus</strong></span> <span class='ocrx_word' id='word_1_560' title='bbox 484 5094 682 5150; x_wconf 83' lang='lat' dir='ltr'><strong>autem,</strong></span> <span class='ocrx_word' id='word_1_561' title='bbox 709 5084 904 5155; x_wconf 90' lang='lat' dir='ltr'><strong>inquit,</strong></span> <span class='ocrx_word' id='word_1_562' title='bbox 934 5099 1080 5137; x_wconf 85' lang='lat' dir='ltr'><strong>meus</strong></span> <span class='ocrx_word' id='word_1_563' title='bbox 1118 5095 1146 5124; x_wconf 69' lang='grc' dir='ltr'>ιι</span> <span class='ocrx_word' id='word_1_564' title='bbox 1184 5099 1250 5136; x_wconf 70' lang='lat' dir='ltr'><strong>ex</strong></span> <span class='ocrx_word' id='word_1_565' title='bbox 1284 5081 1391 5152; x_wconf 77' lang='lat' dir='ltr'><strong>ﬁde</strong></span> <span class='ocrx_word' id='word_1_566' title='bbox 1425 5081 1541 5137; x_wconf 77' lang='lat' dir='ltr'><strong>vivit</strong></span> <span class='ocrx_word' id='word_1_567' title='bbox 1571 5077 1848 5150; x_wconf 56' lang='lat' dir='ltr'><strong>(ﬂebas,</strong></span> 
     </span>
    </p>
   </div>
   <div class='ocr_carea' id='block_1_85' title="bbox 260 5168 1847 5244">
    <p class='ocr_par' dir='ltr' id='par_1_85' title="bbox 260 5168 1847 5244">
     <span class='ocr_line' id='line_1_85' title="bbox 260 5168 1847 5244; baseline -0.003 -17"><span class='ocrx_word' id='word_1_568' title='bbox 260 5171 390 5243; x_wconf 82' lang='lat'><strong>38).</strong></span> <span class='ocrx_word' id='word_1_569' title='bbox 412 5171 554 5243; x_wconf 86' lang='lat' dir='ltr'><strong>Ergo</strong></span> <span class='ocrx_word' id='word_1_570' title='bbox 573 5174 861 5244; x_wconf 73' lang='lat' dir='ltr'><strong>quaerenda</strong></span> <span class='ocrx_word' id='word_1_571' title='bbox 889 5172 1030 5238; x_wconf 87' lang='lat' dir='ltr'><strong>talis,</strong></span> <span class='ocrx_word' id='word_1_572' title='bbox 1058 5184 1124 5229; x_wconf 91' lang='lat' dir='ltr'><strong>ac</strong></span> <span class='ocrx_word' id='word_1_573' title='bbox 1147 5179 1296 5227; x_wconf 88' lang='lat' dir='ltr'><strong>tanta</strong></span> <span class='ocrx_word' id='word_1_574' title='bbox 1320 5178 1562 5244; x_wconf 85' lang='lat' dir='ltr'><strong>potestas</strong></span> <span class='ocrx_word' id='word_1_575' title='bbox 1590 5168 1735 5234; x_wconf 80' lang='lat' dir='ltr'><strong>fidei,</strong></span> <span class='ocrx_word' id='word_1_576' title='bbox 1760 5169 1847 5225; x_wconf 91' lang='lat' dir='ltr'><strong>cui</strong></span> 
     </span>
    </p>
   </div>
   <div class='ocr_carea' id='block_1_86' title="bbox 258 5261 1849 5335">
    <p class='ocr_par' dir='ltr' id='par_1_86' title="bbox 258 5261 1849 5335">
     <span class='ocr_line' id='line_1_86' title="bbox 258 5261 1849 5335; baseline -0.003 -15"><span class='ocrx_word' id='word_1_577' title='bbox 258 5264 449 5320; x_wconf 90' lang='lat' dir='ltr'><strong>omnia</strong></span> <span class='ocrx_word' id='word_1_578' title='bbox 479 5264 697 5331; x_wconf 90' lang='lat' dir='ltr'><strong>cedunt,</strong></span> <span class='ocrx_word' id='word_1_579' title='bbox 736 5265 859 5322; x_wconf 90' lang='lat' dir='ltr'><strong>sine</strong></span> <span class='ocrx_word' id='word_1_580' title='bbox 885 5280 993 5335; x_wconf 86' lang='lat' dir='ltr'><strong>qua</strong></span> <span class='ocrx_word' id='word_1_581' title='bbox 1017 5279 1179 5322; x_wconf 89' lang='lat' dir='ltr'><strong>nemo</strong></span> <span class='ocrx_word' id='word_1_582' title='bbox 1196 5263 1345 5329; x_wconf 86' lang='lat' dir='ltr'><strong>vivit,</strong></span> <span class='ocrx_word' id='word_1_583' title='bbox 1374 5277 1475 5333; x_wconf 87' lang='lat' dir='ltr'><strong>per</strong></span> <span class='ocrx_word' id='word_1_584' title='bbox 1498 5277 1663 5334; x_wconf 86' lang='lat' dir='ltr'><strong>quam</strong></span> <span class='ocrx_word' id='word_1_585' title='bbox 1692 5261 1849 5317; x_wconf 89' lang='lat' dir='ltr'><strong>nobis</strong></span> 
     </span>
    </p>
   </div>
   <div class='ocr_carea' id='block_1_87' title="bbox 261 5352 1849 5427">
    <p class='ocr_par' dir='ltr' id='par_1_87' title="bbox 261 5352 1849 5427">
     <span class='ocr_line' id='line_1_87' title="bbox 261 5352 1849 5427; baseline -0.001 -18"><span class='ocrx_word' id='word_1_586' title='bbox 261 5353 477 5425; x_wconf 85' lang='lat' dir='ltr'><strong>reliqua</strong></span> <span class='ocrx_word' id='word_1_587' title='bbox 506 5355 765 5410; x_wconf 87' lang='lat' dir='ltr'><strong>virtutum</strong></span> <span class='ocrx_word' id='word_1_588' title='bbox 792 5363 1118 5427; x_wconf 67' lang='lat' dir='ltr'><strong>praestantur</strong></span> <span class='ocrx_word' id='word_1_589' title='bbox 1155 5354 1320 5419; x_wconf 89' lang='lat' dir='ltr'><strong>bona,</strong></span> <span class='ocrx_word' id='word_1_590' title='bbox 1357 5363 1414 5409; x_wconf 87' lang='lat' dir='ltr'><strong>et</strong></span> <span class='ocrx_word' id='word_1_591' title='bbox 1441 5352 1511 5408; x_wconf 85' lang='lat' dir='ltr'><strong>ad</strong></span> <span class='ocrx_word' id='word_1_592' title='bbox 1549 5369 1849 5408; x_wconf 77' lang='lat' dir='ltr'><strong>mensuram</strong></span> 
     </span>
    </p>
   </div>
   <div class='ocr_carea' id='block_1_88' title="bbox 257 5442 1847 5516">
    <p class='ocr_par' dir='ltr' id='par_1_88' title="bbox 257 5442 1847 5516">
     <span class='ocr_line' id='line_1_88' title="bbox 257 5442 1847 5516; baseline 0.001 -20"><span class='ocrx_word' id='word_1_593' title='bbox 257 5443 391 5514; x_wconf 71' lang='lat' dir='ltr'><strong>ﬁdei</strong></span> <span class='ocrx_word' id='word_1_594' title='bbox 423 5455 636 5511; x_wconf 72' lang='lat' dir='ltr'><strong>nostrae,</strong></span> <span class='ocrx_word' id='word_1_595' title='bbox 680 5454 740 5502; x_wconf 91' lang='lat' dir='ltr'><strong>ut</strong></span> <span class='ocrx_word' id='word_1_596' title='bbox 781 5446 1072 5515; x_wconf 83' lang='lat' dir='ltr'><strong>Apostolus</strong></span> <span class='ocrx_word' id='word_1_597' title='bbox 1097 5445 1175 5502; x_wconf 88' lang='lat' dir='ltr'><strong>ait</strong></span> <span class='ocrx_word' id='word_1_598' title='bbox 1220 5442 1408 5502; x_wconf 84' lang='lat' dir='ltr'><strong>(Rom.</strong></span> <span class='ocrx_word' id='word_1_599' title='bbox 1445 5460 1508 5511; x_wconf 80' lang='grc' dir='ltr'><strong>ιι,</strong></span> <span class='ocrx_word' id='word_1_600' title='bbox 1536 5442 1630 5516; x_wconf 79' lang='grc'><strong>5).</strong></span> <span class='ocrx_word' id='word_1_601' title='bbox 1664 5444 1847 5499; x_wconf 87' lang='lat' dir='ltr'><strong>omnia</strong></span> 
     </span>
    </p>
   </div>
   <div class='ocr_carea' id='block_1_89' title="bbox 335 5552 1903 5626">
    <p class='ocr_par' dir='ltr' id='par_1_89' title="bbox 335 5552 1903 5626">
     <span class='ocr_line' id='line_1_89' title="bbox 335 5552 1903 5626; baseline 0.003 -20"><span class='ocrx_word' id='word_1_602' title='bbox 335 5564 363 5593; x_wconf 83' lang='grc' dir='ltr'>ι</span> <span class='ocrx_word' id='word_1_603' title='bbox 405 5552 575 5619; x_wconf 84' lang='lat' dir='ltr'><strong>Edit.,</strong></span> <span class='ocrx_word' id='word_1_604' title='bbox 602 5556 770 5626; x_wconf 85' lang='lat' dir='ltr'><strong>inquit</strong></span> <span class='ocrx_word' id='word_1_605' title='bbox 798 5556 1096 5626; x_wconf 77' lang='lat' dir='ltr'><strong>Apostolus,</strong></span> <span class='ocrx_word' id='word_1_606' title='bbox 1138 5558 1338 5614; x_wconf 90' lang='lat' dir='ltr'><strong>omissa</strong></span> <span class='ocrx_word' id='word_1_607' title='bbox 1372 5573 1539 5621; x_wconf 84' lang='lat' dir='ltr'><strong>meus,</strong></span> <span class='ocrx_word' id='word_1_608' title='bbox 1565 5555 1710 5626; x_wconf 89' lang='lat' dir='ltr'><strong>quod</strong></span> <span class='ocrx_word' id='word_1_609' title='bbox 1753 5572 1846 5611; x_wconf 80' lang='lat' dir='ltr'><strong>ex-</strong></span> <span class='ocrx_word' id='word_1_610' title='bbox 1894 5589 1903 5602; x_wconf 87' lang='lat'><strong>-</strong></span> 
     </span>
    </p>
   </div>
   <div class='ocr_carea' id='block_1_90' title="bbox 260 5626 1663 5716">
    <p class='ocr_par' dir='ltr' id='par_1_90' title="bbox 260 5626 1663 5716">
     <span class='ocr_line' id='line_1_90' title="bbox 260 5626 1663 5716; baseline 0.002 -38"><span class='ocrx_word' id='word_1_611' title='bbox 260 5632 377 5678; x_wconf 84' lang='lat' dir='ltr'><strong>stat</strong></span> <span class='ocrx_word' id='word_1_612' title='bbox 396 5626 536 5691; x_wconf 84' lang='lat' dir='ltr'><strong>apud</strong></span> <span class='ocrx_word' id='word_1_613' title='bbox 569 5626 883 5685; x_wconf 76' lang='lat' dir='ltr'><strong>Aoostolum</strong></span> <span class='ocrx_word' id='word_1_614' title='bbox 912 5629 964 5682; x_wconf 83' lang='lat' dir='ltr'><strong>in</strong></span> <span class='ocrx_word' id='word_1_615' title='bbox 994 5627 1217 5698; x_wconf 87' lang='lat' dir='ltr'><strong>epistola</strong></span> <span class='ocrx_word' id='word_1_616' title='bbox 1250 5630 1314 5685; x_wconf 89' lang='lat' dir='ltr'><strong>ad</strong></span> <span class='ocrx_word' id='word_1_617' title='bbox 1339 5627 1612 5686; x_wconf 73' lang='lat' dir='ltr'><strong>Hehrteos.</strong></span> <span class='ocrx_word' id='word_1_618' title='bbox 1653 5708 1663 5716; x_wconf 33' lang='lat'><strong><em>.</em></strong></span> 
     </span>
    </p>
   </div>
   <div class='ocr_carea' id='block_1_91' title="bbox 1950 3890 3532 3966">
    <p class='ocr_par' dir='ltr' id='par_1_91' title="bbox 1950 3890 3532 3966">
     <span class='ocr_line' id='line_1_91' title="bbox 1950 3890 3532 3966; baseline 0.005 -20"><span class='ocrx_word' id='word_1_619' title='bbox 1950 3892 2118 3966; x_wconf 80' lang='lat' dir='ltr'><strong>gratis</strong></span> <span class='ocrx_word' id='word_1_620' title='bbox 2164 3892 2575 3964; x_wconf 89' lang='lat' dir='ltr'><strong>dispertiuntur.</strong></span> <span class='ocrx_word' id='word_1_621' title='bbox 2626 3890 2971 3947; x_wconf 80' lang='lat' dir='ltr'><strong>Manifestum</strong></span> <span class='ocrx_word' id='word_1_622' title='bbox 3007 3890 3211 3963; x_wconf 80' lang='lat' dir='ltr'><strong>igitur,</strong></span> <span class='ocrx_word' id='word_1_623' title='bbox 3269 3894 3414 3965; x_wconf 88' lang='lat' dir='ltr'><strong>quod</strong></span> <span class='ocrx_word' id='word_1_624' title='bbox 3460 3910 3532 3954; x_wconf 61' lang='lat' dir='ltr'><strong>ex</strong></span> 
     </span>
    </p>
   </div>
   <div class='ocr_carea' id='block_1_92' title="bbox 1954 3982 3526 4053">
    <p class='ocr_par' dir='ltr' id='par_1_92' title="bbox 1954 3982 3526 4053">
     <span class='ocr_line' id='line_1_92' title="bbox 1954 3982 3526 4053; baseline 0.002 -14"><span class='ocrx_word' id='word_1_625' title='bbox 1954 3983 2268 4039; x_wconf 81' lang='lat' dir='ltr'><strong>difilnitione</strong></span> <span class='ocrx_word' id='word_1_626' title='bbox 2288 3997 2491 4048; x_wconf 90' lang='lat' dir='ltr'><strong>rerum,</strong></span> <span class='ocrx_word' id='word_1_627' title='bbox 2516 3982 2672 4053; x_wconf 83' lang='lat' dir='ltr'><strong>juxta</strong></span> <span class='ocrx_word' id='word_1_628' title='bbox 2708 3982 3151 4053; x_wconf 88' lang='lat' dir='ltr'><strong>philosophorum</strong></span> <span class='ocrx_word' id='word_1_629' title='bbox 3178 3985 3526 4053; x_wconf 89' lang='lat' dir='ltr'><strong>sententiam,</strong></span> 
     </span>
    </p>
   </div>
   <div class='ocr_carea' id='block_1_93' title="bbox 1951 4072 3537 4144">
    <p class='ocr_par' dir='ltr' id='par_1_93' title="bbox 1951 4072 3537 4144">
     <span class='ocr_line' id='line_1_93' title="bbox 1951 4072 3537 4144; baseline 0.003 -16"><span class='ocrx_word' id='word_1_630' title='bbox 1951 4089 2176 4144; x_wconf 66' lang='lat' dir='ltr'><strong>quaeque</strong></span> <span class='ocrx_word' id='word_1_631' title='bbox 2229 4072 2587 4140; x_wconf 86' lang='lat' dir='ltr'><strong>illustrantur,</strong></span> <span class='ocrx_word' id='word_1_632' title='bbox 2641 4083 2702 4128; x_wconf 92' lang='lat' dir='ltr'><strong>ut</strong></span> <span class='ocrx_word' id='word_1_633' title='bbox 2751 4072 2942 4130; x_wconf 82' lang='lat' dir='ltr'><strong>melius</strong></span> <span class='ocrx_word' id='word_1_634' title='bbox 2990 4091 3025 4128; x_wconf 85' lang='lat' dir='ltr'><strong>a</strong></span> <span class='ocrx_word' id='word_1_635' title='bbox 3062 4074 3290 4144; x_wconf 78' lang='lat' dir='ltr'><strong>singulis</strong></span> <span class='ocrx_word' id='word_1_636' title='bbox 3337 4075 3537 4132; x_wconf 78' lang='lat' dir='ltr'><strong>intelli-</strong></span> 
     </span>
    </p>
   </div>
   <div class='ocr_carea' id='block_1_94' title="bbox 1949 4162 3535 4236">
    <p class='ocr_par' dir='ltr' id='par_1_94' title="bbox 1949 4162 3535 4236">
     <span class='ocr_line' id='line_1_94' title="bbox 1949 4162 3535 4236; baseline 0.003 -17"><span class='ocrx_word' id='word_1_637' title='bbox 1949 4172 2165 4236; x_wconf 78' lang='lat' dir='ltr'><strong>gantur.</strong></span> <span class='ocrx_word' id='word_1_638' title='bbox 2219 4162 2515 4236; x_wconf 84' lang='lat' dir='ltr'><strong>Propterea</strong></span> <span class='ocrx_word' id='word_1_639' title='bbox 2568 4165 2856 4235; x_wconf 75' lang='lat' dir='ltr'><strong>quaerenda</strong></span> <span class='ocrx_word' id='word_1_640' title='bbox 2905 4163 3065 4235; x_wconf 76' lang='lat' dir='ltr'><strong>huius</strong></span> <span class='ocrx_word' id='word_1_641' title='bbox 3114 4163 3383 4234; x_wconf 86' lang='lat' dir='ltr'><strong>difllnitio,</strong></span> <span class='ocrx_word' id='word_1_642' title='bbox 3424 4182 3535 4224; x_wconf 86' lang='lat' dir='ltr'><strong>non</strong></span> 
     </span>
    </p>
   </div>
   <div class='ocr_carea' id='block_1_95' title="bbox 1872 4256 3532 4368">
    <p class='ocr_par' dir='ltr' id='par_1_95' title="bbox 1872 4256 3532 4368">
     <span class='ocr_line' id='line_1_95' title="bbox 1872 4256 3532 4368; baseline 0.001 -56"><span class='ocrx_word' id='word_1_643' title='bbox 1872 4307 1924 4368; x_wconf 66' lang='grc' dir='ltr'>Β</span> <span class='ocrx_word' id='word_1_644' title='bbox 1947 4258 2171 4329; x_wconf 83' lang='lat' dir='ltr'><strong>physica</strong></span> <span class='ocrx_word' id='word_1_645' title='bbox 2214 4258 2435 4328; x_wconf 85' lang='lat' dir='ltr'><strong>inquam</strong></span> <span class='ocrx_word' id='word_1_646' title='bbox 2469 4264 2526 4312; x_wconf 88' lang='lat' dir='ltr'><strong>et</strong></span> <span class='ocrx_word' id='word_1_647' title='bbox 2549 4257 2803 4321; x_wconf 84' lang='lat' dir='ltr'><strong>humana,</strong></span> <span class='ocrx_word' id='word_1_648' title='bbox 2825 4257 2919 4312; x_wconf 91' lang='lat' dir='ltr'><strong>sed</strong></span> <span class='ocrx_word' id='word_1_649' title='bbox 2944 4256 3123 4312; x_wconf 87' lang='lat' dir='ltr'><strong>divina</strong></span> <span class='ocrx_word' id='word_1_650' title='bbox 3152 4273 3168 4323; x_wconf 90' lang='lat'><strong>;</strong></span> <span class='ocrx_word' id='word_1_651' title='bbox 3197 4266 3258 4312; x_wconf 91' lang='lat' dir='ltr'><strong>ut</strong></span> <span class='ocrx_word' id='word_1_652' title='bbox 3282 4272 3381 4328; x_wconf 88' lang='lat' dir='ltr'><strong>per</strong></span> <span class='ocrx_word' id='word_1_653' title='bbox 3410 4272 3532 4314; x_wconf 88' lang='lat' dir='ltr'><strong>eam</strong></span> 
     </span>
     <span class='ocr_line' id='line_1_96' title="bbox 1958 4347 3494 4368; baseline 0 0"><span class='ocrx_word' id='word_1_654' title='bbox 1958 4365 1980 4368; x_wconf 81' lang='lat'><strong><em>_</em></strong></span> <span class='ocrx_word' id='word_1_655' title='bbox 2012 4365 2048 4368; x_wconf 30' lang='grc' dir='ltr'><strong>ν-</strong></span> <span class='ocrx_word' id='word_1_656' title='bbox 2293 4349 2345 4368; x_wconf 63' lang='grc' dir='ltr'>η</span> <span class='ocrx_word' id='word_1_657' title='bbox 2512 4348 2568 4368; x_wconf 54' lang='grc' dir='ltr'><strong>λ-</strong></span> <span class='ocrx_word' id='word_1_658' title='bbox 2629 4362 2721 4368; x_wconf 33' lang='grc' dir='ltr'><strong>Α--</strong></span> <span class='ocrx_word' id='word_1_659' title='bbox 2769 4347 3024 4368; x_wconf 42' lang='lat' dir='ltr'><strong>____m..-__</strong></span> <span class='ocrx_word' id='word_1_660' title='bbox 3109 4348 3402 4368; x_wconf 50' lang='grc' dir='ltr'><strong>---ηηηω</strong></span> <span class='ocrx_word' id='word_1_661' title='bbox 3438 4363 3494 4368; x_wconf 56' lang='grc' dir='ltr'>μ</span> 
     </span>
    </p>
   </div>
   <div class='ocr_carea' id='block_1_96' title="bbox 1950 4347 3533 4422">
    <p class='ocr_par' dir='ltr' id='par_1_96' title="bbox 1950 4347 3533 4422">
     <span class='ocr_line' id='line_1_97' title="bbox 1950 4347 3533 4422; baseline -0.002 -17"><span class='ocrx_word' id='word_1_662' title='bbox 1950 4365 2187 4422; x_wconf 89' lang='lat' dir='ltr'><strong>quoque,</strong></span> <span class='ocrx_word' id='word_1_663' title='bbox 2216 4349 2345 4420; x_wconf 89' lang='lat' dir='ltr'><strong>quid</strong></span> <span class='ocrx_word' id='word_1_664' title='bbox 2382 4349 2475 4415; x_wconf 81' lang='lat' dir='ltr'><strong>sit,</strong></span> <span class='ocrx_word' id='word_1_665' title='bbox 2505 4348 2572 4403; x_wconf 90' lang='lat' dir='ltr'><strong>de</strong></span> <span class='ocrx_word' id='word_1_666' title='bbox 2619 4362 2724 4418; x_wconf 88' lang='lat' dir='ltr'><strong>qua</strong></span> <span class='ocrx_word' id='word_1_667' title='bbox 2763 4347 3025 4419; x_wconf 83' lang='lat' dir='ltr'><strong>quaeritur</strong></span> <span class='ocrx_word' id='word_1_668' title='bbox 3046 4387 3061 4412; x_wconf 90' lang='lat'><strong>,</strong></span> <span class='ocrx_word' id='word_1_669' title='bbox 3103 4348 3405 4404; x_wconf 88' lang='lat' dir='ltr'><strong>evidentius</strong></span> <span class='ocrx_word' id='word_1_670' title='bbox 3434 4363 3533 4420; x_wconf 84' lang='lat' dir='ltr'><strong>ap-</strong></span> 
     </span>
    </p>
   </div>
   <div class='ocr_carea' id='block_1_97' title="bbox 1948 4436 3535 4510">
    <p class='ocr_par' dir='ltr' id='par_1_97' title="bbox 1948 4436 3535 4510">
     <span class='ocr_line' id='line_1_98' title="bbox 1948 4436 3535 4510; baseline 0 -17"><span class='ocrx_word' id='word_1_671' title='bbox 1948 4441 2332 4510; x_wconf 86' lang='lat' dir='ltr'><strong>prehendatur.</strong></span> <span class='ocrx_word' id='word_1_672' title='bbox 2370 4437 2551 4503; x_wconf 85' lang='lat' dir='ltr'><strong>Fides,</strong></span> <span class='ocrx_word' id='word_1_673' title='bbox 2596 4436 2772 4508; x_wconf 89' lang='lat' dir='ltr'><strong>inquit</strong></span> <span class='ocrx_word' id='word_1_674' title='bbox 2806 4436 3092 4507; x_wconf 89' lang='lat' dir='ltr'><strong>Apostolus</strong></span> <span class='ocrx_word' id='word_1_675' title='bbox 3133 4438 3187 4493; x_wconf 89' lang='lat' dir='ltr'><strong>in</strong></span> <span class='ocrx_word' id='word_1_676' title='bbox 3237 4453 3346 4509; x_wconf 88' lang='lat' dir='ltr'><strong>quo</strong></span> <span class='ocrx_word' id='word_1_677' title='bbox 3373 4438 3535 4495; x_wconf 85' lang='lat' dir='ltr'><strong>Chri-</strong></span> 
     </span>
    </p>
   </div>
   <div class='ocr_carea' id='block_1_98' title="bbox 1949 4527 3533 4599">
    <p class='ocr_par' dir='ltr' id='par_1_98' title="bbox 1949 4527 3533 4599">
     <span class='ocr_line' id='line_1_99' title="bbox 1949 4527 3533 4599; baseline -0.002 -13"><span class='ocrx_word' id='word_1_678' title='bbox 1949 4539 2068 4586; x_wconf 89' lang='lat' dir='ltr'><strong>stus</strong></span> <span class='ocrx_word' id='word_1_679' title='bbox 2112 4529 2455 4599; x_wconf 87' lang='lat' dir='ltr'><strong>loquebatur,</strong></span> <span class='ocrx_word' id='word_1_680' title='bbox 2481 4528 2862 4599; x_wconf 71' lang='lat' dir='ltr'><strong>sperandcsum</strong></span> <span class='ocrx_word' id='word_1_681' title='bbox 2882 4527 3175 4583; x_wconf 83' lang='lat' dir='ltr'><strong>substantia</strong></span> <span class='ocrx_word' id='word_1_682' title='bbox 3216 4534 3415 4594; x_wconf 82' lang='lat' dir='ltr'><strong>rerum,</strong></span> <span class='ocrx_word' id='word_1_683' title='bbox 3442 4545 3533 4584; x_wconf 83' lang='lat' dir='ltr'><strong>ar-</strong></span> 
     </span>
    </p>
   </div>
   <div class='ocr_carea' id='block_1_99' title="bbox 1948 4618 3533 4694">
    <p class='ocr_par' dir='ltr' id='par_1_99' title="bbox 1948 4618 3533 4694">
     <span class='ocr_line' id='line_1_100' title="bbox 1948 4618 3533 4694; baseline 0.001 -19"><span class='ocrx_word' id='word_1_684' title='bbox 1948 4631 2250 4693; x_wconf 85' lang='lat' dir='ltr'><strong>gumentum</strong></span> <span class='ocrx_word' id='word_1_685' title='bbox 2284 4637 2392 4676; x_wconf 87' lang='lat' dir='ltr'><strong>non</strong></span> <span class='ocrx_word' id='word_1_686' title='bbox 2419 4621 2783 4694; x_wconf 70' lang='lat' dir='ltr'><strong>apparentia»:</strong></span> <span class='ocrx_word' id='word_1_687' title='bbox 2834 4618 3032 4692; x_wconf 73' lang='lat' dir='ltr'><strong>(Hebr.</strong></span> <span class='ocrx_word' id='word_1_688' title='bbox 3063 4634 3142 4686; x_wconf 73' lang='grc' dir='ltr'><strong>ιι,</strong></span> <span class='ocrx_word' id='word_1_689' title='bbox 3172 4620 3258 4694; x_wconf 82' lang='grc' dir='ltr'><strong>ἰ),</strong></span> <span class='ocrx_word' id='word_1_690' title='bbox 3287 4622 3431 4692; x_wconf 87' lang='lat' dir='ltr'><strong>quod</strong></span> <span class='ocrx_word' id='word_1_691' title='bbox 3452 4621 3533 4676; x_wconf 87' lang='lat' dir='ltr'><strong>al-</strong></span> 
     </span>
    </p>
   </div>
   <div class='ocr_carea' id='block_1_100' title="bbox 1947 4712 3527 4787">
    <p class='ocr_par' dir='ltr' id='par_1_100' title="bbox 1947 4712 3527 4787">
     <span class='ocr_line' id='line_1_101' title="bbox 1947 4712 3527 4787; baseline -0.001 -18"><span class='ocrx_word' id='word_1_692' title='bbox 1947 4722 2066 4770; x_wconf 89' lang='lat' dir='ltr'><strong>tera</strong></span> <span class='ocrx_word' id='word_1_693' title='bbox 2094 4712 2488 4787; x_wconf 86' lang='lat' dir='ltr'><strong>interpretatio,</strong></span> <span class='ocrx_word' id='word_1_694' title='bbox 2507 4712 2795 4768; x_wconf 79' lang='lat' dir='ltr'><strong>convinctio</strong></span> <span class='ocrx_word' id='word_1_695' title='bbox 2816 4727 2920 4768; x_wconf 88' lang='lat' dir='ltr'><strong>non</strong></span> <span class='ocrx_word' id='word_1_696' title='bbox 2945 4713 3327 4784; x_wconf 80' lang='lat' dir='ltr'><strong>apparentium,</strong></span> <span class='ocrx_word' id='word_1_697' title='bbox 3341 4713 3527 4769; x_wconf 86' lang='lat' dir='ltr'><strong>habet.</strong></span> 
     </span>
    </p>
   </div>
   <div class='ocr_carea' id='block_1_101' title="bbox 1947 4802 3526 4876">
    <p class='ocr_par' dir='ltr' id='par_1_101' title="bbox 1947 4802 3526 4876">
     <span class='ocr_line' id='line_1_102' title="bbox 1947 4802 3526 4876; baseline -0.002 -14"><span class='ocrx_word' id='word_1_698' title='bbox 1947 4804 2268 4862; x_wconf 88' lang='lat' dir='ltr'><strong>Convinctio</strong></span> <span class='ocrx_word' id='word_1_699' title='bbox 2294 4812 2474 4860; x_wconf 89' lang='lat' dir='ltr'><strong>autem</strong></span> <span class='ocrx_word' id='word_1_700' title='bbox 2502 4818 2609 4860; x_wconf 92' lang='lat' dir='ltr'><strong>non</strong></span> <span class='ocrx_word' id='word_1_701' title='bbox 2626 4805 3001 4876; x_wconf 87' lang='lat' dir='ltr'><strong>apparentium</strong></span> <span class='ocrx_word' id='word_1_702' title='bbox 3017 4804 3140 4873; x_wconf 87' lang='lat' dir='ltr'><strong>jure</strong></span> <span class='ocrx_word' id='word_1_703' title='bbox 3160 4802 3294 4862; x_wconf 78' lang='lat' dir='ltr'><strong>ﬁdes</strong></span> <span class='ocrx_word' id='word_1_704' title='bbox 3308 4804 3526 4867; x_wconf 85' lang='lat' dir='ltr'><strong>dicitur;</strong></span> 
     </span>
    </p>
   </div>
   <div class='ocr_carea' id='block_1_102' title="bbox 1947 4895 3534 4969">
    <p class='ocr_par' dir='ltr' id='par_1_102' title="bbox 1947 4895 3534 4969">
     <span class='ocr_line' id='line_1_103' title="bbox 1947 4895 3534 4969; baseline 0 -18"><span class='ocrx_word' id='word_1_705' title='bbox 1947 4898 2075 4969; x_wconf 86' lang='lat' dir='ltr'><strong>quia</strong></span> <span class='ocrx_word' id='word_1_706' title='bbox 2101 4896 2257 4953; x_wconf 87' lang='lat' dir='ltr'><strong>nobis</strong></span> <span class='ocrx_word' id='word_1_707' title='bbox 2291 4895 2602 4962; x_wconf 82' lang='lat' dir='ltr'><strong>invisibilia,</strong></span> <span class='ocrx_word' id='word_1_708' title='bbox 2640 4904 2698 4952; x_wconf 91' lang='lat' dir='ltr'><strong>et</strong></span> <span class='ocrx_word' id='word_1_709' title='bbox 2734 4904 2959 4961; x_wconf 80' lang='lat' dir='ltr'><strong>aeterna,</strong></span> <span class='ocrx_word' id='word_1_710' title='bbox 2990 4895 3220 4952; x_wconf 84' lang='lat' dir='ltr'><strong>necdum</strong></span> <span class='ocrx_word' id='word_1_711' title='bbox 3250 4895 3415 4966; x_wconf 76' lang='lat' dir='ltr'><strong>igitur</strong></span> <span class='ocrx_word' id='word_1_712' title='bbox 3434 4911 3534 4967; x_wconf 83' lang='lat' dir='ltr'><strong>ap-</strong></span> 
     </span>
    </p>
   </div>
   <div class='ocr_carea' id='block_1_103' title="bbox 1946 4985 3532 5064">
    <p class='ocr_par' dir='ltr' id='par_1_103' title="bbox 1946 4985 3532 5064">
     <span class='ocr_line' id='line_1_104' title="bbox 1946 4985 3532 5064; baseline -0.003 -16"><span class='ocrx_word' id='word_1_713' title='bbox 1946 4992 2192 5064; x_wconf 88' lang='lat' dir='ltr'><strong>parentia</strong></span> <span class='ocrx_word' id='word_1_714' title='bbox 2221 4991 2277 5046; x_wconf 89' lang='lat' dir='ltr'><strong>in</strong></span> <span class='ocrx_word' id='word_1_715' title='bbox 2316 4989 2480 5046; x_wconf 89' lang='lat' dir='ltr'><strong>corde</strong></span> <span class='ocrx_word' id='word_1_716' title='bbox 2510 4988 2806 5055; x_wconf 84' lang='lat' dir='ltr'><strong>convincit,</strong></span> <span class='ocrx_word' id='word_1_717' title='bbox 2831 4997 2890 5045; x_wconf 90' lang='lat' dir='ltr'><strong>et</strong></span> <span class='ocrx_word' id='word_1_718' title='bbox 2920 4988 3133 5058; x_wconf 76' lang='lat' dir='ltr'><strong>religat.</strong></span> <span class='ocrx_word' id='word_1_719' title='bbox 3159 4985 3312 5043; x_wconf 90' lang='lat' dir='ltr'><strong>Unde</strong></span> <span class='ocrx_word' id='word_1_720' title='bbox 3347 4995 3405 5045; x_wconf 89' lang='lat' dir='ltr'><strong>et</strong></span> <span class='ocrx_word' id='word_1_721' title='bbox 3438 5004 3532 5044; x_wconf 77' lang='lat' dir='ltr'><strong>ra-</strong></span> 
     </span>
    </p>
   </div>
   <div class='ocr_carea' id='block_1_104' title="bbox 1948 5080 3533 5155">
    <p class='ocr_par' dir='ltr' id='par_1_104' title="bbox 1948 5080 3533 5155">
     <span class='ocr_line' id='line_1_105' title="bbox 1948 5080 3533 5155; baseline 0 -18"><span class='ocrx_word' id='word_1_722' title='bbox 1948 5082 2081 5154; x_wconf 70' lang='lat' dir='ltr'><strong>ligio,</strong></span> <span class='ocrx_word' id='word_1_723' title='bbox 2126 5081 2455 5137; x_wconf 86' lang='lat' dir='ltr'><strong>nominatur.</strong></span> <span class='ocrx_word' id='word_1_724' title='bbox 2507 5080 2719 5155; x_wconf 77' lang='lat' dir='ltr'><strong>Religio</strong></span> <span class='ocrx_word' id='word_1_725' title='bbox 2778 5089 2982 5145; x_wconf 87' lang='lat' dir='ltr'><strong>autem,</strong></span> <span class='ocrx_word' id='word_1_726' title='bbox 3028 5094 3095 5136; x_wconf 91' lang='lat' dir='ltr'><strong>eo</strong></span> <span class='ocrx_word' id='word_1_727' title='bbox 3141 5081 3284 5151; x_wconf 89' lang='lat' dir='ltr'><strong>quod</strong></span> <span class='ocrx_word' id='word_1_728' title='bbox 3338 5080 3533 5152; x_wconf 83' lang='lat' dir='ltr'><strong>religet</strong></span> 
     </span>
    </p>
   </div>
   <div class='ocr_carea' id='block_1_105' title="bbox 1949 5169 3531 5241">
    <p class='ocr_par' dir='ltr' id='par_1_105' title="bbox 1949 5169 3531 5241">
     <span class='ocr_line' id='line_1_106' title="bbox 1949 5169 3531 5241; baseline -0.003 -11"><span class='ocrx_word' id='word_1_729' title='bbox 1949 5182 2161 5230; x_wconf 90' lang='lat' dir='ltr'><strong>mentes</strong></span> <span class='ocrx_word' id='word_1_730' title='bbox 2203 5181 2419 5229; x_wconf 89' lang='lat' dir='ltr'><strong>nostras</strong></span> <span class='ocrx_word' id='word_1_731' title='bbox 2446 5172 2517 5229; x_wconf 89' lang='lat' dir='ltr'><strong>ad</strong></span> <span class='ocrx_word' id='word_1_732' title='bbox 2545 5170 2734 5237; x_wconf 85' lang='lat' dir='ltr'><strong>Deum,</strong></span> <span class='ocrx_word' id='word_1_733' title='bbox 2769 5171 2913 5227; x_wconf 89' lang='lat' dir='ltr'><strong>dicta</strong></span> <span class='ocrx_word' id='word_1_734' title='bbox 2957 5170 3260 5240; x_wconf 86' lang='lat' dir='ltr'><strong>probatur;</strong></span> <span class='ocrx_word' id='word_1_735' title='bbox 3290 5169 3376 5225; x_wconf 90' lang='lat' dir='ltr'><strong>vel</strong></span> <span class='ocrx_word' id='word_1_736' title='bbox 3402 5172 3531 5241; x_wconf 89' lang='lat' dir='ltr'><strong>quia</strong></span> 
     </span>
    </p>
   </div>
   <div class='ocr_carea' id='block_1_106' title="bbox 1949 5259 3531 5333">
    <p class='ocr_par' dir='ltr' id='par_1_106' title="bbox 1949 5259 3531 5333">
     <span class='ocr_line' id='line_1_107' title="bbox 1949 5259 3531 5333; baseline -0.003 -12"><span class='ocrx_word' id='word_1_737' title='bbox 1949 5264 2262 5330; x_wconf 90' lang='lat' dir='ltr'><strong>invisibilia,</strong></span> <span class='ocrx_word' id='word_1_738' title='bbox 2290 5271 2347 5320; x_wconf 91' lang='lat' dir='ltr'><strong>et</strong></span> <span class='ocrx_word' id='word_1_739' title='bbox 2374 5271 2577 5319; x_wconf 81' lang='lat' dir='ltr'><strong>aeterna</strong></span> <span class='ocrx_word' id='word_1_740' title='bbox 2607 5277 2705 5333; x_wconf 90' lang='lat' dir='ltr'><strong>per</strong></span> <span class='ocrx_word' id='word_1_741' title='bbox 2729 5260 2889 5317; x_wconf 81' lang='lat' dir='ltr'><strong>fidem</strong></span> <span class='ocrx_word' id='word_1_742' title='bbox 2919 5259 3075 5331; x_wconf 90' lang='lat' dir='ltr'><strong>quasi</strong></span> <span class='ocrx_word' id='word_1_743' title='bbox 3100 5260 3437 5325; x_wconf 88' lang='lat' dir='ltr'><strong>thesaurum,</strong></span> <span class='ocrx_word' id='word_1_744' title='bbox 3461 5276 3531 5316; x_wconf 83' lang='lat' dir='ltr'><strong>ne</strong></span> 
     </span>
    </p>
   </div>
   <div class='ocr_carea' id='block_1_107' title="bbox 1949 5349 3533 5426">
    <p class='ocr_par' dir='ltr' id='par_1_107' title="bbox 1949 5349 3533 5426">
     <span class='ocr_line' id='line_1_108' title="bbox 1949 5349 3533 5426; baseline -0.003 -14"><span class='ocrx_word' id='word_1_745' title='bbox 1949 5373 1979 5412; x_wconf 90' lang='lat' dir='ltr'><strong>a</strong></span> <span class='ocrx_word' id='word_1_746' title='bbox 2007 5356 2162 5412; x_wconf 89' lang='lat' dir='ltr'><strong>nobis</strong></span> <span class='ocrx_word' id='word_1_747' title='bbox 2182 5355 2493 5426; x_wconf 88' lang='lat' dir='ltr'><strong>prolabatur</strong></span> <span class='ocrx_word' id='word_1_748' title='bbox 2513 5354 2543 5394; x_wconf 77' lang='grc' dir='ltr'><strong>ι»</strong></span> <span class='ocrx_word' id='word_1_749' title='bbox 2573 5354 2628 5408; x_wconf 88' lang='lat' dir='ltr'><strong>in</strong></span> <span class='ocrx_word' id='word_1_750' title='bbox 2647 5353 2811 5409; x_wconf 90' lang='lat' dir='ltr'><strong>corde</strong></span> <span class='ocrx_word' id='word_1_751' title='bbox 2841 5351 3060 5408; x_wconf 85' lang='lat' dir='ltr'><strong>vinculo</strong></span> <span class='ocrx_word' id='word_1_752' title='bbox 3092 5352 3296 5410; x_wconf 86' lang='lat' dir='ltr'><strong>amoris</strong></span> <span class='ocrx_word' id='word_1_753' title='bbox 3316 5349 3533 5408; x_wconf 88' lang='lat' dir='ltr'><strong>fortiter</strong></span> 
     </span>
    </p>
   </div>
   <div class='ocr_carea' id='block_1_108' title="bbox 1947 5443 3534 5522">
    <p class='ocr_par' dir='ltr' id='par_1_108' title="bbox 1947 5443 3534 5522">
     <span class='ocr_line' id='line_1_109' title="bbox 1947 5443 3534 5522; baseline -0.003 -18"><span class='ocrx_word' id='word_1_754' title='bbox 1947 5449 2098 5522; x_wconf 89' lang='lat' dir='ltr'><strong>ligat.</strong></span> <span class='ocrx_word' id='word_1_755' title='bbox 2128 5446 2232 5516; x_wconf 87' lang='lat' dir='ltr'><strong>Qui</strong></span> <span class='ocrx_word' id='word_1_756' title='bbox 2260 5446 2514 5502; x_wconf 90' lang='lat' dir='ltr'><strong>nimirum</strong></span> <span class='ocrx_word' id='word_1_757' title='bbox 2543 5443 2854 5512; x_wconf 86' lang='lat' dir='ltr'><strong>thesaurus,</strong></span> <span class='ocrx_word' id='word_1_758' title='bbox 2901 5453 2961 5499; x_wconf 90' lang='lat' dir='ltr'><strong>ut</strong></span> <span class='ocrx_word' id='word_1_759' title='bbox 3012 5444 3276 5516; x_wconf 86' lang='lat' dir='ltr'><strong>scriptum</strong></span> <span class='ocrx_word' id='word_1_760' title='bbox 3305 5452 3407 5511; x_wconf 87' lang='lat' dir='ltr'><strong>est,</strong></span> <span class='ocrx_word' id='word_1_761' title='bbox 3452 5459 3534 5499; x_wconf 57' lang='lat' dir='ltr'><strong>re.</strong></span> 
     </span>
    </p>
   </div>
   <div class='ocr_carea' id='block_1_109' title="bbox 2021 5559 2645 5632">
    <p class='ocr_par' dir='ltr' id='par_1_109' title="bbox 2021 5559 2645 5632">
     <span class='ocr_line' id='line_1_110' title="bbox 2021 5559 2645 5632; baseline -0.003 -15"><span class='ocrx_word' id='word_1_762' title='bbox 2021 5564 2051 5605; x_wconf 70' lang='grc' dir='ltr'>δ</span> <span class='ocrx_word' id='word_1_763' title='bbox 2089 5562 2259 5630; x_wconf 85' lang='lat' dir='ltr'><strong>Edit.,</strong></span> <span class='ocrx_word' id='word_1_764' title='bbox 2278 5559 2645 5632; x_wconf 80' lang='lat' dir='ltr'><strong>prolabuntur.</strong></span> 
     </span>
    </p>
   </div>
  </div>
