4148 6344
712 284 756 341 Ἰ
767 289 865 343 ³91

1548 289 1606 344 8.
1648 289 2004 348 PASCHASII
2044 289 2387 346 RADBERTI
2423 292 2712 349 ABBATIS
2751 292 3197 352 CORBEIENSIS

3861 304 3993 362 139!

728 405 944 475 quiescit
973 406 1028 458 in
1054 419 1140 458 ore
1166 403 1414 473 sapientis
1447 401 1628 473 (Prov.
1656 420 1709 470 κ,
1742 405 1851 474 l3).
1883 405 1940 461 In
1965 421 2060 460 ore
2089 406 2305 478 quippe,
2337 413 2385 470 Α
2413 421 2512 461 nec
2550 407 2710 462 debet
2737 408 2931 478 aliquis
2957 407 3212 481 placitum
3237 407 3457 465 fcrderls
3491 411 3810 482 destituere,
3842 419 3995 490 atque

725 495 855 568 quia
878 495 944 552 de
965 495 1127 550 corde
1148 504 1352 549 manat.
1368 493 1539 562 Quem
1565 496 1873 550 thesaurum
1901 497 1954 550 in
1972 496 2187 552 Christo
2211 513 2308 551 no-

2408 511 2466 552 se
2491 499 2682 568 pignus
2709 501 2970 571 conspicit
3011 503 3267 557 retinere.
3300 500 3434 558 Nam
3469 506 3570 560 etsi
3602 506 3744 561 inter
3774 509 3996 568 idoneos

725 584 924 649 vimus,
955 583 1008 637 in
1031 597 1140 652 quo
1169 589 1294 638 sunt
1322 596 1349 625 α
1379 599 1554 637 omnes
1576 583 1808 636 thesauri
1839 585 2129 653 sapientiae,
2155 594 2307 654 atque
2406 589 2712 660 probosque
2769 591 2918 645 viros
2973 607 3189 662 semper
3235 602 3391 662 pacta
3455 607 3769 662 servantur,
3832 600 3995 672 ﬁtque

724 673 954 728 scientia:
980 671 1123 743 (Col.
1153 688 1251 738 xu,
1278 671 1367 744 5).
1397 672 1644 728 Christus
1667 688 1792 728 vero
1820 690 1912 743 per
1934 673 2089 741 [idem
2113 675 2167 728 in
2191 690 2304 728 cor-

721 763 875 816 dibus
922 763 1134 830 nostris,
1184 771 1323 818 teste
1351 762 1608 832 Apostolo
1660 762 1831 834 (Eph.
1869 778 1951 827 ιιι,
1998 763 2120 831 l7),
2171 780 2304 818 con-

719 852 953 918 vinctus,
983 862 1040 909 et
1067 862 1382 922 compactos
1405 853 1690 908 charitatis
1719 852 1833 908 loro
1855 851 1880 888 δ
1910 861 2154 920 tenetur;
2179 869 2303 908 cum

720 957 828 1011 quo
876 942 1056 1008 Pater,
1091 951 1146 998 el.
1178 942 1414 1014 Spiritus
1449 953 1671 1000 sanctus
1714 945 2034 998 mansionem
2065 946 2116 998 in
2157 945 2301 999 nobis
2341 951 2344 956 ’

719 1036 893 1103 {acere
935 1036 1226 1106 dignentur
1261 1047 1284 1076 ο
1316 1035 1508 1108 (Joau.
1557 1053 1668 1101 xw,
1698 1037 1830 1108 25);
1887 1048 1944 1091 ut
1973 1039 2043 1092 sit
2093 1038 2203 1106 jam
2247 1039 2299 1094 in

718 1125 970 1182 cordibus
994 1125 1194 1180 nostris
1237 1127 1381 1182 Deus
1403 1125 1428 1166 ἀ
1460 1126 1701 1182 Trinitas
1731 1129 2032 1181 substantia
2074 1129 2300 1183 necdum

716 1217 1111 1288 apparentium.
1141 1218 1279 1274 Ecce
1305 1217 1434 1288 quid
1462 1218 1533 1272 sit
1568 1218 1719 1284 ﬁdes,
1747 1219 2062 1283 substantia,
2103 1219 2296 1289 inquit,

715 1307 1114 1376 speraudorum,
1158 1320 1522 1380 argumentum
1568 1325 1673 1362 non
1712 1310 2095 1377 apparentium.
2131 1309 2298 1365 Porro

710 1397 1100 1466 sperandorum
1132 1399 1432 1454 substantia
1463 1399 1647 1464 Pater,
1675 1408 1727 1453 et
1756 1399 1946 1464 Filius,
1977 1409 2031 1453 et
2064 1399 2298 1469 Spiritus

713 1495 933 1542 sanctus
961 1495 1067 1551 est,
1102 1497 1246 1544 totus
1296 1487 1457 1554 Deus,
1489 1489 1700 1557 integer
1740 1491 1902 1554 Deus,
1945 1505 2084 1545 unus
2136 1490 2293 1554 Deus,

712 1578 852 1633 sicut
885 1577 1151 1649 PrOpbcta
1193 1580 1370 1634 canit:
1407 1579 1537 1650 Spes
1567 1595 1682 1633 mea
1708 1578 1960 1632 Dominus
1988 1577 2172 1650 (Psal.
2205 1594 2292 1646 ιν,

708 1669 800 1739 5).
829 1667 1099 1742 Quidquid
1125 1671 1268 1725 enim
1297 1669 1425 1724 illud
1451 1680 1552 1734 cst,
1575 1671 1718 1741 quod
1747 1671 1888 1726 Deus
1919 1681 2022 1735 est,
2068 1671 2169 1726 hoc
2211 1681 2294 1726 to-

2405 680 2618 734 violatze
2663 679 2786 736 ﬁdei
2824 697 2950 738 reus
2979 682 3071 752 qui
3117 691 3212 736 aut
3237 683 3492 753 placitum
3543 687 3872 754 dissolverit,
3905 701 3998 746 aut

2402 776 2620 837 pactum
2661 768 2939 840 irruperit,
2993 769 3075 826 vel
3101 772 3303 826 sociale
3347 777 3736 831 commercium
3789 780 3994 850 perﬁda

2402 856 2694 912 calliditate
2735 860 3059 926 mutaverit;
3091 872 3298 930 quanto
3335 864 3504 934 magis
3529 865 3854 922 inconcusse
3883 884 3997 924 ser-

2402 951 2662 1015 vandum,
2693 951 2836 1020 quod
2879 967 3000 1007 cum
3030 953 3140 1008 Deo
3192 955 3554 1020 contrahitur,
3602 972 3726 1012 cum
3774 959 3997 1016 Christo

2401 1041 2592 1106 initur,
2621 1057 2689 1096 ne
2713 1057 2840 1098 reus
2877 1045 3094 1099 aeternis
3129 1044 3338 1115 legibus
3361 1049 3628 1105 obnoxius
3670 1053 3993 1106 censeatur!

2401 1132 2554 1189 Unde
2590 1135 3062 1191 irretractabiliter
3091 1137 3510 1200 observandum,
3561 1143 3830 1213 quidquid
3872 1161 3995 1201 cum

2400 1225 2508 1280 Deo
2556 1226 2608 1280 in
2649 1243 2744 1297 spe
2804 1228 3107 1283 caelestium
3186 1230 3572 1298 promissorum
3646 1235 3994 1304 copulatur;

2398 1314 2546 1382 quia,
2575 1316 2678 1370 etsi
2728 1315 2973 1372 homines
3017 1318 3070 1372 in
3124 1317 3353 1373 invicem
3397 1318 3412 1369 ἱ
3455 1337 3846 1392 nonnunquam
3903 1337 3998 1381 aut

2398 1401 2606 1464 fallunt,
2660 1415 2754 1459 aut
2807 1405 3090 1471 falluntur,
3144 1408 3283 1463 Deus
3326 1409 3394 1463 ab
3441 1409 3662 1466 homine
3719 1412 3836 1466 falli
3901 1428 3996 1470 ne-

2396 1509 2664 1564 quaquam
2693 1505 2889 1567 potest.
2918 1497 3210 1568 Propterea
3244 1500 3442 1571 exigitt
3470 1503 3595 1571 quid
3624 1504 3993 1573 promiseris;

2395 1587 2648 1654 quoniam
2677 1598 3052 1643 remunerator
3091 1598 3174 1645 est
3200 1604 3389 1644 eorum
3440 1607 3562 1660 qua:
3595 1593 3990 1663 compleveris.

2395 1674 2530 1729 Hinc
2554 1691 2768 1746 quoque
2797 1677 3019 1747 angelus
3050 1679 3103 1732 in
3128 1677 3454 1750 Apocalypsi
3499 1681 3577 1734 ait
3610 1698 3626 1734 :
3663 1680 3800 1736 Esto
3819 1683 3995 1750 ﬁdelis

708 1772 820 1816 tum
843 1771 989 1818 recte
1021 1763 1306 1818 credentes
1332 1772 1553 1833 sperant
1582 1779 1596 1828 ;
1635 1763 1758 1833 quia
1787 1779 1852 1817 ex
1882 1763 1990 1827 illo,
2015 1773 2068 1818 et
2099 1765 2164 1818 de
2206 1764 2295 1819 illo
2328 1762 2368 1819 Β
2399 1781 2558 1834 usque
2607 1765 2675 1817 ad
2723 1777 2961 1818 mortem.
2999 1763 3258 1830 Vincenti,
3308 1768 3503 1837 inquit,
3535 1769 3671 1823 dabo
3730 1771 3891 1825 edere
3931 1773 3998 1826 ds

703 1853 861 1924 plena
915 1855 1297 1910 immortalitas
1344 1865 1711 1927 exspectatur,
1785 1856 1940 1925 plena
1997 1857 2292 1922 beatitudo,

702 1945 860 2016 plena
896 1957 952 2004 et
980 1948 1395 2005 interminabilis
1423 1951 1722 2014 :eteruitas,
1754 1961 1914 2020 atque
1937 1952 2296 2007 immarccssi-

701 2036 828 2092 bilis
851 2038 981 2093 vita.
998 2038 1150 2094 lllum
1179 2040 1363 2110 itaque
1386 2050 1626 2110 sperant,
1647 2057 1772 2111 quia
1801 2057 1921 2096 cum
1939 2041 2294 2114 jurejurando

701 2127 972 2198 pollicitus
999 2140 1083 2186 est
1112 2132 1240 2186 olim
1281 2134 1528 2201 patribus
1558 2133 1807 2187 daturum
1854 2150 1912 2190 se
1959 2135 2152 2201 nobis;
2200 2136 2292 2206 qui

626 2239 638 2248 ·
700 2220 866 2277 etiam
917 2221 1112 2278 fecisse
1157 2226 1452 2294 gaudentes
1487 2235 1510 2263 ο
1554 2225 1848 2289 credimus,
1901 2236 1954 2280 et
2009 2226 2294 2282 credentes

623 2377 628 2382 ν
698 2328 1028 2384 speramus;
1083 2325 1368 2384 sperantes
1413 2329 1544 2369 vero
1598 2315 1871 2386 patienter
1938 2317 2288 2383 sustinemus,

699 2405 872 2462 donec
898 2414 1020 2477 post
1050 2404 1317 2461 modicum
1366 2404 1527 2475 (quia
1579 2404 1756 2459 adhuc
1805 2407 2040 2461 secundo
2089 2408 2288 2472 veniet,

692 2506 754 2553 et
784 2514 891 2553 non
921 2497 1174 2568 tardabit)
1205 2496 1479 2567 plenitudo
1506 2497 1812 2568 adoptionis
1842 2498 2290 2569 recipiatur,qute

684 2587 801 2656 jam
834 2589 888 2642 in
919 2603 1014 2659 spe
1042 2602 1136 2658 per
1162 2587 1319 2641 ﬁdem
1349 2586 1402 2640 in
1427 2586 1582 2642 nobis
1613 2586 1818 2641 indulta
1852 2597 2085 2643 tenetur.
2109 2588 2285 2652 Dedit,

695 2678 874 2749 inquit
897 2678 1249 2746 evangelista,
1291 2686 1597 2746 potestatem
1637 2679 1710 2731 eis
1740 2678 1877 2746 ﬁlios
1907 2678 2004 2732 Dei
2029 2679 2166 2746 ﬁeri,
2197 2681 2286 2750 qui

695 2783 801 2822 non
841 2783 908 2822 ea:
949 2765 1312 2834 sanguinibus,
1345 2781 1508 2836 neque
1551 2782 1614 2819 ea:
1644 2766 1908 2820 voluntate
1957 2769 2154 2832 carnis,
2195 2768 2287 2822 sed

693 2876 759 2913 ex
785 2859 895 2913 Deo
929 2859 1039 2911 nati
1077 2867 1199 2912 sunt
1255 2857 1447 2928 (Joau.
1478 2873 1519 2922 ι,
1549 2857 1673 2927 12).
1719 2857 1800 2911 Ex
1845 2858 1955 2912 Deo
1982 2859 2164 2930 itaque
2197 2874 2284 2913 re-

696 2957 1010 3010 nascuntur,
1045 2949 1137 3019 qui
1175 2949 1280 3003 ﬁde
1301 2948 1460 3017 plena
1482 2965 1547 3004 ex
1580 2963 1718 3018 aqua
1766 2957 1820 3004 et
1853 2948 2054 3018 Spiritu
2099 2957 2286 3004 sancto

694 3044 762 3098 ad
813 3043 1136 3097 immortalia
1180 3053 1525 3104 renovantur.
1562 3041 1707 3106 llaec,
1752 3042 2102 3111 inquam,est
2129 3043 2282 3109 ﬁdes,

2396 1852 2535 1923 ligno
2558 1855 2672 1908 vita:
2698 1855 2891 1924 (Apoc.
2921 1870 2982 1915 ιι.
3014 1855 3113 1923 10)
3141 1871 3155 1920 ;
3186 1857 3435 1926 quoniam
3463 1859 3573 1912 huic
3619 1871 3695 1914 est
3746 1861 3993 1926 victoria,

2393 1959 2511 2012 qua:
2557 1944 2710 1996 vincit
2743 1945 3018 2007 mundum,
3073 1946 3202 2013 ﬁdes
3256 1958 3436 2000 nostra
3484 1947 3549 2018 (Ι
3578 1949 3750 2004 Joan.
3790 1968 3850 2014 ν.
3897 1953 3991 2024 4).

2394 2033 2554 2088 Fides
2600 2035 2804 2104 utique,
2836 2051 2958 2104 qum
2985 2053 3077 2106 per
3099 2037 3429 2092 dilectionem
3456 2051 3710 2109 operatur
3754 2041 3906 2114 (Gal.
3931 2060 3987 2108 ν,

2394 2123 2485 2193 6),
2522 2133 2734 2190 etnon,
2779 2141 2896 2194 qum
2926 2128 3036 2179 siue
3066 2128 3305 2196 operibus
3349 2140 3555 2183 mortua
3590 2129 3753 2202 (Jac.
3789 2149 3852 2200 ιι,
3889 2134 3987 2202 20)

2385 2214 2532 2284 jacet
2567 2216 2618 2270 in
2663 2219 2969 2286 semetipsa,
3010 2233 3116 2286 qua
3153 2218 3425 2274 daemones
3458 2221 3688 2276 credunt
3742 2235 3803 2280 et
3855 2239 3988 2280 con-

2395 2305 2737 2360 tremiscunt.
2808 2349 2812 2352 .

2459 2397 2512 2452 5.
2553 2397 2748 2453 Verum
2782 2399 2962 2470 igitur,
2995 2401 3118 2470 quia
3151 2401 3444 2458 infidelitas
3476 2418 3575 2460 nos
3602 2422 3632 2460 a
3681 2407 3838 2479 ligno
3865 2410 3989 2463 vita

2387 2491 2616 2561 expulit,
2671 2506 2894 2546 necesse
2925 2502 3008 2547 est
3032 2503 3090 2546 ut
3119 2493 3347 2548 ﬁdelitas
3377 2506 3613 2550 revocet.
3648 2497 3870 2553 Dictum
3907 2516 3995 2555 es;

2389 2599 2518 2653 ergo
2550 2583 2752 2637 homini
2813 2585 2864 2638 in
2920 2585 3210 2654 paradiso:
3248 2585 3422 2650 Quare
3449 2588 3585 2640 dixit
3627 2590 3772 2645 vobis
3820 2591 3988 2659 Deus,

2387 2691 2450 2728 ue
2497 2673 2823 2727 comederitis
2858 2675 2922 2728 de
2961 2675 3101 2744 ligno
3149 2675 3523 2744 dignosceutire
3569 2678 3692 2731 boni
3746 2681 3990 2735 malive?

2386 2772 2503 2834 scit,
2540 2769 2732 2839 inquit,
2758 2769 2900 2824 Deus
2929 2769 3089 2841 quod,
3123 2770 3176 2822 iu
3223 2786 3531 2840 quacunque
3573 2771 3658 2825 die
3697 2789 3766 2826 ex
3803 2791 3866 2827 eo
3893 2791 3990 2828 co-

2385 2861 2672 2925 mederitis,
2699 2859 2843 2913 eritis
2870 2861 3004 2913 sicut
3039 2860 3114 2913 dii
3142 2857 3304 2930 (Ceu.
3344 2876 3425 2924 ιιι,
3462 2862 3626 2940 1'5).
3659 2863 3794 2930 Quae
3820 2864 3992 2920 nimi-

2384 2967 2503 3005 rum
2536 2950 2692 3014 ﬁdes,
2716 2950 2824 3003 imo
2853 2949 3142 3004 inlidelitas
3163 2965 3230 3004 ex
3264 2952 3485 3016 mundo,
3515 2962 3570 3006 et
3590 2952 3811 3009 diabolo
3840 2952 3984 3009 fuit:

2384 3040 2585 3095 idcirco
2607 3040 2742 3094 satis
2765 3049 2976 3110 oportet
2996 3055 3061 3094 ex
3093 3042 3204 3096 Deo
3224 3042 3296 3096 sit
3323 3041 3475 3108 ﬁdes,
3496 3053 3550 3098 et
3582 3045 3635 3098 iu
3660 3045 3857 3112 Deum,
3883 3061 3989 3117 per

692 3133 854 3202 plena
880 3132 1013 3198 Deo,
1061 3133 1214 3203 plena
1263 3133 1478 3188 deitatis
1514 3133 1837 3197 substantia,
1878 3147 1984 3202 qua
2037 3133 2276 3188 renasci-
2307 3122 2353 3186 C
2385 3148 2544 3204 quam
2578 3133 2688 3186 itur
2712 3133 2779 3187 ad
2810 3132 2998 3196 Deum,
3031 3144 3089 3186 ut
3112 3149 3219 3187 non
3249 3149 3312 3188 ex
3347 3149 3490 3201 sese,
3533 3146 3628 3190 aut
3665 3153 3736 3193 ex
3762 3141 3985 3207 mundi,

692 3237 855 3286 mur;
887 3223 1110 3278 credere
1162 3222 1399 3287 Patrem,
1434 3237 1500 3277 ac
1546 3221 1762 3286 Filium,
1817 3231 1978 3292 atque
2014 3221 2276 3293 Spiritum

692 3328 959 3379 sanctum,
987 3331 1151 3370 unum
1175 3315 1369 3380 Deum,
1394 3330 1603 3380 verum,
1627 3324 2058 3384 permanentem,
2080 3315 2280 3370 incom-

690 3409 1026 3475 mutabilem,
1048 3409 1457 3479 sempiternum.
1492 3408 1637 3474 llaec,
1669 3410 1908 3478 inquam,
1943 3418 2024 3464 est
2053 3425 2276 3480 speran-

690 3501 885 3557 dorum
941 3499 1268 3562 substantia,
1319 3506 1376 3555 et
1428 3500 1542 3555 hazc
1594 3500 1679 3554 via
1732 3499 2007 3563 credendi,
2069 3499 2276 3570 repleta

688 3591 840 3648 omni
882 3591 1132 3646 veritate.
1165 3589 1284 3658 Qua
1336 3589 1356 3630 ί
1386 3590 1631 3662 profecto
1669 3589 1774 3646 ﬁde
1823 3590 2092 3645 interdum
2134 3599 2277 3644 totus

686 3683 832 3740 Deus
854 3684 1113 3749 creditur,
1146 3692 1379 3749 tenetur,
1401 3691 1633 3748 amatur,
1657 3691 1820 3752 atque
1842 3682 2062 3748 colitur;
2089 3682 2140 3736 in
2169 3696 2275 3752 qua

687 3775 824 3831 nihil
855 3790 1105 3840 vacuum,
1133 3774 1267 3830 nihil
1311 3774 1558 3840 dubium,
1600 3775 1839 3845 nihilque
1869 3774 2272 3840 adumbratam,

684 3869 782 3925 sed
804 3867 1057 3931 solidum,
1083 3869 1376 3939 integrum,
1405 3877 1568 3938 atque
1597 3882 1806 3922 verum.

756 3961 812 4016 2.
856 3962 981 4016 litae
1021 3961 1210 4031 igitur,
1243 3969 1302 4015 ut
1329 3959 1549 4031 quidam
1596 3958 1884 4026 diﬁiuiunt,
1911 3960 2064 4031 origo
2106 3957 2270 4028 justl-

684 4054 777 4109 tia:
807 4063 915 4118 est,
960 4053 1270 4108 sanctitatis
1317 4059 1513 4125 caput,
1560 4050 1867 4106 devotionis
1916 4051 2265 4123 principium,

682 4144 964 4216 religionis
1019 4144 1207 4213 utique
1262 4143 1710 4207 fundamentum;
1775 4142 1891 4196 sine
1938 4157 2045 4212 qua
2107 4157 2269 4198 nemo

684 4236 853 4290 Deum
901 4233 1220 4302 promeruit,
1271 4231 1448 4288 nullus
1475 4233 1614 4287 viam
1654 4233 1969 4288 sanctitatis
2013 4232 2263 4303 arripuit.

681 4328 780 4384 Est
817 4327 964 4382 enim
1008 4327 1287 4390 innocens,
1311 4334 1366 4380 et
1393 4340 1526 4395 pura
1557 4323 1871 4388 credulitas,
1900 4339 2005 4394 qua
2046 4325 2154 4378 itur
2194 4323 2263 4378 ad

680 4419 876 4485 Deum,
911 4433 1009 4489 per
1046 4433 1210 4490 quam
1249 4417 1535 4489 praeceptis
1566 4417 1595 4458 ⁸
1633 4416 1952 4481 insistimus,
1997 4426 2053 4471 et
2092 4417 2259 4471 Deum

2378 3222 2464 3279 vel
2509 3239 2576 3278 ex
2606 3223 2891 3278 mendacio
2925 3223 3120 3277 diaboli
3149 3240 3163 3288 ;
3211 3225 3306 3279 sed
3337 3234 3445 3280 tota
3472 3229 3706 3296 pendeat
3736 3245 3809 3284 ex
3844 3230 3986 3298 Deo,

2378 3324 2432 3370 et
2461 3323 2675 3369 maneat
2706 3314 2760 3368 in
2791 3305 2978 3368 Deum.
3015 3313 3287 3384 Alioquin,
3313 3317 3571 3384 quomodo
3599 3318 3836 3375 vincere
3879 3337 3983 3393 po-

2379 3418 2485 3464 test
2511 3409 2792 3475 muudum,
2837 3408 2881 3463 si
2909 3407 3226 3473 oblectetur,
3259 3416 3315 3462 et
3344 3409 3514 3463 faveat
3539 3409 3625 3464 his
3664 3427 3798 3481 quae
3854 3421 3984 3469 sunt
4015 3401 4020 3405 ’

2377 3499 2430 3552 in
2453 3500 2696 3553 mundo?
2722 3498 2951 3569 Propter
2968 3499 3132 3568 quod,
3159 3508 3218 3552 ut
3255 3500 3707 3571 inexsuperabilis
3740 3513 3857 3558 tota
3879 3504 3977 3568 sit.

2375 3598 2433 3643 ut.
2461 3590 2595 3655 dixi,
2639 3591 2691 3644 iu
2727 3589 2918 3652 Deum,
2945 3598 3001 3643 et
3046 3604 3114 3642 ex
3145 3588 3275 3654 Deo,
3327 3592 3459 3646 nihil
3487 3595 3843 3649 consentiens
3891 3595 3979 3650 fa-

2375 3671 2623 3735 ventibus
2666 3681 2946 3735 oculorum
3001 3681 3476 3749 concupiscentiis,
3511 3692 3567 3737 et
3621 3684 3975 3741 inimicorum

2375 3771 2622 3852 fallaciis,
2647 3771 2702 3825 in
2737 3771 2933 3840 quibus
2961 3771 3084 3825 vita:
3119 3772 3373 3840 superbia
3422 3774 3808 3840 ministratur;
3860 3777 3980 3832 imo

2372 3863 2655 3934 praeceptis
2675 3863 2768 3920 Dei
2792 3863 3030 3928 obediat,
3048 3863 3331 3943 promissis
3355 3865 3640 3930 inluereat,
3669 3867 3832 3921 dictis
3855 3883 3978 3922 cre-

2369 3958 2482 4023 dat,
2513 3971 2580 4013 ει
2629 3974 2795 4014 carne
2843 3968 2898 4013 et
2941 3957 3009 4011 de
3057 3956 3260 4011 mundo
3317 3957 3450 4011 nihil
3501 3967 3812 4026 przesumat.
3849 3958 3978 4023 Qua

2369 4064 2520 4114 sane,
2564 4049 2609 4104 si
2634 4049 2756 4119 quis
2782 4049 3048 4114 nascitur,
3078 4049 3203 4114 ﬁde,
3235 4055 3395 4101 natus
3422 4061 3488 4100 ex
3537 4044 3645 4099 Deo
3677 4045 3703 4084 ¹ι
3736 4054 3977 4113 parente

2367 4141 2535 4211 ipsius
2578 4140 2701 4210 jure
2724 4140 2962 4205 dicitur;
3013 4143 3137 4210 quia
3168 4139 3290 4194 talis
3321 4153 3388 4193 ac
3440 4146 3587 4191 tanta
3636 4137 3795 4200 ﬁdes,
3825 4147 3974 4191 teste

2367 4230 2630 4300 apostolo,
2663 4230 3053 4299 sperandorum
3103 4228 3410 4284 substantia
3448 4227 3712 4281 divinitus
3763 4228 3974 4296 praedi-

2362 4333 2536 4379 catur.
2568 4323 2625 4377 ln
2658 4338 2762 4393 qua
2812 4323 3064 4378 nimirum
3096 4321 3230 4376 nihil
3260 4320 3362 4374 nisi
3393 4319 3779 4389 contemplatio
3807 4320 3970 4373 deest

2362 4414 2606 4481 deitatis;
2631 4412 2878 4485 quoniam
2909 4412 3192 4467 videbimus
3217 4428 3335 4465 eum
3363 4411 3519 4464 sicuti
3549 4419 3623 4463 est
3651 4409 3838 4478 (Joan.
3873 4425 3962 4472 ut,

675 4509 800 4579 jure
822 4475 952 4564 cum
972 4475 1175 4578 pieiate
1203 4475 1566 4571 veneramur;
1599 4522 1719 4576 quae
1748 4507 2006 4562 nimirum
2023 4506 2262 4562 excludit
2288 4475 2338 4534 θ
2363 4505 2429 4574 2)
2474 4521 2489 4559 :
2521 4505 2789 4560 interdum
2835 4512 3013 4558 autem
3055 4512 3265 4557 tantum
3321 4502 3597 4557 credimus
3644 4501 3775 4569 quia
3825 4511 3910 4555 est
3940 4517 3959 4564 ;

680 4598 866 4664 dubia,
920 4598 1150 4652 firmath
1195 4597 1250 4652 in
1300 4597 1481 4650 animo
1528 4595 1826 4650 certissima
1869 4596 2257 4666 promissorum

680 4691 795 4746 Dei.
825 4689 963 4744 Ilinc
981 4697 1036 4745 et
1060 4691 1212 4760 signa
1239 4688 1498 4754 ostendit,
1532 4687 1756 4742 virtutes
1778 4695 2018 4752 exercet,
2055 4697 2109 4742 et
2130 4688 2258 4742 cha-

679 4787 902 4841 rismata
928 4793 1392 4840 sacramentorum
1413 4783 1664 4852 complet.
1681 4782 1851 4839 Tenet
1875 4785 2039 4855 igitur
2062 4785 2250 4850 Deum,

673 4887 735 4932 et
764 4887 976 4934 tenetur
1000 4894 1030 4932 a
1074 4878 1204 4932 Deo.
1237 4876 1392 4931 Aliud
1425 4877 1691 4945 siquidem
1731 4893 1760 4930 a
1797 4877 1902 4931 Deo
1929 4877 2031 4931 lide
2071 4879 2248 4945 perci-

677 4971 874 5038 pimus,
916 4969 1061 5024 aliud
1091 4985 1165 5023 ex
1191 4968 1294 5022 ﬁde
1335 4968 1594 5021 debemus
1627 4985 1640 5032 ;
1673 4983 1789 5038 qum
1837 4969 2090 5022 nimirum
2119 4967 2252 5023 ﬁdes

677 5066 894 5130 pactum
914 5069 1018 5125 est,
1042 5060 1126 5113 vel
1151 5058 1325 5114 fmdus
1353 5059 1496 5113 inter
1513 5057 1683 5112 Deum
1709 5067 1764 5126 et
1790 5058 2055 5113 homines.
2100 5056 2250 5114 Unde

745 5225 773 5253 ι
813 5213 978 5277 Edit.,
1009 5213 1064 5265 in
1083 5228 1184 5282 quo
1215 5210 1430 5264 scilicet.

742 5283 778 5322 ’δ
808 5283 978 5348 Edit.,
1008 5285 1176 5336 thoro.

748 5363 771 5392 ο
812 5351 978 5416 Edit.,
1004 5354 1269 5421 dignatur.

745 5422 772 5460 ἀ
809 5423 976 5488 Edit.,
1014 5418 1119 5477 SS.
1152 5421 1402 5486 Trinitas,
1435 5418 1638 5491 omissa
1677 5433 1808 5476 voce
1830 5419 1993 5489 Deus,
2024 5434 2146 5491 quae
2170 5427 2252 5476 ta-

674 5507 798 5548 men
827 5495 1027 5562 optime
1053 5492 1301 5562 quadrat.

751 5576 774 5602 ο
808 5565 978 5627 Edit.,
1000 5575 1282 5633 sperantes.
1529 5599 1539 5608 .

751 5633 771 5672 ί
813 5635 977 5698 Edit.,
1002 5634 1155 5705 quia;
1181 5633 1336 5705 longe
1358 5633 1548 5688 melius
1572 5651 1694 5705 qua.

747 5707 774 5745 ⁸
809 5705 863 5763 in
885 5705 1015 5758 edit.
1042 5701 1416 5762 desiderantur
1448 5706 1558 5760 lucc
1583 5701 1745 5760 verba
1775 5720 1788 5757 :
1822 5702 1921 5757 I’er
1939 5718 2093 5774 quam
2125 5718 2254 5771 prc-

2363 4597 2464 4652 etsi
2518 4598 2748 4652 necdum
2798 4594 3253 4665 apprebeudimus
3288 4592 3418 4664 quid
3463 4600 3568 4654 est,
3617 4591 3793 4644 donec
3821 4604 3959 4643 eva-

2362 4697 2555 4742 cuetur
2601 4686 2745 4756 quod
2793 4701 2861 4739 ex
2891 4693 3045 4754 parte
3072 4693 3193 4748 est;
3223 4699 3345 4738 cum
3386 4692 3568 4736 autem
3623 4689 3956 4735 evacuatum

2357 4778 2524 4831 fuerit
2555 4775 2598 4840 ι,
2635 4775 2940 4830 invenietur
2982 4783 3150 4828 totum
3179 4773 3320 4842 quod
3354 4774 3404 4827 in
3439 4772 3540 4825 ﬁde
3573 4779 3679 4824 est.
3710 4770 3777 4823 Et
3827 4771 3958 4824 ideo

2360 4869 2492 4923 ﬁdes
2521 4877 2701 4922 nostra
2723 4867 2847 4936 jure
2875 4867 2988 4936 ipsa
3023 4865 3321 4919 substantia
3370 4863 3591 4917 deitatis
3619 4862 3957 4931 appellatur,

2356 4976 2476 5030 quae
2517 4967 2601 5012 est
2647 4957 3035 5027 sperandorum
3080 4956 3329 5018 facultas,
3363 4954 3407 5008 si
3440 4954 3580 5007 forte
3621 4953 3755 5006 nihil
3806 4954 3960 5009 intra

2356 5065 2415 5104 se
2445 5049 2510 5103 de
2534 5048 2624 5101 illo
2654 5047 2906 5111 tenuerit,
2940 5047 3041 5099 nisi
3064 5046 3208 5115 quod
3251 5045 3361 5114 ipse
3387 5053 3487 5098 est.
3517 5043 3776 5113 Alioquin
3810 5044 3959 5099 falsa

2356 5207 2514 5274 ceptis
2556 5205 2867 5260 insistimus.
2889 5213 2938 5256 et
2984 5201 3153 5256 Deum
3182 5215 3309 5271 pure
3349 5215 3466 5252 cum
3494 5199 3690 5268 pietate
3728 5216 3963 5254 tenera-

2354 5293 2493 5329 mur.

2430 5346 2455 5383 ιι
2497 5344 2817 5413 Edit.,parit
2840 5344 2893 5396 in
2929 5343 3126 5396 animo.

2434 5417 2447 5455 ί
2495 5416 2662 5479 Edit.,
2690 5415 2923 5468 invicem.

2431 5484 2444 5536 l
2495 5485 2661 5552 Edit.,
2691 5485 2936 5553 exigitur,
2966 5482 3059 5538 sed
3090 5482 3281 5538 melius
3312 5483 3470 5551 exigit
3526 5481 3738 5538 scilicet
3785 5480 3952 5535 Deus.

2431 5557 2454 5597 ι
2501 5557 2665 5622 Edit.,
2697 5567 2854 5610 natus
2881 5570 2944 5608 ea;
2971 5554 3082 5608 Deo
3110 5554 3271 5608 Patre
3299 5554 3511 5616 dicitur,
3545 5556 3754 5609 omissa
3783 5554 3953 5620 ipsi”

2347 5628 2491 5698 jure.

2438 5697 2462 5776 ι,
2500 5697 2666 5763 Edit.,
2693 5697 2789 5766 fuit
2822 5711 2927 5750 non
2958 5697 3028 5749 ita
3057 5695 3216 5749 bene.
