4148 6344
229 330 372 389 1395

1154 327 1248 384 ΒΕ
1285 327 1462 384 FIDE.
1504 327 1633 385 SPE
1675 327 1760 382 ET
1798 325 2218 385 CHARITATE.
2259 362 2329 374 -—-
2363 331 2492 388 ιω.
2532 333 2573 386 ι.

3347 333 3489 394 ηπ

227 444 367 500 ﬁdes
401 441 592 508 falsam
623 438 904 510 praetendit
933 452 1078 508 spem
1110 457 1122 492 :
1156 440 1354 495 idcirco
1395 455 1499 493 non
1528 440 1676 502 fides,
1711 438 1803 493 sed
1832 442 1876 498 Α
1906 450 2282 513 argumentum
2309 445 2667 517 investigandi
2696 453 2939 510 tenetur;
2969 447 3176 517 species
3198 463 3344 513 vero,
3367 466 3507 522 quss-

228 549 389 592 error
415 533 616 605 potius,
647 531 789 586 sicut
837 546 935 586 nec
977 545 1122 599 spes,
1171 531 1264 585 sed
1310 530 1517 585 delusio
1559 538 1705 584 recte
1732 529 1812 584 di-

229 627 397 684 citur.
422 625 576 684 Unde
618 623 685 680 de
734 625 833 678 hac
885 623 1190 678 substantia
1228 622 1361 676 nihil
1411 623 1630 690 ﬁngere,
1680 621 1812 676 nihil

231 719 460 784 sentire,
491 715 732 785 nihilque
756 729 1085 784 praesumere
1115 714 1393 778 debemus,
1439 713 1542 768 nisi
1580 714 1702 783 quia
1730 721 1814 766 cst

232 817 568 880 «quantum
598 809 665 863 de
689 822 748 863 se
774 807 978 871 docuit,
1009 807 1101 875 qui
1148 821 1208 860 se
1252 805 1424 874 ipsum
1480 807 1816 860 abundanter

238 901 414 956 novit.
447 898 735 962 Cancrum,
762 898 807 952 si
847 897 1096 954 sensibus
1135 897 1336 952 nostris
1379 895 1701 965 subjaceret,
1733 897 1815 950 in-

233 993 408 1049 ferior
427 992 599 1046 nostri
620 1004 646 1031 ι
671 999 813 1046 esset
837 1006 852 1055 ;
900 990 995 1045 sed
1017 989 1142 1058 quia
1165 989 1477 1059 praaeminet
1502 987 1550 1052 ι),
1579 997 1632 1042 et
1657 1003 1813 1040 exsu-

231 1092 394 1153 perat
417 1097 634 1136 omnem
662 1095 902 1145 sensum,
945 1079 1166 1134 credere
1205 1088 1417 1149 oportet
1453 1079 1575 1148 quia
1598 1088 1682 1132 est
1710 1079 1811 1132 Pa-

234 1185 344 1239 ter,
367 1183 420 1228 et
447 1173 635 1236 Filius,
663 1179 716 1227 et
754 1171 988 1240 Spiritus
1032 1178 1269 1232 sanctus,
1301 1185 1439 1222 unus
1485 1169 1648 1232 Deus,
1703 1183 1818 1221 nia-

234 1279 394 1335 gnus,
416 1273 470 1317 et
491 1263 786 1316 immensus
810 1261 970 1324 Deus,
998 1275 1104 1314 non
1126 1259 1352 1322 habens,
1379 1259 1512 1313 sicut
1557 1258 1813 1328 scriptum

234 1364 341 1417 est,
385 1353 936 1416 consummationem;
979 1364 1192 1420 semper
1235 1349 1434 1417 ubique
1491 1358 1656 1414 totus,
1709 1365 1814 1403 non

237 1460 458 1501 accessu
485 1444 725 1513 quidem,
754 1450 848 1496 aut
872 1456 1108 1506 recessu,
1156 1442 1279 1510 quia
1326 1439 1549 1494 illocalis
1579 1451 1681 1502 est,
1727 1455 1816 1494 us-

234 1543 400 1604 qua’m
430 1533 720 1604 attingens.
762 1530 868 1586 Sed
898 1539 1040 1585 totus
1083 1531 1133 1584 in
1183 1530 1344 1584 Patre
1373 1530 1557 1595 Filius,
1593 1539 1647 1584 et
1677 1538 1815 1584 totus

235 1625 293 1679 in
316 1622 493 1679 Verbo
537 1621 716 1687 Pater,
758 1629 1010 1690 totusque
1043 1619 1276 1688 Spiritus
1320 1630 1540 1675 sanctus
1581 1621 1632 1674 in
1658 1619 1816 1673 Patre

233 1726 302 1767 ac
329 1711 487 1776 Filio,
513 1725 651 1766 unus
693 1711 854 1772 Deus,
900 1723 1006 1762 una
1048 1708 1395 1773 substantia;
1445 1717 1555 1763 tres
1597 1708 1811 1778 quidem

1913 546 2009 600 per
2063 546 2181 587 eam
2233 533 2509 603 qumritur,
2558 535 2784 600 veritas;
2831 551 2990 604 quam
3022 535 3135 605 jam
3187 537 3318 593 ﬁdes
3370 537 3490 594 illu-

1911 631 2082 679 strata
2104 626 2317 695 quaerit,
2349 642 2454 681 non
2488 625 2652 692 aliud,
2683 628 2777 681 sed
2813 641 2934 680 eum
2966 626 3163 696 ipsum,
3196 644 3354 698 quem
3371 627 3486 698 jam

1913 730 2009 784 per
2029 715 2188 771 ﬁdem
2231 725 2406 784 tenet;
2439 725 2658 786 propter
2684 718 2827 786 quod
2871 733 2968 787 per
3000 717 3326 788 Prophetam
3353 720 3486 776 dici-

1917 813 2001 859 tur
2039 821 2052 859 :
2103 804 2334 862 Laetetur
2377 824 2468 861 cor
2519 809 2865 877 quwrentium
2924 807 3225 875 Dominum,
3271 812 3488 880 quwrite

1913 892 2197 948 Dominum
2245 894 2289 960 ί,
2328 905 2375 949 et
2414 896 2828 965 conﬁrmamini,
2886 899 3102 967 quwritc
3139 900 3329 968 faciem
3375 901 3486 970 ejus

1914 1001 2115 1055 semper
2154 985 2324 1055 (Psal.
2368 1002 2478 1048 ειν,
2526 987 2621 1055 ιι);
2664 1003 2726 1041 ac
2756 989 2799 1042 si
2837 998 3085 1057 patenter
3123 991 3488 1059 dicat:Qu:e-

1917 1075 2019 1129 rite
2067 1075 2372 1142 Dominum,
2400 1087 2454 1131 et
2487 1094 2591 1131 non
2620 1078 2779 1132 alium
2809 1096 2823 1144 ;
2876 1080 2967 1134 sed
3009 1081 3257 1136 eumdem
3287 1081 3485 1151 ipsum,

1917 1181 2075 1234 quem
2099 1165 2209 1234 jam
2248 1167 2516 1220 invenisse
2555 1177 2766 1222 constat
2797 1183 2891 1238 per
2927 1169 3124 1235 fidem;
3170 1169 3396 1234 scilicet,
3429 1180 3488 1224 nt

1916 1256 2305 1311 conﬁrmemini
2334 1260 2504 1328 magis
2547 1275 2610 1312 ac
2642 1260 2810 1327 magis
2852 1260 2903 1313 in
2937 1259 3190 1330 idipsum,
3216 1263 3385 1317 donec
3419 1263 3487 1316 ad

1915 1346 2148 1414 speciem
2175 1349 2487 1416 perveniat;
2526 1349 2648 1418 quia
2692 1348 2974 1402 videbimus
3019 1366 3156 1414 eum,
3198 1352 3352 1405 sicuti
3389 1362 3485 1406 est.

1915 1435 1983 1490 Et
2030 1452 2136 1490 non
2173 1445 2232 1491 ut
2282 1437 2422 1491 aliud
2455 1439 2764 1507 requiratis,
2793 1440 3032 1510 quaerite,
3064 1441 3256 1512 inquit,
3297 1443 3487 1512 faciem

1915 1525 2031 1594 ejus
2076 1542 2295 1594 semper.
2324 1527 2492 1581 Porro
2531 1544 2750 1597 semper,
2796 1529 2922 1599 quia
2973 1530 3266 1586 immensus
3287 1527 3396 1596 est,
3433 1543 3488 1586 et

1916 1629 2022 1668 non
2074 1615 2834 1685 recipitconsummationem.
2883 1617 3161 1689 Siquidem
3207 1618 3342 1675 ﬁdes
3368 1635 3487 1690 pro—

1918 1712 2101 1772 pterea
2127 1705 2336 1760 dilatari
2355 1707 2594 1777 jubetur,
2623 1717 2783 1778 atque
2825 1709 2890 1762 ad
2927 1709 3189 1765 immensa
3213 1712 3486 1782 progredi,

232 1816 497 1872 personas,
529 1801 624 1856 sed
645 1815 748 1854 una
777 1800 1056 1870 aequalitas
1085 1817 1100 1864 ;
1134 1814 1233 1854 nec
1259 1800 1437 1853 minor
1461 1799 1621 1853 Pater
1667 1799 1814 1855 solus
1843 1783 1890 1844 Β
1918 1807 1986 1848 ne
2023 1793 2162 1850 forte
2210 1795 2368 1850 ﬁnem
2417 1797 2580 1852 faciat
2630 1799 2902 1855 credendi.
2949 1799 3245 1858 lmmensus
3268 1804 3484 1874 quidem

231 1904 396 1958 quam
427 1888 588 1944 simul
634 1889 820 1952 Filius,
864 1897 919 1943 et
963 1887 1196 1956 Spiritus
1242 1897 1500 1953 sanctus;
1539 1889 1676 1943 sicut
1719 1905 1818 1944 nec

235 1978 408 2049 major
432 1979 612 2044 Pater,
643 1989 697 2034 et
725 1979 894 2034 Filius
925 1994 1086 2049 quam
1116 1977 1264 2033 solus
1315 1977 1548 2047 Spiritus
1575 1987 1813 2034 sanctus.

234 2071 503 2139 Profecto,
536 2073 660 2143 quia
707 2087 870 2127 unum
897 2079 1041 2126 sunt.
1093 2070 1284 2125 Unitas
1322 2078 1498 2125 autem
1552 2086 1650 2126 nec
1679 2069 1816 2140 plus,

233 2178 335 2218 nec
363 2164 543 2219 minus
574 2164 803 2232 recipit;
834 2163 929 2218 sed
958 2177 1172 2232 semper
1196 2178 1301 2216 una
1333 2163 1608 2232 quantitas
1636 2175 1658 2202 ο
1689 2179 1819 2232 prte-

229 2254 460 2308 dicatur.
492 2253 695 2309 Idcirco
723 2253 866 2308 Deus
909 2251 1032 2321 jure
1071 2263 1286 2322 semper
1319 2267 1424 2306 una
1459 2251 1814 2318 immensitas,

233 2357 337 2397 una
367 2343 752 2412 sperandorum
782 2341 1030 2404 facultas,
1062 2341 1165 2396 ﬁde
1185 2341 1444 2405 creditur,
1465 2356 1559 2411 spc
1581 2350 1814 2407 tenetur,

232 2433 498 2486 charitate
533 2443 841 2498 veneratur,
897 2432 1156 2504 diligitur,
1208 2441 1264 2487 et
1313 2430 1473 2487 simul
1508 2431 1592 2485 his
1646 2431 1817 2486 tribus

236 2537 375 2578 unus
400 2521 564 2590 Deus,
599 2523 922 2593 bumensus,
955 2531 1008 2580 et
1037 2522 1395 2596 sempiternus
1423 2521 1634 2580 colitur.
1670 2521 1812 2579 Len-
1841 2524 1852 2530 ’

235 2628 362 2682 gum
391 2622 474 2668 est
512 2615 676 2685 igitur
700 2616 765 2670 de
795 2617 896 2672 hac
924 2616 1187 2671 Triuitate
1231 2615 1493 2669 immensa
1533 2615 1814 2669 doctorum

234 2704 620 2760 catholicorum
644 2708 712 2760 ad
737 2708 1002 2762 modicum
1029 2707 1302 2762 volumina
1327 2707 1642 2777 pervadare,
1686 2722 1816 2776 prae-

232 2796 447 2862 sertim,
493 2813 616 2851 cum
649 2813 750 2852 nec
802 2799 974 2853 nostri
1017 2799 1198 2870 operis
1245 2799 1476 2854 assertio
1517 2799 1570 2853 id
1617 2813 1814 2868 propo-

231 2885 444 2950 suerit;
477 2886 571 2940 sed
618 2893 827 2941 tantum
854 2887 960 2942 tuis
997 2888 1372 2957 obtemperare
1392 2885 1581 2955 jussis.
1604 2895 1658 2942 et
1691 2888 1816 2941 sim-

231 2975 546 3045 plicioribus
597 2976 933 3032 exhortando
992 2979 1297 3043 ostendere,
1359 2979 1490 3048 quid
1539 2980 1610 3033 sit
1656 2979 1811 3045 ﬁdes,

232 3081 359 3136 spes
402 3073 566 3135 atque
610 3067 868 3132 Charitas,
917 3068 1110 3137 quibus
1150 3069 1291 3124 Deus
1323 3068 1560 3124 Trinitas
1615 3069 1811 3126 colitur

1916 1883 2080 1948 Deus,
2138 1885 2455 1940 immensam
2499 1888 2731 1957 requirit
2760 1888 2939 1953 ﬁdem,
2979 1905 3083 1959 qua
3111 1893 3392 1962 capiatur;
3433 1901 3487 1948 et

1915 1971 2036 2028 ideo
2062 1973 2278 2043 expedit
2304 1974 2501 2029 nullam
2531 1977 2558 2016 ⁸
2584 1984 2638 2030 et
2676 1978 2846 2046 ipsam
2890 1977 2954 2032 de
2984 1978 3074 2034 illo
3101 1981 3325 2050 recipiat
3353 1995 3488 2038 conv

1916 2065 2362 2132 summationem;
2389 2065 2560 2121 donec
2589 2065 2748 2120 liceat
2767 2066 2972 2134 videre,
3000 2068 3162 2124 veluti
3189 2080 3294 2137 est,
3317 2072 3484 2126 Deum

1917 2153 2137 2208 deorum
2170 2155 2221 2208 in
2261 2153 2412 2209 Sion.
2464 2156 2540 2211 De
2589 2172 2695 2226 quo
2725 2172 2856 2212 sane
2885 2173 3079 2228 sponsa
3113 2162 3163 2215 in
3200 2161 3438 2217 Canticis
3471 2182 3483 2216 :

1915 2243 1984 2297 1η
2018 2244 2205 2298 lectulo
2231 2263 2343 2300 meo
2380 2263 2472 2316 per
2499 2260 2670 2303 noctes
2694 2251 2908 2320 qutesivi
2933 2269 3084 2320 quem
3114 2254 3284 2324 diligit
3307 2257 3486 2310 anima

1916 2351 2029 2388 mea
2061 2334 2235 2406 (Cum.
2269 2353 2350 2402 ιιι,
2379 2337 2460 2408 1);
2495 2349 2549 2393 et
2591 2349 2714 2410 post
2750 2357 2918 2409 pauca
2951 2361 2964 2397 :
3005 2343 3135 2397 Cum
3178 2348 3486 2415 pertransis-

1914 2443 2019 2481 sem
2043 2444 2149 2494 eos,
2197 2430 2392 2500 inquit,
2420 2433 2585 2487 inveni
2613 2450 2762 2502 quem
2799 2435 2968 2505 diligit
3003 2439 3179 2492 anima
3224 2455 3338 2493 mea
3366 2456 3386 2504 ;
3410 2453 3484 2492 te.

1915 2524 2042 2578 nebo
2078 2540 2215 2588 emn,
2241 2539 2332 2580 nec
2373 2523 2653 2592 dimittam,
2685 2526 2846 2582 donec
2891 2528 3214 2585 introducam
3253 2530 3400 2585 illum
3429 2532 3483 2586 in

1914 2613 2068 2667 domo
2119 2615 2302 2669 matris
2350 2634 2476 2671 mea:
2519 2618 2668 2688 (ibid.
2694 2659 2709 2681 ,
2765 2635 2837 2685 tv,
2869 2621 2947 2692 4).
2976 2621 3110 2688 Quid
3159 2629 3339 2696 putas,
3377 2638 3485 2693 quo

1915 2702 2128 2770 abierit,
2161 2704 2244 2759 vel
2271 2720 2378 2774 quo
2421 2707 2690 2762 invenerit
2717 2722 2860 2774 eum,
2907 2710 2992 2765 vel
3022 2711 3217 2780 quibus
3242 2713 3484 2783 vestigiis

1914 2794 2188 2863 quaesierit
2225 2794 2408 2850 illum?
2451 2796 2573 2853 ﬁdei
2617 2799 2800 2869 utique
2837 2801 3111 2869 gressibus
3141 2802 3196 2855 in
3241 2803 3403 2856 corde
3430 2804 3481 2870 δ,

1915 2885 2002 2939 ubi
2033 2886 2184 2954 prius
2204 2884 2391 2955 jacens
2414 2888 2466 2942 in
2497 2888 2635 2944 lecto
2668 2890 3016 2955 inﬁrmitatis,
3050 2893 3368 2961 nequiverat
3395 2892 3480 2948 in-

1913 2977 2130 3042 venire;
2163 2978 2286 3047 quia
2323 2977 2564 3048 profecto
2624 2980 2768 3035 nodo
2805 2981 3136 3037 inﬁdelitatis
3163 2983 3338 3038 adhuc
3362 2998 3485 3053 pre-

1915 3068 2179 3122 mebatur.
2231 3066 2387 3124 Unde
2435 3071 2713 3141 signanter
2758 3071 2812 3125 in
2853 3081 3007 3127 nocte
3037 3073 3296 3142 quaesisse
3334 3073 3484 3129 illum

227 3129 286 3209 et
340 3129 679 3224 prmdicatur.
730 3129 890 3210 Aliud
934 3129 1132 3226 quippe
1160 3166 1242 3211 est
1297 3173 1328 3211 a
1373 3157 1724 3226 sapientibus,
1753 3167 1809 3214 et
1836 3129 1882 3191 Ο
1913 3160 2140 3226 dicitur;
2170 3175 2291 3230 quae
2341 3129 2576 3227 mox,vut
2620 3165 2638 3205 ί
2691 3165 3008 3234 pertransiit
3040 3129 3288 3222 tenebras
3333 3165 3487 3222 caeci-

235 3245 617 3300 cruditissimis
632 3244 994 3300 Ecclesiarum
1010 3245 1319 3301 doctoribus
1330 3247 1397 3302 de
1412 3246 1516 3303 ﬁde
1529 3247 1810 3306 Trinitatis

230 3333 501 3400 subtilius,
549 3335 616 3390 ad
685 3335 1006 3391 refellendos
1065 3336 1186 3391 ﬁdei
1243 3337 1582 3393 adversarios
1629 3338 1808 3408 displ-

231 3435 350 3480 tare
381 3423 409 3466 ά
430 3465 444 3491 ,
475 3426 529 3481 in
558 3426 752 3496 quibus
783 3427 1036 3496 perpauci
1088 3425 1385 3496 probantur
1425 3427 1638 3494 idonei;
1666 3428 1813 3483 aliud

228 3517 496 3587 siquidem
527 3519 712 3588 paucis
750 3519 1023 3590 explicare
1061 3519 1190 3588 quid
1228 3519 1300 3574 sit
1339 3519 1453 3590 ipsa
1497 3519 1649 3585 ﬁdes,
1686 3535 1812 3590 spes

231 3618 394 3678 atque
440 3610 711 3675 charitas,
746 3610 862 3666 sine
904 3610 1100 3680 quibus
1148 3625 1308 3666 nemo
1351 3609 1613 3676 salvatur,
1650 3625 1810 3666 nemo

228 3698 571 3755 Christianus
593 3701 717 3771 jure
753 3702 1012 3758 creditur.

298 3789 354 3844 4.
393 3790 533 3845 Hinc
557 3805 773 3862 quoque
815 3807 1158 3863 summopere
1199 3791 1634 3848 intellectualiter
1657 3808 1810 3864 qua:-

232 3881 457 3935 rendum
483 3883 610 3951 quid
646 3882 720 3937 sit
770 3884 910 3954 quod
935 3885 1014 3939 ait
1043 3884 1366 3955 Apostolus:
1400 3883 1560 3938 Fides
1602 3895 1676 3940 est
1701 3901 1811 3954 spe-

231 3975 518 4028 randarum
543 3975 834 4029 substantia
864 3991 1060 4041 rerum,
1089 3985 1453 4046 argumentum
1490 3991 1594 4029 non
1640 3991 1808 4046 appa-

229 4066 473 4118 rentium.
523 4063 773 4136 Nunquid
824 4066 988 4135 igitur
1042 4066 1147 4121 tale
1216 4074 1592 4136 argumentum
1647 4065 1806 4136 quale

228 4164 456 4210 utuntur
507 4157 813 4228 philosophi
859 4159 926 4211 ad
986 4157 1330 4227 decipiendus
1385 4157 1657 4213 interdum
1725 4159 1808 4213 in-

226 4259 416 4305 cautos
467 4250 546 4302 εἳ
621 4250 783 4305 absit.
836 4249 943 4305 Sed
1002 4249 1104 4306 hoc
1169 4251 1402 4304 verbum
1459 4251 1678 4305 veniens
1737 4251 1807 4306 ab

230 4340 484 4411 ambiguo
525 4339 753 4406 Graeco,
823 4340 1007 4395 multis
1077 4340 1130 4394 in
1186 4338 1374 4394 Latino
1438 4339 1566 4395 licet
1610 4341 1808 4412 impro-

223 4431 362 4502 priis
448 4433 834 4503 interpretatur
909 4431 1134 4496 verbis;
1204 4432 1294 4486 vix
1377 4442 1554 4488 tamen
1621 4433 1802 4504 expri-

225 4537 382 4577 mens
431 4521 722 4578 cﬁicaciam
765 4523 914 4577 verbi
961 4521 1232 4591 Apostoli;
1281 4530 1336 4576 et
1380 4522 1503 4578 ideo
1561 4522 1678 4583 alii,
1715 4539 1805 4578 ar-

224 4622 547 4682 gumentum,
603 4613 691 4668 alii
724 4612 1060 4683 ‘capitulum,
1114 4612 1206 4666 alii
1245 4613 1518 4678 convictio,
1560 4612 1647 4667 vel
1671 4613 1801 4667 visio

227 4705 591 4772 transtulere;
627 4708 720 4761 sed
751 4705 885 4760 bene
923 4705 988 4758 ad
1027 4719 1245 4758 sensum
1285 4703 1572 4777 capitulum
1601 4718 1799 4758 sonare

225 4797 470 4861 videtur;
510 4797 636 4866 quia
676 4797 765 4851 hic
808 4796 1020 4850 initium
1057 4811 1238 4851 rerum
1284 4811 1390 4852 non
1423 4796 1797 4866 apparentium

227 4887 362 4941 ﬁdes
391 4894 624 4951 tenetur,
654 4885 762 4940 illic
806 4885 1090 4954 integritas
1121 4885 1385 4952 visionis;
1426 4895 1480 4941 et
1506 4887 1646 4940 sicut
1669 4900 1795 4942 vera

223 4975 475 5045 quaelibet
493 4984 808 5046 argumenta
844 4976 1113 5045 sapientes
1147 4974 1327 5029 saeculi
1364 4975 1687 5045 persuadere
1711 4992 1798 5031 so-

225 5068 367 5131 lent,
399 5067 472 5121 ita
505 5065 687 5121 ﬁdeles
716 5064 916 5122 Christi
945 5079 1029 5128 ea,
1076 5079 1198 5136 quae
1232 5065 1534 5120 certissima
1574 5075 1700 5120 sunt
1742 5076 1799 5122 et

221 5169 373 5221 vera,
408 5153 516 5211 ﬁde
543 5154 912 5226 investigare:
947 5150 1050 5207 Per
1090 5153 1250 5223 ﬁdem
1285 5155 1423 5208 enim
1443 5155 1794 5220 ambulamus,

217 5253 271 5298 ct
295 5258 400 5300 non
421 5260 518 5315 per
539 5245 757 5300 speciem
787 5242 873 5316 (11
907 5240 1032 5299 Cor.
1070 5257 1125 5311 v,
1156 5244 1242 5315 7);
1266 5253 1320 5299 et
1348 5244 1469 5301 ideo
1489 5244 1623 5301 ﬁdes
1642 5249 1817 5317 quasi‘

295 5427 320 5455 ι
359 5415 525 5482 Edit.,
550 5434 654 5473 non
678 5418 878 5474 habent
902 5418 1086 5473 nostri.

293 5486 322 5524 δ
360 5487 526 5552 Edit.,
552 5491 828 5557 prominet.

297 5567 320 5627 ἐ
362 5557 531 5621 Είιὶιη
557 5560 806 5627 qualitas.

293 5626 316 5662 οι
365 5627 526 5690 ﬁdit,
548 5626 822 5696 di‘pnlart,
847 5644 952 5682 non
983 5630 1054 5685 ita
1084 5636 1250 5682 recte.

296 5707 318 5734 ε
358 5696 520 5758 Εεῖἱὶ..
550 5700 860 5763 iunorrnfcs,
893 5700 984 5753 sed
1011 5699 1162 5767 longe
1189 5699 1672 5754 melius-incautos.

1912 3251 2058 3314 tatis,
2092 3253 2296 3307 invenit
2339 3269 2462 3308 eum
2486 3253 2623 3318 ﬁde;
2661 3264 2882 3324 propter
2915 3256 3057 3325 quod
3093 3263 3148 3312 et
3172 3263 3485 3312 constanter

1910 3343 2162 3412 abnegat,
2190 3356 2461 3415 nunquam
2489 3360 2548 3400 se
2567 3346 2930 3414 dimissuram,
2959 3349 3129 3404 donec
3151 3348 3485 3420 ingrediatur

1908 3433 2126 3488 domum
2166 3434 2405 3490 caelestis
2448 3435 2596 3499 Sion,
2639 3452 2746 3507 quo
2788 3437 2948 3494 liceat
2973 3438 3248 3494 evidenter
3283 3437 3478 3494 faciem

1908 3525 2027 3597 ejus
2075 3528 2418 3598 speciemque
2472 3529 2628 3584 tueri.
2669 3529 2843 3598 Quam
2873 3547 3004 3588 sane
3039 3530 3234 3588 faciem
3264 3546 3479 3602 semper

1909 3617 2202 3686 requirere,
2239 3629 2296 3672 et
2332 3633 2605 3689 nunquam
2651 3622 2924 3690 quaerendi
2973 3623 3206 3678 studium
3261 3624 3482 3678 abrum-

1906 3719 2036 3775 pere
2065 3721 2123 3760 se
2149 3703 2332 3773 jurat;
2366 3708 2491 3777 quia
2514 3707 2755 3778 profecto
2784 3709 2916 3765 ﬁdes
2939 3719 3317 3782 argumentum
3367 3727 3476 3765 non

1907 3796 2283 3865 apparentium
2313 3805 2418 3862 est,
2462 3806 2516 3851 et
2544 3800 2768 3853 necdum
2799 3801 3005 3869 species
3029 3801 3283 3870 perfectae.
3313 3803 3481 3859 visio-

1908 3885 2012 3939 nis.
2043 3885 2184 3956 Ergo
2211 3887 2335 3941 dum
2363 3886 2494 3942 ﬁdes
2518 3897 2665 3943 recta
2691 3897 2921 3957 tenetur,
2953 3890 3041 3946 ille
3080 3892 3134 3946 in
3160 3897 3323 3947 corde
3352 3909 3475 3948 ver-

1905 3985 2076 4039 satur,
2127 3991 2287 4044 quem
2328 3976 2422 4048 qui
2469 3978 2905 4048 apprebenderit,
2945 3997 3169 4038 necesse
3204 3993 3286 4038 est
3315 3983 3476 4038 ﬁdem

1909 4071 2087 4118 teneat
2139 4064 2542 4133 confessionis;
2592 4066 2850 4139 alioquin.
2897 4071 2999 4125 nisi
3030 4071 3161 4126 ﬁdes
3209 4080 3478 4138 servetur,

1906 4151 1995 4208 ille
2026 4152 2078 4207 in
2109 4153 2262 4209 nobis
2283 4169 2403 4209 esse
2425 4169 2530 4210 non
2571 4163 2767 4225 potest,
2797 4158 2890 4228 qui
2917 4162 3130 4215 nonnisi
3160 4161 3262 4217 ﬁde
3289 4178 3480 4236 appre-

1907 4243 2186 4309 henditur,
2207 4246 2576 4314 apprehensus
2599 4261 2744 4302 vero
2771 4247 2829 4305 in
2861 4250 3112 4307 cordibus
3138 4255 3338 4310 nostris
3374 4256 3479 4312 ﬁde

1904 4342 2155 4389 servatur
2182 4350 2246 4389 ac
2281 4343 2512 4391 tenetur.

1980 4425 2034 4480 5.
2061 4424 2129 4480 Et
2159 4426 2472 4492 notandum,
2522 4441 2643 4497 qua:
2687 4427 2957 4492 videntur,
2993 4433 3118 4500 quia
3162 4434 3477 4504 temporalia

1908 4525 2053 4581 sunt,
2089 4531 2208 4585 quae
2237 4526 2416 4572 autem
2455 4533 2561 4572 non
2591 4519 2860 4584 videntur,
2896 4529 3118 4576 aeterna.
3153 4522 3322 4580 Porro
3345 4525 3478 4581 ﬁdes

1907 4605 2051 4658 circa
2097 4621 2160 4659 ea
2188 4621 2307 4674 qua:
2337 4619 2445 4659 non
2474 4607 2741 4674 videntur,
2790 4623 3006 4680 semper
3043 4625 3318 4680 versatur;
3350 4615 3476 4686 quia

1904 4695 1993 4750 illa
2019 4704 2146 4749 sunt
2173 4697 2565 4764 sperandorum
2604 4714 2828 4769 pascua.
2864 4702 3013 4759 Alias
3055 4716 3230 4760 autem
3261 4721 3325 4762 ea
3355 4723 3474 4777 qua:

1903 4785 2166 4849 uidentur,
2192 4787 2309 4855 quis
2352 4798 2527 4857 sperat
2547 4791 2572 4842 ?
2602 4788 2776 4860 (Rom.
2803 4806 2924 4857 VIII,
2964 4793 3077 4865 24).
3109 4794 3176 4848 Ει
3199 4796 3319 4850 ideo
3344 4795 3491 4852 ﬁdes-

1901 4873 2290 4945 sperandorum
2322 4877 2626 4934 substantia
2665 4889 2786 4948 est;
2813 4885 2940 4954 quia
2991 4885 3079 4940 illa
3128 4886 3308 4940 omnia
3339 4888 3393 4942 in
3417 4903 3491 4944 seu

1899 4968 2038 5040 gerit
2063 4983 2181 5038 quae
2230 4984 2338 5024 non
2387 4971 2654 5027 videntur.
2684 4973 2993 5032 Contemnit
3031 4991 3162 5032 vero
3200 4985 3475 5049 tempora-

1898 5061 1992 5124 lia,
2025 5070 2080 5116 et
2104 5064 2508 5134 supergreditur
2545 5065 2836 5121 visibilium
2865 5068 3134 5136 universa,
3163 5069 3298 5124 nihil
3330 5073 3382 5125 in
3410 5088 3489 5128 se.

1899 5154 2104 5209 habens
2132 5154 2414 5220 caducum,
2440 5156 2574 5210 nihil
2607 5170 2859 5222 vacuum,
2883 5157 3120 5230 nihilque
3147 5160 3419 5215 inﬁrmum
3452 5203 3473 5224 .

1859 5273 1872 5286 θ
1898 5243 2008 5298 imo
2029 5243 2183 5314 plena
2207 5243 2339 5311 Deo,
2363 5243 2787 5315 plena‘veritate,
2813 5246 2939 5315 quia
2963 5245 3102 5303 Deus
3130 5249 3331 5304 veritas
3356 5261 3502 5316 est;~

1973 5422 1994 5461 ί
2023 5423 2080 5476 In
2103 5423 2235 5479 edit.
2264 5423 2596 5478 desideratur
2623 5424 2837 5493 querire
2869 5421 3166 5478 Domitiana.

1972 5493 1996 5532 ⁸
2020 5493 2186 5559 Εσῑι..
2216 5509 2281 5547 ηε
2299 5504 2346 5546 et
2369 5493 2461 5546 illa
2485 5495 2616 5562 ipsa.

1968 5563 1992 5601 δ
2020 5563 2182 5634 ﬁdit"
2204 5563 2461 5634 gressibus
2492 5573 2538 5615 et
2568 5565 2743 5618 corde.

1973 5633 1986 5673 ί
2024 5632 2310 5698 Ετίίι.,’κόὶ
2337 5635 2656 5702 pertransiit.
