4104 6340
42 25 60 98 .τέ

42 95 58 134 ci

649 257 802 342 {395‘
843 239 853 254 ξ
1462 285 1520 340 S.
1559 255 1916 342 PASCHASII
1953 285 2298 342 RADBERTI
2333 285 2625 345 ABBATlS
2659 289 3112 349 CORBEIENSIS.
3803 298 3943 354 £396

643 399 810 474 plena
831 399 1156 464 aeternitate,
1196 399 1353 471 plena
1383 399 1949 468 incommutabilitate,
1995 401 2062 458 ad
2087 416 2232 457 eam-
2259 404 2312 462 A
2337 402 2503 469 vldet,
2531 419 2638 475 qua
2689 406 2862 462 credit
2910 391 3032 478 qua?
3063 407 3302 466 nondum
3325 409 3496 478 videt,
3527 413 3680 482 quod
3731 414 3938 486 aliquid

649 494 772 550 dem
806 508 1020 564 quoque
1049 491 1472 548 satisfactionem
1528 491 1696 556 ducit,
1744 492 1813 547 ad
1855 508 2019 563 quam
2067 493 2232 549 etiam

647 601 769 656 qua:
795 584 1084 650 videntur;
1119 583 1451 656 proindeque
1477 599 1652 654 neque
1681 585 1827 640 circa
1867 601 1931 639 ea
1983 601 2103 654 qua:
2146 586 2230 640 vi-

647 674 864 739 dentur,
893 675 1201 736 credulitas,
1226 674 1314 729 vel
1340 673 1690 730 incredulitas
1711 675 1815 730 dici
1847 685 2042 744 potest,
2069 677 2229 733 sicuti

645 781 750 822 nec
780 766 945 833 ﬁdes;
978 766 1079 822 nisi
1105 782 1225 821 cum
1253 767 1396 821 circa
1418 781 1478 822 ea
1526 782 1645 836 qua:
1669 784 1772 821 non
1803 767 2075 832 videntur,
2109 784 2229 822 am-

644 859 786 930 plius
815 875 975 929 quam
1019 859 1166 914 circa
1218 859 1307 914 illa
1341 874 1461 929 qutc
1495 860 1764 923 videntur,
1804 859 2226 916 satisfactionem

648 950 897 1006 habuerit
928 967 942 1002 :
973 948 1247 1018 quoniam,
1279 966 1400 1020 qua:
1443 959 1568 1004 sunt
1599 949 1652 1003 in
1683 965 1796 1019 spe,
1829 950 1944 1003 sine
1976 951 2230 1004 substan-

643 1042 722 1098 tia
757 1042 1156 1112 quodammodo
1200 1057 1324 1096 esse
1363 1042 1636 1106 videntur,
1666 1042 1790 1096 dum
1821 1041 1937 1095 sine
1979 1041 2082 1096 ﬁde
2123 1057 2225 1111 pu-

642 1143 870 1200 tantur;
902 1143 958 1190 et
988 1134 1107 1190 ideo
1135 1134 1314 1189 omnis
1355 1133 1486 1189 ﬁdes
1522 1134 1710 1188 tribuit
1743 1133 2121 1188 substantiam.
2161 1134 2228 1188 Et

641 1234 705 1280 ut
731 1226 1036 1282 evidentius
1089 1225 1280 1296 loquar
1318 1241 1524 1289 verum,
1574 1227 1687 1296 ipsa
1715 1234 1800 1281 est
1841 1225 2098 1287 essentia,
2130 1240 2223 1279 seu

640 1317 948 1372 substantia
995 1332 1216 1382 eorum,
1277 1325 1336 1372 ut
1395 1327 1523 1387 puta
1574 1317 1902 1371 resurrectio
1957 1315 2225 1388 generalis

640 1409 872 1465 necdum
910 1409 1052 1466 facta
1081 1417 1185 1476 est,
1222 1419 1279 1464 et
1318 1410 1438 1464 ideo
1463 1410 1615 1478 quasi
1647 1409 1874 1464 necdum
1903 1419 1987 1464 est
2018 1410 2069 1464 in
2098 1407 2224 1463 sub-

640 1500 877 1567 stantia;
910 1501 1002 1556 sed
1051 1501 1178 1570 quia
1233 1501 1504 1556 credimus
1534 1499 1810 1556 Christum
1859 1500 2222 1555 rosuri-exisse

640 1601 804 1662 caput
857 1591 1020 1648 totius
1058 1591 1344 1657 Ecclesiae,
1377 1591 1649 1646 credimus
1693 1600 1750 1645 et
1795 1591 1849 1644 in
1903 1589 1995 1645 illo
2041 1589 2220 1643 omnia

636 1683 882 1738 membra
925 1683 1006 1738 sui
1051 1683 1296 1752 corporis
1327 1695 1641 1752 resurgere,
1689 1681 1799 1735 imo
1834 1681 2219 1746 resurrexisse,

2287 577 2289 580 g
2335 495 2724 565 sempiternum
2753 498 2954 554 videat.
2988 497 3107 554 Non
3133 501 3280 556 enim
3313 500 3558 572 profecto
3588 517 3820 576 semper
3839 506 3940 564 hoc

2333 587 2459 651 erit,
2489 589 2634 658 quod
2660 589 2847 660 utique
2874 605 2984 645 non
3015 591 3158 659 erit;
3191 595 3450 662 quoniam
3487 597 3940 665 peregrinatione

2297 743 2306 750 ο
2334 676 2436 731 ista
2469 677 2642 744 ﬁnita,
2671 695 2776 749 qua
2808 681 3225 752 peregrinamur
3247 699 3276 736 a
3310 682 3566 748 Domino,
3591 687 3820 756 species
3851 687 3936 741 illa

2333 781 2652 822 successura
2680 777 2782 831 est,
2815 785 2914 840 per
2935 787 3098 840 quam
3129 771 3434 828 videbimus
3462 773 3604 830 facie
3631 777 3704 830 ad
3739 775 3936 832 faciem

2331 872 2451 926 quae
2483 858 2640 913 modo
2661 874 2765 913 non
2789 861 3037 915 videntes
3057 862 3352 928 credimus,
3393 865 3568 920 donec
3591 881 3834 922 necesse
3854 878 3937 922 est

2329 964 2428 1018 per
2455 950 2614 1005 ﬁdem
2658 953 2952 1009 ambulare.
2989 955 3218 1022 Tamen,
3253 959 3377 1026 quia
3417 960 3720 1025 credimus,
3749 963 3936 1016 videre

2331 1041 2684 1108 merebimur,
2733 1053 2898 1113 atque
2946 1046 3059 1116 jam
3109 1048 3176 1102 ad
3224 1049 3458 1118 speciem
3505 1066 3607 1105 nos
3636 1052 3936 1122 perductos

2329 1147 2448 1188 esse
2480 1150 2576 1204 per
2599 1135 2757 1191 ﬁdem
2787 1139 2903 1191 sine
2940 1139 3044 1193 ﬁne
3070 1140 3424 1209 gaudebimus
3453 1159 3468 1207 ;
3509 1159 3697 1212 neque
3728 1145 3881 1199 enim
3909 1157 3932 1184 ο

2321 1219 2436 1288 jam
2489 1223 2623 1277 ﬁdes
2678 1241 2781 1294 qua
2843 1227 3136 1281 credantur
3186 1244 3306 1298 qua:
3355 1246 3464 1286 non
3512 1232 3810 1301 videntur,
3843 1240 3932 1291 sed

2328 1313 2536 1382 species
2584 1330 2690 1384 qua
2727 1316 3014 1371 videantur
3065 1334 3186 1388 quze
3231 1321 3286 1374 in
3336 1321 3440 1376 hac
3482 1326 3934 1393 peregrinatione

2327 1403 2478 1473 prius
2512 1406 2896 1461 credebantur.
2933 1407 3087 1465 Tunc
3143 1427 3273 1482 ergo
3317 1413 3371 1467 in
3404 1416 3715 1483 pnetcritis
3773 1429 3930 1490 atque

2330 1496 2620 1551 transactis
2649 1496 2781 1552 ﬁdes
2804 1498 2906 1554 ista
2939 1500 3276 1570 reputabitur
3309 1503 3356 1567 ε,
3401 1520 3512 1558 non
3552 1506 3612 1559 in
3643 1512 3929 1576 praesenti-

2325 1586 2428 1641 bus
2459 1588 2641 1656 rebus,
2672 1606 2991 1662 semperque
3023 1597 3385 1660 manentibus,
3410 1614 3550 1667 quas
3577 1601 3778 1671 utique
3806 1619 3926 1658 cou-

2329 1680 2605 1749 tcmplatio
2634 1683 3012 1751 praesenlabit;
3055 1695 3111 1740 et
3163 1687 3286 1742 ideo
3311 1689 3364 1743 in
3396 1692 3797 1748 recordatione
3839 1710 3927 1764 po—

637 1773 780 1828 sicut
803 1774 880 1828 ait
900 1773 1191 1844 Apostolus
1224 1791 1236 1826 :
1273 1771 1333 1826 Si
1375 1774 1774 1826 consurrexistis
1828 1789 1946 1826 cum
1988 1770 2216 1838 Christo,
2253 1756 2297 1815 Β
2329 1769 2433 1824 tius
2458 1770 2583 1835 erit,
2615 1771 2775 1826 sicuti
2803 1771 3054 1839 infantia,
3090 1775 3173 1830 vel
3201 1778 3431 1845 pueritia
3451 1777 3742 1847 iuventuti
3770 1799 3787 1843 ;
3818 1756 3926 1854 qui-

637 1881 756 1936 quaa
785 1881 994 1919 sursum
1025 1875 1144 1919 sunt
1175 1866 1344 1934 sapite
1373 1862 1508 1934 (Col.
1559 1879 1644 1928 ιη,
1669 1863 1744 1934 μί).
1772 1863 1910 1918 Ecce
1955 1864 2098 1931 quod
2125 1879 2221 1917 no-

638 1957 866 2010 tandum
899 1956 952 2010 in
976 1972 1034 2010 re
1059 1955 1279 2021 visibili,
1315 1956 1440 2026 quia
1468 1957 1520 2012 in
1545 1955 1760 2011 Christo
1779 1963 1882 2020 est,
1909 1965 1963 2010 et
1991 1957 2219 2010 necdum

640 2053 886 2116 apparet,
920 2055 979 2100 ut
1004 2041 1183 2100 futura
1215 2053 1329 2110 est;
1382 2045 1516 2100 ﬁdes
1560 2045 1717 2100 nobis
1750 2045 1940 2100 tribuit
1970 2045 2220 2100 substan-

637 2137 801 2204 tiam;
836 2147 892 2192 et
915 2153 1039 2207 spes
1061 2152 1186 2192 vera
1207 2136 1337 2192 facit
1361 2139 1606 2191 eamdem
1640 2137 2084 2191 resurrectionem
2107 2135 2222 2205 jam

634 2231 936 2286 subsistere
970 2231 1022 2286 in
1071 2232 1251 2286 anima
1300 2241 1504 2287 nostra.
1538 2233 1606 2286 Et
1644 2233 1746 2286 hoc
1797 2241 1881 2287 est
1925 2231 2222 2308 quoddicit

631 2321 966 2391 Apostolus:
1000 2322 1161 2378 Fides
1189 2334 1265 2378 est
1303 2324 1680 2394 sperandorum
1707 2323 2018 2378 substantia.
2048 2323 2118 2378 Et
2164 2331 2224 2378 ut

635 2416 992 2472 alii'codices
1050 2416 1253 2472 habent
1296 2436 1308 2470 :
1371 2415 1514 2470 Visio
1561 2417 1780 2470 necdum
1832 2418 2217 2486 appar-entiam.

635 2507 776 2563 Vera
805 2507 970 2579 igitur
999 2510 1166 2576 visio;
1207 2511 1336 2580 quia
1373 2508 1508 2565 ﬁdes
1547 2519 1694 2565 recta
1733 2510 1915 2564 verior
1938 2518 2024 2564 est
2057 2526 2221 2579 quam

633 2598 806 2664 visio;
839 2599 1116 2668 quoniam,
1163 2600 1264 2656 etsi
1309 2601 1428 2655 visu
1457 2615 1598 2670 saepe
1644 2600 1904 2665 fallimur,
1933 2608 1993 2654 ut
2037 2601 2222 2656 multis

634 2689 688 2744 in
716 2690 852 2746 locis
878 2691 1110 2762 probare
1145 2708 1458 2762 possumus,
1483 2693 1590 2748 ﬁde
1619 2701 1795 2748 tamen
1824 2709 2101 2764 nunquam
2126 2694 2219 2748 de-

633 2783 902 2848 ludimur;
939 2786 1066 2854 quia
1099 2786 1236 2840 ﬁdes
1282 2801 1562 2855 nunquam
1623 2786 1768 2841 aliud
1809 2802 1972 2857 quam
2012 2785 2216 2842 verita-

635 2881 744 2928 tem
773 2875 1000 2945 recipit;
1045 2885 1332 2946 propterea
1379 2885 1524 2934 recte
1552 2878 1670 2948 plus
1706 2894 1868 2948 quam
1927 2879 2086 2944 visio,
2116 2879 2218 2935 etsi

633 2966 864 3021 necdum
895 2967 1294 3038 apparentinm,
1326 2967 1430 3022 dici
1475 2977 1672 3037 potest.
1724 2969 1878 3024 Unde
1911 2970 2023 3024 sint
2046 2981 2071 3010 α
2105 2970 2218 3024 haec

634 3055 816 3110 omnia
845 3071 964 3126 qua:
1010 3057 1262 3112 videntur
1297 3059 1352 3113 in
1399 3059 1540 3122 visu,
1567 3075 1674 3129 quo
1701 3075 1844 3130 smpe
1889 3059 2212 3125 deludimur,

631 3156 690 3204 et
749 3148 1066 3218 temporalia
1114 3164 1236 3218 quae
1283 3150 1572 3205 momentis
1601 3151 1828 3222 singulis
1873 3149 2216 3217 delabuntur,

633 3249 691 3294 et
721 3240 786 3295 ad
813 3255 920 3295 non
945 3256 1065 3296 esse
1088 3239 1378 3307 festinant;
1410 3240 1496 3296 illa
1527 3257 1653 3296 vero
1674 3257 1793 3312 qum
1813 3258 1918 3296 non
1945 3241 2217 3307 videntur,

632 3331 689 3386 in
722 3331 848 3397 ﬁne,
895 3332 1021 3402 quia
1069 3341 1274 3388 aeterna
1326 3343 1492 3400 sunt;
1527 3334 1596 3388 de
1635 3333 1830 3404 quibus
1881 3335 2048 3390 lsaias
2091 3349 2217 3403 pro-

631 3419 830 3488 pheta:
866 3416 1132 3489 Sperastis
1158 3420 1214 3473 in
1236 3418 1485 3486 Domino,
1509 3421 1776 3489 sperastis,
1807 3421 2004 3490 inquit,
2032 3421 2086 3473 in
2115 3437 2217 3475 sa:-

633 3507 765 3561 culis
789 3507 924 3575 (Isa.
958 3507 1211 3580 “vn-4).
1255 3509 1324 3563 Et
1372 3509 1493 3564 ideo
1522 3510 1764 3579 profecto
1808 3512 2042 3564 certiora
2089 3521 2216 3565 sunt

615 3591 720 3652 illa
768 3614 889 3668 quas
939 3613 1153 3670 semper
1202 3608 1424 3654 manent
1475 3608 1533 3654 ut
1582 3608 1726 3666 sunt,
1777 3609 1834 3654 et
1885 3600 2212 3666 creduntur,

631 3705 794 3758 quam
817 3690 904 3744 illa
933 3705 1052 3760 quae
1079 3689 1351 3756 videntur,
1382 3700 1442 3746 ut
1481 3707 1587 3748 non
1615 3693 1724 3746 sint
1757 3692 1807 3757 ι),
1839 3701 1892 3746 et
1936 3691 2210 3747 labuntur.

631 3778 880 3834 Prwterit
917 3781 1053 3836 enim
1099 3781 1271 3852 ﬁgura
1320 3782 1479 3852 hujus
1513 3783 1695 3838 sa’culi
1736 3783 1786 3852 (Ι
1819 3784 1941 3838 Cor.
1965 3801 2062 3848 vlt,
2098 3785 2212 3854 5|),

631 3886 751 3939 qua:
784 3871 1014 3936 videtur,
1061 3882 1114 3927 et
1157 3873 1246 3927 illa
1277 3888 1398 3944 quae
1433 3872 1536 3928 ﬁde
1580 3883 1850 3940 tenentur,
1881 3891 2094 3944 semper
2116 3877 2214 3930 im-

631 3962 930 4029 mutabilia,
963 3964 1080 4018 sine
1109 3963 1232 4029 ﬁne,
1283 3973 1340 4051 et
1367 3965 1487 4020 ideo
1515 3974 1738 4020 arterna.
1780 3965 1861 4019 Ad
1887 3981 2006 4036 qua:
2047 3966 2210 4020 nimi-

632 4069 755 4108 rum
805 4056 908 4110 ﬁde
932 4056 1180 4110 venimus
1201 4097 1216 4121 ,
1269 4057 1393 4125 quia
1423 4056 1692 4109 interdum
1719 4068 1740 4094 ε
1781 4070 1876 4125 per
1906 4057 2062 4110 [idem
2091 4071 2210 4109 am-

631 4143 902 4209 bulamus,
932 4156 986 4200 et
1017 4161 1122 4202 non
1175 4161 1272 4216 per
1311 4147 1567 4215 speciem.
1599 4145 1825 4210 Idcirco,
1865 4147 2106 4215 quisquis
2142 4147 2213 4202 ad

633 4252 696 4292 ea
727 4239 911 4294 venire
935 4237 1182 4302 festinas,
1208 4237 1316 4292 noli
1343 4237 1546 4308 ﬁngere
1575 4239 1669 4294 tibi
1691 4239 1925 4307 speciem
1951 4239 2207 4307 aliquam;

633 4347 704 4386 ne
730 4329 946 4386 desinas
995 4346 1091 4401 per
1125 4330 1284 4387 ﬁdem
1333 4331 1640 4387 ambulare:
1673 4333 1798 4402 quia
1817 4332 1996 4402 justus
2023 4350 2088 4387 ea:
2104 4333 2210 4402 ﬁde

632 4422 904 4478 interdum
935 4422 960 4462 α
989 4424 1107 4477 vivit
1129 4464 1145 4488 ,
1176 4431 1231 4477 ct
1266 4439 1372 4478 non
1403 4439 1469 4478 ex
1491 4423 1695 4478 visione
1718 4437 1896 4477 rerum
1923 4439 1938 4488 ;
1969 4423 2206 4502 alioquin
2236 4460 2290 4520 Β

635 4507 957 4575 cavendum,
1011 4526 1078 4565 nc
1106 4511 1222 4566 sine
1250 4509 1353 4567 ﬁde
1399 4510 1648 4581 incipias,
1675 4511 1802 4565 dum
1847 4525 1943 4580 per
1970 4527 2210 4581 praeceps

635 4603 732 4659 tibi
758 4602 893 4657 falsa
940 4601 1130 4671 incipis
1177 4601 1631 4672 ﬁngere,-justus
1679 4620 1783 4657 non
1827 4617 1966 4663 esse,
2020 4610 2076 4657 et
2125 4603 2212 4656 in»

636 4705 720 4751 ter
763 4703 1010 4751 mortuos
1055 4694 1331 4765 deputari;
1382 4695 1508 4764 quia
1553 4695 1773 4750 omnino
1801 4695 1981 4765 justus
2023 4711 2088 4748 ea:
2106 4694 2213 4764 ﬁde

632 4785 774 4841 trivit.

1264 4872 1493 4931 CAPUT
1532 4874 1596 4930 ll.

637 4967 698 5023 Si
727 4970 858 5036 liae:
882 4984 1024 5022 ctrca
1059 4985 1120 5023 ea
1147 4978 1384 5038 versatur
1409 4985 1528 5038 qum
1567 4984 1670 5020 non
1703 4967 1979 5030 uidentur,
2030 4977 2208 5021 utrum

704 5038 1006 5092 evacuanda
1031 5039 1096 5092 sit
1125 5055 1242 5091 cum
1269 5037 1362 5091 illa
1401 5037 1494 5108 per
1513 5039 1731 5106 speciem
1755 5038 2090 5108 apparuerint
2117 5038 2143 5090 ?

703 5151 821 5206 Non
850 5153 995 5208 enim
1025 5151 1428 5216 aestimandum,
1451 5166 1572 5206 cum
1600 5151 1831 5222 quisque
1869 5151 2030 5208 ﬁdem
2056 5167 2209 5208 suam
2257 5207 2262 5212 _

705 5298 731 5326 α
761 5286 923 5348 Edit.,
956 5286 1093 5340 unde
1113 5295 1253 5340 sunt.

703 5355 733 5396 ιι
783 5357 944 5417 Edit.,
977 5368 1031 5408 ut
1062 5357 1188 5411 sint.

709 5426 926 5548 Elidit"
975 5429 1100 5482 auia
1143 5443 1236 5494 per
1277 5425 1433 5494 ﬁdem
1481 5426 1832 5492 ambulamus,
1882 5425 2086 5481 omisso
2127 5426 2207 5481 in-

637 5507 716 5551 ter
755 5513 862 5552 um.
1359 5503 1368 5512 ‘

644 5635 656 5646 .
697 5565 820 5686 :llin
852 5565 981 5620 edit.
1033 5566 1197 5620 etiam
1245 5567 1332 5622 hic
1369 5567 1706 5626 desideratur
1730 5569 2014 5637 interdum,
2043 5565 2096 5625 id
2125 5576 2209 5624 est

644 5652 692 5686 tu
717 5651 772 5686 ει-
796 5652 864 5686 m.

637 5651 864 5687 interim.

717 5713 738 5741 ⁶
768 5703 932 5768 Εάὶι.,
971 5716 1133 5766 neque
1149 5714 1224 5758 est
1239 5705 1354 5773 jam
1378 5705 1528 5774 fides.

2321 1862 2424 1916 bus
2463 1863 2738 1919 evacuatis
2785 1865 3022 1920 succedit
3071 1877 3346 1933 senectus,
3393 1878 3450 1924 et
3498 1882 3698 1926 manet
3756 1885 3928 1929 tamen

2323 1951 2466 2006 idem
2496 1953 2678 2018 homo,
2711 1968 2810 2009 nec
2840 1955 3147 2012 substantia
3178 1968 3518 2027 permutatas
3543 1964 3595 2015 ⁸.
3629 1961 3734 2017 Sic
3754 1963 3928 2034 itaque

2323 2041 2428 2096 ﬁde
2480 2055 2762 2108 evacuata,
2814 2047 3054 2101 manebit
3092 2048 3565 2107 incommutabilis
3609 2056 3827 2109 veritas
3852 2057 3922 2110 vi-

2321 2134 2476 2190 sione
2508 2135 2764 2201 fruenda;
2797 2153 2898 2192 nec
2921 2138 3046 2203 alia,
3080 2141 3180 2194 nisi
3209 2141 3273 2195 ad
3301 2157 3463 2211 quam
3489 2159 3596 2213 per
3618 2145 3792 2200 ﬁdem
3815 2163 3924 2218 gra-

2323 2227 2620 2292 diebamnr,
2665 2244 2932 2300 quamque
2970 2246 3066 2302 per
3121 2231 3283 2287 ﬁdem
3335 2233 3705 2296 credidimus.
3754 2255 3786 2293 a
3826 2255 3919 2310 qua

2321 2317 2472 2386 prius
2498 2319 2999 2388 peregrinabantur.
3033 2319 3311 2391 Siquidem
3352 2339 3460 2378 non
3496 2325 3640 2390 alia,
3679 2330 3782 2383 sed
3819 2331 3920 2397 ipsa

2321 2409 2620 2478 eademque
2669 2410 2970 2465 substantia
3020 2413 3367 2481 sempiterna,
3412 2415 3920 2479 incommutabilis;

2322 2506 2377 2553 et
2415 2500 2536 2554 ideo
2560 2499 2846 2570 Apostolus
2869 2500 3026 2556 ﬁdem
3057 2503 3344 2574 dupliciter
3369 2505 3655 2573 dilﬁnivit,
3690 2511 3918 2566 dicens:

2323 2586 2720 2657 Sperandorum
2750 2591 3070 2658 substantia,
3105 2602 3152 2645 et
3196 2603 3568 2664 argumentum
3603 2614 3720 2653 non
3765 2618 3922 2669 appa-

2320 2682 2582 2748 rentium;
2611 2683 2736 2752 quia
2762 2683 3026 2753 profecto,
3057 2686 3157 2739 etsi
3196 2684 3325 2741 ﬁdes
3365 2701 3699 2755 evacuatur,
3745 2701 3918 2748 tamen

2319 2774 2620 2830 substantia
2651 2775 2772 2830 ﬁdei
2805 2785 3005 2830 manet.
3040 2777 3196 2832 Aliud
3221 2779 3420 2850 quippe
3449 2780 3590 2836 ﬁdes
3622 2793 3737 2849 est,
3779 2787 3916 2840 aliud

2319 2865 2622 2920 substantia
2655 2865 2812 2931 ﬁdei;
2846 2875 2900 2921 et
2930 2866 3052 2921 ideo
3077 2877 3454 2938 argumentum
3477 2873 3722 2928 veritate
3756 2879 3920 2929 mani-

2319 2955 2516 3012 festata
2543 2967 2873 3024 evacuatur;
2913 2960 3301 3029 sperandornm
3354 2963 3668 3019 substantia
3717 2981 3916 3028 manet.

2320 3063 2441 3118 qua:
2483 3045 2667 3101 inﬁde
2711 3057 2831 3100 erat
2869 3049 3076 3102 visione
3105 3050 3333 3104 reddita.
3363 3051 3439 3105 Ac
3485 3067 3589 3122 per
3629 3055 3739 3110 hoc
3769 3056 3918 3110 ﬁrma

2324 3145 2409 3192 est
2437 3137 2602 3200 ﬁdes;
2637 3139 2893 3207 quoniam
2940 3139 3070 3193 nihil
3123 3139 3266 3194 aliud
3314 3157 3476 3211 quam
3507 3144 3767 3201 veritatis
3793 3148 3916 3200 sub-

2323 3230 2578 3284 stantiam
2602 3230 2760 3298 geiit,
2791 3245 2909 3300 qua:
2931 3246 3203 3301 nunquam
3225 3244 3546 3296 evacuatur;
3571 3237 3674 3288 sed
3699 3238 3918 3293 visione

2320 3326 2523 3372 aeterna
2573 3319 2689 3373 sine
2729 3319 2836 3374 ﬁne
2885 3320 3113 3376 fruetur.
3144 3323 3224 3376 Ad
3251 3338 3415 3392 quam
3442 3325 3617 3394 itaque
3659 3326 3918 3383 charitas

2319 3408 2512 3478 ﬂagrat
2559 3412 2883 3478 pervenire;
2931 3420 2985 3466 et
3036 3412 3158 3467 ideo
3188 3411 3294 3468 ﬁde
3349 3423 3512 3484 atque
3540 3431 3636 3484 spe
3675 3417 3752 3472 ab
3774 3419 3916 3487 Apoc

2317 3499 2456 3556 stolo
2486 3499 2658 3570 major
2683 3501 3027 3571 priedicatur.
3061 3503 3328 3570 Quoniam
3353 3507 3456 3560 etsi
3491 3523 3638 3561 nunc
3662 3509 3771 3562 tria
3803 3526 3911 3564 ma-

2317 3591 2468 3656 nent,
2526 3593 2610 3647 his
2663 3602 2840 3648 tamen
2889 3594 3062 3664 major
3099 3592 3224 3661 jure
3271 3595 3512 3651 charitas
3568 3600 3906 3668 appellatur;

2316 3685 2469 3756 quia,
2495 3700 2616 3740 cum
2645 3687 2886 3740 charitas
2917 3686 2982 3740 de
3031 3687 3240 3741 visione
3283 3687 3440 3742 beata
3489 3689 3796 3758 perfectius
3825 3707 3910 3744 au-

2315 3778 2699 3848 gmentabitur,
2743 3785 2802 3832 ut
2827 3787 3025 3832 aeterna
3052 3789 3402 3848 permaneat,
3425 3790 3558 3835 tunc
3583 3782 3722 3837 ﬁdes
3753 3792 3908 3852 atque

2314 3888 2440 3945 spes
2466 3889 2645 3928 rerum
2685 3873 2914 3928 necdum
2941 3873 2966 3912 δ
3002 3875 3377 3944 apparentium
3425 3875 3640 3930 visione
3680 3892 3904 3931 evacua-

2314 3965 2489 4030 bilur;
2519 3980 2585 4020 eo
2612 3965 2751 4034 quod
2784 3965 3031 4034 quisque,
3080 3981 3201 4036 qua:
3235 3965 3349 4034 jam
3391 3966 3542 4021 videt
3568 3983 3675 4023 nec
3718 3970 3899 4026 credit.

2315 4071 2415 4111 nec
2469 4065 2684 4126 sperat,
2735 4057 2830 4111 sed
2885 4057 3342 4127 contemplatione
3391 4058 3592 4113 fruitur
3643 4061 3898 4130 perfecta.

2313 4145 2432 4199 Erit
2457 4155 2636 4200 tamen
2660 4150 2714 4200 in
2750 4147 3011 4201 memoria
3053 4149 3338 4220 vestigium
3367 4151 3774 4206 recordationis
3819 4166 3903 4206 ea-

2313 4251 2431 4298 rum
2461 4234 2708 4300 alﬁxnm,
2741 4252 2850 4306 quo
2879 4237 3131 4306 gaudium
3176 4247 3393 4294 :eternas
3436 4240 3799 4296 beatitudinis
3823 4259 3902 4296 au-

2313 4333 2504 4396 geatur
2539 4327 2607 4382 ad
2649 4328 2664 4366 ί
2703 4341 2764 4380 ea
2802 4342 2922 4396 qua:
2949 4328 3298 4390 credidimus,
3337 4331 3686 4398 speravimus
3717 4348 3902 4400 perve-

2315 4419 2458 4473 nisse
2475 4427 2734 4488 perpetua
2759 4419 3118 4474 delectatione
3149 4419 3390 4477 fruituri.
3424 4421 3684 4490 Alioquin
3713 4425 3756 4478 si
3793 4425 3902 4478 nul-

2314 4507 2422 4562 lum
2453 4508 2506 4561 in
2537 4509 2692 4563 nobis
2722 4511 2876 4578 quasi
2897 4494 3193 4582 ‘vcstigium
3227 4513 3498 4565 transiens
3545 4514 3897 4584 relinquatur.

2313 4598 2556 4669 profecto
2583 4615 2683 4653 nec
2713 4600 2766 4654 in
2798 4601 3057 4656 memoria
3097 4613 3283 4656 nostra
3329 4601 3449 4670 ejus
3475 4603 3690 4673 aliquid
3737 4620 3900 4658 rema-

2314 4695 2481 4758 nebit,
2523 4709 2630 4764 quo
2662 4710 3008 4750 recurramns
3059 4693 3074 4744 i
3130 4713 3251 4750 cum
3295 4694 3493 4766 gaudio
3523 4711 3648 4750 eam
3677 4709 3898 4767 prmer-

2313 4787 2445 4843 itam
2475 4788 2855 4852 recordantes;
2879 4789 3178 4857 praesertim
3203 4804 3324 4842 cum
3351 4788 3561 4850 omnia,
3597 4805 3726 4858 qum
3751 4789 3898 4841 nobis

2315 4879 2602 4950 suggessit,
2643 4879 2763 4934 visu
2809 4879 3109 4934 recolentes
3150 4879 3473 4933 amabimus.
3531 4879 3596 4933 Et
3654 4880 3770 4950 ipsa
3799 4881 3896 4934 erit

2313 4970 2639 5034 substantia,
2679 4985 3015 5038 quamnunc
3056 4970 3349 5031 credimus,
3393 4984 3687 5037 speramus
3713 4971 3894 5030 etiam.

2311 5070 2364 5115 et
2411 5075 2597 5115 amore
2641 5059 2903 5125 fruimur,
2943 5061 3010 5115 de
3055 5077 3161 5130 qua
3193 5061 3398 5115 scilicet
3447 5061 3756 5115 substantia
3805 5077 3898 5133 per

2309 5153 2602 5210 Jeremiam
2631 5154 2895 5210 Dominus
2939 5173 2952 5208 :
2998 5153 3056 5208 Si
3085 5156 3308 5209 stetisses
3357 5153 3407 5220 ιι,
3440 5153 3636 5224 inquit,
3679 5155 3734 5207 in
3777 5155 3900 5208 sab-

2387 5285 2409 5323 τ
2441 5283 2604 5347 Edit.,
2637 5284 3038 5352 comparabitur.

2383 5357 2408 5394 ⁸
2437 5355 2603 5417 Edit.,
2627 5363 2969 5423 permittatur.

2380 5425 2407 5465 ιι
2437 5425 2605 5485 Edit.,
2635 5424 2847 5476 nedum.

2387 5496 2404 5536 ἱ
2445 5495 2610 5552 Edit..
2635 5509 2727 5546 nos
2755 5493 2825 5545 ad
2851 5509 2912 5564 ea
2957 5508 3073 5560 qua:
3093 5492 3408 5564 credidimus
3431 5496 3765 5564 sperarimus
3785 5512 3901 5564 per-

2311 5565 2505 5620 venisse
2533 5573 2778 5632 perpetua
2809 5562 3148 5616 delectatione
3177 5563 3454 5631 fruituros.

2386 5633 2402 5684 i
2443 5634 2584 5688 Edit.
2596 5673 2610 5697 ,
2637 5649 2951 5686 recreamur.

2387 5706 2412 5745 ι
2444 5704 2608 5771 Edit.,
2642 5703 2686 5756 si
2706 5703 2976 5772 stetissent,
3001 5711 3056 5759 et
3079 5703 3238 5775 paulo
3257 5712 3396 5776 post,
3422 5703 3696 5774 fecissent.
