4148 6344
240 326 384 387 I397

1166 323 1256 379 DE
1294 321 1472 389 FIDE,
1514 318 1641 377 SPE
1680 320 1768 377 ET
1804 320 2218 379 CllARlTATE.
2258 354 2329 365 —
2370 324 2494 381 LIB.
2533 326 2576 381 l.

3371 333 3514 389 1398

237 444 439 500 stantia
472 456 608 497 mea.
640 447 687 494 et
721 446 845 492 nota
889 437 1096 506 fecisses
1128 436 1283 490 verba
1312 451 1431 489 mea
1467 433 1656 504 populo
1692 449 1822 494 meo,
1855 438 1904 497 Α
1934 442 2037 488 tur.
2070 431 2161 489 llla
2190 435 2386 505 quippe
2417 437 2469 491 lu
2496 438 2656 494 rebus
2677 446 2777 498 est.
2804 455 2924 510 qua:
2946 441 3028 495 vel
3053 454 3192 507 esse,
3216 442 3299 498 vel
3326 443 3511 509 fuisse,
3548 446 3551 449 ’

238 544 543 590 auratum
572 547 658 585 eos
689 539 868 598 utique
896 544 928 581 a
958 544 1038 581 via
1064 543 1161 582 sua
1190 524 1331 580 mala
1364 524 1497 595 (λον.
1532 539 1689 587 mn,
1710 521 1824 593 22).

242 626 409 681 Stare
436 621 653 694 quidem
684 620 849 675 estin
875 618 1177 674 substantia
1209 618 1300 672 Dei
1329 632 1425 686 per
1452 616 1633 681 ﬁdem,
1662 616 1829 670 Deum

241 717 410 772 corde
433 713 658 769 credere
694 711 763 765 ad
803 708 1114 780 justitiam;
1151 716 1207 763 et
1248 706 1411 760 verba
1457 704 1652 776 populo
1701 712 1828 758 nota

240 808 445 867 facere,
496 806 672 877 ipsum
724 804 974 860 conﬁteri
1024 802 1091 857 ad
1132 801 1391 866 salutem;
1440 815 1503 855 ac
1551 815 1645 869 per
1690 799 1828 864 hoc,

239 896 684 970 quandiujustus
724 912 793 952 ex
848 894 954 950 ﬁde
981 894 1133 959 vivit,
1163 894 1403 949 tenditur
1452 892 1518 947 ad
1568 899 1829 945 mteruam

240 1006 343 1062 per
360 989 607 1044 eamdem
644 986 804 1041 ﬁdem
833 986 961 1041 licet
984 985 1359 1055 temporalem,
1394 997 1514 1053 qua:
1538 981 1832 1036 constituta

240 1089 332 1136 est
358 1080 412 1133 in
439 1077 689 1143 :eternis;
720 1077 847 1147 quia
878 1091 997 1147 quae
1040 1076 1292 1130 videntur
1320 1071 1634 1142 temporalia
1681 1079 1827 1136 sunt,

240 1180 302 1226 et
328 1170 448 1225 ideo
484 1169 705 1223 minime
729 1168 1054 1231 creduntur;
1093 1182 1213 1235 qua:
1240 1179 1370 1220 vero
1409 1180 1513 1219 non
1557 1163 1827 1229 videntur,

240 1270 484 1327 aeterna;
518 1269 802 1331 propterea
832 1273 930 1329 per
958 1257 1138 1322 ﬁdem,
1162 1257 1331 1311 donec
1360 1255 1647 1310 videantur
1673 1253 1830 1309 sicuti

242 1361 394 1416 sunt,
424 1353 695 1406 interdum
722 1357 1013 1403 versantur
1050 1348 1104 1402 in
1132 1348 1328 1412 corde;
1357 1362 1475 1415 qua:
1522 1360 1650 1401 sane
1697 1345 1832 1400 fides

243 1441 477 1497 scientia
501 1441 760 1494 duntaxat
786 1437 1045 1503 nutritur,
1081 1436 1135 1492 in
1156 1452 1284 1509 qua,
1312 1451 1430 1507 quae
1455 1444 1582 1492 sunt
1602 1442 1829 1502 aeterna,

244 1531 536 1589 admodum
564 1528 1014 1600 contemplamur.

859 1682 1088 1741 CAPUT
1126 1684 1213 1739 Ill.

1930 524 2015 578 vel
2042 524 2221 580 futura
2260 527 2545 593 dicuntur;
2580 530 2696 584 hare
2739 531 2962 587 omnino
2992 530 3046 586 in
3074 532 3257 588 animo
3288 535 3515 590 creden-

1931 616 2001 670 tis
2029 627 2132 682 est,
2164 618 2212 671 ei
2250 628 2455 673 tantum
2486 622 2777 690 conSpicua
2799 662 2814 686 ,
2845 622 2999 691 cujus
3027 631 3142 688 est,
3170 626 3416 695 quamvis
3443 627 3517 681 sit

1929 712 1987 761 et
2020 705 2075 759 in
2106 705 2227 761 aliis
2261 723 2369 762 non
2405 708 2539 778 ipsa,
2583 710 2676 764 sed
2706 710 2916 765 similis.
2966 710 3081 765 Non
3113 714 3257 767 enim
3289 730 3517 772 numero

1930 806 2016 851 est
2042 812 2164 861 una,
2198 797 2336 853 sicut
2356 800 2432 853 ait
2454 800 2741 870 Apostolus
2763 842 2780 866 ,
2805 818 2911 856 una
2932 803 3063 872 fides
3085 802 3298 874 (Ephes.
3325 821 3398 873 tv,
3429 806 3511 879 5).

1931 889 2027 943 sed
2072 906 2287 959 genere.
2344 891 2572 962 Propter
2624 893 3027 948 similitudinem
3073 903 3251 950 tamen
3292 906 3347 952 et
3375 912 3515 953 non-

1932 978 2134 1033 nullam
2182 979 2581 1046 diversitatem,
2644 999 2805 1037 unam
2852 983 3080 1038 dicimus
3142 986 3314 1056 magis
3362 1000 3513 1051 esse,

1933 1084 2093 1139 quam
2131 1069 2326 1124 multas
2353 1086 2367 1135 ;
2395 1069 2605 1126 facilius
2650 1070 2831 1139 itaque
2865 1071 2885 1110 ί
2928 1072 3127 1126 dicitur
3154 1073 3352 1127 multas
3397 1075 3515 1128 ani-

1932 1176 2048 1215 mas
2092 1160 2279 1227 fuisse,
2309 1161 2546 1233 singulas
2590 1164 2946 1235 singulorum,
2972 1165 3036 1219 de
3064 1165 3258 1235 quibus
3286 1165 3518 1238 legimus

1932 1251 1986 1306 in
2018 1251 2243 1307 Actibus
2274 1253 2669 1323 apostolorum,
2702 1256 2844 1325 quod
2890 1256 3056 1311 fuerit
3094 1257 3173 1313 eis
3202 1260 3378 1331 anima
3407 1276 3516 1314 una

1933 1342 2073 1413 (Act.
2103 1359 2176 1408 tv,
2201 1343 2317 1411 52),
2360 1360 2520 1415 quam
2551 1348 2576 1386 8
2596 1361 2717 1400 cum
2745 1346 2888 1401 dicat
2906 1347 3211 1417 Apostolus,
3235 1365 3341 1402 una
3361 1348 3514 1418 ﬁdes,
3542 1368 3543 1375 η

1932 1441 1991 1487 ut
2021 1434 2213 1489 audeat
2248 1435 2444 1505 aliquis
2482 1445 2557 1492 tot
2584 1436 2718 1492 ﬁdes
2762 1437 2945 1494 dicere
2988 1438 3230 1509 singulas
3274 1438 3516 1510 singulo—

1932 1538 2075 1588 rum,
2103 1533 2235 1593 quot
2269 1526 2378 1580 sint
2418 1538 2473 1582 et
2506 1526 2710 1583 ﬁdeles.
2766 1527 3149 1585 Verumtamen
3200 1531 3293 1601 qui
3347 1531 3509 1587 dicit:

1934 1614 1979 1670 0
1998 1618 2205 1683 mulier,
2230 1635 2420 1689 magna
2447 1630 2520 1674 est
2546 1620 2675 1689 ﬁdes
2699 1620 2825 1674 tua!
2849 1621 3065 1692 (Matth.
3098 1638 3170 1677 xv
3191 1663 3206 1687 ,
3231 1621 3324 1693 28)
3364 1631 3420 1677 et
3442 1623 3515 1676 al-

1933 1708 2033 1762 teri
2058 1726 2071 1761 :
2099 1707 2323 1763 Modica:
2351 1710 2494 1777 ﬁdei,
2520 1728 2682 1779 quare
2704 1712 2995 1766 dubitasti?
3035 1711 3251 1783 (Matth.
3278 1729 3389 1779 xw,
3419 1713 3510 1783 3i)

246 1794 437 1873 Utrum
466 1795 597 1863 fides
640 1794 857 1850 visibilis
892 1796 979 1859 sit,
1034 1795 1248 1873 cum‘sit
1278 1795 1569 1873 substantia
1615 1811 1827 1873 sp_eran-
1856 1781 1905 1844 Β
1933 1815 2085 1855 suam
2113 1802 2307 1871 cuique
2334 1816 2453 1857 esse
2487 1803 2755 1873 signiﬁcat
2786 1804 2965 1868 ﬁdem,
2997 1781 3100 1859 etsi
3134 1805 3375 1860 omnium
3404 1781 3511 1859 una

389 1867 598 1932 dorum,
632 1874 996 1936 argumentum
1039 1866 1257 1919 necdum
1286 1866 1687 1935 apparentium?

316 2001 691 2066 Manifestum,
731 2002 873 2071 quod
921 2002 1143 2058 credere
1178 2000 1438 2071 iubemur
1482 2017 1604 2073 quae
1644 2001 1828 2059 videre

244 2108 354 2150 non
384 2108 697 2163 possumus;
737 2094 909 2163 ipsam
955 2102 1133 2148 tamen
1163 2094 1345 2159 fidem,
1393 2095 1646 2165 quoniam
1671 2095 1827 2150 nobis

242 2186 408 2249 inest,
464 2182 710 2253 profecto
757 2183 1060 2239 videbimus
1090 2184 1146 2239 in
1192 2185 1369 2250 nobis,
1399 2186 1524 2254 quia
1563 2180 1826 2241 et'rernm

244 2270 547 2330 absentium
574 2287 811 2343 prtesens
838 2280 920 2328 est
942 2272 1097 2339 ﬁdes,
1130 2272 1289 2329 sicuti
1318 2289 1501 2329 rerum
1530 2289 1649 2343 quae
1693 2273 1825 2329 foris

244 2374 375 2420 sunt
400 2365 544 2420 intus
573 2373 659 2420 est
700 2363 875 2429 ﬁdes;
905 2372 961 2419 et
1007 2379 1212 2430 rerum,
1258 2380 1377 2434 quae
1402 2380 1510 2420 non
1553 2364 1823 2428 videntur,

242 2454 459 2509 videtur
492 2453 664 2518 ﬁdes;
688 2463 740 2508 et
766 2454 880 2523 ipsa
913 2462 1092 2510 tamen
1126 2455 1491 2525 temporaliter
1519 2454 1578 2509 ﬁt
1608 2456 1662 2509 in
1705 2470 1827 2510 cor-

243 2545 402 2599 dibus
448 2544 728 2600 hominum
774 2564 788 2598 :
842 2546 986 2614 quod
1032 2547 1076 2601 si
1109 2558 1135 2587 ει
1178 2562 1244 2602 ex
1289 2547 1536 2603 ﬁdelibus
1583 2546 1825 2605 inﬁdeles

243 2633 379 2688 ﬁant
400 2634 451 2699 ι’,
488 2635 629 2704 perit
688 2634 757 2687 ab
811 2635 910 2691 eis.
962 2636 1077 2692 Non
1125 2638 1197 2691 ita
1245 2647 1424 2693 tamen
1470 2640 1535 2694 de
1573 2639 1825 2697 cordibus

241 2732 392 2779 recte
436 2725 615 2793 perire
655 2725 873 2791 dicitur,
906 2727 1120 2796 quando
1152 2738 1175 2767 ε
1207 2744 1327 2784 eam
1362 2730 1561 2785 veritas
1583 2730 1821 2797 inventa,

244 2827 368 2881 quae
400 2812 453 2866 in
485 2813 589 2868 ﬁde
610 2822 749 2879 erat,
781 2814 960 2885 pellit;
997 2817 1107 2872 imo
1148 2819 1282 2873 satis
1307 2820 1616 2888 optabiliter
1641 2836 1823 2877 rerum

242 2919 496 2961 verarum
527 2906 660 2963 ﬁdes
688 2907 741 2961 in
766 2908 985 2963 easdem
1014 2912 1231 2976 transit,
1262 2921 1320 2966 ut
1356 2928 1460 2967 non
1488 2913 1556 2967 sit
1580 2913 1692 2983 jatn
1742 2929 1824 2968 ar-

242 3006 561 3069 gumentum
592 3014 771 3054 rerum
796 3015 917 3070 quae
949 3015 1056 3056 non
1086 3003 1355 3069 videntur,
1379 3006 1473 3059 sed
1497 3004 1829 3070 substantia,

241 3103 365 3158 qua:
416 3090 569 3160 prius
609 3090 665 3145 in
725 3090 829 3147 ﬁde
880 3101 1000 3147 erat
1045 3093 1239 3159 latens,
1272 3110 1511 3165 prmsens
1554 3096 1816 3161 exhibita,

242 3191 306 3235 ut
357 3181 629 3237 videatur.
662 3182 1000 3253 Quapropter
1047 3200 1155 3240 non
1197 3196 1278 3240 est
1315 3186 1600 3241 dicendum
1649 3188 1820 3256 perit;

241 3275 461 3344 quando
486 3289 550 3330 ea
583 3290 702 3344 qua:
730 3276 1092 3331 credebantur
1135 3276 1261 3342 ﬁde,
1294 3278 1547 3332 videntur
1586 3277 1699 3345 jam
1726 3292 1825 3348 per

242 3365 501 3433 speciem,
552 3365 764 3419 sublato
806 3376 1153 3437 argumento,
1199 3367 1429 3424 veritate
1483 3369 1653 3438 ipsius
1698 3371 1825 3425 sub-

242 3457 459 3511 stantia:
505 3458 867 3510 mantlestata.
916 3456 1023 3510 Aut
1053 3457 1291 3527 nunquid
1331 3456 1463 3511 ﬁdes
1489 3458 1715 3512 dicenda
1740 3467 1825 3515 est

243 3546 360 3614 ipsa
383 3546 520 3600 visio
546 3546 809 3611 veritatis,
837 3560 958 3600 cum
984 3547 1055 3601 sit
1081 3548 1150 3601 ab
1173 3546 1415 3617 apostolo
1444 3546 1660 3602 deﬁnita
1689 3563 1821 3603 con-

243 3635 445 3689 vinctio
474 3635 558 3690 vel
602 3644 976 3706 argumentum
1025 3651 1209 3691 rerum
1256 3653 1363 3692 non
1412 3638 1824 3709 apparentium?

243 3727 361 3782 Non
390 3727 592 3796 itaque,
620 3728 717 3783 sed
748 3728 949 3783 veritas
994 3738 1260 3793 reserata,
1310 3744 1430 3799 quae
1474 3746 1579 3783 non
1616 3731 1737 3785 dico
1766 3731 1821 3785 in

245 3818 381 3882 ﬁde;
407 3833 591 3872 verum
618 3821 731 3888 ipsa
754 3819 886 3874 ﬁdes
908 3818 1028 3882 fuit,
1054 3836 1173 3891 quae
1203 3831 1521 3891 argumento
1543 3831 1818 3887 evacuate,

245 3909 365 3963 visu
388 3907 623 3963 ﬁdelium
648 3910 701 3963 in
726 3911 1109 3980 sempiternum
1131 3911 1353 3967 fruenda
1376 3912 1499 3967 erit.
1524 3912 1821 3981 Aliquando

244 4006 426 4052 autem
484 3998 972 4069 impraesentiarum
1008 4007 1064 4053 et
1093 3999 1253 4055 rebus
1280 3999 1431 4055 falsis
1450 4001 1821 4055 accommoda-

247 4093 339 4140 tur
361 4086 513 4150 ﬁdes,
548 4087 701 4157 quasi
728 4087 1008 4142 dicamus:
1035 4087 1160 4141 Mihi
1191 4086 1329 4142 facta
1361 4098 1444 4143 est
1469 4089 1619 4152 ﬁdes,
1649 4098 1704 4142 et
1728 4089 1821 4143 de-

243 4176 409 4244 cepit,
438 4176 483 4229 si
510 4184 690 4229 tamen
720 4174 844 4231 talis
888 4176 1069 4230 habita
1102 4176 1235 4230 ﬁdes
1265 4177 1337 4231 sit
1373 4177 1619 4231 dicenda.
1649 4176 1819 4232 Porro

245 4264 379 4320 ﬁdes
404 4265 727 4321 Christiana
769 4265 1050 4338 religionis
1089 4266 1392 4322 communis
1431 4277 1515 4322 est
1546 4268 1819 4332 omnibus,

243 4371 353 4411 non
399 4357 541 4412 sicut
586 4356 766 4427 aliqua
802 4359 1047 4427 corporis
1089 4358 1262 4412 forma
1308 4359 1610 4414 communis
1643 4365 1725 4414 cst
1753 4358 1819 4413 ad

1932 1898 2016 1945 est
2042 1889 2194 1945 ﬁdes.
2248 1890 2365 1946 Non
2394 1892 2536 1961 quod
2562 1892 2730 1949 altera
2762 1894 2852 1957 sit,
2884 1910 2977 1948 seu
3008 1892 3221 1964 plures,
3262 1895 3358 1950 sed
3382 1897 3511 1966 quia

1931 1999 2038 2038 una
2071 1983 2369 2053 eademque
2415 1984 2548 2039 ﬁdes
2595 1985 2647 2039 in
2680 1985 2904 2056 singulis
2932 1987 3026 2040 Dei
3070 1986 3393 2041 discernitur
3430 1989 3511 2043 di-

1929 2075 2275 2140 stributione,
2320 2083 2375 2130 et
2402 2075 2620 2146 propria
2669 2075 2899 2131 efﬁcitur
2925 2077 3179 2133 credendi
3207 2080 3515 2148 quantitate

1928 2174 1985 2221 et
2010 2166 2270 2236 qualitate
2308 2166 2681 2239 intelligendi;
2711 2184 2873 2238 quam
2914 2183 3013 2225 nec
3043 2168 3184 2225 sicut
3222 2168 3508 2241 imagines,

1928 2272 2064 2327 quas
2094 2258 2148 2312 in
2174 2260 2434 2314 memoria
2462 2273 2530 2314 ex
2557 2261 2895 2332 corporibus,
2925 2277 3047 2332 quae
3071 2262 3305 2319 vidimus
3337 2264 3509 2319 oculis

1926 2350 2225 2419 corporeis,
2272 2349 2327 2404 in
2372 2352 2537 2407 corde
2570 2354 2953 2424 conspicimus,
3000 2356 3217 2426 quando
3266 2356 3509 2413 absentia

1926 2441 2259 2511 cogitamus;
2299 2454 2399 2497 nec
2425 2442 2566 2498 sicut
2594 2458 2658 2498 ea
2685 2458 2803 2514 quae
2829 2461 2936 2500 non
2964 2446 3221 2512 vidimus,
3248 2456 3303 2501 et
3329 2463 3396 2502 ex
3420 2447 3506 2502 his

1926 2545 2047 2600 quae
2072 2530 2325 2597 vidimus,
2368 2532 2711 2605 cogitatione,
2744 2543 3017 2606 utcunque
3064 2535 3403 2607 formamque
3450 2538 3505 2592 in

1926 2624 2128 2689 animo,
2157 2640 2264 2694 quo
2285 2625 2311 2664 ιι
2336 2630 2809 2682 commemorando
2833 2629 3046 2698 quando
3072 2628 3293 2685 libuerit
3322 2646 3507 2687 recur-

1925 2732 2145 2782 ramus;
2179 2718 2195 2758 ί
2230 2732 2331 2773 nec
2360 2718 2501 2772 sicut
2546 2718 2729 2785 homo,
2769 2720 2921 2789 cujus
2967 2736 3076 2776 non
3100 2722 3335 2777 vidimus
3378 2724 3494 2777 ani-

1925 2821 2090 2872 mam,
2114 2808 2208 2862 sed
2232 2824 2299 2863 ex
2328 2817 2512 2863 nostra
2544 2826 2663 2865 eam
2694 2811 3034 2882 conjicimus,
3063 2827 3297 2883 eumque
3321 2814 3506 2869 vivere

1924 2898 2160 2954 motibus
2196 2902 2476 2969 corporeis
2506 2899 2817 2969 intuemur;
2843 2904 3057 2965 nonsic
3086 2904 3269 2974 itaque
3295 2904 3506 2959 videtur

1924 2986 2059 3044 ﬁdes
2086 2988 2139 3044 in
2167 2990 2353 3058 corde,
2383 2991 2436 3047 in
2467 3006 2575 3063 quo
2603 3002 2707 3060 est,
2738 2995 2806 3050 ab
2830 3009 2916 3061 eo,
2940 2994 3097 3065 cujus
3124 3003 3227 3061 est,
3255 2996 3505 3067 quamvis

1924 3093 1991 3134 ex
2020 3080 2204 3136 auditu
2245 3082 2298 3136 in
2328 3083 2484 3139 nobis
2512 3093 2773 3156 concepta
2803 3086 2912 3152 sit;
2938 3101 3045 3141 nou
3080 3094 3259 3142 tamen
3282 3089 3352 3143 'ad
3377 3104 3501 3143 eum

1924 3186 2144 3228 sensum
2171 3175 2414 3244 corporis
2438 3176 2703 3245 pertinet,
2744 3178 2997 3248 quoniam
3028 3193 3133 3234 non
3159 3188 3245 3235 est
3270 3180 3384 3250 ipsa
3412 3194 3503 3234 so-

1923 3279 2156 3330 nornrn;
2191 3280 2292 3320 nec
2321 3267 2386 3320 ad
2424 3266 2598 3322 visum
2627 3283 2871 3337 prorsus,
2909 3269 3033 3337 quia
3070 3284 3175 3323 non
3205 3278 3289 3324 est
3331 3270 3501 3334 color,

1923 3370 2023 3411 nec
2066 3358 2312 3428 corporis
2354 3356 2557 3424 forma;
2592 3374 2768 3427 neque
2798 3360 2864 3413 ad
2898 3375 3020 3414 eum
3050 3375 3271 3417 sensum
3299 3362 3390 3431 qui
3425 3362 3506 3415 di-

1923 3447 2066 3501 citur
2092 3456 2289 3513 tactus,
2316 3449 2568 3518 quoniam
2615 3449 2749 3504 nilnil
2788 3450 3137 3519 corpulentia:
3178 3451 3370 3516 habet;
3404 3466 3506 3507 nec

1922 3538 1991 3592 ad
2022 3537 2188 3592 ullum
2214 3538 2435 3593 omnino
2458 3554 2675 3593 sensum
2702 3541 2962 3610 corporis,
2992 3541 3117 3611 quia
3144 3542 3366 3595 omnino
3388 3555 3508 3596 cor—

1922 3628 2007 3683 dis
2029 3637 2111 3683 est
2134 3642 2244 3691 res,
2272 3636 2327 3682 et
2368 3645 2475 3683 non
2505 3630 2786 3699 corporis;
2826 3646 2925 3685 nec
2966 3630 3098 3686 foris
3141 3641 3224 3687 est
3269 3648 3297 3685 a
3325 3633 3500 3697 nobis,

1921 3718 2015 3773 sed
2046 3719 2100 3774 in
2137 3718 2344 3773 intimis
2379 3718 2585 3783 animi;
2614 3734 2713 3773 nec
2748 3735 2867 3775 eam
2907 3722 3193 3791 quisquam
3224 3722 3504 3777 hominum

1920 3810 2066 3865 videt
2111 3811 2163 3865 in
2194 3810 2329 3877 alio,
2367 3811 2462 3867 sed
2504 3812 2875 3883 unusquisque
2924 3814 2978 3867 in
3007 3814 3299 3884 semetipso
3346 3831 3500 3870 suam

1920 3902 2106 3971 utique
2148 3900 2306 3955 ﬁdem
2348 3902 2514 3966 videt,
2556 3911 2613 3957 et
2647 3904 2951 3973 cognoscit,
3001 3903 3190 3960 tantoi
3226 3905 3344 3961 luce
3389 3907 3502 3961 cla-

1920 3990 2055 4052 rius,
2084 4000 2286 4061 quanto
2316 3991 2435 4061 plus
2464 3992 2689 4047 scientia
2718 3992 2882 4063 pollet
2911 4002 2967 4048 et
2994 3994 3267 4050 intellectu
3293 4012 3308 4061 ;
3335 4010 3498 4065 quam

1918 4079 2162 4150 profecto
2213 4080 2361 4135 nulla
2403 4080 2715 4152 imaginatio
2768 4085 3011 4154 corporis
3053 4084 3224 4156 gignit
3261 4094 3355 4140 aut
3392 4100 3499 4139 nu-

1921 4171 2042 4237 trit;
2088 4171 2185 4225 sed
2229 4172 2401 4241 pietas
2454 4172 2508 4226 in
2534 4173 2699 4228 Deum
2747 4190 2811 4229 ea
2855 4175 2881 4213 ιι
2920 4175 3224 4230 certissima
3271 4176 3501 4231 scientia

1920 4269 2069 4316 tenet
2091 4276 2157 4315 ex
2180 4262 2266 4317 liis
2288 4261 2679 4333 qute‘Christus
2722 4266 2775 4319 in
2821 4281 2986 4321 carne
3030 4277 3123 4322 aut
3162 4266 3364 4331 docuit,
3408 4276 3504 4321 aut

1920 4351 2115 4421 gessit;
2163 4367 2407 4423 puraque
2449 4354 2782 4409 conscientia
2833 4356 3047 4421 clamat,
3090 4365 3143 4412 et
3190 4357 3257 4412 ad
3286 4372 3349 4412 ea
3380 4373 3503 4429 qtta:

242 4446 529 4501 videndum
558 4447 799 4501 omnium
826 4447 996 4502 oculis
1023 4447 1217 4517 quibus
1244 4456 1443 4517 praesto
1468 4456 1579 4512 est;
1608 4463 1674 4503 ex
1704 4447 1818 4517 ipsa
1847 4479 1898 4539 Ι)
1923 4440 2160 4495 nondum
2197 4442 2466 4513 intelligit,
2501 4459 2567 4498 ex
2608 4444 2693 4500 bis
2715 4460 2832 4514 qum
2859 4446 3125 4501 intellecta
3154 4447 3513 4518 conspiciuna

241 4540 441 4608 quippe
465 4540 705 4593 omnium
732 4540 1070 4594 cernentium
1112 4539 1139 4580 ἀ
1177 4540 1502 4613 informatur
1538 4546 1815 4608 aspectus;

240 4628 335 4681 sed
364 4626 505 4681 sicut
524 4627 629 4681 dici
659 4636 837 4697 potest
862 4626 1029 4681 facies
1054 4629 1285 4681 humana
1314 4628 1562 4681 omnibus
1589 4627 1821 4681 homini-

239 4717 343 4771 bus
368 4718 691 4772 communis.
724 4716 857 4772 Nam
886 4719 988 4773 hoc
1015 4719 1088 4771 ita
1119 4719 1336 4782 dicitur,
1369 4726 1549 4773 tamen
1578 4724 1637 4770 ut
1666 4733 1683 4755 ·
1709 4718 1822 4772 sin-

239 4804 353 4876 guli
399 4821 531 4861 suas
556 4807 756 4864 habent
804 4806 991 4863 facies.
1048 4807 1233 4878 Itaque
1262 4822 1327 4862 ex
1354 4822 1458 4861 una
1486 4806 1733 4861 doctrina
1762 4805 1820 4861 ﬁ-

241 4895 366 4950 dem
415 4896 733 4967 impressam
778 4898 1114 4953 credentium
1160 4898 1413 4952 cordibus
1459 4896 1815 4968 singulorum,

240 4985 335 5054 qui
363 4985 468 5041 hoc
493 4987 635 5041 idem
667 4988 918 5052 credunt,
947 4987 1229 5043 verissime
1256 4988 1487 5043 dicimus
1512 5004 1526 5053 ;
1552 4990 1648 5043 sed
1677 4988 1822 5043 aliud

241 5083 370 5151 sunt
396 5090 462 5131 ea
488 5091 610 5144 quae
636 5078 952 5142 creduntur,
982 5075 1129 5132 aliud
1153 5077 1271 5147 ipsa
1317 5077 1471 5145 ﬁdes,
1501 5093 1607 5149 qua
1650 5079 1827 5136 credi-

312 5237 339 5266 ι
368 5225 545 5291 Edit.,
563 5229 684 5295 quia
708 5228 772 5283 si.

314 5296 343 5335 δ
371 5295 540 5362 Edit.,
566 5298 719 5365 ﬁunt.

314 5375 337 5403 ⁸
370 5366 543 5436 Edit.,
568 5370 834 5436 quoniam.

311 5436 336 5473 ἀ
380 5434 547 5500 Edit.,
578 5434 920 5492 credentium.

317 5517 340 5579 ξ
381 5504 557 5579 Edit.,
580 5517 628 5579 et
655 5519 827 5579 tamen
856 5512 1073 5579 singuli.

316 5575 335 5612 θ
381 5575 435 5642 [n
476 5577 635 5631 editis
662 5575 999 5635 desideratur
1031 5580 1228 5635 dicitur

312 5647 337 5682 ⁸
379 5643 546 5716 Edit.,
578 5647 720 5716 quia.

306 5716 332 5755 δ
378 5714 541 5782 Edit.,
575 5714 977 5787 quodammodo.

1259 5350 1297 5375 κη

1929 4540 2038 4596 tur,
2068 4532 2173 4587 ﬁde
2201 4532 2425 4588 devotus
2459 4534 2713 4589 ardenter
2752 4534 2993 4589 festinat.
3036 4535 3302 4591 Caeterum
3334 4537 3387 4590 in
3426 4535 3502 4589 ala

1927 4632 2046 4676 tero
2071 4624 2298 4693 quisque
2326 4623 2497 4679 credit
2526 4625 2684 4679 ﬁdem
2719 4641 2860 4689 esse,
2905 4642 3011 4680 non
3048 4627 3221 4694 videt;
3266 4635 3322 4682 et
3352 4637 3502 4682 tanto

1925 4711 2136 4767 ﬁrmius
2180 4727 2301 4766 eam
2346 4714 2401 4767 in
2444 4713 2624 4785 aliquo
2664 4714 2857 4779 credit,
2887 4724 3089 4784 quanto
3136 4721 3349 4771 fructus
3386 4713 3503 4781 ejus

1926 4806 2098 4876 magis
2135 4807 2306 4872 novit,
2335 4822 2472 4876 quos
2506 4808 2721 4878 operari
2767 4807 2901 4863 ﬁdes
2942 4808 3078 4863 solet
3120 4823 3217 4877 per
3259 4808 3503 4863 dilectio-

1924 4910 2078 4961 nem;
2116 4912 2146 4950 a
2178 4911 2283 4967 qua
2312 4893 2398 4952 lsi
2428 4897 2549 4967 quis
2576 4912 2635 4953 se
2662 4898 2991 4953 subtraxerit
3021 4896 3142 4960 ﬁde,
3168 4904 3208 4929 ⁸·
3235 4897 3503 4969 incipietn
3556 4953 3572 4965 ,

1917 4984 2033 5053 jam
2059 4996 2305 5043 mortuus
2332 4989 2473 5042 inter
2498 4988 2692 5059 impios
2714 4988 2990 5060 deputari;
3025 4988 3278 5059 quoniam
3298 4989 3499 5059 justus,

1925 5075 2102 5146 inquit
2124 5084 2174 5143 ο,
2192 5093 2257 5132 ea:
2272 5076 2377 5146 ﬁde
2399 5078 2551 5134 vivit..

2004 5228 2022 5269 ι
2066 5226 2235 5294 Edit.,
2269 5243 2697 5282 rememoramus.

2002 5297 2014 5347 i
2063 5298 2229 5361 Edit.,
2276 5308 2440 5363 tanta,
2490 5299 2583 5353 sed
2637 5296 2826 5352 melius
2871 5304 3038 5363 tanta,
3082 5297 3165 5352 cui
3212 5295 3520 5370 respondet

1926 5379 2120 5439 quanto
2147 5370 2284 5436 plus,
2308 5378 2415 5422 etc.

2000 5438 2025 5477 ι
2068 5438 2232 5500 Edit.,
2262 5454 2400 5502 eam,
2428 5452 2534 5491 non
2569 5437 2642 5491 ita
2675 5438 2837 5495 male.

2005 5506 2020 5545 ι
2066 5507 2232 5571 Edit.,
2259 5516 2305 5560 et
2336 5507 2543 5576 quibus.
2938 5512 2939 5515 “

1997 5589 2033 5616 In
2068 5577 2122 5628 In
2152 5577 2282 5632 edit.
2316 5576 2654 5631 desideratur
2681 5577 2801 5645 ﬁde.

1998 5657 2021 5683 ¹
2065 5645 2225 5706 Edit.,
2256 5646 2455 5713 incipit.

2000 5724 2023 5750 ο
2065 5716 2117 5767 lu
2147 5716 2276 5770 edit.
2312 5716 2650 5771 desideratur
2687 5719 2872 5789 inquit.
