4148 6344
637 289 776 346 1509

642 493 821 559 Quare
836 491 975 545 dicta
996 489 1061 544 sit
1078 488 1231 560 fides,
1252 487 1458 560 etquod
1482 489 1688 560 nonnisi
1706 487 1843 541 inter
1861 487 1992 543 duos
2011 488 2213 560 integra

1145 558 1271 630 jure
1295 558 1550 613 habeatur
1569 558 1720 627 ﬁdes.

710 674 805 728 Est
858 670 1219 729 autem.ﬁdes
1262 671 1438 735 dicta,
1484 686 1551 725 eo
1595 670 1737 740 quod
1785 670 1880 724 ﬁat
1921 670 2114 735 dictis;
2154 680 2216 725 ut

638 763 899 835 quidquid
928 763 1196 818 dictorum
1224 759 1545 833 pollicitatio
1583 768 1731 816 tenet
1761 774 1940 815 rerum
1984 774 2090 814 non
2120 775 2215 830 ap-

634 855 978 923 parentium,
1017 853 1157 910 alter
1200 867 1388 909 eorum
1418 852 1574 909 dictis
1618 851 1871 922 impleat,
1900 852 2038 907 alter
2060 867 2212 915 vero,

637 961 761 1017 qua:
798 947 942 1003 dicta
984 954 1112 1002 sunt
1158 946 1431 1002 interdum
1454 956 1480 984 ι
1504 944 1676 1000 donec
1700 945 2071 1008 ostendantur,
2116 958 2216 1012 per

638 1034 800 1094 ﬁdem
852 1037 905 1092 in
953 1040 1120 1093 corde
1169 1043 1369 1091 teneat.
1417 1033 1547 1101 Quae
1589 1033 1845 1089 nimirum
1896 1036 2029 1089 ﬁdes
2071 1034 2215 1088 inter

641 1129 809 1184 Deum
838 1136 894 1184 et
921 1128 1196 1184 hominem
1243 1126 1657 1183 irretractabilis
1700 1142 1821 1181 esse
1848 1125 2036 1191 debet;
2086 1127 2212 1196 quia

639 1239 761 1295 quae
787 1223 929 1279 Deus
950 1222 1163 1279 Veritas
1187 1221 1343 1288 dixit;
1370 1221 1572 1292 absque
1606 1219 1712 1275 ulla
1741 1220 2011 1287 dubietate
2038 1219 2213 1275 homio

637 1316 798 1372 nibus
822 1314 1045 1371 credere
1071 1312 1354 1378 convenit;
1387 1322 1444 1368 et
1465 1328 1585 1382 qua:
1612 1312 1771 1367 homo
1798 1310 1902 1366 ﬁde
1928 1309 2213 1381 Spopoudit

636 1404 840 1475 opiﬁci,
864 1412 1125 1475 quantum
1149 1418 1217 1459 ex
1244 1417 1303 1459 se
1334 1411 1438 1469 est,
1480 1402 1731 1471 operibus
1756 1402 1824 1456 ad
1853 1402 1997 1456 intus
2036 1399 2211 1471 gratia

636 1510 855 1553 servare
880 1494 910 1536 ιι
938 1509 1109 1566 usque
1153 1494 1222 1549 ad
1264 1502 1493 1550 mortem
1535 1503 1763 1565 utraque
1805 1493 1981 1549 debet.
2027 1492 2213 1562 itaque

634 1590 703 1643 de
732 1586 842 1653 illo,
866 1595 921 1645 et
956 1586 1023 1643 de
1053 1586 1138 1642 his
1162 1601 1284 1656 qua:
1310 1585 1463 1641 nobis
1494 1585 1545 1640 in
1583 1585 1696 1641 suis
1724 1598 1892 1639 sacra:
1917 1583 2212 1655 Scriptura:

634 1679 792 1735 libris
824 1678 1031 1736 erudiri
1064 1676 1266 1742 voluit,
1299 1686 1357 1733 et
1392 1692 1516 1732 cum
1560 1676 1788 1731 necdum
1829 1684 2209 1741 contueantur,

1428 288 1486 343 Β.
1528 283 1887 343 PASCHASII
1926 283 2270 340 RADBERTI
2308 283 2600 341 ABBATIS
2640 284 3086 345 CORBEIENSIS

3762 293 3901 351 ίωο

2244 399 2292 459 Α
2318 395 2736 465 comprobetur:
2771 395 3010 467 alioquin
3045 397 3135 453 ille
3157 392 3336 456 ﬁdelis
3385 411 3587 485 nisnet,
3634 404 3765 462 licet
3805 417 3900 464 aut

2313 501 2415 542 nos
2440 485 2509 542 de
2540 485 2633 541 illo
2662 484 2963 543 diﬁldentes
2987 490 3179 557 simus,
3210 498 3305 546 aut
3336 501 3490 549 certe
3514 510 3637 566 qua
3664 498 3901 568 spopon!

2313 577 2491 632 dimus
2516 591 2679 647 opere
2702 579 2924 633 minime
2951 579 3337 650 compleamus.
3367 582 3492 640 Hinc
3515 595 3620 652 est,
3650 588 3898 659 inquam,

2314 668 2522 739 integra
2555 667 2707 733 ﬁdes,
2736 669 2782 724 si
2828 668 2997 725 Deum
3046 686 3113 727 ex
3159 680 3273 727 toto
3306 675 3472 730 corde
3515 678 3734 744 credas,
3780 688 3837 734 et
3866 694 3901 736 ι

2314 759 2474 814 nullis
2502 760 2876 814 mandatorum
2903 759 3020 829 ejus
3042 769 3095 817 te
3119 764 3440 830 subtrahas;
3471 766 3631 822 ﬁdem
3654 785 3901 840 quoque,

2313 864 2419 921 qua
2445 850 2659 905 diabolo
2686 858 2741 905 et
2767 852 2979 922 pompis
3008 855 3148 922 ejus,
3181 855 3403 925 suisque
3449 860 3705 929 Operibus
3735 863 3903 919 abre-

2313 941 2598 1006 nuntiasti,
2646 942 2872 998 observa
2905 954 2929 983 ο
2960 957 3029 999 ne
3074 930 3423 1017 corrumpas;
3477 951 3737 1020 quoniam
3783 955 3903 1010 hate

2313 1043 2399 1090 est
2424 1035 2627 1107 integra
2654 1036 2810 1100 ﬁdes,
2833 1052 2994 1107 quant
3022 1054 3080 1093 se
3106 1039 3306 1095 Paulus
3331 1029 3605 1111 apostolus
3632 1044 3907 1115 gloriatur

2314 1141 2599 1182 servasse:
2631 1123 2843 1192 Fidem,
2895 1128 3091 1198 inquit,
3143 1131 3365 1195 servavi,
3400 1149 3612 1188 cursum
3652 1151 3905 1190 consum-

2312 1216 2560 1286 Μανία]
2598 1216 2734 1272 Tim.
2777 1236 2851 1285 tv,
2880 1220 2969 1290 '7);
3017 1230 3071 1276 et
3102 1221 3228 1276 alibi
3257 1240 3271 1277 :
3296 1221 3420 1278 Scio
3456 1227 3542 1279 cui
3582 1227 3809 1291 credidi,
3855 1238 3905 1283 et

2313 1318 2483 1363 certus
2516 1325 2631 1363 sum
2661 1311 2784 1380 quia
2806 1321 2985 1382 potens
3008 1323 3082 1367 est
3101 1314 3389 1379 depositum
3417 1333 3587 1370 meum
3611 1335 3826 1373 servare
3849 1319 3906 1372 in

2314 1397 2463 1452 illum
2502 1400 2639 1453 diem
2683 1399 2772 1470 (II
2802 1401 2939 1455 Tim.
2971 1419 3010 1468 t,
3046 1404 3158 1474 12).
3194 1404 3388 1460 Servat
3418 1385 3579 1476 igitur
3609 1407 3812 1463 Paulus
3841 1409 3903 1463 ﬁ-

2314 1488 2454 1553 dem,
2483 1500 2666 1545 servat
2712 1500 2767 1546 et
2792 1491 3043 1549 Christus
3080 1512 3094 1548 :
3135 1510 3202 1550 ex
3237 1511 3297 1550 se
3337 1498 3535 1568 quippe
3563 1499 3678 1553 ait:
3706 1498 3904 1556 Fidens

2313 1579 2531 1644 servavi,
2559 1594 2625 1634 ex
2649 1579 2759 1634 Deo
2788 1596 2916 1635 vero
2942 1601 2954 1635 :
2981 1581 3165 1637 Certus
3193 1600 3313 1638 sum
3337 1588 3457 1656 quia
3486 1597 3666 1657 potens
3700 1600 3780 1644 est
3802 1591 3899 1643 de-

2312 1668 2539 1736 positum
2560 1684 2732 1722 meum
2756 1686 2964 1725 servare
2985 1670 3069 1743 (Il
3098 1671 3233 1727 Tim.
3268 1690 3306 1740 I,
3337 1675 3447 1745 14).
3492 1677 3602 1731 Sed
3641 1688 3703 1733 ut
3730 1682 3902 1736 seire-

634 1771 867 1842 amplius
885 1779 941 1827 et
961 1769 1251 1842 perfectius
1271 1784 1367 1839 per
1385 1782 1449 1821 ea
1470 1784 1589 1838 quis
1604 1765 1717 1837 jam
1742 1782 1807 1822 ex
1830 1768 2030 1822 eisdem
2051 1766 2211 1822 dictis

2316 1770 2437 1810 mus
2464 1757 2588 1825 quia
2617 1766 2672 1814 et
2706 1773 2805 1814 nos
2838 1774 2905 1815 ex
2936 1760 3043 1814 Deo
3093 1759 3150 1815 in
3190 1762 3347 1818 nobis
3377 1762 3686 1834 depositum
3730 1770 3901 1826 habe-

633 1865 750 1920 visa
784 1870 932 1925 sunt,
963 1869 1020 1916 et
1045 1860 1472 1917 substantialiter
1499 1858 1756 1922 exhibita,
1786 1859 2054 1914 credenda
2087 1868 2213 1915 sunt

636 1953 842 2023 absque
889 1950 1169 2021 ambiguo,
1213 1958 1270 2005 et
1314 1949 1370 2006 in
1415 1949 1599 2004 animo
1624 1947 1853 2003 ﬁrmiter
1895 1948 2207 2004 retinenda:

635 2042 785 2115 quia,
815 2050 875 2097 ut
910 2041 1111 2096 dictum
1141 2050 1246 2106 est,
1277 2054 1458 2095 rerum
1500 2041 1896 2109 praeteritarum
1926 2040 2208 2105 exhibitio,

635 2131 905 2186 certitudo
934 2138 1018 2187 est
1056 2130 1356 2189 futurorum
1401 2145 1416 2184 :
1457 2130 1589 2186 nihil
1634 2131 1778 2186 enim
1823 2131 2002 2186 verius
2047 2145 2209 2201 quam

634 2221 751 2292 ipsa
781 2218 1024 2284 Veritas;
1072 2227 1130 2276 et
1172 2220 1294 2275 ideo
1346 2220 1541 2275 clamat
1579 2219 1889 2290 Apostolus,
1931 2220 2070 2288 quod
2106 2238 2208 2274 non

634 2311 887 2389 mentitur
911 2311 1050 2365 Deus
1078 2310 1204 2380 (Tit.
1238 2328 1276 2375 ι,
1304 2313 1378 2380 l).
1415 2310 1557 2365 Deus
1585 2321 1765 2364 autem
1794 2310 1993 2365 veritas
2025 2319 2127 2376 est,
2154 2318 2209 2366 et
2232 2384 2233 2387 η

633 2418 745 2459 non
771 2418 836 2459 ex
860 2404 1163 2469 accidente,
1210 2403 1303 2459 sed
1328 2402 1688 2459 essentialiter
1724 2419 1739 2455 :
1777 2402 1978 2457 idcirco
2006 2403 2208 2457 incom-

634 2491 943 2558 mutabilis;
975 2501 1030 2548 et
1051 2492 1176 2562 quia
1205 2491 1677 2557 incommutabilis,
1702 2492 1958 2562 quidquid
2003 2493 2208 2546 incom-

632 2583 968 2639 mutabiliter
993 2583 1150 2647 dixit,
1176 2583 1418 2654 profecto
1443 2584 1676 2637 ﬁendum
1705 2593 1727 2621 ο
1759 2592 1863 2637 est.
1896 2580 2031 2637 Hinc
2057 2598 2211 2636 nam-

632 2687 739 2743 que
766 2673 877 2727 ait:
903 2671 1102 2729 Culum
1132 2684 1177 2727 et
1202 2683 1341 2727 terra
1367 2674 1685 2733 transibunt,
1721 2673 1870 2726 verba
1892 2682 2063 2727 autem
2090 2689 2207 2726 utea

634 2779 742 2817 non
782 2764 1039 2817 transient
1084 2762 1111 2803 ἀ
1164 2762 1313 2835 (Luc.
1347 2779 1469 2827 χχι,
1512 2763 1625 2832 23).
1673 2762 2029 2833 Quapropter,
2079 2764 2205 2832 quia

632 2849 868 2906 transire
922 2865 1027 2906 non
1079 2860 1329 2922 possunt,
1386 2851 1488 2906 nisi
1541 2852 1691 2915 ﬁant,
1744 2852 2010 2907 credenda
2058 2860 2202 2907 sunt.

631 2938 872 3006 Quorum
899 2941 1183 2997 verborum
1210 2941 1362 3008 ﬁdes,
1392 2942 1517 3012 quia
1548 2957 1613 2996 ex
1643 2941 1867 2997 veritate
1915 2939 2201 3008 formatur,

630 3045 760 3085 vera
797 3046 918 3087 esse
954 3032 1131 3100 debet,
1162 3027 1356 3089 etnon
1402 3036 1543 3100 llcta,
1586 3035 1728 3089 nulla
1772 3034 2037 3089 dictorum
2068 3034 2205 3090 dilIi—

2313 1862 2453 1912 mus,
2485 1848 2627 1918 quod
2655 1859 2902 1919 oporteat
2920 1852 3022 1906 ﬁde
3050 1852 3260 1925 integra
3278 1857 3570 1924 custodire,
3596 1858 3675 1912 ait
3696 1860 3825 1915 Tito
3842 1862 3863 1901 ί
3881 1880 3897 1915 :

2311 1935 2517 1992 Bonum
2548 1939 2839 2011 depositum
2866 1944 3071 1998 custodi
3106 1961 3201 2014 per
3239 1944 3495 2016 Spiritum
3514 1959 3784 2015 sanctum,
3806 1954 3900 2021 qui

2311 2028 2511 2083 habitat
2530 2030 2587 2085 in
2607 2038 2674 2084 te.
2701 2031 2841 2087 Ecce
2862 2033 3164 2103 depositum
3193 2037 3336 2105 quod
3359 2036 3471 2093 Deo
3495 2042 3898 2110 commisimus,

2310 2131 2376 2172 ex
2405 2135 2511 2189 quo
2540 2121 2672 2175 certi
2705 2136 2829 2179 esse
2854 2124 3133 2190 debemus,
3162 2128 3289 2196 quia
3320 2138 3596 2184 servatum
3623 2134 3787 2187 nobis
3818 2149 3899 2189 re-

2309 2212 2520 2276 stituet,
2548 2212 2623 2267 ita
2655 2229 2805 2279 sane,
2835 2216 2881 2271 si
2910 2231 3007 2271 nos
3045 2218 3163 2288 ejus
3181 2217 3483 2288 depositum
3516 2236 3687 2290 penes
3714 2240 3819 2279 nos
3841 2226 3897 2279 in

2310 2302 2471 2356 corde
2501 2302 2805 2360 inviolabile
2848 2309 3209 2375 custodimus;
3246 2319 3303 2365 et
3329 2311 3468 2376 ideo,
3501 2322 3562 2367 ut
3590 2316 3726 2378 dixi,
3763 2316 3899 2372 ﬁdes

2310 2389 2519 2461 integra
2540 2409 2645 2447 non
2667 2395 2845 2451 minus
2871 2413 3035 2467 quam
3059 2400 3198 2455 inter
3218 2402 3462 2471 Opiﬁcem
3487 2413 3701 2476 etopus
3726 2409 3899 2478 ipsius

2308 2481 2585 2551 probatur.
2618 2482 2771 2551 Quod
2800 2487 2845 2541 si
2871 2488 2942 2541 de
2971 2488 3062 2543 illo
3093 2490 3294 2561 aliquid
3320 2504 3404 2549 est
3431 2498 3577 2565 quod
3622 2514 3734 2552 non
3770 2517 3894 2557 crc-

2309 2568 2508 2636 dimus,
2538 2571 2625 2626 ille
2652 2588 2815 2629 verax
2864 2586 2969 2643 est,
3001 2593 3106 2633 non
3134 2596 3193 2635 se
3222 2584 3468 2649 negabit;
3515 2602 3620 2641 nos
3646 2589 3694 2641 si
3726 2591 3892 2652 forte,

2308 2660 2435 2730 quia
2479 2661 2762 2730 increduli,
2808 2671 3287 2727 conziemttabimur
3323 2692 3335 2727 :
3385 2692 3509 2731 nam
3554 2680 3688 2747 quia
3739 2692 3796 2736 et
3836 2699 3899 2737 se

2309 2750 2538 2806 credidit
2573 2754 2727 2808 nobis
2748 2796 2761 2820 ,
2795 2758 3172 2816 abrenuntiato
3202 2765 3421 2820 diabolo
3446 2776 3501 2820 et
3531 2773 3748 2840 pompis
3776 2773 3896 2840 ejus

2307 2839 2529 2911 suisque
2564 2845 2837 2913 operibus,
2868 2857 3041 2903 restat
3066 2865 3135 2905 ne
3161 2853 3236 2907 rei
3279 2855 3639 2922 inveniamur,
3664 2839 3840 2930 opere
3866 2867 3893 2904 8

2308 2944 2693 2989 conservemus
2718 2936 3164 3004 pollicitationem
3194 2954 3459 3009 nosuam,
3486 2948 3538 3000 in
3574 2965 3681 3018 qua
3715 2954 3891 3006 renati

2306 3033 2515 3076 sumus.
2544 3021 2619 3076 De
2648 3024 2749 3078 hac
2772 3026 2965 3095 quippe
2994 3029 3049 3082 in
3076 3030 3395 3101 Apocalypsi
3437 3046 3621 3091 monet
3649 3037 3895 3108 Spiritus

630 3120 813 3177 dentia
853 3122 1169 3190 obfuscata,
1218 3125 1325 3180 imo
1370 3125 1487 3181 lucc
1534 3124 1731 3181 clarius
1772 3125 2000 3180 veritate
2021 3165 2038 3191 ,
2082 3140 2202 3197 quae
2228 3107 2273 3171 C
2305 3118 2526 3199 θεηοωε
2550 3128 2564 3163 ε
2590 3111 2718 3167 Εειο
2739 3114 2911 3182 ﬁdelis
2935 3134 3097 3188 usque
3126 3119 3196 3173 αά
3219 3132 3436 3176 mortem
3466 3124 3650 3194 (Apoc.
3685 3107 3749 3193 tt,
3776 3131 3892 3199 t0).

626 3211 879 3270 Christus
904 3225 1006 3281 est,
1035 3216 1299 3271 illustrata
1325 3218 1486 3272 debet
1529 3216 1911 3286 splendescere
1936 3232 2106 3287 usque
2131 3217 2200 3272 ad

627 3302 896 3359 visionem
937 3305 1234 3376 perlectam
1266 3322 1281 3359 :
1316 3307 1442 3377 quia
1493 3307 1746 3361 nimirum
1792 3306 1859 3361 ad
1907 3307 2010 3362 hoc
2053 3306 2204 3361 venit

625 3390 907 3459 Christus,
956 3393 1046 3448 lux
1089 3409 1247 3460 vera,
1292 3405 1347 3449 ut
1390 3395 1646 3450 illuminet
1698 3413 1901 3450 omnem
1941 3397 2200 3451 hominem

624 3484 911 3538 uenientem
960 3484 1016 3538 in
1053 3485 1190 3539 [tunc
1237 3485 1489 3538 mundum
1522 3484 1702 3556 (Joan.
1732 3501 1846 3550 ut,
1874 3487 1987 3557 33),
2037 3502 2199 3556 quem

625 3589 787 3629 nemo
832 3576 1175 3631 tenebrarum
1211 3578 1387 3647 potuit
1430 3577 1904 3648 comprehendere.
1940 3576 2090 3633 Unde
2118 3578 2201 3632 di-

625 3674 771 3719 ctum
821 3674 905 3721 est
948 3684 962 3720 :
1004 3666 1073 3720 Et
1122 3667 1345 3722 teuebra:
1385 3684 1503 3722 eum
1556 3683 1659 3721 non
1707 3669 2201 3738 comprehenderunt

624 3753 808 3827 (Joan.
838 3757 938 3829 tv).
986 3758 1094 3813 Sed
1121 3760 1249 3828 quia
1278 3758 1412 3813 ﬁdes
1438 3775 1503 3813 ex
1529 3759 1637 3814 Deo
1678 3758 1999 3827 illustratur,
2041 3760 2202 3814 debet

624 3846 683 3901 in
719 3846 882 3902 nullis
910 3845 1183 3915 oﬁ'uscari,
1215 3851 1707 3919 sperandorumquc
1734 3850 2201 3919 substantiamju-

621 3936 765 4006 giter
799 3936 855 3990 in
902 3938 1161 3993 memoria
1213 3939 1485 3994 credentis
1527 3948 1858 4008 prtesentare
1884 3958 1896 3993 :
1920 3940 2043 4010 quia
2071 3941 2198 3995 dum

621 4027 798 4084 ﬁdelis
820 4029 1047 4100 quisque
1067 4031 1353 4084 veritatem
1384 4030 1630 4099 requirit,
1659 4046 1764 4084 non
1796 4030 1955 4085 aliam
1984 4031 2193 4100 utique,

623 4120 719 4174 sed
748 4119 991 4173 eamdem
1025 4119 1195 4190 ipsam
1225 4136 1385 4189 quam
1419 4121 1470 4173 in
1503 4119 1605 4174 ﬁde
1631 4122 1790 4190 gerit,
1839 4136 2196 4191 perseveran-

621 4219 711 4261 ter
734 4209 967 4278 quaerit;
1006 4219 1065 4264 ut
1103 4225 1198 4280 per
1229 4211 1390 4265 ﬁdem
1421 4213 1488 4265 ad
1518 4211 1760 4280 ejusdem
1805 4204 2093 4267 satietatis
2115 4212 2196 4265 vi-

620 4299 830 4357 sionem
870 4302 1094 4360 dcvotus
1134 4301 1403 4371 pertingat
1446 4304 1792 4367 :cternaliter,
1836 4318 1999 4372 quam
2036 4304 2197 4358 modo

621 4398 878 4446 aeternam
924 4390 977 4445 iu
1022 4391 1185 4446 corde
1230 4392 1400 4446 credit
1446 4391 1848 4460 temporaliter:
1897 4406 2002 4445 non
2047 4391 2191 4461 quod

619 4484 735 4553 ipsa
760 4483 831 4539 sit
861 4484 1171 4554 temporalis
1197 4485 1250 4539 in
1288 4484 1490 4548 animo,
1516 4484 1609 4539 sed
1636 4484 1762 4554 quia
1797 4483 2191 4553 argumentatio

619 4575 743 4632 ﬁdei
770 4583 853 4632 est
882 4575 1216 4646 temporalis,
1240 4577 1410 4631 donec
1440 4592 1591 4631 mens
1610 4576 1875 4645 exspoliet
1895 4591 1953 4630 se
1978 4584 2188 4645 tempo-

616 4666 825 4722 ralibus
868 4674 926 4722 et
959 4665 1215 4721 induatur
1241 4667 1476 4721 aeternis.
1506 4664 1913 4723 Hmcuimirum
1945 4664 2076 4721 ﬁdes
2105 4672 2189 4720 est

521 4764 524 4768 ‘
614 4768 715 4825 per
763 4769 951 4823 quam,
994 4770 1114 4825 quae
1141 4756 1284 4810 Deus
1327 4756 1392 4809 de
1439 4770 1499 4809 se
1541 4754 1725 4809 docuit
1773 4763 1871 4808 aut
1913 4754 2187 4825 promisit,

613 4844 831 4900 etiamsi
860 4845 1096 4901 nondum
1125 4844 1487 4915 intelligimus,
1522 4861 1647 4901 vere
1673 4847 1945 4901 credimus
1980 4854 2036 4900 et
2059 4860 2188 4901 con-

614 4935 849 4991 ﬁtemur.
878 4936 1171 5003 Caeterum,
1212 4947 1271 4993 ut
1317 4940 1523 5010 integra
1561 4940 1615 4992 in
1647 4940 1801 4993 nobis
1841 4946 2054 4993 maneat
2097 4939 2186 4993 illa

614 5038 737 5092 qua:
759 5039 857 5095 per
880 5025 1221 5080 dilectionem
1248 5037 1524 5097 operatur,
1551 5027 1758 5098 agenda
1788 5036 1915 5081 sttnt
1942 5043 2062 5098 qua:
2089 5043 2190 5083 uos

614 5112 728 5166 Deo
776 5113 880 5168 ﬁde
922 5114 1283 5183 promisimus,
1333 5126 1392 5168 ut
1442 5107 1707 5170 dictorum
1756 5113 1889 5170 ﬁdes
1935 5116 2189 5186 operibus

684 5316 711 5346 ι
755 5305 893 5362 Edit.
906 5347 920 5371 ,
948 5307 1175 5362 interim.

614 5442 652 5497 ά
681 5373 715 5497 ἴ
753 5375 915 5442 Edit.,
948 5380 1186 5446 operibus
1230 5390 1434 5432 servare
1472 5394 1634 5447 usque
1664 5378 1734 5431 ad
1761 5386 1977 5431 mortem
2007 5376 2186 5449 utique

652 5460 683 5498 ϐ
713 5456 781 5498 et.

652 5460 781 5499 eaet.

686 5525 710 5584 ς
752 5515 912 5577 Edit.,
956 5516 1278 5584 faciendum.

681 5581 714 5626 ά
752 5586 914 5650 Edit.,
943 5581 1258 5640 transibunt.

689 5663 715 5696 ο
754 5656 919 5722 Edit.,
951 5655 1198 5711 observes.

2306 3198 2472 3256 Plane
2496 3202 2620 3271 quia
2644 3213 2768 3273 post
2796 3207 3085 3263 terminum
3109 3210 3233 3263 vita:
3258 3210 3437 3281 hujus,
3469 3231 3573 3269 non
3599 3217 3763 3283 ﬁdes,
3794 3198 3898 3278 sed

2303 3288 2429 3346 ﬁdei
2457 3306 2666 3347 merces
2689 3294 2796 3349 erit
2842 3295 2957 3364 ipsa
3000 3298 3215 3353 deitatis
3262 3303 3659 3373 contemplatio.
3705 3310 3899 3366 luter-

2303 3383 2482 3438 dumh
2515 3394 2719 3453 autent,
2769 3386 2896 3441 dum
2926 3390 3335 3459 peregrinamur
3374 3408 3406 3447 a
3448 3395 3699 3463 Domino,
3759 3401 3893 3459 ﬁdei

2297 3469 2421 3540 jura
2457 3473 2666 3546 integre
2699 3480 2963 3533 servanda
2991 3489 3154 3546 sunt;
3193 3484 3320 3552 quia
3366 3485 3500 3539 nihil
3527 3489 3754 3556 prodest
3782 3493 3891 3548 ﬁde

2301 3578 2464 3622 nosse
2480 3568 2667 3633 Deum,
2695 3583 2855 3637 quem
2885 3587 3110 3642 cperam
3156 3574 3315 3631 factis
3339 3586 3394 3631 et
3420 3580 3669 3635 moribus
3718 3584 3889 3638 abne-

2300 3670 2512 3727 gamus.
2541 3656 2809 3725 Quoniam
2835 3676 2938 3717 non
2962 3664 3113 3733 prius
3132 3665 3521 3723 confessionem
3548 3672 3770 3729 deitatis
3796 3690 3883 3733 re.

2301 3745 2486 3814 quisiti
2545 3747 2598 3800 in
2645 3747 2919 3818 baptismo
2959 3752 3247 3819 edidimus,
3294 3771 3456 3825 quam
3500 3760 3588 3814 his
3629 3763 3887 3818 omnibus

2301 3835 2825 3894 abrenuntiaremus.
2860 3840 3010 3896 Unde
3043 3844 3177 3897 nihil
3201 3847 3419 3914 prodest
3446 3848 3630 3904 dicere
3660 3854 3876 3908 confes-

2300 3926 2469 3983 sionis
2494 3943 2627 3984 ore:
2673 3930 2917 3996 Domine,
2964 3933 3226 4001 Domine;
3276 3937 3379 3992 nisi
3430 3937 3628 3994 ieceris
3670 3958 3736 3998 ea
3763 3959 3883 4013 quae

2293 4016 2466 4086 jubet,
2495 4028 2550 4075 et
2574 4022 2825 4077 omiseris
2845 4038 2966 4092 quae
2996 4026 3277 4094 prohibet;
3313 4028 3438 4096 quia
3467 4031 3617 4085 nulla
3638 4051 3770 4099 pars
3791 4036 3881 4088 ls-

2298 4111 2373 4163 cis
2397 4121 2475 4164 est
2501 4129 2620 4165 cum
2660 4114 2883 4169 tenebris
2919 4115 3002 4187 (Il
3030 4115 3155 4172 Cor.
3186 4133 3260 4182 vr,
3286 4120 3376 4186 Η)
3402 4138 3416 4173 :
3441 4137 3568 4176 nam
3594 4125 3690 4193 qui
3728 4127 3883 4196 prius

2254 4187 2260 4193 ’
2297 4215 2514 4255 eramus
2546 4204 2797 4264 tenebrat,
2834 4221 2977 4261 nunc
3006 4206 3132 4261 facti
3169 4223 3359 4264 sumus
3404 4211 3493 4265 lux
3542 4212 3595 4265 itt
3623 4187 3883 4280 Domino,

2298 4306 2527 4346 necesse
2554 4293 2570 4332 ί
2600 4302 2685 4347 est
2718 4303 2801 4358 ut,
2826 4296 2960 4349 sicut
2993 4296 3091 4365 ﬁlii
3129 4298 3262 4354 lucis
3296 4302 3623 4357 ambulemus
3654 4304 3878 4374 (Enim.

2296 4396 2350 4445 v,
2381 4382 2458 4453 8).
2494 4382 2643 4438 Unde
2671 4386 2812 4454 quod
2850 4388 2987 4457 apud
3018 4388 3186 4444 Deum
3213 4391 3381 4445 semel
3407 4392 3784 4462 deposuimus,
3816 4406 3885 4451 ut

2222 4455 2271 4513 Ῑ)
2300 4470 2404 4524 vita
2443 4484 2624 4528 nostra
2654 4490 2776 4530 cum
2806 4475 3023 4533 Christo
3052 4480 3367 4536 abscondita
3408 4484 3463 4537 in
3498 4485 3657 4540 ccelis
3689 4502 3880 4540 serra-

2298 4570 2448 4618 retur
2466 4604 2482 4629 ,
2514 4581 2620 4620 non
2651 4576 2977 4637 repetamus,
3005 4571 3176 4627 donec
3194 4572 3442 4629 Christus
3480 4576 3683 4631 iterum
3710 4595 3881 4649 appa-

2296 4667 2442 4723 reat,
2480 4667 2559 4724 ut,
2591 4676 2711 4713 cum
2735 4658 2976 4717 Christus
3002 4668 3307 4734 apparuerit
3346 4667 3450 4721 uita
3499 4680 3711 4733 nostra,
3756 4686 3877 4723 cum

2293 4747 2406 4814 ipso
2434 4764 2776 4819 appareamus
2807 4751 2863 4806 in
2900 4753 3071 4823 gloria
3094 4754 3230 4826 (Col.
3264 4772 3347 4821 ιιι,
3377 4756 3455 4828 4).
3483 4756 3785 4815 Servemus
3816 4770 3881 4815 et

2294 4837 2593 4907 depositum
2624 4840 2740 4910 ejus
2779 4842 2831 4896 in
2864 4845 3039 4909 nobis,
3072 4847 3260 4917 utique
3296 4848 3496 4903 bonum
3529 4851 3877 4913 thesaurum.

2291 4927 2498 4982 scilicet
2541 4941 2814 4999 repertum
2865 4934 2918 4988 in
2959 4949 3092 5006 agro
3137 4939 3381 5007 corporis
3405 4938 3635 5005 Christi,
3673 4944 3732 4995 in
3765 4958 3881 5009 quo

2288 5028 2410 5073 sunt
2432 5036 2607 5076 omnes
2627 5025 2856 5077 thesauri
2890 5029 3159 5096 sapientia:
3185 5040 3342 5099 atque
3369 5031 3606 5085 scientiis
3634 5031 3770 5102 (Col.
3808 5049 3882 5097 ιι,

2289 5110 2367 5181 3),
2396 5110 2501 5166 ﬁde
2524 5112 2732 5183 integra
2757 5114 3060 5185 bajulantes
3085 5134 3207 5174 cum
3244 5120 3298 5175 in
3321 5122 3455 5175 vasis
3478 5123 3595 5176 istis
3614 5121 3881 5190 ﬁctilibus

2363 5306 2384 5347 ί
2426 5307 2482 5362 in
2504 5308 2664 5363 editis
2682 5312 2833 5365 deest
2857 5311 2993 5366 Tito.

2358 5380 2387 5418 ⁸
2426 5378 2593 5442 Edit.,
2616 5396 2766 5447 opere
2791 5391 2846 5433 ut
2872 5399 3248 5440 conservemus.

2355 5447 2394 5523 h_
2424 5447 2591 5523 Edit.,
2626 5450 2854 5523 interim,
2905 5452 3059 5521 cujus
3099 5455 3214 5510 loco
3255 5457 3390 5514 solet
3410 5458 3742 5520 Paschasius
3792 5466 3880 5523 uti

2287 5519 2450 5571 verbo
2478 5518 2756 5571 interdum.
2971 5518 2987 5521 '
3215 5536 3219 5563 τ

2361 5590 2379 5629 ί
2422 5589 2584 5655 Edit.,
2618 5589 2731 5643 ideo
2759 5607 2959 5647 necesse
2983 5604 3077 5648 est.
