4148 6344
315 390 319 394 .
378 339 511 399 “Ol

1298 336 1388 393 ne
1422 336 1597 405 nos,
1632 312 1764 393 'er
1802 335 1891 392 nr
1929 290 2340 397 ansatum.
2377 369 2446 383 --
2485 341 2612 398 un.
2648 342 2694 399 ι.

3487 353 3631 422 uos

379 455 465 529 (If
486 453 612 512 Cor.
642 468 718 518 ιν.
743 450 832 525 7);
865 457 1129 523 quatenus
1162 449 1291 508 hinc
1327 451 1453 507 inde
1479 451 1665 507 ﬁdeles
1708 449 1946 506 lnvenia-
1979 451 2023 509 A
2050 447 2095 504 si
2119 450 2298 504 omnia
2326 453 2517 515 credit,
2542 454 2890 523 quaerendum
2916 469 3038 528 qua:
3060 458 3277 515 omnia?
3303 474 3372 518 ne
3399 461 3540 519 forte
3557 464 3630 519 ob

378 560 522 609 mur,
566 557 638 599 ne
679 558 711 598 ι
734 540 1057 598 "latronibus
1099 540 1159 597 iu
1200 540 1311 608 via,
1361 541 1504 613 quod
1549 541 1711 609 absit,
1759 554 1956 614 exspo—

376 637 591 695 liemur.

988 722 1219 783 CAPUT
1274 723 1342 781 ν.

377 838 534 906 Quod
566 837 775 910 gemina
809 836 899 903 sit,
920 850 1029 889 una
1066 834 1349 910 eademque
1376 833 1529 903 ﬁdes,
1556 833 1692 889 sicut
1720 833 1954 890 charitas

930 921 1038 960 una
1062 904 1406 976 pradicetur.

443 1018 573 1077 llaec
608 1017 679 1074 de
707 1017 837 1085 ﬁde,
861 1012 987 1089 quae
1019 1017 1075 1073 in
1099 1017 1270 1072 Deum
1304 1023 1408 1081 est,
1446 1016 1588 1072 dicta
1623 1017 1761 1083 sint;
1790 1024 1953 1071 caue-

373 1125 495 1168 rum
531 1109 835 1176 videamus,
878 1108 926 1163 si
968 1117 1025 1163 et
1064 1108 1311 1179 proximo
1357 1105 1489 1162 ﬁdes
1534 1107 1799 1161 servanda
1846 1106 1945 1172 sit;

371 1201 676 1275 praesertim
708 1215 832 1256 cum
868 1200 924 1255 in
955 1198 1247 1256 Salomone
1296 1199 1537 1270 legamus
1568 1216 1581 1253 :
1612 1196 1799 1252 Fidem
1827 1215 1951 1269 pos-

369 1293 486 1349 side
511 1309 631 1349 eum
656 1294 893 1361 proximo
929 1300 1018 1346 tuo
1042 1291 1230 1360 (Eccli.
1267 1308 1403 1356 χχιι,
1435 1292 1556 1359 l8);
1588 1292 1794 1360 utique,
1821 1291 1945 1360 quia

370 1383 507 1440 ﬁdes
551 1382 856 1439 communis
877 1382 1148 1452 possessio
1177 1390 1288 1447 est;
1339 1396 1443 1436 non
1494 1382 1639 1436 enim
1681 1381 1734 1435 in
1768 1381 1946 1451 aliquo

371 1473 490 1531 sine
523 1471 771 1542 proximo
804 1469 929 1539 jure
956 1470 1297 1539 possidetur;
1337 1471 1464 1541 quia
1499 1478 1553 1523 et
1591 1470 1636 1524 si
1668 1470 1743 1523 illi
1769 1469 1941 1533 deest,

371 1561 460 1619 cui
482 1570 679 1616 ttuam
708 1575 928 1615 servare
977 1560 1239 1630 disponis,
1283 1559 1338 1613 in
1385 1559 1475 1612 illo
1523 1568 1701 1614 tamen
1730 1567 1945 1628 oportet
1976 1612 1979 1615 η

368 1660 520 1707 tuam
545 1650 844 1722 possideas.
872 1649 1123 1719 Alioquin
1151 1650 1298 1705 solus
1323 1650 1423 1705 sibi
1447 1649 1569 1719 quis
1599 1660 1744 1705 recte
1770 1650 1945 1720 possi-

370 1745 496 1803 dere
519 1744 741 1814 poterit,
776 1760 938 1815 quam
977 1760 1102 1799 mox
1129 1744 1245 1799 sine
1279 1743 1369 1797 illo
1396 1742 1627 1797 amittit?
1657 1741 1808 1797 Unde
1844 1756 1942 1795 ne-

2057 539 2162 596 boc
2187 540 2353 595 etiam
2377 544 2656 600 erroribus
2691 545 3048 607 involvantur.
3082 548 3268 606 Credit
3304 552 3487 624 itaque
3514 569 3632 610 om.

2056 628 2145 698 nia
2172 630 2452 716 credibilia
2477 633 2683 703 absque
2708 634 2815 689 ulla
2841 637 3162 706 exceptione
3183 640 3250 695 de
3280 642 3409 709 Deo,
3441 642 3497 699 in
3520 660 3631 716 quo

2056 717 2201 773 nulla
2240 728 2324 776 est
2356 714 2606 787 falsitas;
2643 731 2700 777 et
2739 722 2863 779 ideo
2887 725 2954 781 de
2985 725 3078 781 illo
3109 728 3368 787 divinitus
3400 747 3522 803 quae
3542 714 3631 790 vdi-

2051 817 2249 865 cuntur
2275 812 2454 867 omnia
2483 810 2673 868 credit.
2701 814 2777 870 De
2796 817 3045 886 proximo
3065 834 3192 876 vero
3219 821 3289 876 ad
3318 838 3626 883 mensuram

2052 901 2136 957 sui
2168 901 2326 958 fidem
2355 905 2576 975 recipit;
2604 906 2697 976 qui
2734 906 2778 962 si
2812 907 2949 964 bene
2981 911 3143 981 sapit,
3173 928 3275 970 nec
3300 915 3537 985 seipsum
3559 932 3629 974 ex

2051 999 2166 1048 toto
2204 994 2366 1049 corde
2394 997 2585 1061 credit,
2632 998 2756 1066 quia
2803 998 2989 1054 Omnis
3017 1002 3172 1056 homo
3199 1006 3425 1060 mendax
3452 994 3625 1079 (Psal.

2049 1098 2171 1148 cxv,
2198 1085 2275 1156 2).
2306 1086 2458 1143 Unde
2484 1088 2597 1142 sola
2632 1098 2760 1145 sunt
2788 1091 2876 1145 illa
2904 1091 2959 1146 in
2988 1095 3143 1149 nobis
3173 1097 3475 1163 credibilia,
3508 1116 3630 1171 qua:

2050 1177 2305 1233 divinitus
2338 1180 2566 1236 veritate
2602 1181 2929 1251 fulciuntur;
2960 1185 3046 1240 illa
3089 1203 3220 1243 vero
3247 1204 3367 1259 qua:
3396 1194 3628 1250 necdum

2050 1268 2102 1322 in
2153 1269 2410 1326 fratribus
2452 1272 2571 1327 luce
2618 1276 3476 1350 veritatis.comprehenduntur,
3525 1301 3629 1341 nec

2048 1356 2299 1413 falsitatis
2333 1362 2618 1417 mendacio
2662 1364 3003 1435 detegantur,
3042 1379 3266 1440 propter
3306 1375 3626 1430 charitatem

2047 1446 2153 1502 ﬁde
2181 1447 2403 1505 ferenda
2448 1460 2595 1518 sunt,
2632 1455 2970 1527 quoadusque
3003 1461 3172 1513 ocitiat
3204 1461 3482 1528 Dominus,
3534 1468 3629 1536 qui

2043 1536 2361 1594 illuminabit
2410 1543 2715 1599 abscondita
2757 1550 3128 1618 tenebrarum,
3176 1562 3224 1607 et
3268 1558 3627 1625 manifestabit

2044 1631 2264 1685 consilia
2293 1635 2530 1688 cordium
2557 1635 2610 1706 (I
2632 1635 2755 1690 Cor.
2788 1640 2956 1711 iv,5).
2988 1640 3126 1697 Hinc
3153 1658 3367 1717 quoque
3396 1648 3627 1717 Aposto-

2043 1719 2128 1775 lus
2158 1738 2172 1774 :
2208 1720 2485 1790 Inﬁrmum
2526 1726 2580 1779 in
2600 1725 2706 1793 ﬁde
2732 1744 2956 1793 assume,
2994 1741 3042 1785 et
3075 1749 3177 1787 non
3199 1734 3254 1789 in
3282 1736 3622 1806 disceptatio-

368 1812 632 1889 cessc‘est
653 1812 882 1904 quisque
920 1834 971 1888 in
1004 1835 1174 1888 altero
1202 1834 1473 1904 possideat
1497 1832 1673 1895 ﬁdem,
1698 1846 1860 1901 quam
1890 1832 1943 1885 in
1974 1813 2020 1873 Β
2050 1812 2201 1904 "ibi?
2231 1813 2409 1883 (Rom-
2443 1831 2518 1880 ινν
2556 1818 2639 1887 ¹);
2673 1834 2740 1873 ne
2769 1820 2896 1874 dum
2935 1836 3042 1877 non
3082 1826 3340 1892 creditur,
3369 1830 3624 1885 scandan

364 1924 585 1994 pmprio
631 1924 793 1980 corde
838 1924 1004 1997 gerit;
1057 1924 1123 1979 de
1165 1939 1270 1992 qua
1312 1922 1445 1977 mihi
1491 1922 1844 1977 dubitandum
1882 1929 1943 1974 ut

368 2016 624 2080 amittas,
693 2015 860 2070 etiam
910 2015 1037 2069 dum
1096 2013 1375 2085 proximus
1427 2028 1580 2067 suam
1622 2011 1939 2082 perdiderit.

366 2107 592 2179 Magnus
644 2106 808 2177 igitur
857 2108 1143 2163 thesaurus
1189 2106 1322 2162 ﬁdes
1381 2105 1675 2169 non-ﬁcta,
1729 2105 1783 2159 in
1835 2120 1940 2174 qua

364 2199 569 2254 veritas
626 2210 891 2253 servatur.
948 2198 1016 2252 Et
1065 2198 1187 2254 ideo
1227 2197 1353 2251 hinc
1401 2196 1523 2251 inde
1578 2196 1718 2250 inter
1761 2196 1943 2266 proxi-

364 2304 483 2344 mos
528 2287 753 2344 alternis
795 2287 1133 2358 resplendeat
1178 2286 1476 2351 aﬁ‘ectibus,
1509 2294 1775 2355 quatenus
1819 2301 1939 2341 me-

363 2381 452 2436 dia
504 2381 701 2436 mentis
756 2381 1026 2451 possessio
1069 2381 1251 2450 plures
1301 2379 1475 2443 uniat,
1531 2379 1654 2433 dum
1699 2378 1983 2437 dilectio-.

363 2486 488 2527 nem
539 2482 794 2541 operatur
839 2473 891 2527 in
938 2472 1185 2542 proximo
1228 2481 1283 2526 et
1326 2471 1630 2537 veritatem,
1671 2485 1830 2540 quam
1882 2470 1936 2524 in

362 2580 423 2620 se
444 2564 618 2636 diligit
653 2566 882 2629 servari,
909 2564 1144 2620 custodit
1166 2563 1340 2617 alteri.
1372 2561 1545 2625 Unde,
1575 2571 1633 2615 ut
1658 2562 1787 2627 dixi,
1814 2561 1937 2633 jure

361 2656 575 2725 gemina
624 2656 984 2726 praedicatur;
1031 2656 1155 2725 quia
1206 2655 1343 2709 sicut
1383 2663 1466 2707 cst
1507 2653 1779 2718 charitas,
1829 2667 1937 2722 qua

360 2740 505 2802 DCus
528 2762 595 2801 ex
623 2755 733 2801 toto
759 2746 940 2810 corde,
971 2756 1026 2800 et
1053 2762 1117 2799 ex
1149 2753 1257 2800 tota
1288 2744 1485 2804 anima.
1517 2753 1571 2798 ct
1593 2759 1660 2799 ex
1693 2753 1800 2798 tota
1825 2744 1938 2798 vir—

357 2842 473 2889 tute
493 2836 520 2877 b
542 2835 811 2906 diligitur;
840 2835 913 2890 ita
936 2835 1093 2891 debet
1111 2849 1229 2890 esse
1249 2843 1303 2889 et
1326 2833 1478 2897 fides,
1503 2850 1606 2904 qua
1628 2834 1742 2904 ipse
1770 2834 1937 2889 idem-

358 2939 468 2993 que
494 2940 561 2980 ει
594 2933 707 2980 toto
740 2925 923 2989 corde,
956 2933 1012 2980 et
1038 2940 1104 2980 ex
1148 2932 1255 2977 tota
1297 2923 1495 2987 anima,
1526 2934 1688 2993 atque
1725 2939 1792 2978 ex
1825 2932 1935 2979 tota

360 3016 484 3074 ﬁdei
511 3015 710 3071 virtute
736 3016 1006 3081 credatur,
1038 3016 1275 3070 creditus
1303 3025 1532 3080 ametur,
1565 3023 1776 3070 amatus
1807 3031 1935 3070 vero

357 3121 457 3178 spe
491 3116 640 3162 certa
668 3115 933 3171 teneatur,
965 3115 1020 3161 et
1052 3105 1173 3160 ideo
1215 3104 1369 3159 ﬁdem
1393 3105 1463 3168 ei,
1494 3121 1656 3175 quam
1686 3106 1752 3160 de
1780 3105 1934 3160 nobis

354 3198 802 3271 promisimus,ex
829 3205 941 3253 toto
959 3197 1320 3253 custodiamus
1342 3214 1355 3251 :
1376 3198 1500 3268 quia
1525 3197 1658 3266 ﬁdes
1686 3198 1798 3252 sine
1813 3215 1934 3268 ape-

356 3290 500 3346 ribus
521 3288 842 3359 ahapostolo
857 3298 1062 3342 mortua
1086 3287 1409 3359 praedicatur
1426 3288 1647 3359 (Jac.'tt,
1667 3287 1758 3358 26)
1778 3307 1790 3341 :
1811 3303 1934 3341 nam

348 3380 530 3449 justus
553 3396 616 3436 ex
641 3380 745 3435 ﬁde
779 3380 942 3446 vivit;
974 3380 1105 3435 ﬁdes
1133 3395 1261 3435 vero
1276 3380 1437 3450 justis
1466 3381 1681 3449 suisque
1702 3391 1724 3419 ο
1759 3380 1936 3449 operi-

354 3475 457 3530 bus
483 3474 807 3529 viviﬁcalur.
836 3472 966 3542 Qum
1002 3473 1045 3528 si
1094 3483 1304 3526 mortua
1344 3471 1525 3537 fuerit,
1565 3487 1933 3540 possessorem

356 3564 581 3621 minime
615 3565 770 3619 suum
796 3565 994 3634 poterit
1022 3564 1315 3618 viviﬁcare.
1341 3562 1675 3633 Quapropter
1700 3577 1854 3616 nemo
1877 3576 1936 3617 se

355 3656 616 3725 deludat;
650 3657 696 3712 si
733 3656 847 3710 vult
881 3655 1058 3723 justus
1103 3670 1170 3709 ex
1215 3654 1319 3710 ﬁde
1360 3655 1556 3717 vivere,
1603 3655 1751 3707 vivat
1803 3652 1936 3708 ﬁdes

354 3750 471 3822 ejus
487 3767 520 3806 a
535 3750 927 3821 suisjustisque
953 3749 1235 3819 operibus:
1252 3764 1474 3804 necesse
1493 3756 1575 3802 est
1597 3756 1655 3801 ut
1676 3762 1770 3815 per
1791 3762 1932 3808 eam,

354 3858 477 3915 qua:
501 3843 655 3908 vivit,
691 3844 995 3898 viviﬁcetur
1022 3852 1078 3897 et
1104 3843 1248 3911 ipse;
1279 3857 1346 3897 ne
1381 3840 1520 3896 forte
1544 3856 1642 3909 per
1670 3856 1788 3895 eam
1815 3855 1934 3910 quae

353 3942 564 3990 mortua
580 3941 687 3997 est,
709 3934 975 3989 moriatur
999 3941 1054 3988 et
1079 3932 1212 4002 ipse.
1242 3932 1401 3988 Fides
1426 3946 1659 4002 namque
1686 3932 1935 4001 proximo

353 4033 503 4079 tanta
529 4030 587 4079 et
628 4023 751 4078 talis
787 4023 1051 4079 servanda
1092 4030 1197 4088 est,
1238 4021 1474 4092 qualem,
1513 4028 1836 4090 quantumve
1867 4020 1934 4075 ab

354 4129 421 4170 eo
442 4114 544 4171 sibi
570 4114 777 4171 servari
802 4113 1065 4179 voluerit;
1095 4113 1328 4183 alioquin
1361 4128 1519 4169 nemo
1544 4112 1696 4168 alteri
1718 4110 1744 4151 ἀ
1770 4111 1931 4167 ﬁdem

352 4205 632 4275 impendit,
666 4219 827 4274 quam
867 4205 967 4259 sibi
993 4205 1057 4259 dc
1085 4205 1247 4259 corde
1275 4204 1440 4270 tollit;
1471 4213 1525 4258 et
1548 4205 1667 4260 ideo
1687 4190 1932 4258 nostrum

352 4303 439 4350 est
470 4295 614 4365 quod
654 4294 951 4364 perdimus,
978 4294 1105 4348 dum
1152 4295 1398 4365 proximo
1436 4295 1593 4351 ﬁdem
1624 4288 1930 4366 negamus;

355 4398 419 4438 ac
438 4398 533 4452 per
559 4383 661 4438 hoc
681 4391 941 4452 quantum
968 4397 1087 4437 eam
1112 4384 1379 4439 nobismet
1397 4400 1694 4451 servamus,
1723 4395 1931 4441 tantum

2045 1902 2505 1972 pusillanimitalis
2529 1908 2786 1976 patiatur.
2816 1909 2958 1981 Ergo
2986 1928 3052 1967 ex
3080 1914 3237 1971 nobis
3264 1919 3623 1988 omnibusque

2044 1991 2239 2047 amicis
2270 2000 2325 2048 et
2364 1994 2598 2051 initnicis
2644 1997 2778 2054 ﬁdes
2810 2003 3072 2055 servanda
3102 2012 3185 2058 est
3215 2022 3228 2059 :
3267 2005 3287 2045 ί
3319 2009 3509 2064 amicis
3548 2008 3623 2064 si-

2043 2083 2260 2152 quidem
2303 2085 2358 2139 in
2393 2085 2586 2154 Deum,
2618 2089 2848 2145 inimicis
2887 2102 3110 2163 propter
3135 2095 3339 2164 Deum;
3368 2100 3622 2168 quoniam

2043 2174 2189 2229 sicut
2212 2175 2353 2231 Deus
2379 2178 2637 2242 charitas,
2670 2180 2743 2235 ita
2772 2190 2829 2236 et
2852 2185 3054 2239 veritas
3079 2185 3336 2243 divinitus
3364 2191 3625 2259 praedica-

2043 2273 2151 2321 tur.
2174 2265 2284 2323 Nec
2306 2268 2472 2339 igitur
2492 2271 2895 2337 aestimandum,
2922 2276 3063 2343 quod
3087 2276 3311 2333 alteram
3333 2281 3617 2350 proximis,

2042 2364 2137 2410 aut
2161 2356 2255 2411 ulli
2289 2358 2566 2414 hominum
2597 2361 2756 2416 ﬁdem
2804 2364 3119 2431 debeamus,
3150 2383 3313 2437 quam
3361 2386 3481 2440 quas
3524 2386 3622 2443 per

2041 2444 2384 2501 dilectionem
2408 2462 2685 2517 operatur.
2718 2450 2985 2507 Caeterum
3019 2454 3129 2519 illa,
3155 2471 3274 2524 quae
3300 2458 3513 2513 illicitas
3541 2460 3620 2515 fo-

2041 2546 2132 2591 vet
2160 2536 2433 2592 bominum
2473 2540 2796 2607 voluntates,
2842 2543 2981 2598 sicut
3007 2560 3110 2599 non
3152 2556 3236 2601 est
3272 2549 3513 2605 charitas
3538 2552 3622 2606 in-

2042 2628 2212 2684 tentio
2240 2628 2329 2684 illa
2350 2646 2455 2700 qua
2486 2632 2725 2702 diligitur
2752 2634 3031 2704 iniquitas,
3060 2639 3154 2692 sed
3182 2639 3363 2694 odium
3388 2642 3614 2697 animae:

2041 2720 2115 2775 ita
2146 2736 2245 2777 nec
2274 2721 2407 2777 ﬁdes
2436 2724 2769 2793 appellanda,
2803 2728 2896 2781 sed
2927 2727 3234 2791 inﬁdelitas,
3263 2747 3369 2801 qua
3405 2732 3622 2788 fovetur

2039 2810 2337 2881 proximus,
2383 2812 2510 2867 dum
2553 2815 2654 2869 scit
2705 2815 2853 2870 illum
2901 2817 3062 2871 noxia
3109 2819 3260 2880 velle,
3297 2822 3347 2873 in
3379 2836 3484 2890 quo
3510 2838 3616 2877 non

2040 2899 2199 2956 liceat
2226 2903 2551 2958 consentire.
2583 2905 2846 2970 Quoniam
2874 2905 3307 2964 Christianorum
3343 2911 3455 2965 sola
3485 2912 3620 2968 ﬁdes

2039 2998 2143 3056 est,
2174 3007 2293 3062 qua:
2327 3007 2425 3062 per
2449 2994 2789 3050 dilectionem
2825 3007 3100 3066 operatur.
3144 3000 3347 3055 Idcirco
3384 3001 3615 3067 inﬁdelis

2043 3082 2269 3151 quisque
2308 3084 2665 3151 convincitur,
2696 3087 2822 3140 dum
2852 3088 2972 3142 sine
2996 3088 3101 3143 ﬁde
3131 3105 3251 3158 qua:
3281 3090 3617 3148 Christiano-

2041 3187 2159 3226 rum
2215 3182 2326 3239 est,
2363 3174 2507 3231 circa
2563 3176 2727 3231 Deum
2767 3187 2820 3232 et
2861 3180 3163 3247 proximum
3214 3184 3613 3252 comprobatur.

2038 3265 2114 3319 De
2143 3274 2338 3321 caetero
2358 3278 2616 3336 quantum
2646 3270 2799 3323 nobis
2826 3272 3067 3339 impedit,
3093 3272 3140 3326 si
3169 3273 3409 3328 charitas
3436 3275 3617 3345 proxi-

2036 3356 2111 3410 mi
2146 3357 2289 3412 circa
2324 3372 2423 3412 nos
2457 3357 2755 3426 frangatur,
2787 3368 2992 3415 tantum
3019 3370 3074 3416 et
3108 3363 3152 3416 si
3182 3361 3314 3418 ﬁdes
3342 3363 3570 3419 violetur
3596 3383 3612 3419 :

2036 3446 2108 3501 ita
2154 3448 2367 3502 demum
2410 3449 2456 3502 si
2503 3459 2687 3504 nostra
2729 3451 2880 3516 fides,
2929 3460 3024 3506 aut
3069 3453 3308 3507 charitas
3351 3454 3405 3508 in
3453 3455 3612 3510 nobis

2034 3541 2182 3596 circa
2212 3541 2380 3596 Deum
2404 3550 2459 3596 et
2479 3542 2781 3611 proximum
2816 3544 3026 3613 integra
3057 3545 3413 3600 custodiatur.
3437 3546 3610 3612 Quam

2034 3645 2165 3685 sane
2187 3632 2584 3701 possessionem
2616 3647 2775 3686 nemo
2818 3634 3018 3689 invitus
3047 3635 3244 3705 perdit,
3276 3651 3435 3691 nemo
3457 3635 3613 3692 alteri

2034 3722 2154 3780 sine
2177 3723 2352 3779 fructu
2377 3724 2650 3794 rependit;
2676 3740 2835 3781 nemo
2860 3742 2981 3781 cum
3013 3727 3351 3797 impenderit,
3383 3727 3612 3793 amittit;

2032 3816 2162 3871 nulli
2185 3815 2428 3888 plurimis
2458 3818 2579 3874 data
2613 3818 2903 3885 minuitur;
2940 3819 3070 3873 nulli
3100 3834 3208 3876 non
3234 3834 3470 3891 expensa
3499 3834 3615 3877 ser-

2033 3915 2212 3961 vatur.

2636 4018 2862 4076 CAPUT
2904 4018 2991 4074 Vl.

2034 4126 2188 4192 Quod
2211 4144 2476 4199 nunquam
2507 4138 2642 4182 recte
2661 4129 2723 4183 de
2744 4129 2847 4182 alio
2870 4128 2968 4182 hoc
2989 4144 3150 4199 genus
3178 4126 3482 4195 locutionis,
3509 4130 3611 4185 nisi

2102 4199 2167 4251 de
2206 4198 2664 4271 Deq'solo,etAin
2712 4199 2880 4253 Deum
2914 4198 3192 4268 accipitur,
3237 4200 3449 4271 quando
3483 4200 3615 4255 dici-

2101 4285 2215 4322 mus
2239 4283 2258 4319 :
2289 4268 2462 4324 Credo
2496 4270 2548 4323 in
2576 4269 2766 4324 Deum.
3007 4286 3023 4299 '

2106 4382 2157 4435 l.
2186 4380 2496 4451 Proprietas
2527 4383 2691 4453 igitur
2717 4382 2875 4453 hujus
2904 4385 3052 4439 verbi
3084 4384 3475 4440 consideranda
3504 4393 3611 4450 est,

353 4471 508 4527 alteri
539 4471 682 4525 illam
710 4473 1091 4541 impendimus.
1117 4470 1222 4527 Sed
1245 4489 1349 4526 non
1373 4473 1474 4527 ista
1508 4474 1682 4544 itaque
1705 4475 1931 4530 alternis
1955 4503 2009 4562 Ι)
2034 4487 2155 4525 cum
2187 4471 2418 4526 dicimus
2443 4487 2510 4526 ex
2537 4474 2859 4526 auctoritate
2890 4472 3153 4544 Symboli,
3182 4474 3324 4544 quod
3348 4474 3403 4528 in
3430 4475 3611 4544 bapti-

351 4564 646 4634 propositio
671 4565 785 4619 suis
819 4564 1108 4635 respondet
1134 4560 1417 4633 partibus:
1452 4582 1556 4619 non
1582 4567 1748 4630 enim,
1777 4575 1835 4619 ut
1862 4566 1929 4620 de
1956 4559 1993 4562 ⁷
2031 4576 2151 4615 snio
2179 4559 2408 4615 confessi
2448 4576 2631 4615 sumus
2658 4578 2671 4614 :
2702 4560 2870 4614 Credo
2897 4563 2952 4615 in
2988 4562 3156 4616 Deum
3196 4559 3410 4616 Patrem
3445 4563 3615 4617 omni-

351 4662 532 4708 nostra
583 4656 785 4711 scimus
826 4653 949 4720 ﬁde,
999 4655 1251 4709 omnibus
1286 4656 1352 4710 de
1390 4672 1484 4709 sua
1520 4657 1741 4710 credere
1772 4656 1929 4725 jube-

352 4760 475 4800 mur
510 4763 524 4799 :
555 4747 813 4817 quoniam
841 4746 992 4801 mulli
1028 4745 1193 4800 multa
1230 4745 1537 4815 loquuntur,
1569 4756 1624 4800 et
1653 4746 1772 4801 ideo
1804 4762 1926 4801 rara

349 4845 436 4891 est
466 4835 630 4903 ﬁdes;
659 4836 752 4892 sed
779 4846 839 4892 ut
862 4854 1021 4908 supra
1052 4837 1310 4907 prtemisi,
1350 4847 1496 4891 tanto
1521 4837 1830 4892 credibilius
1860 4852 1929 4893 ex

351 4925 523 4981 altero
550 4928 837 4991 sentimus,
864 4937 1067 4998 quanto
1095 4926 1420 4982 fructuosius
1450 4929 1587 4997 apud
1619 4943 1739 4981 eum
1772 4926 1925 4996 cujus

351 5014 484 5070 ﬁdes
505 5026 607 5079 est,
636 5028 659 5055 ο
690 5017 1151 5087 perdilectionem
1183 5018 1327 5072 circa
1356 5018 1519 5072 Deum
1542 5024 1597 5072 et
1620 5018 1925 5087 proximum

349 5114 568 5173 operata
597 5105 794 5172 fuerit;
827 5116 1004 5162 tamen
1038 5108 1241 5162 dictum
1271 5107 1497 5178 legimus
1524 5109 1593 5162 ab
1621 5109 1877 5178 Apostole
1909 5128 1925 5165 :

348 5193 595 5248 Chamas
636 5197 813 5251 omnia
855 5198 1018 5250 credit
1061 5196 1112 5267 (1
1139 5196 1263 5250 Cor.
1302 5213 1418 5259 xui,
1454 5197 1527 5267 7).
1578 5196 1827 5268 Nunquid
1874 5207 1930 5255 et

351 5288 483 5343 falsa
516 5291 884 5360 proximorum
927 5292 1129 5357 idcirco
1166 5292 1388 5347 credere
1430 5295 1749 5364 persuadet?
1790 5294 1929 5373 Quia

491 5446 653 5511 Editi,
682 5450 729 5502 si
754 5458 901 5503 tuam
933 5466 1161 5516 servare,
1193 5450 1396 5507 omisso
1420 5454 1525 5506 cui.

402 5513 451 5569 ηδ
473 5516 637 5583 Edit.,
666 5529 884 5574 ametur.
925 5520 981 5575 ln
1005 5513 1167 5576 editis
1186 5523 1335 5577 deest
1364 5521 1447 5577 Ea:
1465 5533 1575 5576 tota
1598 5534 1783 5579 virtute
1801 5525 1927 5580 dili-

350 5586 492 5653 gitur
523 5603 541 5640 :
581 5587 653 5665 ita
700 5589 847 5643 debet
888 5608 999 5665 esse
1027 5602 1074 5645 et
1101 5592 1231 5659 ﬁdes
1252 5633 1266 5656 ,
1296 5609 1399 5662 qua
1438 5594 1545 5663 ipse
1590 5595 1827 5665 idemque
1863 5614 1928 5651 ea:

350 5665 458 5706 tnta
486 5660 661 5720 rente,
691 5674 753 5710 es:
772 5668 886 5712 tota
909 5662 1106 5714 anima.
1308 5660 1315 5662 ⁷
1457 5660 1463 5663 ⁷
1742 5660 1749 5665 ’
1844 5670 1851 5681 “

423 5738 445 5761 ε
470 5726 636 5792 lidiL,
682 5730 917 5797 piisque;
958 5732 1048 5785 scd
1080 5732 1270 5787 melius
1305 5735 1536 5799 suisque.
1591 5734 1722 5789 Nam
1771 5736 1926 5804 paulo

2029 4660 2305 4719 potentem,
2334 4659 2381 4703 et
2407 4650 2460 4703 in
2485 4649 2668 4704 Iesum
2688 4649 2971 4715 Christum,
3005 4651 3209 4707 Filium
3237 4654 3375 4723 ejus,
3399 4662 3459 4708 ut
3486 4655 3613 4710 sub-

2037 4738 2366 4809 intelligatur
2420 4737 2608 4795 Credo.
2676 4741 2879 4797 Deinde
2927 4740 3095 4798 Credo
3154 4755 3202 4798 et
3250 4745 3306 4799 in
3354 4743 3612 4815 Spiritum

2028 4824 2289 4885 sanctum.
2320 4832 2377 4886 In
2409 4834 2537 4888 totis
2571 4849 2701 4889 sane
2736 4836 2909 4891 tribus
2940 4837 3191 4907 personis
3211 4852 3316 4891 una
3342 4837 3613 4893 confessio

2033 4931 2118 4976 est
2166 4925 2233 4979 ab
2278 4927 2534 4995 apostolis
2575 4929 2793 4995 tradita,
2844 4944 2949 4983 una
2994 4938 3295 4998 proprietas
3338 4927 3486 4983 verbi
3541 4929 3612 4983 ab

2034 5015 2288 5070 erunibus
2337 5033 2468 5073 voce
2514 5020 2835 5093 intelligihili
2886 5016 3209 5077 conﬁtenda.
3254 5020 3423 5075 Nemo
3464 5020 3611 5075 enim

2034 5118 2186 5163 recte
2224 5110 2356 5165 dicit
2387 5130 2399 5165 :
2433 5112 2607 5169 Credo
2642 5114 2694 5167 in
2733 5113 3058 5184 proximum,
3091 5112 3188 5167 vel
3240 5114 3304 5167 iu‘
3338 5112 3611 5183 angelum,

2034 5197 2121 5252 vel
2148 5199 2200 5253 in
2223 5201 2518 5270 quamlibet
2543 5211 2936 5258 creaturarum.
2965 5203 3117 5258 Unde
3145 5210 3200 5257 et
3225 5206 3610 5272 proprietatem

2039 5290 2196 5363 hujus
2219 5295 2576 5353 confessionis
2607 5298 2660 5352 in
2688 5298 2938 5353 omnibus
2963 5296 3258 5367 Scripturis
3286 5296 3482 5351 divinis
3508 5295 3609 5352 soli

2032 5455 2157 5518 post
2174 5450 2357 5505 subdit
2380 5469 2393 5504 :
2427 5449 2578 5507 Vivat
2599 5452 2729 5521 ﬁdes
2754 5451 2867 5523 ejus
2889 5470 2922 5506 α
2942 5454 3053 5508 suis
3064 5452 3326 5524 justisque
3345 5453 3621 5523 operibus.

2112 5518 2138 5558 ἀ
2170 5520 2330 5574 Editi.
2359 5521 2574 5574 alterius
2594 5538 2613 5574 :
2644 5523 2738 5574 sed
2766 5523 2956 5574 melius
2978 5524 3151 5574 alteri.

2112 5523 2138 5558 α
2170 5523 2331 5583 Editi,
2359 5523 2613 5588 alterius;
2644 5523 2738 5578 sed
2766 5523 2956 5591 melius
2978 5524 3151 5577 alteri.

2110 5606 2132 5631 ε
2161 5588 2215 5644 lu
2238 5590 2400 5644 editis
2427 5592 2581 5646 deest
2610 5604 2705 5647 est.
2842 5640 2847 5645 ,

2099 5664 2129 5744 ,ί
2165 5662 2229 5741 In
2248 5661 2406 5716 editis
2444 5663 2783 5719 desideratur
2820 5665 3002 5717 amicis
3033 5664 3282 5718 siquidem
3322 5663 3374 5716 in
3402 5661 3607 5724 Deum;

2034 5748 2278 5787 ll‘lltﬂlC'lS.
2842 5746 2872 5764 ⁴
