4104 6340
532 323 672 380 “05

1336 315 1394 370 δ.
1438 310 1794 372 ΡΑεοιιΑειι
1831 305 2179 366 RADBERTI
2216 304 2508 362 ABBATIS
2545 305 2996 366 CORBEIENSIS

3665 312 3812 370 μοι

531 436 645 491 Deo
681 430 925 505 reperies
961 434 1356 486 conservatam.
1399 425 1480 480 Et
1513 440 1622 495 quo
1647 431 1882 489 constat,
1912 419 2110 492 quibus
2139 421 2186 480 Α
2213 430 2308 505 spe
2330 425 2384 474 et
2415 419 2703 488 charitate,
2731 422 2900 476 adoro
2945 419 3116 487 illum,
3161 431 3217 477 et
3250 431 3422 478 totum
3459 439 3550 480 me
3586 427 3644 481 in
3691 427 3816 496 ejus

533 527 764 587 debetur
798 537 904 580 una
952 519 1243 584 confessio,
1287 517 1430 588 quod
1479 513 1585 572 una
1629 519 1702 573 sit
1745 517 1938 581 deitas,
1989 515 2116 570 dum

532 613 819 688 quidquid,
858 611 1008 668 salva
1048 609 1312 665 relatione
1346 623 1720 678 personarum.
1757 607 2032 662 credimus
2060 605 2115 660 in

531 705 775 770 Patrem,
807 705 912 760 hoc
947 710 1118 757 totum
1159 701 1213 754 in
1243 698 1461 762 Filium,
1510 699 1613 753 hoc
1651 707 1709 752 et
1753 698 1807 752 in
1855 696 2118 766 Spiritum

533 806 814 862 sanctum,
863 794 1072 851 scilicet
1125 807 1326 854 unum,
1357 789 1869 844 consubstantialem
1915 789 2118 853 Deum,

531 906 697 946 uuam
742 888 1212 958 omnipotentiam,
1247 883 1690 954 magnitudinem,
1723 898 1886 936 unam
1927 883 2116 947 vitam,

534 995 810 1048 unamque
835 979 1140 1041 veritatem,
1165 984 1218 1030 et
1245 974 1522 1044 quidquid,
1551 983 1610 1027 ut
1635 973 1765 1036 dixi,
1793 973 2121 1028 substantia-

534 1069 662 1124 liter
711 1069 929 1123 Patrem
983 1081 1106 1121 esse
1155 1065 1454 1128 credimus,
1507 1063 1710 1133 absque
1764 1079 2116 1133 personarum

536 1162 902 1221 distinctione,
960 1159 1066 1213 hoc
1112 1165 1278 1212 totum
1329 1171 1449 1210 esse
1491 1155 1709 1219 Filium,
1758 1165 1813 1209 et
1859 1156 2119 1225 Spiritum

535 1263 785 1310 sanctum
814 1250 1156 1308 conﬁtemur.
1184 1247 1426 1324 Dicimus
1451 1254 1630 1301 tamen
1666 1264 1678 1299 :
1708 1246 1880 1300 Credo
1901 1245 2122 1300 cuilibet

537 1344 770 1408 homini,
806 1342 964 1397 sicuti
994 1340 1225 1394 dicimus
1253 1355 1266 1391 :
1292 1337 1467 1393 Credo
1500 1345 1556 1392 et
1595 1337 1725 1392 Deo.
1759 1337 1912 1393 Unde
1939 1337 2122 1392 Domi-

535 1451 640 1489 nus
673 1452 688 1487 :
722 1432 780 1488 Si
799 1431 1075 1487 crederetis
1107 1429 1297 1498 Moysi,
1319 1429 1594 1482 crederetis
1621 1438 1669 1482 et
1698 1429 1824 1484 mihi
1855 1429 2038 1500 (Joan.
2063 1445 2118 1494 ν,

537 1525 655 1598 46).
683 1524 967 1580 Credimus
1002 1537 1132 1593 ergo
1157 1521 1483 1591 patriarchis
1514 1530 1572 1576 et
1601 1522 1907 1592 prophetis,
1947 1521 2121 1577 credi-

537 1632 672 1674 mus.
686 1615 965 1686 apostolis,
1013 1623 1070 1670 et
1109 1615 1313 1669 sanctis
1349 1614 1813 1684 praedicatoribus,
1849 1613 2123 1669 credimus

537 1719 610 1764 et:
623 1710 830 1765 sanctis
863 1707 1090 1780 angelis,
1118 1708 1390 1763 credimus
1427 1703 1689 1777 proximis
1733 1706 1956 1772 nostris,
1986 1721 2122 1776 quos

2218 504 2520 563 devotionis
2567 507 2879 564 famulatum
2925 517 3222 580 transpono
3257 520 3421 583 atque
3463 512 3812 570 transfundo.

2289 598 2342 652 3.
2371 598 2438 653 Et
2456 599 2571 654 haec
2594 609 2677 654 est
2700 599 2854 664 ﬁdes,
2877 600 3090 656 dicente
3110 599 3278 656 Paulo
3296 603 3562 672 apostolo,
3576 621 3701 675 quc
3717 623 3816 678 per

2218 692 2545 747 dilectionem
2563 702 2808 763 operatur
2823 689 2967 763 (Gal.
2997 692 3094 764 vi).
3117 692 3386 764 Operatur
3403 705 3584 752 autem
3605 712 3706 768 per
3731 699 3818 754 dio

2218 779 2529 846 lectionem,
2559 781 2604 834 si
2625 789 2678 835 et
2701 781 2871 836 Deum
2895 791 3116 851 prepter
3145 783 3335 847 Deum,
3351 786 3663 854 proximum
3682 803 3820 844 vero

2220 880 2281 925 ut
2305 885 2364 927 se
2403 871 2600 941 ipsum,
2630 870 2683 924 in
2716 871 2886 925 Deum
2927 869 3129 944 diligat.
3159 872 3290 940 Quae
3314 874 3409 930 Dei
3440 875 3661 932 dilectio
3687 887 3818 934 tunc

2220 962 2426 1030 integre
2465 969 2732 1026 servatur,
2773 962 2817 1016 si
2847 962 2977 1017 lides
3010 965 3259 1034 proximo
3290 982 3394 1021 non
3426 978 3673 1038 negetur.
3699 968 3818 1026 Hoc

2221 1054 2385 1125 igitur
2421 1053 2718 1122 depositum
2757 1068 2922 1122 penes
2963 1071 3062 1111 nos
3091 1059 3342 1126 proximo
3367 1061 3700 1115 servandum
3729 1073 3819 1117 est

2221 1159 2285 1198 ex
2327 1143 2474 1214 lege;
2509 1143 2575 1198 de
2613 1158 2721 1212 quo
2761 1142 2961 1199 Paulus
3003 1145 3327 1217 discipulum
3356 1159 3542 1204 monet
3578 1151 3773 1206 dicens
3803 1172 3815 1181 ·

2220 1233 2427 1288 Bonum
2442 1235 2730 1304 depositum
2745 1236 2946 1288 custodi
2962 1235 3044 1307 (II
3063 1236 3198 1291 Tim.
3215 1239 3380 1310 1,”),
3394 1241 3587 1310 inquit.
3607 1242 3820 1296 Bonum

2223 1325 2409 1396 igitur,
2433 1326 2562 1396 quia
2597 1327 2716 1382 sine
2741 1327 2986 1396 deposito
3014 1329 3162 1394 tidei,
3189 1330 3322 1384 nihil
3353 1341 3504 1386 recte
3530 1331 3818 1395 debemus,

2221 1414 2359 1471 nihil
2392 1414 2754 1480 exsolvimus;
2787 1432 2883 1485 per
2911 1418 3052 1488 quod
3084 1429 3277 1475 cuncta
3305 1421 3515 1492 integra
3543 1424 3817 1490 proximis

2223 1521 2609 1562 conservamus
2634 1524 2648 1561 :
2690 1507 2925 1578 alioquin
2943 1552 2957 1576 ,
2981 1513 3121 1582 quod
3145 1529 3246 1566 non
3285 1529 3350 1567 ea:
3371 1513 3511 1582 ﬁde,
3539 1526 3818 1583 peccatus

2222 1610 2297 1654 est
2328 1599 2503 1672 (Rom.
2545 1617 2657 1666 xiv,
2688 1601 2819 1673 23);
2851 1612 2906 1658 et
2935 1605 3055 1660 ideo
3091 1621 3158 1661 ex
3205 1606 3309 1661 ﬁde
3337 1607 3542 1662 Christi
3569 1616 3824 1663 servetur

2225 1692 2362 1748 ﬁdes
2385 1693 2662 1764 proximo,
2691 1695 2809 1750 sine
2834 1712 2939 1765 qua
2967 1697 3186 1752 dilectio
3217 1697 3446 1764 tollitur,
3480 1708 3539 1753 et
3576 1701 3822 1754 charitas

536 1799 694 1855 bona,
731 1799 854 1854 ﬁdei
880 1777 1001 1854 θεέ-,ε
1033 1812 1140 1852 non
1165 1797 1503 1862 dubitamus;
1531 1811 1631 1852 nec
1659 1805 1835 1851 tamen
1863 1798 2123 1866 in'quem-
2149 1777 2196 1840 Β
2223 1798 2344 1853 qua:
2377 1785 2429 1838 in
2461 1785 2626 1839 Deum
2655 1793 2737 1841 est
2763 1785 3015 1842 violatur.
3052 1786 3335 1845 Credimus
3362 1804 3494 1861 ergo
3525 1799 3581 1846 et
3615 1791 3672 1844 in
3700 1807 3821 1846 ver-

537 1890 672 1945 libet
697 1903 725 1932 ι
755 1906 944 1945 eorum
972 1904 1208 1959 unquam
1241 1889 1474 1960 aliquem
1497 1898 1645 1944 recte
1671 1890 1968 1945 credidisse
1991 1890 2123 1962 legi-

539 1995 681 2035 mus.
712 1979 996 2036 Credimus
1023 1995 1153 2050 ergo
1182 1979 1286 2034 illis
1315 1995 1379 2036 ex
1415 1980 1828 2049 participatione
1858 1981 2122 2047 veritatis,

539 2069 799 2124 bonitatis
819 2071 946 2124 Dei:
979 2087 1084 2124 non
1111 2079 1290 2124 tamen
1318 2071 1370 2124 in
1403 2069 1520 2126 illos
1545 2071 1844 2134 credimus;
1871 2072 1993 2140 quia
2023 2085 2124 2126 nec

541 2161 643 2230 ipsi
677 2169 824 2216 recta
854 2162 1058 2216 veritas
1089 2169 1183 2215 aut
1215 2160 1450 2227 bonitas,
1490 2161 1582 2216 lux
1608 2161 1692 2216 vel
1729 2163 1836 2216 vita
1865 2163 2120 2216 substan-

542 2254 653 2307 tive
679 2253 976 2308 creduntur
996 2261 1091 2307 aut
1111 2254 1492 2322 medicantur.
1523 2254 1590 2308 Et
1613 2263 1895 2324 propterea
1918 2253 2042 2322 jure
2069 2255 2122 2309 in

541 2342 794 2396 omnibus
822 2341 1225 2412 Scripturarum
1259 2343 1389 2399 locis
1415 2342 1573 2412 hujus
1602 2346 1753 2399 verbi
1784 2344 2122 2415 privilegium

540 2430 596 2485 in
625 2431 794 2486 Deum
825 2448 1045 2488 servare
1075 2435 1349 2488 convenit.
1387 2435 1535 2490 Unde
1569 2435 1830 2490 Dominus
1861 2436 1912 2490 in
1946 2436 2124 2490 Evan-

541 2519 680 2590 gelio
718 2521 904 2577 volens
945 2538 1002 2577 se
1039 2524 1329 2578 ostendere
1370 2524 1888 2580 consubstantialem
1922 2524 2069 2579 Patri
2105 2543 2121 2580 :

540 2609 786 2677 Creditis,
827 2613 1019 2683 inquit,
1068 2614 1122 2666 in
1158 2613 1348 2678 Deum,
1390 2624 1438 2668 et
1485 2614 1539 2668 in
1589 2631 1670 2669 me
1715 2615 1907 2669 credite
1937 2614 2119 2686 (Joan.

539 2718 655 2768 11v,
687 2703 748 2774 ι).
779 2703 838 2758 ln
884 2719 1069 2772 quem,
1111 2705 1213 2758 nisi
1252 2714 1393 2759 esset
1439 2714 1494 2758 et
1533 2704 1698 2770 Deus,
1747 2705 1968 2760 credere
2016 2719 2122 2759 non

539 2803 850 2863 oporteret;
883 2805 938 2850 et
966 2795 1088 2851 ideo
1126 2796 1180 2850 iu
1217 2810 1278 2851 se
1313 2796 1532 2851 credere
1570 2797 1740 2867 jubet,
1772 2804 1832 2851 ut
1865 2811 1925 2852 se
1953 2797 2122 2852 Deum

539 2886 656 2942 suis
687 2887 964 2941 exhibeat.

611 2977 668 3030 2.
697 2975 805 3030 Sed
848 2977 1031 3030 miseri
1067 2977 1306 3033 lueretici
1347 2993 1562 3048 semper
1598 2979 1880 3035 inveniunt
1916 2981 2020 3037 sibi
2051 2981 2125 3036 ri-

539 3049 658 3120 mas
683 3066 968 3135 pravitatis
1007 3081 1138 3130 sum,
1169 3083 1268 3138 per
1301 3084 1437 3139 quas
1470 3078 1624 3124 extra
1655 3072 1908 3138 eﬁluant;
1938 3073 2122 3128 dicunt

541 3167 599 3213 et
621 3159 675 3213 iu
705 3157 961 3230 Symbolo
985 3159 1365 3226 conﬁtendum,
1397 3178 1503 3217 non
1541 3165 1681 3232 quod
1708 3179 1777 3218 ex
1803 3167 2122 3222 auctoritate

543 3251 840 3322 apostolica
869 3253 970 3309 hoc
996 3264 1375 3324 perceperunt,
1407 3259 1502 3311 sed
1526 3259 1653 3328 quia
1682 3275 1749 3314 ex
1783 3276 1881 3316 suo
1907 3264 2125 3318 menda-

539 3341 627 3396 cio
657 3341 785 3396 illud
813 3342 1134 3398 addiderunt
1158 3357 1172 3397 :
1201 3342 1368 3399 Credo
1396 3355 1445 3400 ct
1476 3347 1531 3401 in
1567 3361 1804 3404 sanctam
1831 3349 2124 3406 Ecclesium

541 3433 894 3500 catholicam;
925 3450 1049 3490 cum
1075 3451 1183 3491 non
1229 3437 1301 3493 sit
1343 3439 1420 3492 ita
1458 3439 1826 3510 accipiendum
1861 3461 1875 3498 :
1909 3444 2004 3498 sed
2031 3460 2124 3500 re-

541 3532 689 3580 mota
728 3525 782 3579 in
816 3525 1040 3597 syllaba,
1076 3543 1196 3599 quae
1225 3531 1292 3585 de
1327 3533 1611 3588 mendacio
1639 3533 2123 3594 Macedonistarum

539 3617 896 3687 supercrevit,
927 3626 988 3673 ut
1025 3626 1078 3673 et
1109 3620 1369 3690 Spiritum
1407 3634 1653 3680 sanctum
1688 3628 1947 3683 docerent
1971 3643 2125 3686 crea-

540 3717 744 3776 turam,
790 3710 1120 3766 dicendum:
1157 3712 1325 3770 Credo
1373 3728 1610 3772 sanctam
1655 3718 1943 3776 Ecclesium
1989 3739 2122 3791 esse,

539 3801 684 3856 sicut
707 3803 867 3857 vitam
892 3813 1160 3868 cateruam,
1193 3814 1249 3861 et
1277 3810 1452 3863 carnis
1487 3813 1916 3869 resurrectionem
1943 3827 1962 3868 :
1990 3815 2125 3871 alio-

539 3893 671 3962 quin
701 3893 747 3948 si
770 3893 823 3947 in
845 3903 1088 3950 sanctam
1118 3896 1408 3954 Ecclesiam
1442 3902 1740 3969 credimus,
1771 3905 1822 3959 in
1849 3907 2120 3963 hominem

541 3985 790 4041 videmur
841 3987 1098 4052 credere,
1147 3991 1288 4060 quod
1345 4008 1450 4048 non
1499 3993 1645 4048 licet.
1695 3994 1832 4050 Nam
1880 3997 2119 4054 Ecclesia

540 4082 732 4128 sancta
758 4089 828 4130 ex
866 4075 1172 4132 hominibus
1195 4094 1317 4134 esse
1352 4081 1534 4150 cmpit,
1564 4091 1619 4136 et
1645 4099 1751 4139 non
1782 4085 2030 4142 homines
2054 4100 2120 4141 ex

539 4162 781 4218 Ecclesia
811 4181 826 4229 ;
854 4165 1076 4231 idcirco,
1107 4168 1198 4236 qui
1239 4184 1296 4223 se
1321 4169 1450 4224 dicit
1475 4173 1695 4226 credere
1721 4173 1776 4226 in
1807 4173 2120 4242 Ecclesium,

544 4255 597 4309 in
627 4255 873 4311 homines
914 4273 974 4312 se
1025 4259 1247 4314 credere
1276 4261 1579 4316 conﬁtetur.
1612 4262 1839 4335 Propter
1861 4267 2003 4336 quod
2031 4283 2118 4324 re-

542 4346 806 4400 movenda
835 4347 1138 4416 bujusmodi
1167 4350 1366 4405 locutio
1406 4353 1458 4407 in
1489 4353 1760 4418 omnibus,
1792 4365 1848 4410 et
1879 4357 1980 4411 soli
2010 4358 2121 4413 Deo

2219 1872 2305 1928 bis
2333 1873 2460 1940 Dei,
2482 1875 2798 1946 quomodob
2821 1886 3054 1942 atterna,
3081 1888 3137 1933 et
3168 1880 3637 1936 incommutabilis
3669 1891 3820 1936 sunt.

2225 1963 2378 2020 Unde
2411 1965 2649 2020 dicitur:
2684 1965 2752 2021 Et
2777 1969 3112 2024 crediderunt
3140 1972 3193 2025 in
3233 1971 3403 2027 verbis
3432 1973 3582 2041 ejus,
3616 1983 3671 2027 et
3706 1973 3820 2026 lost-

2219 2056 2470 2109 daverunt
2511 2056 2722 2112 laudem
2761 2059 2878 2130 ejus
2907 2057 3082 2130 (Psal.
3118 2077 3206 2127 cv,
3237 2063 3348 2132 12).
3384 2062 3477 2119 Sic
3521 2065 3676 2119 enim
3707 2081 3822 2122 cre-

2221 2147 2451 2202 dendum
2483 2149 2535 2202 in
2564 2149 2860 2220 Scripturis
2891 2151 3088 2206 divinis
3110 2193 3126 2218 ,
3153 2155 3278 2222 quia
3321 2170 3386 2209 ex
3418 2155 3532 2208 Deo
3563 2165 3731 2220 sunt,
3763 2166 3822 2210 ut

2221 2237 2275 2293 in
2306 2239 2451 2293 nullo
2476 2241 2692 2310 penitus
2715 2242 2780 2298 de
2803 2242 2889 2297 his
2919 2243 3228 2300 dubitemus
3258 2264 3271 2298 :
3307 2245 3439 2300 alias
3462 2255 3652 2300 autem
3679 2263 3814 2317 quo-

2222 2329 2382 2385 modo
2421 2331 2473 2384 in
2505 2331 2672 2386 Deum
2712 2348 2780 2387 ex
2827 2343 2942 2388 toto
2971 2335 3135 2389 corde
3169 2336 3476 2401 credimus,
3506 2338 3555 2391 si
3587 2336 3735 2393 forte
3764 2338 3817 2392 in

2221 2419 2307 2476 his
2330 2421 2451 2477 ﬁdei
2477 2422 2582 2476 ulla
2611 2424 2858 2480 titubatio
2879 2427 3074 2481 mentis
3095 2429 3343 2482 ﬁduciam
3368 2427 3642 2498 pepulerit
3657 2431 3686 2482 ?
3707 2429 3818 2485 Hoc

2220 2509 2388 2581 igitur
2414 2511 2648 2580 primum
2671 2513 3000 2569 credendum
3019 2557 3036 2580 ,
3065 2517 3206 2586 quod
3239 2517 3377 2571 Deus
3406 2517 3629 2573 locutus
3667 2520 3740 2574 sit
3763 2520 3818 2574 in

2221 2601 2473 2656 omnibus
2497 2601 2796 2672 Scripturis
2821 2603 3019 2659 divinis
3037 2645 3051 2668 ,
3075 2605 3230 2659 sicuti
3259 2606 3589 2662 conﬁtemur
3609 2623 3683 2663 ex
3713 2609 3817 2665 ﬁde

2222 2691 2425 2748 Niczeni
2457 2695 2704 2758 concilii,
2735 2696 2880 2764 quod
2909 2696 3145 2768 Spiritus
3171 2708 3390 2754 sanctus
3421 2699 3641 2756 locutus
3669 2703 3816 2758 sitin

2223 2785 2502 2858 prophetis
2529 2802 2545 2841 :
2574 2787 2643 2842 Et
2669 2788 2930 2844 Dominus
2949 2789 3016 2844 de
3050 2804 3110 2844 se
3149 2791 3265 2860 ipso
3297 2809 3312 2844 :
3355 2789 3520 2845 Verba
3546 2834 3561 2856 ,
3587 2811 3713 2862 quc
3740 2793 3818 2848 lo-

2218 2889 2372 2934 cutus
2399 2896 2516 2934 sum
2548 2881 2721 2946 vobis,
2753 2882 2969 2950 spiritus
3010 2892 3058 2937 et
3083 2883 3185 2936 vita
3214 2893 3334 2936 sunt
3361 2883 3546 2948 (Joan.
3574 2901 3630 2938 γι
3650 2925 3667 2949 ,
3701 2885 3813 2956 63).

2225 2969 2350 3024 Non
2372 2971 2530 3038 enim,
2547 2970 2789 3041 iuquit,a
2817 2972 3316 3043 memetipsoloquor
3339 2971 3522 3041 (Joau.
3540 2990 3658 3040 xiv,
3695 2975 3812 3042 10);

2224 3075 2351 3116 vere
2381 3061 2505 3130 quia
2529 3076 2597 3116 ex
2625 3060 2787 3117 Patre
2814 3070 2920 3118 est.
2950 3063 3017 3117 Et
3057 3064 3177 3119 ideo
3196 3063 3524 3120 credendum
3559 3066 3614 3120 in
3648 3068 3814 3120 verba

2223 3149 2341 3216 Dei,
2375 3157 2510 3204 utet
2538 3149 2590 3204 in
2619 3151 2786 3204 Deum
2813 3167 2828 3204 :
2851 3152 3142 3220 quoniamc
3176 3167 3242 3208 ex
3281 3152 3390 3206 Deo
3419 3163 3577 3218 sunt;
3607 3164 3814 3209 aitet-na

2222 3241 2391 3306 enim,
2408 3251 2463 3296 et
2483 3241 2942 3298 ineommutabilia
2968 3255 3125 3309 sunt;
3153 3244 3205 3298 in
3228 3259 3348 3315 quae
3370 3245 3619 3300 nimirum
3641 3248 3812 3301 verba

2223 3331 2386 3400 quiad
2411 3331 2704 3397 credimus,
2725 3341 2779 3386 et
2794 3347 3107 3403 speramus:
3135 3333 3247 3388 Non
3273 3335 3420 3388 enim
3441 3334 3558 3388 licet
3574 3335 3808 3390 credere

2223 3421 2278 3476 in
2308 3423 2528 3492 aliquod
2547 3463 2563 3488 ,
2588 3423 2634 3478 si
2659 3439 2764 3478 non
2793 3424 2954 3480 liceat
2979 3439 3232 3494 sperare;
3260 3441 3488 3496 sperare
3511 3434 3690 3482 autem
3709 3429 3814 3482 ab-

2221 3513 2444 3569 surdum
2477 3520 2592 3578 est,
2637 3512 2739 3568 nisi
2782 3513 2835 3567 in
2875 3513 3077 3578 Deum,
3109 3523 3160 3569 et
3202 3515 3256 3570 in
3299 3517 3466 3570 verba
3503 3531 3625 3585 qua:
3682 3526 3815 3572 sunt

2221 3617 2289 3658 ex
2322 3601 2454 3657 Deo.
2486 3600 2639 3657 Unde
2661 3601 2950 3658 Psalmista
2986 3601 3096 3658 :In
3140 3605 3325 3669 verba,
3366 3604 3577 3674 inquit,
3607 3615 3702 3660 tuo
3723 3623 3814 3660 su-

2220 3692 2518 3762 pcrsperavi
2541 3690 2714 3763 (Psal.
2757 3708 2958 3758 cxvm,
2988 3694 3134 3765 M7).
3175 3694 3241 3749 Et
3263 3694 3414 3759 ideo,
3441 3697 3663 3766 quoties
3701 3713 3810 3754 non

2221 3781 2494 3838 credimus
2523 3782 2703 3836 verbis
2729 3792 3040 3838 sanctorum
3071 3783 3199 3848 Dei,
3229 3784 3356 3853 quia
3392 3799 3465 3840 ex
3499 3786 3615 3841 Deo
3643 3796 3810 3851 sunt,

2221 3870 2602 3942 delinquimus.
2633 3871 2771 3928 Hinc
2800 3888 3016 3944 quoque
3036 3872 3161 3943 jure
3185 3874 3478 3946 Zacharias
3507 3875 3582 3930 ab
3613 3878 3809 3945 angelo

2222 3965 2664 4020 condemnatur:
2704 3961 2814 4018 Pro
2858 3982 2955 4030 eo,
2979 3967 3186 4035 inquit,
3221 3967 3346 4036 quia
3389 3983 3496 4022 non
3537 3969 3810 4023 credidisti

2221 4053 2388 4107 verbis
2415 4054 2545 4106 meis
2589 4053 2741 4124 (Luc.
2770 4069 2821 4120 ι,
2854 4054 2967 4126 20).
2987 4061 2996 4067 ‘
3015 4055 3234 4126 Utique,
3261 4056 3390 4126 quia
3436 4059 3610 4114 verba
3636 4059 3809 4135 angeli

2224 4143 2315 4198 Dei
2341 4145 2504 4199 verba
2529 4143 2695 4202 fuisse
2717 4161 2878 4201 nemo
2899 4155 2982 4202 est
2999 4149 3092 4218 qui
3115 4148 3358 4214 dubitet;
3391 4157 3447 4203 et
3473 4165 3642 4206 omne
3665 4152 3808 4220 quod

2220 4243 2396 4288 estex
2424 4235 2684 4302 veritate,
2730 4236 2975 4305 profecto
3011 4253 3079 4292 ex
3126 4237 3236 4293 Deo
3277 4247 3382 4293 est.
3421 4239 3579 4295 Unde
3609 4241 3658 4295 si
3687 4243 3807 4311 quis

2223 4339 2329 4378 non
2354 4325 2652 4396 acquiescit
2672 4327 2889 4382 veritati
2910 4368 2928 4394 ,
2948 4329 3122 4384 credit
3145 4339 3323 4385 autem
3350 4331 3665 4401 iniquitati,
3689 4348 3808 4403 pce

541 4436 864 4504 exhibenda,
900 4439 954 4493 in
995 4456 1154 4510 quem
1185 4444 1408 4500 credere
1429 4455 1642 4516 oportet
1680 4462 1744 4502 ex
1783 4456 1898 4503 toto
1932 4450 2114 4513 corde,
2147 4465 2195 4525 ι)
2375 4419 2520 4525 ,θιῗῄ
2545 4433 2650 4525 "9"
2697 4420 2964 4525 _°_"3“ib“s,
2997 4422 3228 4476 credere
3267 4421 3547 4525 deum"?
3578 4423 3808 4479 Ο⁰¹¹⁵ί³⁸

543 4533 600 4580 et
637 4538 704 4579 ex
734 4533 840 4580 tota
869 4527 1073 4592 anima,
1116 4538 1170 4585 et
1195 4547 1262 4587 ex
1293 4540 1403 4587 tota
1435 4534 1658 4602 virtute,
1697 4536 1904 4592 scilicet
1932 4538 1986 4594 in
2012 4537 2115 4593 Pa-

543 4622 704 4679 trem,
731 4623 786 4670 et
808 4615 1026 4684 Filium,
1053 4627 1109 4674 et
1136 4619 1398 4691 Spiritum
1434 4637 1704 4693 sanctum,
1731 4644 1896 4684 unum
1923 4628 2117 4696 Deum,

542 4707 686 4776 quod
711 4717 795 4763 est
815 4723 1084 4765 summum
1110 4711 1325 4778 bonum,
1351 4729 1561 4772 summa
1581 4717 1880 4786 beatitudo,
1908 4737 2118 4778 summa

545 4797 691 4854 salus
722 4801 1088 4868 credentium;
1120 4812 1176 4859 et
1206 4806 1258 4860 in
1301 4807 1505 4862 nullum
1545 4809 1707 4866 alium
1759 4811 1862 4866 nisi
1910 4813 1964 4867 in
2003 4813 2121 4884 ejus

545 4886 712 4945 solius
777 4892 1132 4961 majestatem.
1179 4895 1556 4955 Verumtamen
1608 4901 1753 4956 aliud
1806 4910 1890 4957 est
1947 4902 2116 4958 Deum

544 4983 784 5046 credere,
825 4992 882 5038 et
921 4985 1098 5052 aliud,
1146 4987 1201 5044 in
1239 4989 1407 5044 Deum
1441 5008 1454 5044 :
1486 4989 1762 5047 Dwmones
1799 4992 1968 5048 Deum
2009 5011 2118 5050 esse

545 5071 785 5137 credunt,
815 5082 863 5126 et
889 5077 1289 5131 contremiscunt
1317 5077 1458 5148 (Jac.
1490 5095 1554 5145 ιι,
1579 5081 1703 5150 19);
1745 5083 1840 5137 sed
1869 5083 1923 5138 in
1950 5085 2117 5140 Deum

544 5161 749 5215 malitia
779 5161 1034 5219 obaecati
1079 5181 1176 5220 sua
1218 5167 1442 5224 credere
1487 5179 1763 5240 nequeunt
1793 5189 1806 5224 :
1837 5173 1962 5240 quia
1996 5189 2122 5243 pro.

547 5247 686 5304 lecto
717 5249 771 5304 iu
817 5251 984 5308 Deum
1011 5255 1256 5321 credere,
1287 5257 1390 5312 nisi
1420 5260 1511 5328 qui
1538 5261 1622 5328 pie
1655 5263 1981 5331 speraverit,
2009 5279 2117 5321 non

545 5342 941 5409 comprobatur.
977 5343 1070 5399 Est
1104 5355 1284 5402 autem
1324 5348 1548 5405 credere
1583 5351 1636 5405 iu
1675 5351 1866 5418 Deum,
1891 5352 2121 5409 ﬁdeliter

545 5441 667 5482 cum
714 5445 976 5499 quaerere,
1023 5443 1079 5488 et
1125 5443 1233 5491 tota
1282 5436 1336 5493 in
1369 5452 1493 5494 eum
1531 5440 1816 5498 dilectione
1864 5444 2116 5499 transire.

549 5517 706 5590 Ergo,
735 5504 905 5576 Credo
945 5524 999 5575 in
1031 5523 1234 5591 Deum,
1259 5527 1362 5584 hoc
1403 5541 1484 5585 est
1517 5531 1698 5608 dicere
1729 5552 1741 5587 :
1773 5533 1904 5591 Colo
1931 5534 2113 5608 illum,

613 5641 642 5700 φ
666 5629 834 5700 ξάἰιί.
860 5633 1108 5700 qualibet,
1142 5639 1318 5696 minus
1340 5638 1480 5698 bene

618 5699 644 5736 δ
664 5698 832 5765 Edil.,
857 5698 1122 5769 quoniam.
1281 5727 1292 5736 τ
1319 5707 1324 5711 ’

2219 4523 2347 4579 ergo
2375 4509 2426 4562 in
2456 4509 2654 4573 Deum,
2685 4517 2740 4564 et
2769 4509 2824 4563 in
2853 4509 3019 4566 verba
3067 4526 3188 4580 qua:
3221 4522 3346 4566 sunt
3391 4527 3460 4567 ex
3505 4513 3655 4577 Deo,
3707 4529 3804 4567 nos

2218 4597 2439 4654 credere
2497 4597 2694 4654 debere
2734 4606 2898 4669 atque
2938 4613 3162 4669 sperare
3202 4615 3270 4656 ex
3318 4609 3432 4655 toto
3487 4601 3692 4666 corde,
3737 4616 3808 4658 ex

2219 4696 2329 4742 tota
2353 4687 2566 4751 anima,
2598 4697 2654 4742 et
2695 4703 2762 4742 cx
2803 4698 2913 4744 tota
2957 4690 3199 4746 virtute:
3243 4691 3509 4760 proximis
3538 4705 3671 4747 vero
3713 4707 3806 4748 so-

2217 4778 2492 4834 lummodo
2516 4779 2742 4834 credere
2762 4820 2777 4846 ,
2807 4789 2862 4835 et
2889 4789 3152 4851 quantum
3177 4797 3247 4838 ex
3267 4782 3424 4838 nobis
3465 4789 3589 4850 est,
3617 4781 3700 4838 eis
3739 4783 3804 4838 ﬁ-

2223 4869 2342 4925 dem
2373 4871 2638 4940 integram
2665 4871 2968 4926 custodire.

2821 5047 3053 5105 CAPUT
3093 5049 3204 5106 VII.

2567 5179 2908 5236 Credibilium
2931 5198 3122 5252 genera
3154 5190 3280 5256 quot
3301 5185 3463 5240 sunt!

2293 5356 2344 5410 1.
2363 5354 2713 5411 Credibilium
2741 5372 2939 5432 genera
2959 5366 3088 5414 sunt
3110 5359 3213 5415 tria
3229 5376 3244 5415 :
3260 5359 3364 5416 alia
3377 5368 3507 5416 sunt
3520 5362 3668 5418 enim
3687 5378 3804 5433 qua

2218 5447 2352 5502 satis
2377 5445 2537 5502 facile
2560 5446 2888 5514 creduntur;
2912 5458 2967 5504 et
2985 5449 3113 5506 licet
3137 5451 3344 5510 credita
3361 5493 3378 5517 ,
3408 5469 3687 5524 nunquam
3715 5455 3802 5509 in—

2219 5537 2536 5609 telliguntur
2559 5555 2571 5590 :
2597 5545 2658 5592 ut
2678 5547 2805 5596 sunt
2827 5539 3071 5597 historia:
3095 5542 3474 5614 temporalium
3497 5553 3797 5616 generum.

2295 5659 2315 5686 °
2337 5647 2500 5711 Edit.,
2535 5650 2680 5711 quia.

2291 5718 2316 5757 ά
2340 5718 2502 5784 Edit.,
2532 5718 2682 5775 deest
2704 5722 2844 5790 quia.
