4148 6344
370 334 512 389 “05

1289 333 1382 390 DE
1416 332 1594 401 FIDE,
1636 331 1764 391 SPE
1801 332 1891 389 ET
1930 331 2347 392 CHARITATE.
2385 366 2456 378 -
2492 336 2620 393 LIB.
2658 339 2700 394 Ι.

3484 348 3625 407 “06

370 446 455 502 vel
475 443 766 500 relationes
785 458 1003 511 rerum;
1028 458 1177 516 quae,
1199 445 1445 515 quamvis
1468 444 1790 510 credantur,
1812 444 1937 515 quia
1963 447 2015 507 Α
2042 444 2127 500 vel
2153 445 2443 515 perfectius
2471 448 2562 503 hic
2590 457 2684 503 aut
2709 447 2838 506 illuc
2855 491 2870 516 ,
2899 407 3106 521 quanto
3129 455 3439 514 mundiores
3459 461 3628 519 cordo
3694 495 3699 517 -.
3740 422 3743 425 Δ

370 551 478 592 non
505 544 630 591 sunt
654 534 1041 607 intelligibilia,
1083 552 1359 607 nunquam
1407 536 1732 593 intellectum
1758 538 1941 608 requi-

369 634 522 691 runt;
556 625 651 681 sed
688 638 757 679 ex
777 626 1057 690 sensibus,
1087 626 1281 695 quibus
1304 625 1410 680 alia
1437 626 1668 681 videndo
1689 667 1704 688 ,
1728 634 1823 681 aut
1848 641 1947 681 au-

370 713 598 779 diendo,
642 716 940 786 gustando,
988 715 1073 771 vel
1130 716 1569 790 pertractandop
1595 717 1938 774 odorandove

368 805 761 875 persensimus,
796 805 848 859 in
885 806 1144 860 memoria
1184 821 1249 862 ea
1291 821 1413 876 qua:
1447 806 1698 861 dicuntur
1743 806 1942 863 reima—

370 895 649 965 ginantes,
682 893 962 949 credibilia
983 893 1319 963 iudicamus;
1346 895 1439 951 sed
1468 895 1594 966 quia
1638 895 1947 951 intellectus

362 984 809 1056 imaginabilibus
871 1001 978 1040 non
1052 985 1331 1055 subiacere
1379 987 1666 1058 probatur;
1742 988 1945 1042 idcirco

369 1092 644 1148 nunquam
703 1077 1106 1147 intelliguntur,
1164 1078 1289 1134 licet
1340 1080 1669 1145 credantur;
1728 1080 1823 1135 sed
1875 1093 1944 1134 ex

368 1168 586 1241 energia
649 1168 1040 1237 quodammodo
1111 1169 1464 1239 reimaginata
1532 1168 1587 1223 in
1643 1169 1942 1235 memoria,

369 1257 497 1329 quia
526 1257 641 1325 iam
670 1270 694 1298 ο
724 1259 972 1314 sensibus
1026 1268 1134 1312 tam
1179 1261 1453 1330 prmterita
1489 1274 1651 1328 quam
1698 1259 1944 1315 absentia

371 1366 479 1407 non
522 1349 804 1417 subiacent
830 1386 845 1411 ,
878 1351 1193 1416 creduntur,
1235 1352 1335 1407 etsi
1368 1351 1765 1423 intelligantur;
1810 1368 1943 1423 quo-

370 1442 515 1499 niam
568 1440 883 1512 temporalia
917 1452 1061 1497 sunt.
1096 1443 1216 1498 Alia
1264 1457 1392 1499 vero
1420 1453 1564 1509 sunt,
1600 1459 1718 1514 quae
1740 1452 1798 1499 ut
1823 1459 1943 1500 cre-

368 1537 572 1591 duntur
596 1550 720 1590 mox
748 1534 1140 1605 intelliguntur,
1187 1536 1345 1590 sicuti
1390 1543 1517 1590 sunt
1553 1551 1741 1591 omnes
1773 1536 1943 1592 ratio-

369 1642 467 1682 nes
496 1627 761 1689 humanas,
803 1626 999 1696 quibus
1029 1624 1371 1681 rationabilia
1391 1627 1939 1696 comprehenduntur.

368 1715 499 1783 Quae
545 1716 800 1771 nimirum
850 1730 957 1771 non
1011 1717 1172 1772 modo
1214 1717 1511 1772 creduntur
1553 1717 1940 1787 apprehensa),

365 1820 556 1866 verum
603 1804 859 1859 continuo
899 1804 1269 1876 intelliguntur
1296 1821 1310 1871 ;
1342 1805 1500 1861 sicuti
1544 1821 1666 1861 cum
1714 1805 1783 1861 de
1839 1822 1941 1860 nu-

365 1894 534 1952 meris
566 1896 900 1961 disserimus,
925 1895 1009 1950 vel
1035 1896 1103 1951 de
1123 1896 1451 1967 quibuslibet
1478 1896 1784 1968 disciplinis
1810 1897 1946 1953 libe-

366 1986 562 2041 ralium
597 1986 821 2051 artium,
871 1993 931 2041 ut
974 1995 1146 2058 puta:
1193 2001 1335 2043 unus
1372 1996 1428 2042 et
1471 1987 1577 2043 duo
1614 2002 1738 2044 cum
1773 1988 1947 2045 credi-

365 2092 487 2132 mus
516 2079 656 2146 quod
703 2086 814 2131 tres
844 2075 1011 2142 ﬁant,
1041 2078 1161 2147 quis
1191 2093 1299 2133 non
1346 2077 1616 2149 intelligat
1661 2079 1943 2146 continuo,

365 2166 507 2235 quod
553 2166 629 2220 ita
657 2164 1096 2239 sitilntelligere
1139 2168 1286 2224 enim
1331 2164 1533 2224 mentis
1574 2168 1731 2225 oculo
1760 2170 1947 2226 videre

363 2256 597 2312 dicimus
621 2273 637 2310 :
662 2256 934 2313 credimus
954 2273 1088 2328 ergo
1113 2267 1306 2314 cuncta
1348 2259 1704 2314 numerabilia
1734 2275 1801 2315 ex
1833 2275 1945 2316 uno

365 2356 638 2412 constare,
677 2348 801 2416 quia
843 2361 1033 2403 omnes
1062 2348 1273 2403 numeri
1303 2362 1371 2403 ex
1401 2363 1529 2413 uno,
1554 2357 1611 2402 et
1634 2363 1734 2418 per
1773 2360 1944 2403 unum

365 2438 436 2493 ad
473 2426 638 2491 unum
681 2438 1029 2505 tendunt;et
1070 2453 1175 2493 non
1221 2438 1393 2494 solum
1442 2438 1733 2505 credimus,
1762 2440 1861 2495 sed
1891 2446 1974 2494 et'

368 2528 757 2600 intelligimus;
781 2528 962 2584 unitas
992 2545 1225 2600 namque
1261 2546 1536 2600 nunquam
1564 2530 1724 2587 ullius
1749 2546 1944 2588 nume-

369 2622 591 2676 rositate
629 2602 954 2685 evacuatur,
985 2628 1046 2674 ut
1077 2629 1207 2691 puta
1254 2622 1361 2677 duo
1385 2639 1399 2675 :
1424 2622 1553 2692 quid
1602 2622 1751 2677 enim
1793 2630 1941 2689 sunt,

368 2712 476 2767 nisi
503 2712 621 2767 dua:
649 2712 921 2768 unitates?
952 2712 1022 2767 Et
1046 2710 1205 2768 simul
1246 2713 1428 2768 unitas
1481 2729 1546 2768 ac
1574 2713 1806 2769 dualitas
1832 2723 1946 2770 tres

286 2842 305 2861 .
369 2820 495 2860 esse
523 2803 849 2875 probantur;
879 2805 1022 2875 quod
1061 2820 1324 2874 nusquam
1367 2804 1422 2860 in
1457 2804 1577 2859 aliis
1618 2805 1947 2875 quibuslibet

372 2895 612 2950 numeris
655 2908 721 2949 eo
770 2893 930 2949 modo
974 2894 1245 2963 reperies,
1294 2909 1525 2964 quorum
1571 2894 1947 2950 extremitates

370 2985 488 3041 sine
514 2985 691 3040 medio
714 2998 835 3040 esse
878 2992 1171 3054 nequeunt.
1208 2985 1276 3040 Et
1299 3001 1460 3051 unus,
1491 3000 1556 3040 ac
1588 2985 1715 3050 duo,
1747 2994 1805 3040 et
1833 2994 1950 3042 tres

370 3076 531 3132 simul
566 3075 749 3145 positi,
776 3089 872 3129 sex
902 3075 1067 3140 ﬁunt,
1101 3075 1195 3145 qui
1232 3082 1317 3129 est
1342 3076 1550 3146 primus
1577 3075 1819 3130 omnium
1846 3090 1948 3130 nu-

2048 538 2424 594 mandatorum
2464 540 2559 595 Dei
2589 550 3095 614 prmeeptorumque
3119 546 3495 608 observatores
3517 554 3628 612 erl~
3688 588 3693 595 ε

2046 640 2188 682 mus.
2235 627 2374 683 Hinc
2396 642 2613 698 quoque
2632 643 2732 699 per
2766 628 3092 700 Prophetam
3123 635 3340 691 canitur
3360 652 3376 693 :
3394 639 3440 694 Α
3467 656 3623 697 ’τιστις

2045 718 2186 772 dalis
2227 720 2333 773 tuis
2377 718 2610 774 intellexi
2655 717 2825 792 (Paul.
2860 736 3052 788 cxvnt,
3083 724 3207 797 104)
3231 741 3247 791 ;
3271 728 3528 795 quoniam
3555 733 3628 785 de

2047 807 2393 862 observantia
2420 808 2798 865 mandatorum
2819 812 3008 882 utique
3035 813 3340 872 intellectus
3361 819 3621 883 nascitur,

2045 905 2101 953 et
2127 897 2393 968 sapientia
2433 899 2891 968 praestaturzbea:
2929 901 3165 970 Domini,
3198 904 3393 975 inquit,
3436 909 3630 964 imma-
3678 952 3685 957 .

2045 987 2223 1042 culata
2247 999 2549 1044 convertens
2574 992 2780 1048 animas
2794 1009 2814 1058 ;
2837 994 3192 1067 testimonium
3213 996 3428 1051 Domini
3448 998 3630 1067 ﬁdele,

2044 1078 2358 1148 sapientiam
2406 1092 2661 1150 privatam
2719 1083 2954 1150 parvulis
2986 1100 3006 1138 :
3049 1097 3366 1155 praeceptum
3412 1088 3629 1145 Domini

2045 1181 2247 1238 quoque
2274 1167 2506 1223 lucidum
2535 1170 2843 1226 illuminans
2877 1172 3057 1227 oculos
3097 1173 3271 1243 (Psal.
3305 1191 3460 1242 xvm,
3483 1178 3624 1250 8,9).

2044 1256 2213 1327 Igitur
2243 1257 2563 1315 illuminatio
2604 1260 2871 1335 perfectae.
2896 1264 3263 1333 intelligentia:
3302 1282 3510 1325 merces
3542 1276 3633 1326 est

2042 1346 2192 1411 ﬁdei,
2218 1347 2346 1415 quia
2394 1349 2770 1405 mandatorum
2799 1352 2897 1408 Dei
2925 1356 3234 1410 observatio
3277 1356 3343 1412 de
3386 1358 3629 1428 perfecta

2045 1435 2168 1491 ﬁdei
2199 1436 2398 1492 virtute
2421 1437 2450 1477 δ
2478 1438 2757 1496 descendit
2783 1459 2799 1494 :
2823 1442 3060 1512 alioquin
3087 1445 3190 1500 nisi
3213 1446 3364 1514 prius
3383 1447 3624 1516 perfecte

2042 1528 2251 1592 credas,
2279 1545 2314 1584 o
2348 1530 2529 1595 homo,
2562 1540 2619 1585 et
2646 1532 2781 1587 ﬁdes
2820 1549 2885 1588 ex
2927 1536 3185 1604 operibus
3224 1538 3390 1604 vivat,
3420 1539 3622 1596 intelli-

2042 1634 2170 1691 gere
2192 1621 2413 1677 miuime
2432 1621 2638 1679 valebis
2661 1639 2677 1688 ;
2702 1626 2955 1693 quoniam
2979 1628 3136 1683 timor
3154 1627 3366 1683 Domini
3386 1640 3625 1695 sanctus,

2044 1709 2336 1764 intellectus
2359 1721 2436 1765 est
2461 1711 2623 1766 bonus
2664 1715 2903 1770 omnibus
2929 1716 3240 1785 facientibus
3283 1735 3402 1773 eum
3432 1719 3626 1790 (Ibid.,

1972 1788 2020 1849 B
2046 1799 2231 1869 v.10).
2271 1801 2415 1856 Ecce
2456 1801 2717 1859 distendit
2756 1819 2817 1860 se
2863 1806 3059 1877 aliquis
3105 1806 3295 1865 efﬁcax
3337 1821 3386 1876 ο,
3412 1788 3627 1880 pollens

2045 1888 2282 1961 ingenio,
2310 1897 2365 1946 et
2383 1891 2573 1961 vigens
2600 1895 2831 1958 ratione,
2856 1898 3004 1966 cupit
3032 1898 3200 1953 Deum
3225 1908 3287 1954 ut
3309 1909 3394 1957 est
3423 1901 3626 1958 intelli-

2045 1995 2194 2051 gere,
2218 1980 2371 2052 ﬁngit
2396 1983 2502 2037 sibi
2528 1983 2583 2037 in
2611 1984 2796 2041 animo
2818 1987 3086 2058 exempla,
3109 1988 3310 2045 format
3336 1991 3624 2060 imagines,

2044 2071 2295 2142 proponit
2323 2073 2614 2140 rationem,
2644 2089 2746 2131 nec
2782 2076 2930 2146 capit
2975 2088 3152 2134 tamen
3195 2094 3259 2134 ea
3299 2095 3419 2149 quae
3455 2082 3627 2149 audit,

2043 2162 2130 2219 vel
2172 2163 2320 2233 legit,
2349 2173 2406 2220 et
2451 2166 2585 2220 dicit
2612 2166 2862 2224 fortassis
2903 2177 2997 2223 aut
3022 2169 3098 2225 ita
3147 2179 3252 2237 est,
3283 2181 3379 2228 aut
3402 2174 3628 2230 omnino

2042 2266 2152 2307 non
2180 2260 2304 2318 est;
2347 2268 2382 2309 ο
2402 2253 2610 2321 infelix,
2639 2264 2696 2311 et
2721 2271 2864 2313 ctera
2885 2260 3082 2315 mentis
3105 2259 3433 2333 ipervagatio
3453 2303 3471 2331 ,
3506 2280 3629 2335 quin

2045 2346 2149 2403 sibi
2192 2346 2543 2402 simulacrum
2576 2349 2632 2403 in
2659 2350 2841 2427 animo
2885 2351 3054 2421 gerit!
3094 2360 3250 2421 putat
3293 2354 3437 2409 enim
3484 2356 3629 2425 quod

2043 2434 2369 2492 immensum
2387 2446 2444 2492 et
2458 2438 3050 2509 incomprehensibilem
3073 2459 3247 2500 caecus
3268 2448 3628 2517 comprehen-

2043 2523 2175 2579 dere
2191 2526 2395 2595 possit;
2420 2541 2521 2582 nec
2543 2527 2658 2582 vult
2683 2529 2935 2595 credere;
2969 2533 3063 2587 sed
3082 2548 3205 2588 mox
3232 2533 3351 2589 sine
3370 2536 3627 2605 operibus

2045 2614 2243 2683 quibus
2288 2615 2596 2672 intellectus
2641 2618 2966 2687 acquiritur,
3015 2636 3112 2675 sua
3160 2622 3426 2679 industria
3469 2625 3628 2681 intel-

2044 2702 2211 2775 ligere
2236 2720 2251 2756 :
2277 2713 2386 2767 aut,
2419 2705 2563 2775 quod
2606 2706 2760 2776 pejus
2786 2715 2893 2771 est,
2924 2722 2993 2763 ex
3020 2709 3411 2782 imaginatione
3438 2714 3629 2771 visibi-

2045 2794 2176 2849 lium
2211 2795 2380 2850 Deum
2414 2796 2515 2852 sibi
2543 2796 2597 2852 in
2623 2798 2787 2853 corde
2813 2798 3038 2870 ﬁngere.
3068 2802 3263 2870 Quaso
3292 2804 3416 2861 talis
3439 2808 3630 2863 redeat

2046 2885 2115 2940 ad
2141 2884 2412 2950 ordinem,
2438 2894 2494 2940 et
2531 2886 2677 2942 dicat
2716 2902 2839 2943 cum
2868 2888 3135 2960 Propheta
3158 2910 3173 2947 :
3196 2892 3281 2951 Do
3312 2896 3440 2950 mihi
3468 2897 3624 2951 intel-

2045 2972 2237 3029 lectum
2287 2972 2461 3045 (Psal.
2495 2991 2688 3043 cxvm,
2732 2978 2826 3050 54)
2854 2987 2962 3042 :et,
2993 2980 3042 3034 si
3091 2997 3221 3049 non,
3257 3000 3367 3055 quo
3414 2987 3627 3056 imprae-

2045 3065 2341 3121 sentiarum
2393 3073 2446 3120 te
2494 3064 2821 3138 intelligam,
2869 3068 3059 3124 saltem
3108 3086 3215 3140 quo
3257 3073 3428 3144 legem
3477 3083 3626 3130 tuam

374 3134 644 3220 mererum
672 3134 970 3234 perfectus;
997 3134 1193 3220 etvideo
1214 3134 1361 3221 Deus
1378 3164 1617 3221 Trinitas
1643 3165 1697 3220 in
1729 3165 1950 3222 senario
1972 3134 2017 3197 δ
2048 3153 2401 3224 Ρθτεονυιπῖο
2423 3163 2479 3209 et
2500 3156 2771 3211 CUSlOdil'e
2799 3157 2851 3211 in
2882 3165 2994 3212 ῑοιο
3023 3160 3186 3215 corde
3214 3134 3445 3218 metv'ear-
3478 3162 3643 3220 Salis,

373 3253 600 3325 perfecit
623 3253 806 3307 omnia
835 3253 1151 3323 temporalia
1170 3296 1184 3319 ,
1214 3264 1269 3309 et
1293 3254 1560 3324 requievit
1587 3255 1641 3309 in
1669 3254 1942 3323 Sabbato;

374 3359 495 3414 qua:
522 3351 605 3398 est
633 3357 735 3396 una
755 3350 809 3396 et
831 3342 1019 3396 ultima
1044 3344 1370 3413 sempiterna
1401 3344 1636 3413 requies.
1664 3343 1952 3403 Credimus

374 3447 524 3503 ergo,
551 3439 606 3487 et
645 3446 768 3486 mox
800 3439 860 3485 ut
888 3431 1159 3488 credimus
1208 3432 1293 3487 fas
1339 3441 1425 3488 est
1466 3432 1785 3503 intelligere,
1816 3434 1947 3503 quia

374 3522 553 3577 omnia
596 3536 663 3577 ex
713 3536 853 3587 uno,
882 3537 981 3593 per
1028 3537 1216 3588 unum,
1268 3522 1335 3577 ad
1381 3538 1547 3577 unum
1597 3522 1947 3595 colliguntur.

374 3612 534 3668 Verbi
564 3613 758 3684 gratia,
787 3628 882 3670 sex
916 3629 984 3668 ex
1008 3629 1118 3671 uno
1163 3613 1443 3684 incipiunt,
1480 3629 1579 3685 per
1604 3631 1770 3669 unum
1805 3614 1946 3671 mul-

376 3702 704 3774 tiplicantur,
729 3711 783 3758 et
809 3704 863 3757 in
888 3719 1055 3759 unum
1081 3705 1304 3760 veniunt
1324 3706 1597 3760 senarium
1620 3720 1900 3761 numerum
1925 3721 1945 3773 ;

377 3803 431 3849 et
477 3794 664 3850 decem
696 3794 977 3858 similiter,
1006 3804 1062 3850 et
1092 3803 1331 3861 centum,
1362 3802 1418 3850 et
1444 3796 1610 3850 mille.
1647 3795 1864 3850 Necnon
1890 3803 1949 3850 et

375 3884 558 3951 homo,
585 3894 644 3940 et
688 3886 918 3941 mundus
961 3887 1031 3942 ab
1073 3902 1202 3952 uno,
1226 3901 1326 3955 per
1351 3902 1534 3946 unum,
1567 3887 1623 3942 in
1666 3901 1855 3953 unum,
1888 3896 1949 3944 ut

375 3997 515 4036 unus
558 3982 629 4036 sit
674 3982 860 4047 homo,
885 3988 941 4036 et
977 3981 1228 4047 mundus,
1256 3979 1383 4036 licet
1427 3980 1580 4050 plura
1620 3994 1808 4036 eorum
1837 3980 1949 4036 sint

376 4073 639 4138 membra,
683 4086 802 4145 quae
845 4070 1209 4142 particulatim
1256 4070 1536 4125 uniuntur.
1586 4069 1713 4126 Haec
1760 4069 1830 4126 de
1863 4070 1951 4126 his

373 4176 547 4233 pauca
592 4161 795 4216 dixisse
841 4158 1127 4225 sufﬁciant,
1165 4174 1286 4231 qua:
1333 4167 1536 4226 tamen,
1580 4167 1639 4214 ut
1684 4158 1945 4231 praimisi,

374 4267 522 4317 mox,
548 4260 609 4307 ut
651 4251 979 4317 creduntur,
1009 4250 1380 4321 intelliguntur
1422 4258 1570 4306 certa
1614 4264 1684 4305 ex
1714 4250 1943 4306 ratione.

372 4343 441 4399 Et
474 4344 521 4400 si
547 4344 727 4399 omnia
758 4344 1112 4414 percurreris,
1142 4344 1384 4400 invenies
1410 4358 1473 4398 ex
1509 4342 1782 4399 intellectu
1813 4343 1948 4398 nihil

372 4438 489 4489 sine
509 4434 715 4489 unitate
733 4432 1037 4498 Trinitatis,
1056 4441 1112 4487 et
1132 4433 1398 4488 Trinitate
1419 4432 1642 4488 unitatis
1661 4441 1941 4498 constare;

369 4525 495 4597 quia
524 4533 647 4581 sunt
667 4524 847 4580 omnia
877 4525 929 4579 in
955 4539 1200 4588 numero,
1228 4523 1570 4593 et'poudere,
1599 4533 1654 4578 et
1688 4538 1941 4579 mensura

369 4617 683 4674 constituta.
756 4617 853 4671 Est
905 4629 1139 4685 namque
1192 4615 1245 4669 in
1297 4614 1523 4683 singulis
1581 4614 1944 4667 numerositas

369 4710 620 4776 unitatis;
650 4709 791 4764 sicut
817 4708 942 4762 etin
967 4716 1081 4762 toto
1103 4706 1281 4761 unitas
1303 4706 1725 4760 numerositatis.
1752 4706 1808 4760 In
1833 4706 1943 4761 Deo

371 4815 496 4859 vero
540 4798 779 4871 perfecta
830 4797 1068 4854 Trinitas
1112 4797 1355 4863 unitatis,
1384 4803 1441 4851 et
1479 4796 1710 4867 simplex
1760 4797 1943 4853 unitas

368 4889 673 4948 Trinitatis.

434 4983 490 5038 2.
526 4982 697 5037 Porro
720 4981 833 5048 illa,
860 4995 980 5051 qua:
1007 4980 1074 5037 de
1096 4980 1210 5035 Deo
1240 4977 1497 5035 divinitus
1519 4976 1797 5043 dicuntur,
1816 4992 1939 5034 cre-

365 5074 546 5129 dibilia
573 5073 792 5144 quidem
833 5080 959 5128 sunt
987 5071 1147 5127 simul
1175 5079 1232 5126 et
1273 5069 1666 5141 intelligibilia;
1696 5069 1791 5124 sed
1835 5069 1941 5126 nisi

364 5164 655 5219 credantur
699 5162 894 5231 prius,
941 5175 1218 5230 nunquam
1268 5158 1640 5228 intelliguntur
1682 5175 1696 5213 :
1737 5159 1940 5217 idcirco

363 5270 591 5311 necesse
608 5262 693 5310 est
710 5254 999 5311 credantur
1016 5268 1083 5308 ex
1105 5260 1216 5308 toto
1233 5252 1414 5316 corde,
1438 5259 1494 5307 et
1511 5265 1577 5306 ex
1601 5258 1713 5307 tota
1732 5251 1934 5318 anima,

362 5351 420 5400 et
439 5356 508 5400 et
534 5350 646 5400 tota
664 5344 897 5410 virtute;
931 5350 991 5399 ut
1016 5342 1231 5398 Christo
1252 5341 1556 5397 illustrante
1580 5341 1669 5398 hic
1689 5356 1757 5397 ex
1780 5349 1938 5411 parte

362 5433 502 5490 etin
528 5431 714 5489 futuro
739 5448 808 5489 ex
834 5440 950 5488 toto
976 5431 1361 5502 intelligantur.
1408 5430 1478 5486 Et
1517 5439 1668 5488 tanto
1703 5430 1936 5503 amplius

435 5579 463 5608 ι
502 5566 559 5621 1η
586 5567 747 5621 editis
772 5564 1110 5621 desideratur
1124 5562 1264 5633 jam.

435 5634 466 5679 ³
502 5637 664 5697 Editi.
690 5636 905 5692 unitate.

440 5717 459 5745 ο
504 5707 560 5763 In
589 5708 747 5764 editis
776 5706 1114 5763 desideratur
1131 5703 1341 5772 efﬁcax.

2045 3251 2130 3298 est
2159 3243 2342 3312 utique
2371 3258 2550 3310 nosse,
2577 3243 2664 3300 vel
2689 3245 2933 3310 credere,
2963 3246 3107 3316 quod
3135 3255 3220 3302 est
3245 3247 3428 3314 Pater,
3449 3258 3504 3305 et
3528 3249 3625 3306 Fi-

2044 3331 2167 3396 lius,
2202 3341 2259 3387 et
2289 3332 2525 3402 Spiritus
2553 3342 2792 3400 sanctus,
2822 3350 2964 3389 unus
2996 3335 3161 3400 Deus,
3203 3352 3309 3392 una
3344 3337 3623 3406 maiestas,

2045 3432 2103 3478 et
2130 3422 2388 3493 quidquid
2418 3423 2534 3491 ipse
2560 3422 2624 3477 de
2649 3437 2707 3477 se
2732 3423 2939 3489 docuit,
2966 3424 3180 3480 etiamsi
3206 3441 3312 3480 non
3357 3427 3637 3499 intelliga-A

2045 3520 2134 3566 tur
2156 3511 2423 3581 quomodo
2447 3518 2557 3572 est,
2579 3517 2787 3565 tantum
2819 3519 2879 3566 ut
2918 3511 3025 3567 ﬁde
3068 3514 3351 3584 praeceptis
3397 3516 3623 3572 obedia-

2045 3614 2186 3655 mus.
2211 3598 2270 3655 Si
2298 3599 2401 3664 vis,
2428 3598 2605 3667 inquit
2635 3599 2874 3663 cuidam,
2900 3599 2971 3653 ad
3015 3601 3173 3655 vitam
3220 3602 3444 3673 ingredi,
3468 3619 3637 3679 serva.

2044 3691 2293 3745 mandata
2315 3689 2530 3750 (Matth.
2559 3706 2673 3752 nx,
2700 3690 2809 3763 Π).
2847 3689 2913 3745 Et
2941 3706 3306 3761 nequaquam,
3332 3694 3429 3759 ait,
3456 3694 3620 3751 intel-

2046 3778 2171 3848 lige,
2194 3778 2482 3849 quomodo,
2512 3778 2710 3848 qualis,
2740 3787 3042 3848 quantusve
3066 3780 3202 3846 sim;
3234 3782 3328 3836 sed
3356 3783 3615 3839 mandata

2046 3867 2267 3939 implere
2313 3867 2495 3940 jubet;
2528 3868 2654 3937 quia
2702 3868 2945 3934 omnino,
2972 3878 3034 3924 ut
3075 3869 3436 3939 praitulimus,
3465 3871 3622 3928 intel-

2044 3960 2214 4016 lectus
2254 3959 2319 4015 de
2363 3959 2636 4015 mandatis
2669 3958 2871 4015 Christi
2911 3960 3151 4030 quotidie
3177 3960 3206 4000 ά
3236 3947 3484 4033 augetur,
3514 3979 3628 4034 quo

2045 4051 2214 4121 possit
2233 4051 2374 4106 Deus
2392 4051 2641 4117 deorum,
2668 4065 2775 4106 non
2796 4051 2887 4107 hic
2911 4051 3230 4118 admodum;
3270 4052 3364 4108 sed
3389 4053 3442 4108 in
3467 4052 3620 4119 Sion,

2050 4153 2074 4183 ο
2091 4151 2147 4198 ut
2173 4151 2279 4209 est,
2305 4143 2503 4198 mundo
2518 4147 2678 4198 corde
2696 4141 3135 4199 manifestissime
3160 4146 3531 4217 contemplari.
3555 4146 3625 4203 Et

2045 4250 2153 4290 non
2180 4234 2296 4291 haec
2321 4235 2568 4299 dicimus,
2593 4235 2734 4305 quod
2758 4249 2865 4292 non
2887 4234 3081 4290 debeat
3109 4234 3302 4306 aliquis
3329 4236 3631 4315 intelligens

2046 4325 2177 4381 tiam
2205 4324 2304 4381 Dei
2330 4325 2598 4382 interdum
2627 4326 2829 4381 habere
2852 4332 2909 4380 et
2936 4326 3203 4392 scrutari;
3236 4326 3331 4381 sed
3364 4328 3489 4396 quia
3522 4327 3624 4384 hoc

2046 4430 2339 4485 paucorum
2364 4425 2470 4481 est,
2499 4416 2565 4471 ad
2593 4415 2857 4470 cautelam
2887 4414 3195 4471 reducimus
3219 4414 3583 4473 Christianum
3603 4459 3621 4485 ,

2045 4512 2172 4580 quia
2195 4508 2299 4564 etsi
2328 4508 2555 4564 necdum
2580 4506 2879 4578 intelligere
2903 4523 3118 4574 omnes,
3142 4515 3322 4564 tamen
3343 4508 3622 4566 credibilia

2043 4617 2112 4657 ex
2140 4603 2249 4657 Deo
2274 4602 2438 4657 corde
2485 4600 2704 4656 credere
2729 4600 2798 4655 ad
2817 4598 3108 4668 iustitiam,
3139 4607 3194 4654 et
3237 4615 3332 4656 ore
3372 4600 3623 4658 conﬁteri

2043 4692 2112 4747 ad
2139 4692 2367 4746 salutem
2398 4692 2686 4756 debemus;
2716 4690 2954 4761 alioquin
3002 4691 3144 4747 sicut
3181 4690 3350 4747 Isaias
3375 4693 3451 4760 ait
3479 4692 3617 4763 (Ira.

2041 4797 2142 4847 vn,
2165 4781 2219 4854 9)
2247 4799 2259 4835 :
2285 4781 2388 4836 nisi
2416 4781 2828 4848 crediderimus,
2854 4797 2961 4836 non
2989 4782 3110 4838 dico
3140 4796 3237 4837 nos
3277 4797 3382 4837 non
3407 4782 3619 4838 intelle-

2042 4881 2247 4937 cturos,
2275 4874 2371 4928 sed
2417 4887 2520 4928 nec
2561 4874 3004 4944 permanebimus
3030 4873 3084 4928 in
3125 4871 3504 4943 Christo,quo
3529 4870 3617 4927 in.

2041 4964 2283 5036 telligere
2308 4964 2598 5035 possimus.

2621 5081 2847 5153 CAPUT
2884 5092 3015 5150 vui.

2272 5204 2350 5262 De
2375 5222 2498 5264 vera
2526 5214 2576 5261 et
2611 5203 2907 5260 indubitata
2932 5200 3059 5271 ﬁdei
3085 5200 3382 5271 disciplina.

2111 5342 2164 5396 1.
2202 5339 2397 5411 Liquet
2423 5355 2585 5398 omne
2610 5312 2755 5408 quod
2779 5336 2972 5402 scitur,
2996 5335 3124 5406 quia
3147 5350 3255 5392 non
3274 5349 3344 5392 ex
3371 5349 3491 5402 sua,
3518 5336 3615 5393 sed

2039 5446 2108 5488 ex
2134 5426 2702 5500 comprehendentium
2722 5433 2915 5481 natura
2934 5425 3276 5497 cognoscitur
3298 5443 3310 5480 :
3332 5424 3413 5482 sic
3432 5424 3613 5497 itaque

2110 5564 2136 5603 ιι
2176 5564 2233 5617 in
2260 5561 2390 5616 edit.
2421 5558 2756 5614 desideratur
2779 5558 3029 5628 quotidie.

2118 5644 2140 5673 ι
2176 5632 2314 5687 Edit.
2347 5629 2548 5685 addunt
2571 5628 2635 5682 ab
2666 5645 2745 5682 eo.
