4148 6344
530 331 664 388 N07

1310 324 1369 380 8.
1409 319 1761 378 PASCHASll
1801 313 2143 371 RADBERTI
2181 313 2467 368 ABBATIS
2506 311 2953 371 CORBEIENSIS

3651 313 3812 372 N08

528 459 585 504 et
612 459 773 500 omne
797 441 942 514 quod
966 439 1227 505 creditur,
1265 454 1372 494 non
1397 452 1468 493 ex
1494 451 1634 500 sese,
1665 433 1759 490 sed
1783 448 1847 487 ex
1876 428 2112 488 elllcacia
2145 431 2189 486 Α
2218 425 2359 480 ϐαι-ξε
2383 435 2551 491 esset,
2578 426 2706 481 dum
2734 426 2873 480 ratio
2905 425 3140 511 humana
3166 425 3348 479 omnia
3375 428 3811 498 compreheudc‘

529 536 678 602 ﬁdei,
707 533 864 604 cujus
905 541 993 588 est
1017 531 1207 603 spiritu
1239 529 1457 600 pietatis
1504 527 1768 582 illustrata
1801 531 1946 578 recte
1990 535 2108 575 cre-

529 626 716 685 ditur:
741 625 814 678 ita
847 633 1048 685 tamen,
1096 629 1154 674 ut
1193 633 1258 674 ea
1291 634 1411 688 qua:
1441 618 1734 672 creduntur
1761 630 1827 670 ex
1871 612 2108 676 teternis,

531 732 710 788 neque
735 717 874 771 intra
902 713 1308 783 intelligentiam
1332 710 1442 764 sint
1461 707 1735 770 credendi,
1765 719 1938 774 neque
1957 713 2112 758 extra

536 810 698 867 ﬁdem
745 806 1109 878 intelligendi;
1139 805 1232 860 scd
1279 803 1434 866 ﬁdes,
1464 816 1568 871 qua
1601 802 1666 855 de
1691 798 1892 854 Christi
1935 797 2114 852 incar-

534 901 758 960 natione
789 900 1054 955 catholice
1081 913 1144 954 ea
1179 913 1300 967 qum
1325 895 1594 950 credenda
1623 902 1751 948 sunt
1774 892 2068 948 creduntur
2093 907 2108 958 ;

533 991 784 1055 scientia,
816 1006 936 1060 qua:
980 1003 1078 1058 per
1127 987 1389 1057 Spiritum
1441 993 1684 1039 sanctum
1737 989 1843 1044 est,
1874 980 2110 1044 fulcitur,

529 1082 676 1138 sicut
715 1089 799 1135 est
828 1079 916 1135 illa
953 1093 1074 1149 quae
1099 1079 1165 1132 de
1192 1077 1469 1132 divinitate
1507 1075 1670 1129 totius
1698 1073 2003 1136 Trinitatis,
2035 1083 2117 1127 at-

534 1187 644 1242 que
688 1171 912 1227 unitatis
959 1179 1086 1235 est,
1135 1169 1326 1240 spiritu
1372 1167 1744 1237 intelligentia:
1793 1165 2112 1219 illustratur.

537 1262 694 1334 Unde
716 1261 1033 1332 Apostolus:
1051 1260 1214 1315 Alteri
1235 1260 1441 1330 quidem
1464 1258 1623 1311 datur
1644 1273 1814 1310 sermo
1847 1256 2116 1325 sapientia:

534 1371 629 1427 per
667 1354 925 1425 Spiritum
969 1362 1242 1417 sanctum;
1274 1351 1422 1404 alteri
1470 1366 1588 1403 vero
1635 1364 1804 1402 sermo
1854 1347 2114 1408 scienlite,

535 1445 693 1500 alteri
718 1447 848 1514 ﬁdes
871 1447 925 1498 in
945 1444 1124 1498 eodem
1156 1441 1357 1512 Spiritu
1384 1439 1434 1510 (I
1465 1437 1704 1504 Cor.xn,
1731 1438 1821 1521 8);
1853 1451 1970 1506 qua:
1993 1450 2116 1505 pro-

536 1535 703 1601 fecto,
733 1547 795 1591 ut
841 1536 994 1590 ﬁrma
1031 1535 1100 1590 sit
1130 1543 1185 1589 et
1228 1531 1549 1596 indubitata,
1580 1531 1706 1585 hinc
1752 1530 1875 1583 inde
1925 1527 2114 1597 spiritu

536 1627 816 1696 sapientia:
843 1636 1003 1696 atque
1030 1625 1268 1680 scientize
1314 1623 1602 1678 instruitur
1628 1631 1684 1677 et
1714 1621 1977 1676 solidatur
2001 1637 2016 1674 :
2041 1620 2112 1687 ita

539 1725 599 1769 ut
625 1731 745 1784 qua:
775 1717 842 1771 de
885 1717 1101 1771 Christo
1142 1723 1300 1779 sunt,
1337 1714 1528 1783 spiritu
1575 1712 1814 1767 scientiae
1846 1712 1897 1764 in
1933 1711 2116 1765 animo

2214 524 2298 569 ret
2329 533 2342 569 :
2375 530 2500 570 nam
2525 516 2592 570 ad
2618 530 2682 570 ea
2703 530 2822 586 qua:
2843 523 2970 570 sunt
2992 507 3224 580 aeterna,
3248 523 3303 570 et
3323 515 3492 571 videri
3512 525 3812 587 nequeunt,

2213 620 2408 662 sensus
2435 607 2657 662 omnino
2686 620 2983 676 corporeus
3008 619 3114 661 non
3163 615 3432 675 penetrat,
3461 616 3516 662 et
3555 607 3812 677 incorpo-

2215 713 2311 754 rea
2340 715 2446 754 non
2476 698 2862 768 apprehendit;
2898 699 3025 768 quia
3059 699 3286 754 inferius
3303 698 3468 768 jacet.

2286 789 2342 844 2.
2374 789 2543 845 Porro
2595 789 2927 861 imaginatio,
2969 805 3090 860 qua:
3141 789 3460 859 frequenter
3485 801 3570 847 est
3597 793 3652 848 in
3687 809 3810 849 me-

2219 880 2392 936 moria
2421 880 2556 946 sola,
2587 881 2706 934 sine
2734 881 2963 935 materia
3008 879 3218 950 judicat
3255 897 3636 952 quamcunque
3685 898 3814 939 cor-

2217 971 2367 1043 poris
2393 971 2655 1041 ﬁguram;
2693 981 2748 1025 et
2769 987 2874 1025 non
2907 971 3269 1041 apprehendit
3313 972 3463 1038 illud,
3487 974 3631 1042 quod
3665 975 3814 1030 Deus

2221 1071 2322 1124 est,
2351 1061 2504 1128 cujus
2553 1060 2696 1115 nulla
2751 1069 2835 1115 est
2898 1077 2964 1114 ex
3014 1060 3255 1128 subjecta
3289 1063 3515 1116 materia
3558 1065 3814 1134 corporis

2222 1150 2413 1218 ﬁgura.
2446 1149 2606 1203 Ratio
2628 1164 2758 1204 vero
2785 1151 2922 1204 hanc
2945 1165 3160 1218 quoque
3184 1152 3518 1204 transcendit
3544 1153 3809 1220 speciem,

2221 1255 2342 1308 quae
2391 1249 2448 1293 et
2499 1255 2692 1294 sensus
2749 1249 2912 1308 atque
2976 1239 3174 1310 ﬁguras
3225 1241 3659 1297 consideratione
3708 1259 3812 1298 sua

2221 1333 2506 1403 perpendit
2537 1333 2952 1398 universalium;
2982 1349 3082 1388 nec
3130 1341 3309 1388 tamen
3337 1333 3550 1404 attingit
3576 1350 3640 1389 ea
3685 1351 3818 1404 quas

2222 1437 2346 1480 sunt
2376 1427 2430 1479 in
2461 1426 2688 1496 singulis
2714 1435 3086 1480 creaturarum
3125 1426 3353 1491 naturis,
3383 1435 3588 1494 quanto
3635 1428 3816 1497 magis

2223 1531 2282 1575 ut
2311 1518 2481 1588 possit
2511 1517 2864 1586 perscrutari,
2901 1533 3020 1586 qua:
3071 1525 3198 1570 sunt
3243 1515 3811 1584 incomprehensibilia

2227 1608 2531 1665 divinitatis
2555 1608 2578 1661 ?
2607 1606 2871 1661 Cteterum
2902 1607 3254 1676 intelligentia
3307 1605 3501 1660 celsior
3528 1605 3721 1660 oculus
3757 1606 3814 1660 in

2225 1701 2402 1756 anima
2447 1698 2852 1769 supergreditur
2887 1697 3257 1752 universitatis
3302 1697 3586 1762 ambitum,
3637 1706 3695 1751 et
3743 1711 3814 1752 ex

534 1769 805 1862 credentis
853 1806 1322 1870 commendentur,
1356 1769 1482 1859 licet
1530 1806 1597 1858 de
1648 1803 1739 1856 illo
1788 1818 1894 1856 non
1937 1803 2118 1856 omnia
2154 1769 2196 1827 Β
2224 1802 2378 1864 Parte
2406 1792 2578 1860 ipsam
2608 1791 2752 1844 illam
2777 1789 2999 1845 Delli-“i5
3046 1797 3292 1844 ηίιῑυηῐη
3318 1787 3585 1843 Ῐηίεῖάυῐη
3613 1803 3815 1858 εοεηα

535 1897 801 1962 sciantur,
831 1897 932 1951 ﬁde
977 1907 1158 1950 tamen
1206 1897 1438 1964 integra,
1486 1907 1819 1963 quaecunque
1865 1892 2122 1961 magister

533 1987 778 2040 veritatis
804 1987 1002 2047 docuit,
1032 2001 1138 2038 non
1165 1986 1342 2038 minus
1364 1985 1430 2038 de
1458 1999 1553 2037 sua
1590 1981 1925 2060 humanitate
1955 1998 2118 2051 qttam

533 2091 603 2130 ex
629 2077 912 2130 divinitate
941 2075 1186 2137 Deitatis,
1211 2075 1408 2138 Patris,
1440 2083 1496 2129 et
1522 2073 1664 2136 Filii,
1689 2081 1850 2142 atque
1881 2073 2120 2142 Spiritus

533 2166 707 2220 sancti
731 2164 1270 2228 creduntur,ctiamsi
1294 2165 1473 2217 minus
1500 2162 1884 2232 intelligantur.
1915 2162 2118 2215 [larunt

536 2255 700 2326 igitur
730 2256 974 2311 doctrina
1019 2256 1255 2310 imbutus
1293 2255 1524 2319 animus,
1560 2256 1613 2309 in
1644 2255 1876 2324 quodam
1913 2256 1994 2309 sui
2028 2269 2119 2310 se.

536 2360 695 2401 cessu
729 2345 887 2400 ﬁdem
936 2347 1125 2408 nutrit,
1153 2361 1315 2415 quam
1345 2347 1545 2400 veritas
1584 2346 1929 2400 credentibus
1975 2360 2121 2400 rese-

539 2437 699 2491 ravit.
729 2437 838 2492 Nec
861 2436 960 2492 sibi
987 2437 1131 2491 aliud
1159 2437 1453 2507 quidquam
1481 2436 1726 2492 relictum
1751 2452 1779 2488 a
1807 2446 2000 2490 natura
2022 2451 2118 2490 sua

537 2527 862 2597 intelligens,
883 2528 935 2580 in
958 2542 1066 2596 quo
1085 2527 1256 2597 majus
1277 2528 1519 2581 Creatori
1544 2543 1642 2582 suo
1669 2528 1837 2597 possit.
1859 2527 2117 2592 ollicium,

537 2630 801 2670 munusve
828 2625 1116 2686 praestare;
1149 2632 1310 2686 quam
1348 2625 1406 2670 ut
1438 2625 1647 2670 tantum
1676 2633 1796 2671 eum
1829 2617 2115 2688 intelligat,

538 2715 774 2774 quantus
818 2721 916 2760 nec
964 2706 1185 2775 intelligi
1237 2721 1336 2759 nec
1384 2707 1511 2760 sciri
1557 2715 1762 2775 potest;
1795 2706 1919 2760 licet
1949 2697 2120 2775 possit

536 2797 707 2850 credi.
743 2796 809 2850 Et
855 2797 974 2852 ideo
1006 2797 1139 2852 ﬁdes
1184 2798 1493 2867 praecininet
1532 2799 1773 2853 scientiae
1799 2801 1884 2855 vel
1917 2801 2122 2856 intelle-

539 2887 650 2941 ctui
679 2896 883 2952 nostro,
911 2888 1036 2957 quia
1061 2889 1188 2950 etsi,
1222 2896 1278 2941 ut
1320 2897 1425 2952 est,
1459 2887 1683 2943 necdum
1713 2890 1883 2943 scitur
1905 2906 2002 2945 nec
2034 2891 2118 2945 in-

535 2977 822 3046 telligitur;
857 2986 1036 3030 tamen
1081 2977 1206 3046 quia
1257 2987 1359 3043 est,
1390 2978 1465 3032 ita
1507 2986 1567 3031 ut
1608 2987 1709 3043 est,
1743 2979 1830 3032 vel
1857 2980 2119 3049 quidquid

535 3067 606 3121 de
645 3066 734 3122 illo
771 3081 950 3120 sermo
981 3068 1192 3122 divinus
1227 3069 1503 3138 prmdicat,
1537 3071 1638 3124 hoc
1671 3078 1836 3125 totum
1866 3071 1969 3127 ﬁde
1997 3088 2118 3128 cre-

541 3156 707 3222 ditur,
736 3166 795 3210 ut
817 3173 913 3227 per
936 3173 1055 3211 eam
1096 3159 1288 3214 melius
1328 3160 1676 3232 intelligatur.
1710 3161 1938 3232 Propter
1975 3166 2117 3234 quod

536 3248 889 3320 intelligentia
915 3249 1073 3303 tidem
1111 3250 1211 3305 sibi
1241 3253 1562 3307 necessarias
1604 3254 1877 3324 religionis
1908 3271 2120 3310 assum-

535 3337 676 3408 psit,
711 3339 834 3407 quia
884 3341 1160 3396 arternitas
1203 3352 1258 3396 et
1313 3343 1569 3411 majestas
1614 3345 1842 3400 Deitatis
1884 3348 2114 3402 excedit.

537 3427 760 3494 Verum,
791 3431 916 3500 quia
956 3447 1060 3485 non
1101 3446 1167 3487 ex
1209 3448 1306 3486 sua
1358 3444 1551 3488 natura
1599 3439 2113 3506 comprehenditur;

540 3523 638 3577 sed
684 3522 919 3577 ellicaeia
953 3525 1073 3577 ﬁdei
1105 3525 1393 3594 aliquando
1438 3526 1575 3596 plus,
1607 3526 1894 3596 aliquando
1938 3530 2118 3585 minus

541 3615 809 3679 creditur;
837 3615 1038 3670 idcirco
1065 3616 1350 3686 aliquoties
1374 3618 1684 3681 aberratur,
1707 3619 1830 3673 dum
1856 3619 1959 3673 lide
1981 3620 2117 3674 male

538 3705 903 3774 praesumitur,
937 3721 1041 3759 non
1089 3707 1231 3774 quod
1276 3707 1364 3762 ille
1401 3708 1601 3772 docuit,
1631 3709 1721 3778 qui
1765 3724 1823 3762 se
1866 3718 2037 3763 totum
2065 3719 2120 3764 et

536 3795 638 3850 soli
686 3795 992 3866 plenissime
1039 3813 1202 3850 unum
1241 3798 1428 3863 Deum,
1463 3799 1803 3861 immensum,
1835 3801 2117 3870 incapabi-

537 3883 644 3939 lem
676 3899 700 3925 α
729 3889 896 3941 novit.
946 3886 1285 3957 Quapropter
1322 3889 1410 3942 illa
1438 3899 1522 3943 est
1561 3905 1688 3944 vera
1721 3890 1855 3945 ﬁdes
1881 3899 1935 3945 et
1963 3893 2120 3947 indu-

537 3978 726 4040 bitata,
758 3994 877 4048 qth
906 3978 1214 4048 plenissime
1242 3982 1412 4036 credit
1437 3983 1619 4036 omnia
1666 3997 1786 4051 qua:
1814 3981 2027 4038 Veritas
2052 3985 2118 4038 de

537 4083 598 4125 se
628 4069 828 4132 docuit,
861 4079 915 4123 et
960 4071 1040 4124 eis
1083 4071 1340 4124 divinitus
1384 4072 1686 4141 inspiravit,
1720 4089 1855 4142 quos
1901 4075 1968 4128 ad
2013 4075 2118 4130 hoc

537 4159 784 4229 eligit,ut
809 4161 1106 4228 scripturas
1126 4163 1415 4216 canonicas
1439 4163 1785 4218 credentibus
1811 4166 2114 4232 aperirent:

537 4251 734 4322 quibus
783 4250 1023 4320 profecto
1058 4252 1102 4304 si
1145 4253 1449 4316 crederent,
1479 4252 1588 4307 Deo
1633 4253 1819 4321 utique
1858 4256 2118 4310 credidis-

535 4350 679 4406 sent,
705 4340 797 4410 qui
830 4340 962 4394 nihil
991 4341 1136 4395 aliud
1179 4357 1341 4411 quam
1373 4357 1490 4411 qua:
1519 4342 1777 4413 inspirata
1801 4353 1956 4398 erant
1981 4344 2118 4398 divi-

2221 1899 2403 1948 seens,
2449 1881 2869 1952 contemplatur.
2931 1879 3085 1936 Unde
3137 1878 3474 1950 Apostolus:
3518 1877 3608 1932 Ex
3662 1887 3816 1947 parte

2221 1975 2358 2028 enim
2379 1975 2759 2044 cognoscimus,
2789 1982 2836 2025 et
2865 1988 2928 2026 ea:
2951 1981 3098 2041 parte
3141 1972 3510 2040 prophetamus
3532 1981 3551 2022 :
3573 1969 3667 2023 sed
3690 1985 3815 2022 cum

2223 2065 2437 2128 venerit,
2455 2064 2595 2134 quod
2620 2064 2906 2131 perfectum
2935 2073 3033 2126 est,
3057 2062 3395 2116 euacuabitur
3417 2062 3556 2131 quod
3573 2077 3641 2114 ea:
3660 2070 3816 2129 parte

2220 2165 2295 2208 est
2335 2153 2385 2224 (Ι
2423 2152 2546 2207 Cor.
2582 2169 2704 2216 χιιι,
2734 2153 2809 2221 9).
2854 2152 2960 2207 Sed
2988 2151 3120 2206 ﬁdes
3163 2167 3283 2220 quae
3332 2166 3428 2221 per
3457 2150 3813 2205 dilectionem

2220 2254 2324 2308 est,
2354 2245 2477 2300 licet
2503 2261 2564 2299 ex
2585 2253 2738 2315 parte
2772 2244 2861 2308 sit,
2891 2257 2996 2297 non
3019 2259 3085 2298 ex
3109 2251 3262 2313 parte
3283 2282 3299 2308 ,
3338 2240 3434 2297 sed
3463 2256 3530 2295 ex
3556 2249 3670 2295 toto
3698 2255 3815 2296 cre-

2220 2337 2300 2391 dit
2325 2337 2508 2392 omnia
2536 2352 2657 2406 qua:
2701 2351 2807 2390 non
2837 2335 3091 2389 videntur
3123 2353 3136 2389 :
3173 2333 3246 2388 ita
3278 2342 3339 2388 ut
3366 2333 3633 2404 magister
3658 2333 3814 2388 veri-

2223 2427 2350 2482 tatis
2375 2427 2609 2492 edocuit,
2644 2434 2703 2478 ut
2725 2425 2960 2496 Spiritus
2991 2433 3211 2480 sanctus
3245 2423 3534 2478 reseravit.
3580 2422 3661 2478 Ea
3705 2423 3814 2478 ita-

2221 2533 2327 2588 que
2355 2517 2547 2578 credit,
2579 2531 2698 2585 qua:
2719 2516 2947 2571 necdum
3000 2515 3304 2570 intellectus
3334 2513 3718 2584 apprehendit,
3758 2522 3814 2566 et

2221 2610 2343 2665 ideo
2362 2609 2541 2678 justus
2567 2624 2673 2662 non
2696 2623 2763 2662 ex
2797 2607 3090 2673 intellectu,
3120 2608 3214 2662 sed
3243 2622 3308 2661 ex
3353 2606 3456 2660 ﬁde
3486 2605 3643 2659 vivit.
3671 2605 3812 2659 Nam

2221 2701 2469 2771 superior
2495 2699 2840 2770 amplectitur
2887 2697 3224 2762 inferiorem,
3250 2704 3306 2750 et
3341 2693 3603 2764 dijudicat
3632 2711 3648 2759 ;
3676 2693 3813 2749 infe-

2223 2791 2337 2846 rior
2369 2806 2495 2844 vera
2522 2791 2588 2845 ad
2611 2790 2945 2861 superiorem
2968 2789 3114 2844 nullo
3145 2787 3304 2842 modo
3335 2787 3640 2857 consurgit.
3690 2783 3810 2840 Non

2221 2882 2368 2936 enim
2393 2897 2584 2936 sensus
2613 2882 2813 2951 aliquid
2842 2889 2996 2935 extra
3018 2881 3299 2934 materiam
3330 2879 3504 2944 valet;
3538 2878 3681 2933 sicut
3711 2893 3814 2932 nec

2223 2973 2536 3044 imaginatio
2562 2980 2716 3028 extra
2745 2972 2948 3026 formas
2974 2988 2988 3037 ;
3020 2987 3155 3041 quas
3183 2972 3326 3025 ideas
3357 2970 3535 3026 Caeci
3592 2980 3807 3032 vocant,

2224 3069 2291 3122 ad
2327 3083 2464 3138 quas
2488 3081 2682 3121 sensus
2709 3080 2814 3120 non
2837 3066 2952 3120 dies
2983 3065 3168 3129 altius,
3192 3078 3379 3118 verum
3410 3078 3510 3117 nec
3531 3062 3599 3117 ad
3621 3063 3769 3131 ipsas
3786 3074 3811 3101 ο

2202 3160 2566 3222 discernendi
2597 3159 2770 3230 gratia
2796 3158 3054 3228 pertingit
3083 3175 3095 3211 :
3131 3165 3188 3210 ut
3227 3171 3328 3210 nec
3355 3156 3575 3226 energia
3606 3156 3674 3210 ad
3718 3169 3808 3209 ra-

2224 3253 2387 3308 tionis
2415 3266 2683 3314 normam,
2708 3265 2828 3318 qnae
2855 3249 3059 3318 absque
3082 3247 3205 3301 fuco
3237 3247 3381 3300 illius
3411 3246 3809 3316 imaginationis

2223 3359 2452 3414 quaeque
2477 3357 2587 3396 sua:
2614 3341 2887 3396 facultatis
2917 3341 3082 3395 libere
3103 3339 3383 3401 discernit,
3405 3338 3642 3408 quamvis
3665 3337 3800 3392 sima

2220 3434 2414 3506 plicem
2470 3432 2835 3502 intelligentiae
2914 3431 3143 3486 formam
3198 3432 3376 3485 adhuc
3439 3429 3657 3483 Deitatis
3702 3441 3802 3483 ne-

2222 3533 2422 3594 queant
2467 3525 2686 3578 intueri.
2755 3523 2896 3593 Ergo
2947 3522 3032 3577 his
3090 3523 3342 3577 omnibus
3406 3521 3678 3591 prominet
3721 3519 3810 3574 in-

2223 3614 2511 3676 tellectus,
2568 3622 2624 3666 et
2678 3611 2941 3666 discernit
2997 3613 3280 3666 universas
3360 3611 3589 3664 rationis
3647 3619 3812 3678 atque

2222 3702 2623 3772 imaginationis
2693 3700 2928 3771 ﬁguras,
3001 3716 3208 3756 necnon
3299 3709 3355 3755 et
3403 3713 3564 3754 omne
3644 3707 3809 3753 matrs

2222 3794 2354 3848 riale
2379 3792 2634 3847 sensibile
2679 3807 3042 3862 cognoscens,
3075 3807 3176 3846 nec
3214 3791 3428 3847 ratione
3459 3791 3672 3856 utitur,
3707 3805 3807 3845 nec

2219 3883 2624 3954 imaginatione,
2645 3897 2742 3937 nec
2767 3882 3014 3936 sensibus
3039 3899 3052 3946 ;
3076 3882 3170 3936 sed
3193 3880 3282 3936 illo
3305 3880 3595 3952 purissimo
3611 3881 3808 3934 mentis

2217 3974 2396 4039 oculo,
2437 3989 2544 4027 uno
2587 3974 2718 4037 ictu,
2761 3981 2978 4038 cuncta,
3011 3988 3130 4042 qua:
3183 3971 3320 4026 infra
3371 3987 3432 4027 se
3476 3981 3626 4039 sunt,
3675 3988 3806 4029 con-

2218 4065 2396 4134 spicit.
2430 4063 2536 4119 Sed
2559 4064 2685 4134 quia
2715 4064 2949 4118 nondum
2973 4072 3055 4118 est
3078 4064 3146 4118 ad
3167 4063 3431 4132 liquidum
3452 4065 3796 4128 emundatus,

2221 4171 2400 4225 neque
2421 4157 2577 4226 plena
2606 4155 3009 4225 incorruptione
3027 4156 3278 4220 vestitus,
3304 4155 3408 4210 ﬁde
3429 4157 3612 4226 potius
3639 4158 3804 4212 inter-

2218 4245 2346 4299 dum
2393 4245 2704 4316 purgandus
2730 4253 2846 4309 est,
2876 4245 3047 4302 donec
3085 4247 3140 4301 in
3183 4246 3268 4299 via
3293 4262 3480 4301 sumus
3511 4266 3524 4300 :
3558 4247 3799 4318 alioquin

2220 4344 2280 4389 ut
2325 4335 2492 4390 Isaias
2523 4334 2766 4390 fatetur:
2803 4335 2925 4390 Nisi
2953 4336 3310 4400 credideritis,
3360 4354 3464 4391 non
3507 4338 3804 4409 intelligetis

535 4435 684 4490 nitus
709 4435 1045 4504 protulerint.
1078 4434 1231 4490 Unde
1260 4435 1386 4489 dum
1417 4435 1502 4489 illa
1525 4435 1609 4489 vel
1658 4451 1763 4490 non
1794 4436 2112 4502 creduntur,

2222 4423 2354 4492 (Isa.
2381 4441 2492 4490 vn,
2522 4425 2598 4496 9).
2629 4425 2983 4496 lntelligentia
3018 4430 3161 4484 enim
3189 4439 3274 4484 est
3309 4445 3519 4485 merces
3560 4431 3684 4486 ﬁdei
3711 4473 3726 4496 ,
3752 4443 3807 4486 ct

533 4527 622 4584 vel
645 4527 821 4593 aliter,
851 4544 1014 4598 quam
1038 4529 1178 4584 dicta
1228 4530 1336 4586 sint
1368 4530 1421 4596 ι),
1460 4532 1912 4602 interpretantur,
1951 4530 2117 4586 homo

535 4616 814 4688 impietate
843 4629 865 4658 ο
902 4635 996 4673 sua
1025 4635 1118 4674 seu
1148 4620 1251 4675 [ide
1283 4622 1406 4675 licta
1436 4621 1733 4692 decipitur;
1773 4637 1894 4676 cum
1923 4622 2117 4677 melius

531 4718 679 4765 esset
712 4710 934 4765 credere
959 4711 1076 4766 sine
1107 4711 1481 4781 intelligentia,
1518 4728 1680 4782 quam
1730 4713 1872 4767 male
1919 4711 2117 4767 intelli-

533 4815 666 4871 gens
701 4801 728 4841 ἀ
773 4803 1050 4856 erroribus
1091 4803 1390 4871 subj-acere.
1437 4803 1575 4859 Hinc
1603 4821 1817 4875 quoque
1867 4805 2064 4860 dicitur
2098 4822 2111 4857 :

532 4891 737 4946 Altiora
767 4903 815 4946 te
837 4910 898 4945 ne
923 4894 1214 4963 quwsieris,
1236 4905 1282 4947 et
1313 4894 1662 4964 profundiore
1691 4906 1738 4949 te
1766 4912 1829 4949 ne
1850 4905 2114 4949 scrutatus

534 4983 700 5054 [ueris
722 4984 912 5056 (Eccli.
941 5003 1024 5051 ιιι,
1053 4986 1168 5057 29.).
1209 4987 1324 5041 Non
1357 4986 1500 5057 quod
1534 5003 1637 5042 non
1672 4987 1956 5056 quzcrenda
2005 4987 2116 5040 sint

534 5092 600 5134 ea
627 5092 747 5147 quae
775 5093 879 5134 non
907 5077 1174 5141 videntur,
1199 5094 1323 5134 cum
1361 5080 1468 5134 sint
1505 5088 1730 5141 aeterna,
1757 5079 1856 5134 etsi
1904 5089 2110 5147 tempo-

533 5167 744 5225 ralibus
769 5169 876 5228 sint
897 5168 1093 5223 altiora
1119 5187 1134 5237 ;
1165 5171 1259 5224 sed
1287 5171 1414 5240 quia
1453 5172 1554 5226 lide
1576 5172 1756 5239 potius
1779 5179 1927 5229 sunt,
1950 5185 2109 5238 quam

533 5259 747 5313 ratione
808 5259 1040 5312 humana
1096 5262 1410 5316 scrutanda.
1471 5261 1831 5315 Prohibemus
1899 5260 2109 5314 ratione

532 5361 778 5417 quzerere
804 5347 994 5402 altiora
1017 5348 1266 5414 Deitatis,
1289 5351 1541 5420 quoniam
1563 5350 1606 5404 si
1634 5349 1961 5420 perscrutari
1987 5363 2110 5418 pos—

481 5503 488 5508 ,
532 5448 656 5495 sent
682 5439 1052 5510 profundioria
1085 5449 1248 5497 tanta:
1277 5441 1595 5510 majestatis,
1623 5442 1754 5497 ﬁdes
1795 5456 1900 5496 non
1927 5455 2113 5496 neces-

605 5587 630 5610 ··
674 5571 839 5642 Edit.,
868 5571 1344 5642 incomparabilem.

611 5642 633 5678 ¹π
676 5641 841 5704 Edim
869 5651 1008 5693 sunt.

610 5723 628 5740 τ
679 5710 842 5775 Edit.,
867 5711 918 5762 in
937 5712 1127 5774 pietate
1156 5728 1172 5766 :
1206 5729 1308 5768 non
1332 5713 1488 5778 bene,
1526 5713 1662 5768 unde
1685 5713 1858 5768 editor
1883 5713 1932 5766 in
1963 5729 2102 5767 mar.

2222 4516 2343 4571 ideo
2368 4532 2490 4586 quae
2520 4518 2751 4573 necdum
2775 4520 3142 4590 intelligimus,
3177 4522 3280 4575 ﬁde
3302 4523 3596 4588 credimus,
3623 4525 3802 4593 operi-

2219 4607 2322 4662 bus
2349 4623 2698 4675 veneramur,
2726 4619 2783 4664 ut
2813 4611 3086 4668 intellectu
3111 4622 3282 4668 totum
3313 4616 3457 4685 quod
3486 4617 3538 4670 in
3567 4617 3674 4671 ﬁdc
3701 4627 3804 4680 est,

2220 4700 2762 4768 comprehendamus.
2788 4701 3080 4772 Propterea
3101 4719 3223 4758 cum
3251 4704 3393 4760 Deus
3413 4707 3623 4761 veritas
3645 4719 3729 4762 est
3750 4708 3804 4762 in

2219 4805 2402 4855 causa,
2434 4807 2540 4845 non
2568 4791 2878 4848 intellectus
2898 4793 3022 4862 jure
3051 4797 3117 4850 de
3151 4795 3258 4851 ﬁde
3282 4797 3550 4867 disputat,
3581 4800 3710 4868 quia
3743 4800 3805 4852 ii-

2221 4885 2316 4938 des
2343 4899 2406 4938 ea
2445 4887 2652 4951 credit,
2681 4903 2802 4957 qua:
2844 4888 3074 4943 necdum
3107 4889 3412 4945 intellectus
3453 4902 3547 4944 aut
3574 4893 3803 4946 scientia

2221 4977 2598 5045 apprehendit.
2623 4978 2735 5034 lnni
2747 4981 2877 5035 titur
2891 4982 3034 5037 enim
3057 4997 3215 5052 supra
3239 4992 3470 5052 petram,
3488 5000 3610 5054 quae
3624 4985 3806 5044 Chris-

2223 5074 2307 5120 tus
2337 5076 2420 5122 est
2440 5107 2455 5131 ,
2479 5077 2533 5123 et
2555 5071 2772 5138 omnia,
2804 5087 2924 5142 qua:
2957 5072 3190 5142 Spiritus
3221 5083 3442 5128 sanctus
3469 5076 3522 5129 in
3555 5075 3802 5147 Scriptu-

2220 5158 2296 5212 ris
2323 5156 2456 5212 Novi
2483 5174 2550 5214 ac
2580 5158 2791 5216 Veteris
2822 5162 3153 5218 Testamenti
3181 5163 3456 5228 disseruit,
3488 5164 3799 5220 indubitan-

2221 5255 2301 5302 ter
2323 5247 2517 5312 credit,
2549 5249 2792 5319 prolecto
2817 5251 2942 5320 quia
2967 5251 3164 5306 sulIicit
3187 5251 3280 5306 Dei
3313 5268 3513 5318 sermo,
3544 5255 3638 5323 qui
3663 5255 3798 5310 eﬁ’u-

2220 5352 2315 5394 sus
2340 5347 2426 5394 est
2444 5340 2645 5396 virtute
2683 5341 2922 5412 Spiritus
2947 5343 3120 5398 sancti
3151 5343 3204 5398 in
3237 5344 3458 5399 auribus
3481 5347 3706 5408 nostris,
3734 5348 3796 5402 det

2219 5447 2326 5503 quo
2354 5433 2528 5488 nullus
2566 5445 2712 5490 recte
2744 5435 2987 5504 judicat,
3017 5437 3108 5507 qui
3146 5451 3280 5493 sane
3309 5438 3468 5508 sapit.
3506 5437 3662 5493 Unde
3685 5441 3795 5495 sola

2222 5567 2344 5638 gine
2368 5577 2517 5622 recte
2548 5569 2757 5639 monuit
2792 5568 3070 5638 legendum
3113 5571 3399 5639 impietate.

2287 5638 2312 5676 δ
2363 5639 2499 5693 Edit.
2512 5678 2526 5701 ,
2559 5637 2944 5707 intelligentem.

2295 5721 2315 5748 ε
2356 5707 2523 5773 Edit.,
2553 5711 2738 5777 ipsum.
