4148 6344
398 280 418 333 1
429 278 537 335 ΝΟ

1304 272 1396 330 DE
1437 270 1612 338 FIDE,
1656 268 1783 325 SP5
1823 262 1910 318 ΕΤ
1951 260 2368 325 ειιΑιιιιΑτιι.
2404 300 2469 311 -
2498 267 2626 325 LIB.
2668 268 2707 325 l.

3515 266 3656 324 tuo

392 389 499 444 title
527 393 741 459 oportet
766 400 893 455 quas
911 392 1178 455 "recepta
1207 392 1336 439 sunt
1361 383 1608 456 explere,
1638 380 1886 445 Patrem,
1917 388 1974 435 et
1999 385 2046 444 Α
2073 395 2218 435 meus
2247 360 2507 449 dilectus,
2541 383 2595 437 in
2638 397 2743 451 quo
2782 382 2910 437 mihi
2947 384 3072 438 bene
3112 382 3438 455 complectit,
3479 384 3652 454 ipsum

392 474 591 531 Filium
609 515 626 539 ,
656 484 713 530 et
741 474 1004 545 Spiritum
1031 483 1311 540 sanctum,
1343 483 1404 529 ut
1433 475 1548 544 ipse
1574 473 1641 528 de
1663 487 1723 529 se
1753 472 1969 536 docuit,

393 570 485 641 qui
517 568 665 624 solus
690 582 749 624 se
777 568 928 623 novit
957 568 1206 632 adorare,
1237 566 1510 631 venerari,
1538 565 1593 620 in
1619 581 1775 636 quem
1799 573 1849 618 et
1875 581 1972 618 an-

390 662 494 734 geli
531 660 829 715 desiderant
864 661 1155 731 prospicere
1186 658 1249 731 (Ι
1292 656 1438 713 Petr.
1475 674 1532 724 ι,
1566 660 1677 730 12).
1711 659 1817 713 Sed
1842 658 1971 729 quia

392 752 622 808 necdum
646 750 1001 820 contemplari
1027 766 1315 821 possumus
1333 750 1472 821 quod
1498 766 1590 805 nec
1610 750 1792 805 oculus
1820 751 1971 816 vidit,

394 860 488 898 nec
525 843 671 896 auris
702 843 926 906 audivit,
956 859 1048 896 nec
1071 841 1125 895 in
1151 858 1242 895 cor
1264 842 1491 896 hominis
1513 842 1743 896 ascendit
1769 841 1818 912 (I
1847 841 1969 896 Cor.

394 949 460 999 ιι,
488 933 568 1002 9),
599 934 885 988 credamus
915 934 966 987 in
1004 933 1153 986 illum
1174 972 1189 998 ,
1219 934 1272 988 in
1306 948 1414 1003 quo
1453 944 1581 989 sunt
1618 936 1732 989 haec
1756 935 1969 1001 omnia;

392 1024 649 1093 quoniam
673 1023 788 1093 ipse
813 1033 896 1078 est
925 1024 1044 1079 fons
1071 1025 1215 1091 vitm,
1245 1026 1359 1095 ipse
1383 1025 1843 1081 incommutabilis
1865 1026 1975 1078 vir-

395 1124 512 1181 tus,
559 1114 741 1169 lumen
786 1116 1131 1182 indelicieus,
1178 1132 1448 1172 summum
1496 1124 1553 1172 et
1585 1116 1971 1185 sempiternum

393 1208 596 1261 bonum
625 1224 639 1261 :
671 1223 831 1277 quam
860 1220 886 1247 ι
908 1224 1099 1279 magna
1128 1208 1415 1264 multitudo
1440 1208 1736 1263 dulcedinis
1762 1222 1971 1272 eorum,

392 1298 486 1367 qui
528 1297 752 1362 timent,
784 1305 840 1352 et
865 1298 1093 1352 credunt
1121 1298 1174 1352 in
1206 1312 1328 1352 eum
1357 1311 1424 1352 ex
1456 1306 1569 1354 toto
1598 1297 1791 1362 corde,
1827 1307 1883 1352 et
1906 1310 1973 1351 ex

394 1398 509 1445 tota
538 1390 740 1455 anima,
775 1399 832 1444 et
855 1405 921 1445 ex
952 1398 1064 1444 tota
1095 1390 1324 1445 virtute!

466 1478 523 1534 5.
560 1478 730 1534 Nemo
750 1478 934 1549 igitur,
967 1479 1057 1549 qui
1082 1481 1195 1535 haec
1228 1481 1408 1535 omnia
1436 1495 1555 1550 quae
1583 1480 1724 1534 Deus
1749 1488 1864 1543 est,
1890 1478 1973 1532 in-

396 1569 625 1641 telligat,
658 1570 758 1624 nisi
787 1578 1046 1639 quantum
1074 1571 1420 1626 credentibus
1450 1570 1772 1626 revelaverit
1797 1569 1971 1638 Spiri-

397 1670 486 1717 tus
518 1679 532 1715 :
561 1663 702 1716 sicut
731 1660 929 1715 Paulus
962 1661 1236 1731 apostolus
1261 1670 1527 1717 testatur:
1555 1659 1744 1721 Nobis,
1776 1660 1971 1729 inquit,

2069 468 2252 522 audite
2280 468 2497 540 (Matth.
2525 485 2605 533 Ill,
2631 471 2741 541 17).
2767 471 2834 525 Ει
2860 481 2919 525 ιιι
2938 473 3112 542 jussio
3136 472 3316 528 Patris
3342 472 3651 543 impleatur,

2071 574 2178 630 qua
2204 562 2531 630 prmmonuit
2554 563 2722 631 ipsum
2754 563 2953 626 audite,
2985 572 3197 634 Oportet
3220 565 3285 619 de
3312 565 3414 620 hac
3439 565 3543 620 lide
3564 576 3660 619 re-

2073 663 2396 709 tractantem
2428 656 2697 710 neminem
2734 658 3009 726 suscipere
3055 674 3068 709 :
3099 656 3199 722 Ite,
3239 656 3445 727 inquit,
3474 657 3656 712 docete

2069 762 2249 800 omnes
2306 756 2514 816 gentes,
2573 747 2896 818 baptizantes
2951 765 3039 802 eos
3089 750 3144 803 in
3188 749 3393 803 nomine
3442 749 3655 814 Patris,

2068 846 2119 888 et
2158 832 2331 901 Filii,
2372 845 2419 888 et
2462 833 2690 904 Spiritus
2730 837 2921 890 sancti.
2971 837 3108 903 Quia
3147 835 3259 905 jam
3304 837 3356 891 in
3405 837 3657 891 Matthtco

2071 926 2332 995 prolixius
2375 926 2753 991 disseruimus,
2788 928 2940 980 unde
2982 928 3103 991 hic,
3151 928 3278 997 quia
3320 928 3385 982 de
3422 927 3526 981 nde
3546 928 3660 997 agi-

2070 1025 2203 1083 tur,
2252 1032 2423 1086 pauca
2484 1019 2808 1088 posuimus:
2844 1018 2914 1072 ita
2966 1029 3157 1073 utnon
3202 1018 3374 1073 solum
3418 1019 3661 1075 Trinitas

2075 1111 2239 1164 totius
2310 1110 2607 1180 majestatis
2680 1111 3085 1164 evidentissime
3148 1109 3499 1180 iutelligibilis
3563 1110 3661 1165 de-

2073 1200 2354 1265 claretur;
2426 1215 2613 1256 verum
2685 1201 2813 1270 quin
2882 1201 3155 1255 sensibilis
3221 1200 3663 1269 quodammodo,

2070 1305 2197 1344 cum
2223 1291 2295 1344 sit
2320 1291 2901 1362 incomprehensibilis,
2931 1306 2995 1344 ac
3019 1292 3065 1345 si
3106 1291 3383 1359 corporeis
3413 1289 3667 1346 sensibus

2080 1380 2351 1445 distincta,
2370 1383 2436 1435 ad
2466 1381 2871 1451 intelligendum
2903 1381 3023 1437 luce
3050 1381 3250 1437 clarius
3273 1390 3663 1451 pertractetur.

2074 1470 2237 1526 Pater
2255 1473 2463 1527 scilicet
2491 1473 2733 1528 clamans
2761 1473 2830 1526 ad
2878 1472 3072 1527 Filium
3123 1473 3176 1527 in
3207 1488 3359 1538 voce,
3411 1473 3663 1541 idemque

2072 1560 2244 1617 Filius
2270 1564 2536 1617 veraciter
2564 1564 2895 1617 hnmanatus
2921 1560 2973 1617 in
3021 1578 3203 1628 carne,
3232 1563 3301 1617 ab
3340 1565 3457 1633 ipso
3500 1562 3666 1618 Patre

2077 1655 2384 1727 diligentius
2417 1656 2787 1725 praedicatur:
2821 1655 3058 1725 Spiritus
3079 1670 3211 1710 vero
3251 1664 3472 1710 sanctus
3500 1668 3666 1724 super

398 1754 636 1811 reuelauit
673 1755 817 1811 Deus
844 1773 936 1825 per
958 1757 1199 1826 spiritum
1229 1773 1403 1810 suum.
1438 1755 1664 1825 Spiritus
1700 1756 1837 1809 enim
1865 1772 1975 1809 om-
2007 1722 2051 1780 Β
2079 1761 2200 1800 eum
2231 1747 2284 1800 in
2314 1746 2557 1801 columbi.
2594 1747 3015 1800 demonstratur.
3048 1745 3152 1800 Sed
3186 1755 3241 1800 et
3271 1760 3366 1816 per
3396 1746 3511 1817 ipsa
3539 1744 3661 1815 plu-

397 1847 488 1900 uia
514 1856 801 1912 scrutatur,
834 1848 992 1900 etiam
1015 1846 1280 1917 profunda
1301 1846 1419 1900 Dei.
1443 1845 1573 1911 Quis
1593 1847 1753 1910 enim,
1781 1846 1975 1915 inquit,

396 1937 492 1990 scit
518 1938 822 2002 hominum,
861 1954 977 2007 qua:
1005 1947 1127 1991 sunt
1159 1939 1213 1991 in
1244 1938 1483 2001 homine,
1513 1937 1612 1991 nisi
1637 1937 1853 2006 spiritus
1880 1938 1980 1990 ho-

399 2026 578 2092 minis,
596 2026 686 2097 qui
711 2027 767 2079 in
788 2027 899 2095 ipso
921 2027 1035 2081 est?
1061 2026 1111 2096 (l
1133 2024 1259 2079 Cor.
1285 2042 1345 2089 ιι,
1364 2025 1479 2095 10.)
1505 2026 1644 2081 Ecce
1659 2042 1817 2096 quam
1845 2027 1980 2080 bene

398 2116 640 2186 disputat
666 2116 731 2171 de
756 2131 838 2180 eo,
872 2117 963 2186 qui
997 2125 1079 2171 est
1105 2114 1411 2179 inellabilis,
1438 2125 1494 2171 et
1521 2116 1981 2187 incomprehensi-

398 2205 543 2272 bilis,
569 2207 661 2276 qui
688 2208 862 2261 nescit
882 2222 943 2261 ea
968 2222 1089 2277 quae
1114 2216 1237 2260 sunt
1260 2207 1314 2261 in
1338 2207 1448 2271 illo,
1471 2207 1561 2277 qui
1589 2208 1734 2262 circa
1752 2223 1852 2261 nos
1873 2215 1978 2272 est,

398 2306 455 2354 et
494 2298 599 2353 hoc
628 2313 749 2354 esse
788 2299 1079 2368 probatur,
1112 2296 1254 2367 quod
1291 2312 1390 2352 nos
1421 2312 1641 2363 sumus,
1681 2299 1774 2368 qui
1804 2299 1894 2352 vix
1922 2313 1981 2352 se

399 2388 588 2453 novit,
617 2397 674 2444 et
701 2389 802 2444 hoc
832 2389 975 2458 quod
1019 2389 1132 2460 ipse
1175 2399 1259 2445 est
1294 2406 1400 2445 non
1433 2392 1810 2461 apprehendit.
1843 2391 1981 2459 Quid

399 2489 557 2548 putas
590 2479 656 2534 de
689 2495 752 2535 ea
780 2489 972 2533 natura
1006 2480 1213 2535 ratione
1240 2482 1453 2537 human:
1526 2481 1790 2547 dicturus,
1816 2498 1979 2553 quam

403 2586 502 2627 nec
528 2572 705 2643 angeli
750 2573 1192 2641 apprehendnnt?
1221 2574 1301 2628 llli
1346 2576 1532 2645 quider
1615 2575 1982 2647 ιῑοιιυιιιριιιιι-

403 2673 491 2718 tur
513 2679 638 2720 eum
663 2673 723 2719 nt
743 2673 849 2729 est,
876 2674 1207 2719 venerantur
1235 2675 1290 2720 et
1314 2666 1577 2737 diligunt;
1607 2675 1978 2721 verumtamen

405 2767 505 2807 nec
525 2755 796 2824 quomodo
818 2756 1180 2823 sempiternus
1200 2756 1269 2810 sit
1293 2757 1411 2811 sine
1435 2756 1609 2821 initio,
1633 2765 1686 2811 et
1708 2756 1825 2810 sine
1852 2755 1980 2820 line,

403 2844 489 2898 vel
516 2845 786 2915 quomodo
812 2848 1059 2917 genuerit
1083 2845 1247 2901 Pater
1277 2845 1474 2901 Filium
1502 2888 1515 2911 ,
1549 2844 1672 2902 cum
1710 2862 1981 2917 nunquam

406 2936 569 2992 fuerit
590 2937 707 2992 sine
730 2937 905 3003 Filio;
930 2946 985 2993 et
1006 2937 1109 2992 alia
1141 2937 1469 3008 huiusmodi,
1492 2953 1613 3006 qua:
1635 2937 1700 2991 de
1728 2937 1820 2991 illo
1847 2935 1984 2992 inef-

408 3031 644 3087 labiliter
668 3032 941 3098 dicuntur,
977 3047 1076 3087 nec
1104 3032 1385 3096 dubitant,
1416 3045 1516 3085 nec
1540 3030 1844 3099 requirunt.
1876 3028 1983 3084 Ve—

409 3137 530 3177 rum
559 3122 724 3189 igitur
768 3123 910 3193 quod
950 3122 1148 3178 Paulus
1174 3124 1251 3177 ait
1287 3139 1300 3177 :
1341 3122 1472 3188 Quae
1502 3121 1601 3176 Dei
1639 3131 1793 3184 sunt,
1836 3136 1984 3173 nemo

352 3256 357 3259 .
408 3214 664 3283 cognorit,
689 3212 790 3267 nisi
817 3214 1031 3283 spiritus
1057 3212 1155 3267 Dei
1180 3211 1234 3283 (I
1257 3212 1379 3267 Cor.
1407 3228 1466 3277 ιι,
1492 3210 1603 3283 ll).
1651 3211 1717 3264 Et
1737 3211 1855 3265 ideo
1879 3225 1986 3264 non

408 3316 594 3368 sensu,
612 3318 718 3357 non
740 3302 1121 3374 imaginatione
1144 3301 1346 3372 aliqua,
1370 3316 1476 3356 non
1500 3302 1707 3355 ratione
1726 3302 1986 3365 humana,

407 3392 535 3462 quid
563 3392 636 3448 sit
663 3393 803 3448 Deus
826 3433 841 3458 ,
871 3392 1043 3463 qualis
1067 3432 1082 3458 ,
1108 3399 1411 3461 quantusve
1437 3432 1452 3457 ,
1480 3392 1824 3462 cognoscitur
1851 3409 1864 3444 :
1892 3390 1987 3445 sed

2078 1838 2213 1890 rima
2264 1837 2291 1876 ἀ
2344 1852 2464 1908 qua:
2502 1837 2738 1892 Joannes
2782 1838 2960 1892 adhuc
2994 1836 3061 1892 de
3108 1837 3325 1892 Christo
3359 1838 3666 1909 ignorabat,

2078 1931 2339 1984 divinitus
2366 1931 2646 1995 edocetur,
2679 1918 3038 1999 impleturqne
3082 1929 3210 1984 illud
3241 1931 3616 1999 propheticum
3646 1946 3664 1985 :

2095 2018 2206 2073 νοω
2232 2019 2447 2073 Domini
2470 2034 2628 2090 super
2669 2036 2853 2088 aquas,
2895 2019 3037 2072 Deus
3083 2020 3373 2089 majestatis
3416 2020 3667 2085 intonuit,

2081 2108 2336 2163 Dominus
2367 2126 2524 2178 super
2550 2124 2716 2179 aquas
2738 2107 2930 2163 multas
2953 2107 3135 2178 (Psal.
3161 2123 3356 2174 xxvul,
3385 2111 3473 2180 5).
3516 2107 3667 2163 Pra-

2080 2202 2293 2257 dicatur
2313 2216 2445 2272 ergo
2492 2217 2523 2256 a
2577 2200 2739 2256 Patre
2780 2200 2984 2267 Filius;
3032 2201 3360 2271 praedicatur
3394 2216 3425 2255 a
3462 2198 3669 2270 Spiritu

2079 2292 2327 2348 Sancto:
2365 2293 2692 2363 praedicatur
2738 2292 2903 2346 etiam
2949 2307 2981 2346 a
3033 2306 3094 2346 se
3130 2293 3265 2362 ipso,
3312 2291 3439 2345 dum
3490 2290 3559 2344 de
3606 2292 3683 2344 se

2082 2385 2300 2440 Patrem
2354 2385 2613 2448 insinuat,
2654 2391 2712 2437 et
2739 2397 2905 2437 unum
2949 2397 3007 2436 se
3050 2397 3172 2437 esse
3216 2396 3339 2436 cum
3368 2380 3530 2435 Patre
3566 2387 3673 2436 tes-

2083 2483 2264 2529 tatur:
2296 2473 2411 2544 Ego
2435 2484 2483 2528 et
2510 2473 2675 2527 Pater
2696 2466 2860 2527 unum
2880 2488 3060 2527 sumus
3083 2472 3101 2543 (
3115 2472 3275 2526 Joau.
3302 2487 3355 2536 ιι,
3381 2470 3503 2539 50).
3527 2470 3670 2538 Quid

2083 2566 2245 2636 igitur
2267 2565 2410 2619 ultra
2441 2579 2595 2618 mens
2628 2574 2673 2627 ε,
2705 2563 2795 2617 tali
2825 2571 3012 2617 renata
3061 2569 3426 2624 sacramento,
3457 2559 3669 2615 dubita-

2084 2656 2250 2710 tionis
2278 2654 2478 2726 poterit
2509 2654 2711 2708 habere
2753 2653 2807 2707 in
2865 2651 3000 2715 tide;
3057 2665 3179 2705 cum
3212 2664 3325 2704 uno
3376 2650 3674 2719 eodemque

2086 2756 2385 2812 momento,
2415 2745 2594 2800 Patris
2620 2760 2728 2800 vox
2754 2744 2821 2797 ad
2846 2758 2945 2798 nos
2969 2742 3185 2812 delapsa
3208 2741 3406 2798 Filium
3430 2743 3482 2796 in
3512 2741 3672 2810 aquis

2084 2840 2374 2894 visibilitcr
2403 2845 2749 2908 apparentem
2795 2836 3073 2905 praedicat,
3115 2843 3171 2889 et
3199 2834 3431 2905 Spiritus
3450 2841 3673 2888 sanctus

2087 2932 2327 3000 desuper
2351 2931 2405 2985 in
2428 2929 2675 2985 columba
2700 2942 2820 2996 qua:
2842 2928 3122 2982 sentienda
3156 2927 3267 2981 sint
3312 2927 3379 2980 de
3425 2940 3512 2991 eo,
3555 2925 3671 2979 evi-

2088 3024 2306 3079 dentius
2343 3024 2553 3079 edocet.
2607 3020 2759 3089 Quod
2791 3021 2836 3075 si
2887 3035 3018 3075 sane
3048 3019 3101 3073 in
3145 3033 3243 3073 ore
3291 3018 3545 3083 duorum,
3589 3016 3675 3071 vel

2092 3117 2251 3170 trium
2306 3116 2523 3171 tes-tium
2579 3113 2746 3169 stabit
2796 3125 2958 3167 omne
2995 3110 3238 3176 verbum,
3272 3109 3440 3165 multo
3467 3108 3678 3163 ﬁrmius

2090 3208 2527 3278 recte'accipitur
2570 3207 2636 3262 de
2682 3221 2742 3261 se
2782 3203 2985 3270 Patris,
3034 3217 3100 3259 ac
3145 3201 3288 3267 Filii,
3333 3216 3399 3256 ac
3441 3198 3679 3271 Spiritus

2089 3303 2265 3359 sancti
2302 3299 2689 3356 testimonium.

2158 3394 2212 3448 2.
2253 3393 2311 3448 ln
2342 3393 2444 3447 hac
2473 3392 2673 3461 quippe
2698 3389 2804 3444 ﬁde
2829 3386 3001 3443 renati
3031 3400 3238 3450 sumus,
3268 3383 3397 3454 quid
3420 3397 3556 3454 opus
3578 3390 3666 3439 est

409 3484 455 3537 si
478 3484 595 3555 quis
620 3484 885 3553 spiritum,
909 3483 997 3553 qui
1022 3499 1087 3537 ea:
1117 3483 1225 3536 Deo
1250 3492 1347 3546 est,
1375 3483 1638 3545 habuerit,
1663 3481 1760 3534 scit
1786 3497 1847 3533 ea
1872 3496 1982 3550 qua:

2090 3484 2320 3555 amplius
2347 3484 2413 3539 de
2436 3483 2543 3537 ﬁde
2578 3480 2731 3552 quasi
2763 3479 2957 3533 dubios
2978 3477 3310 3533 retractare?
3338 3474 3676 3546 Praeceptum

409 3592 445 3629 a
470 3572 576 3629 Deo
612 3576 808 3629 donata
848 3585 967 3628 sunt
1005 3575 1151 3628 nobis
1194 3573 1391 3641 (lbid.,
1428 3569 1526 3641 id!)
1569 3589 1583 3624 :
1622 3580 1684 3625 ut
1706 3571 1992 3625 credamus
2091 3584 2176 3632 est
2205 3576 2389 3645 itaque
2418 3571 2677 3643 apostolis
2705 3585 2720 3624 :
2753 3568 2855 3634 Ite,
2883 3569 3060 3622 docete
3083 3583 3261 3621 omnes
3281 3576 3478 3636 gentes,
3510 3563 3679 3634 bapii-

411 3664 467 3720 Ῐη
496 3665 643 3720 “lum
662 3705 677 3730 ν
707 3675 766 3720 ιιι
795 3665 1154 3720 conﬁteantur
1186 3662 1369 3727 corde,
1402 3669 1564 3731 alque
1585 3675 1700 3722 ore,
1728 3661 1853 3731 quia
1877 3660 1991 3728 ipse
2093 3675 2270 3721 zantes
2290 3682 2376 3720 eos
2397 3665 2452 3718 in
2473 3664 2682 3717 nomine
2708 3658 2909 3724 Patris,
2931 3669 2977 3713 et
3001 3655 3154 3723 Filii,
3172 3668 3217 3711 et
3238 3655 3466 3727 Spiritus
3485 3655 3677 3709 sancti.

408 3763 517 3820 est,
544 3770 609 3811 ex
637 3771 767 3826 quo,
796 3765 849 3811 et
869 3771 966 3825 per
984 3770 1170 3824 quem,
1202 3755 1229 3794 δ
1257 3762 1313 3808 et
1338 3754 1390 3807 in
1420 3769 1527 3822 quo
1554 3760 1681 3807 sunt
1707 3751 1888 3805 omnia
1913 3751 1992 3803 vi-

414 3845 590 3902 sibilia
621 3863 638 3903 :
670 3849 721 3900 in
748 3864 906 3917 quem
931 3857 1213 3917 sperantes
1246 3846 1313 3899 ad
1338 3861 1460 3900 eum
1493 3844 1678 3899 venire
1706 3852 1990 3913 optamus,

413 3945 474 3990 ut
495 3939 771 3993 ardentius
797 3938 915 3994 sine
937 3940 1064 3994 line.
1090 3952 1209 4007 quae
1231 3945 1355 3992 sunt
1377 3937 1706 4006 sempiterna
1736 3935 1841 3989 frui
1871 3949 1994 4004 pos-

414 4044 460 4083 Il
468 4045 605 4085 mus.

1031 4141 1257 4197 CAPUT
1289 4141 1383 4198 1X.

693 4251 773 4307 De
809 4253 913 4323 ﬁde
940 4253 1183 4324 baptismi
1216 4271 1320 4309 non
1357 4256 1711 4310 immutanaa.

485 4382 538 4439 1.
563 4382 724 4440 Fides
740 4384 1016 4455 baptismi,
1042 4401 1144 4455 qua
1165 4395 1524 4441 renascuntur
1537 4383 1770 4457 νιπεοίιί
1788 4394 1841 4440 et
1859 4399 1997 4455 pra:-

364 4480 367 4483 ’
414 4475 667 4534 destinati
699 4478 768 4532 ad
795 4478 962 4533 vitam
989 4519 1006 4537 .
1037 4494 1102 4533 ex
1133 4494 1270 4548 aqua
1300 4487 1355 4532 et
1399 4477 1601 4549 Spiritu
1648 4485 1836 4532 sancto
1859 4519 1874 4541 ,
1906 4476 1994 4531 illa

416 4579 519 4636 est,
546 4585 668 4641 quae
697 4570 750 4625 in
780 4569 996 4624 nomine
1023 4569 1222 4633 Patris,
1244 4578 1298 4624 et
1321 4568 1459 4630 Filii,
1484 4578 1539 4623 et
1559 4568 1793 4637 Spiritus
1818 4568 1993 4622 sancti

416 4675 514 4730 per
560 4660 905 4715 dilectionem
962 4659 1305 4713 credentibus
1360 4659 1792 4712 commendatur.
1842 4656 1996 4714 Unde

420 4752 680 4807 Dominus
717 4753 783 4807 ad
823 4750 1116 4821 discipulos
1148 4765 1161 4801 ε
1193 4748 1305 4814 Ite,
1346 4749 1525 4803 docete
1566 4765 1743 4802 omnes
1782 4759 1992 4816 gentes,

419 4843 743 4913 baptisantes
767 4859 853 4896 eos
884 4842 940 4895 in
970 4841 1177 4894 nomine
1210 4838 1409 4904 Patris,
1439 4847 1485 4891 et
1515 4836 1665 4901 Filii,
1696 4848 1743 4891 et
1766 4836 1997 4907 Spiritus

419 4938 585 4990 sancti
620 4934 832 5009 (Matth.
869 4950 1057 4997 xxvm,
1088 4934 1196 5005 19).
1229 4933 1360 4999 Qnte
1396 4933 1651 4986 nimirum
1683 4930 1832 4993 ﬁdes,
1868 4945 2001 5000 quo-

421 5025 709 5080 dammodo
744 5024 797 5080 in
844 5025 1112 5098 baptismo
1158 5023 1361 5079 Christi
1403 5021 1676 5077 sensibilis
1718 5021 1998 5091 apparuit;

420 5116 639 5186 quando
673 5126 695 5155 ο
727 5131 890 5186 super
913 5131 1036 5170 eum
1072 5115 1234 5169 Pater
1264 5112 1497 5168 intonuit
1534 5126 1549 5166 :
1594 5110 1695 5165 Hic
1722 5120 1796 5165 cst
1825 5109 2001 5165 Filius

498 5265 523 5291 ο
554 5252 718 5316 Edit.,
744 5254 871 5321 quia
901 5268 1113 5322 magna.

498 5323 525 5361 ιι
557 5324 609 5376 In
636 5315 794 5377 editis
819 5315 1158 5378 desideratur
1184 5329 1234 5374 et
1258 5321 1313 5374 in
1335 5335 1437 5391 quo
1466 5327 1585 5375 sunt
1611 5317 1788 5374 omnia
1822 5315 2000 5375 visibi-

426 5392 521 5453 lia,
560 5395 612 5445 in
640 5409 813 5463 quem.

498 5474 523 5501 ι
553 5460 717 5527 Ει1ῑἰ.,
746 5462 909 5532 quod,
930 5461 1023 5517 sed
1052 5460 1241 5517 melius
1262 5460 1494 5531 quando.

496 5532 525 5572 ιι
555 5533 721 5603 Edit.,
751 5533 1053 5603 plurimum.

505 5614 528 5641 ο
556 5602 719 5658 Paulo
751 5598 912 5657 aliter
931 5603 1073 5656 hunc
1097 5603 1271 5657 locum
1293 5599 1519 5671 legimus
1554 5600 1606 5655 in
1634 5599 1847 5671 editis;
1863 5598 2005 5665 Quid

429 5674 589 5743 igitur
624 5674 761 5728 ultra
791 5672 969 5740 menti,
1002 5672 1095 5727 tali
1118 5682 1310 5729 renata:
1343 5668 1692 5739 iuramento,
1727 5668 2007 5726 dubitatio-

2021 4438 2075 4498 Ι)

2095 3754 2163 3809 In
2187 3754 2395 3809 nomine
2415 3768 2546 3823 ergo
2568 3767 2691 3806 cum
2715 3749 2870 3814 dixit,
2898 3763 3065 3803 unum
3089 3762 3184 3801 eos
3203 3744 3461 3808 ostendit,
3486 3743 3628 3814 quod
3655 3741 3677 3782 ί

2094 3850 2272 3903 tribus
2300 3846 2606 3903 nominibus
2630 3846 2763 3901 satis
2806 3845 2872 3899 ad
2920 3843 3323 3913 intelligendum
3357 3838 3681 3894 Trinitatem

2096 3938 2312 4008 egregie
2355 3936 2602 3992 distinxit
2633 3952 2646 3988 :
2679 3934 2774 3989 sed
2802 3933 2902 3987 tria
2929 3933 3043 3986 hare
3074 3947 3237 3984 unum
3277 3944 3473 3984 nomen
3505 3930 3532 3970 ⁸
3560 3943 3684 3983 esse

2095 4030 2345 4094 edocuit;
2370 4028 2496 4098 quia
2528 4027 2630 4081 etsi
2673 4026 2879 4081 dictum
2902 4033 3025 4079 est:
3055 4022 3288 4088 Quterite
3319 4021 3603 4075 Dominum
3634 4028 3685 4073 et

2100 4120 2503 4189 conﬁrmamini,
2530 4117 2750 4187 quwrite
2780 4115 2971 4186 faciem
3001 4113 3116 4182 ejus
3142 4128 3346 4181 semper
3368 4109 3544 4181 (Psal.
3569 4123 3683 4175 cn,

2099 4212 2192 4281 4);
2233 4218 2395 4280 atque
2424 4208 2555 4264 illud
2589 4222 2604 4261 :
2640 4207 2906 4273 Qumrite,
2950 4215 2999 4258 et
3033 4202 3341 4268 invenietis;
3368 4202 3603 4273 pulsate,
3635 4210 3685 4255 et

2103 4303 2362 4371 aperietur
2405 4298 2545 4353 vobis
2588 4295 2805 4369 (Matth.
2853 4310 2952 4360 vn,
2981 4294 3034 4364 'l)
3079 4302 3335 4362 :oportet
3366 4306 3471 4347 non
3519 4290 3684 4347 alium

2104 4397 2282 4444 tamen
2326 4404 2487 4457 quam
2516 4401 2682 4441 unum
2715 4385 2884 4439 Deum
2933 4385 2987 4438 in
3031 4384 3205 4437 tribus
3249 4383 3499 4451 personis
3538 4390 3687 4437 recte

2102 4494 2365 4550 quaerere,
2397 4492 2506 4547 quo
2534 4476 2818 4530 Trinitatis
2844 4473 3065 4529 nomine
3094 4473 3289 4543 signati
3320 4485 3510 4526 sumus
3536 4487 3553 4524 :
3583 4470 3688 4525 sub

2105 4587 2210 4642 qua
2228 4569 2448 4625 omnino
2467 4567 2569 4621 fide
2596 4567 2758 4621 rebus
2779 4563 3059 4633 exspoliati
3091 4564 3295 4629 mundi,
3323 4562 3453 4616 nudi
3478 4556 3693 4617 fonteni

2104 4660 2468 4716 introivimus.
2493 4656 2549 4712 In
2577 4671 2685 4727 quo
2712 4655 2969 4710 nimirum
2995 4653 3147 4709 fonte
3175 4655 3487 4724 quicunque
3513 4651 3689 4723 bapti—

2104 4753 2209 4808 zati
2237 4764 2425 4806 sumus
2454 4749 2506 4803 in
2541 4747 2759 4803 Christo
2784 4744 2913 4802 Jesu
2935 4747 2986 4813 ιι,
3026 4747 3082 4802 in
3109 4746 3281 4800 morte
3304 4744 3475 4814 ipsius
3502 4742 3685 4811 bapti-

2104 4842 2209 4897 zati
2236 4856 2449 4897 sumus:
2485 4837 2786 4908 Consepulti
2815 4837 2950 4892 enim
2978 4853 3160 4891 sumus
3185 4851 3301 4889 cum
3331 4832 3424 4888 illo
3447 4848 3542 4903 per
3561 4833 3688 4902 bap-

2108 4936 2317 4988 tismum
2349 4933 2404 4987 in
2430 4940 2596 4986 morte
2622 4928 2801 5000 (Rom.
2839 4944 2914 4993 vr,
2947 4926 3027 4997 ι).
3058 4926 3126 4981 Et
3156 4926 3277 4982 ideo
3301 4924 3415 4995 jam
3445 4922 3586 4979 ultra
3608 4923 3687 4994 .do

2108 5024 2213 5080 tide
2258 5024 2393 5078 nihil
2424 5032 2722 5078 retractare
2748 5021 3004 5075 debemus
3027 5059 3043 5082 ,
3089 5018 3181 5073 sed
3210 5016 3486 5074 custodire
3512 5012 3687 5069 modis

2105 5116 2355 5172 omnibus
2375 5114 2517 5185 quod
2548 5115 2564 5154 ι
2593 5111 2943 5176 credidimus,
2965 5117 3022 5164 et
3039 5107 3310 5163 credendo
3332 5105 3501 5179 gratis
3521 5118 3552 5159 a
3574 5101 3686 5157 Deo

2107 5250 2187 5304 nis
2213 5245 2497 5301 momenti?
2522 5244 2698 5298 Patris
2725 5254 2824 5295 eoa:
2849 5238 2919 5296 ad
2946 5255 3039 5293 nos
3060 5236 3294 5306 delapsa.

2182 5318 2200 5356 ί
2239 5318 2405 5381 Edit.,
2434 5315 2579 5385 quin.

2178 5390 2204 5429 ³
2243 5388 2408 5447 ﬁdit,
2437 5385 2665 5438 nomine.
3360 5426 3365 5431 .

2176 5459 2205 5499 ιι
2244 5457 2300 5512 ln
2351 5442 2482 5510 edit.
2536 5452 2911 5508 desiderantur
2963 5447 3077 5504 haec
3128 5447 3331 5503 verba:
3364 5443 3432 5499 In
3477 5442 3689 5501 Christo

2105 5527 2255 5592 Iesu,
2273 5526 2326 5580 in
2356 5534 2519 5579 morte
2546 5522 2710 5592 ipsius
2738 5518 2988 5590 baptisati
3014 5534 3216 5572 sumus.

2188 5601 2202 5639 ι
2249 5597 2416 5661 Edit.,
2446 5607 2584 5663 qua.
