4148 6344
513 278 648 337 Nil

1295 263 1354 318 s.
1391 253 1750 316 PASCHASII
1791 244 2140 307 mesen
2176 203 2465 298 ments
2506 234 2954 298 conasmasrs

3653 233 3790 286 NH

514 385 842 458 accepimus.
875 377 1111 436 Credere
1138 374 1360 431 omnino
1387 371 1650 426 debemus
1672 365 1817 421 aliud
1844 378 1950 418 non
1973 372 2094 417 esse
2123 358 2170 417 Α
2201 355 2454 423 ignorare
2479 367 2703 408 manens
2737 351 2763 390 ιι
2799 348 2943 405 infra
2970 347 3221 418 baptism.
3269 351 3698 408 sacramentum,
3728 361 3790 397 ne

515 452 846 537 credendum
862 492 877 539 ;
896 473 1100 527 idcirco
1115 484 1217 522 nec
1232 463 1635 534 requiremlmn,
1649 473 1716 513 eo
1727 455 1868 526 quod
1885 455 1998 524 jam
2015 452 2098 506 in-

520 582 741 627 ventum
762 566 1111 623 credidimus.
1136 560 1276 626 Ergo
1299 555 1442 610 aliud
1471 570 1576 608 non
1603 549 1949 620 requirimus,
1971 545 2100 614 quia

517 676 623 718 nec
647 661 762 730 ipse
781 656 937 711 nobis
959 652 1196 713 mandat,
1217 665 1284 703 eo
1305 647 1448 716 quod
1469 659 1609 698 unus
1642 652 1726 697 est
1755 640 1899 694 aliud
1923 637 2100 706 requi-

519 729 772 812 rendam,
799 755 854 802 et
880 746 1081 800 scimus
1105 755 1157 806 α,
1183 738 1444 808 quodnisi
1469 738 1571 790 hoc
1585 749 1771 796 unum,
1789 729 2105 799 aliudquip-

481 903 484 906 ,
521 846 666 913 piam
691 840 824 896 nihil
849 848 933 894 est
957 828 1943 898 necessarium.Amplectimurautem
1959 837 2104 885 eum,

521 933 648 1002 quia
662 946 801 985 unus
814 938 920 993 est,
936 937 989 982 et
1005 935 1166 981 certae
1182 921 1482 977 devotionis
1496 918 1688 973 affectu
1708 918 1758 971 in
1773 932 1876 970 una
1892 915 2108 969 eadem-

523 1038 630 1091 que
668 1021 773 1076 ﬁde
799 1017 1150 1090 proliciendo,
1179 1012 1466 1084 sperando.
1497 1021 1658 1078 atque
1704 1009 1954 1069 amando,
1983 1007 2109 1075 quia

523 1113 766 1167 infinitus
808 1120 909 1170 est,
945 1111 1118 1179 ipsum
1165 1120 1378 1173 semper
1430 1103 1773 1171 requirimus,
1797 1100 1968 1153 donec
1999 1098 2027 1138 ι»
2056 1099 2108 1151 in

523 1205 828 1274 aenigmate,
879 1210 934 1255 et
977 1200 1212 1253 nondum
1259 1197 1312 1250 in
1362 1195 1560 1263 specie,
1593 1207 1755 1260 quem
1801 1202 1824 1229 ο
1875 1189 2110 1243 tenendo

525 1296 860 1367 quaerimus,
911 1292 1293 1348 ardentissimo
1339 1303 1524 1341 amore
1566 1287 1806 1356 quotidie
1855 1298 2111 1353 perscru-

528 1397 728 1442 tamur.
765 1387 870 1441 Sed
921 1393 977 1439 et
1030 1399 1152 1437 cum
1200 1381 1485 1448 :enigmata
1537 1393 1717 1432 rerum
1762 1373 2113 1446 prmsentium

527 1479 730 1534 fuerint
753 1486 1034 1539 evacuata,
1062 1476 1226 1528 etiam
1255 1473 1387 1526 certi
1417 1486 1625 1531 sumus,
1649 1470 1790 1537 quod
1817 1483 1922 1522 non
1953 1465 2113 1528 alius,

527 1583 692 1638 quam
723 1583 862 1622 unus
895 1569 1144 1634 idemque
1189 1565 1328 1617 Deus
1351 1562 1587 1615 Trinitas
1619 1560 1721 1614 sibi
1747 1558 2111 1619 credentibus,

529 1659 722 1726 utjam
751 1673 847 1728 per
873 1659 1030 1711 fidem
1064 1655 1428 1724 percepimus,
1472 1650 1774 1720 apparebit.
1821 1649 1924 1702 Per
1976 1647 2117 1700 hanc

531 1753 715 1822 itaque
752 1752 908 1805 fidem
938 1750 1206 1819 signatura
1238 1755 1320 1800 est
1361 1745 1538 1798 lumen
1592 1741 1770 1795 vultus
1811 1739 1906 1793 Dei
1956 1753 2119 1807 super

531 1860 651 1908 nos,
680 1851 737 1897 et
785 1843 907 1896 ideo
935 1841 1001 1894 ad
1035 1837 1378 1891 infidelitates
1427 1833 1786 1903 quormndam
1815 1830 2116 1892 hominum,

530 1944 586 1988 et
613 1935 681 1988 ad
711 1933 964 1988 tenebras
1005 1942 1331 1996 erroresque
1380 1926 1649 1994 respicere
1688 1939 1794 1977 non
1841 1920 2115 1975 debemus.

531 2027 611 2082 Ex
641 2025 835 2086 fiducia
886 2024 1046 2090 igitur
1083 2018 1436 2089 probationis,
1467 2017 1593 2084 quia
1624 2024 1865 2082 tempora
1911 2012 2124 2081 perieu-

533 2118 649 2172 losa
673 2113 1093 2185 pronuntiantur
1112 2110 1139 2147 ιι
1166 2108 1368 2171 futura,
1393 2105 1770 2176 przeveniendo
1793 2117 2010 2157 monere
2032 2102 2125 2155 de-

535 2207 843 2261 sideramus
870 2202 1132 2272 quosdam
1161 2200 1299 2253 ultra
1326 2214 1366 2260 σ,
1403 2197 1504 2250 nisi
1536 2196 1680 2265 quod
1722 2195 1774 2248 in
1803 2194 2125 2262 baptismate

535 2295 805 2349 credendo
825 2298 1200 2362 perceperunt,
1232 2289 1391 2356 idque
1412 2302 1554 2350 esse,
1579 2296 1634 2340 et
1657 2302 1764 2340 non
1794 2285 1958 2346 aliud,
1982 2283 2126 2353 quod

537 2399 781 2456 querere
827 2383 1042 2439 interim
1095 2381 1421 2436 debebunt:
1480 2394 1604 2432 nam
1658 2378 1798 2431 ratio
1851 2374 2126 2445 quaerendi

537 2476 751 2532 nonnisi
791 2475 844 2528 in
877 2475 1049 2527 tribus
1077 2486 1257 2525 rerum
1283 2470 1527 2523 articulis
1553 2469 1853 2524 consistere
1876 2468 2086 2521 videtur
2110 2483 2124 2519 :

539 2567 596 2621 in
659 2580 718 2619 re
769 2563 1055 2625 videlicet,
1120 2562 1172 2615 in
1249 2569 1533 2630 tempore,
1599 2570 1764 2628 atque
1839 2558 1890 2611 in
1945 2557 2126 2610 modo.

539 2655 599 2710 In
667 2670 767 2719 re,
835 2662 894 2707 ut
953 2652 1082 2721 quid
1157 2651 1228 2705 sit
1283 2651 1630 2719 qmerendum
1698 2648 2126 2703 consideremus-

538 2747 599 2802 In
635 2756 912 2816 tempore,
973 2754 1033 2798 ut
1088 2743 1328 2814 quando,
1381 2759 1448 2798 ne
1496 2743 1633 2796 forte
1661 2741 1680 2780 ί
1725 2743 1940 2812 quando
1985 2756 2133 2809 quae—

540 2840 769 2894 rendum
803 2852 907 2892 non
951 2845 1054 2900 est,
1114 2845 1207 2890 aut
1251 2835 1426 2898 aliud,
1480 2844 1572 2889 aut
1620 2835 1750 2889 illud
1802 2835 1946 2905 quod
1987 2848 2135 2902 quae-

541 2931 718 2985 rimus
744 2944 850 2983 non
881 2929 1013 2982 satis
1048 2928 1404 2981 inveniamus.
1438 2926 1608 2980 Porro
1645 2927 1698 2980 in
1731 2927 1891 2980 modo
1937 2939 2136 2994 quous-

540 3039 649 3095 que
675 3023 1026 3092 quzerendum
1071 3021 1141 3076 sit
1185 3022 1487 3089 aspiratur;
1527 3019 1730 3073 idcirco
1775 3019 1932 3073 nobis
1979 3034 2132 3071 scru-

544 3113 770 3169 tandum
800 3121 904 3177 est,
934 3113 1078 3181 quod
1106 3112 1357 3167 Christus
1384 3111 1638 3173 instituit,
1669 3120 1726 3165 et
1758 3109 2021 3164 tenendus
2046 3119 2130 3164 est

543 3207 659 3276 ipse
683 3221 844 3275 quem
876 3205 1146 3259 invenisse
1173 3205 1470 3274 gaudemus
1494 3221 1507 3257 :
1547 3203 1671 3272 quia
1687 3203 1910 3256 omnino
1928 3217 2132 3271 nequa-

543 3312 730 3366 quam,
779 3296 883 3350 nisi
934 3295 1235 3349 invenisses
1279 3292 1535 3362 prinmm,
1588 3295 1812 3348 credere
1843 3294 2128 3364 potuisses.

546 3387 630 3441 Ad
661 3387 764 3441 hoc
791 3402 922 3456 ergo
953 3386 1217 3456 quaesisti,
1259 3394 1317 3439 ut
1347 3386 1655 3452 invenires;
1690 3388 1716 3426 ε
1737 3385 1986 3442 invenisti
2034 3402 2134 3438 an-

549 3486 682 3542 tem,
710 3487 770 3532 ut
800 3478 1072 3533 crederes.
1107 3477 1163 3531 In
1191 3492 1298 3547 qua
1332 3477 1587 3531 nimirum
1616 3476 1719 3531 fide
1747 3491 1960 3530 onmem
2009 3492 2135 3546 pro-

547 3569 822 3626 bationem
852 3569 1126 3640 quzerendi
1181 3578 1236 3622 et
1289 3569 1597 3622 inveniendi
1645 3568 1916 3623 credendo
1947 3567 2134 3630 fixisti,

550 3660 678 3714 dum
707 3670 756 3716 te
782 3675 904 3716 cum
921 3660 1138 3716 Christo
1167 3661 1219 3714 in
1245 3671 1473 3714 mortem
1501 3676 1596 3730 per
1616 3660 1923 3731 sepulcrum
1947 3659 2135 3722 fontis,

550 3753 850 3822 exspolian
888 3753 915 3791 ιι
966 3752 1190 3814 mundo,
1232 3751 1491 3818 sepelisti.
1534 3751 1684 3817 Quod
1725 3752 1769 3806 si
1820 3765 1946 3804 vere
1994 3766 2140 3804 mor-

553 3851 680 3897 tuus
699 3857 779 3906 es,
802 3851 860 3896 et
884 3842 991 3895 vita
1018 3850 1109 3894 tua
1139 3840 1454 3896 abscondita
1480 3851 1564 3895 est
1587 3857 1710 3896 cum
1743 3842 1852 3895 Deo
1882 3841 1934 3894 in
1965 3840 2138 3904 etelis,

549 3935 684 4005 quid
705 3935 882 3988 adhuc
911 3949 1034 3988 cum
1072 3933 1174 3987 sibi
1205 3933 1530 3994 viventib’us,
1562 3942 1615 3987 et
1643 3951 1748 3987 non
1785 3935 1916 3998 Deo,
1941 3933 2008 3987 de
2038 3933 2142 3987 fide

555 4026 712 4096 quasi
745 4025 942 4079 dubius
967 4025 1252 4095 disputas?
1298 4025 1378 4079 vel
1415 4026 1544 4094 quid
1601 4026 1856 4080 saeviente
1885 4018 2141 4094 persec'u-

529 4129 693 4186 .tore,
721 4117 788 4172 de
809 4126 982 4172 morte
1010 4116 1398 4186 formidas,qui
1420 4116 1530 4184 jam
1547 4127 1792 4170 mortuus
1818 4117 1871 4170 in
1895 4116 2144 4187 sepulcro

555 4207 725 4263 fontis
754 4224 876 4262 cum
907 4207 1124 4264 Christo
1155 4210 1371 4273 teneris,
1405 4218 1462 4262 et
1505 4209 1674 4262 vitam
1706 4217 1852 4262 tuam
1905 4209 1958 4262 in
1993 4208 2146 4264 caelis

559 4298 853 4368 repositam
891 4299 1128 4369 perfecte
1155 4299 1368 4354 credis?
1410 4296 1520 4352 Nec
1550 4297 1771 4351 dubium
1800 4297 1953 4366 quin,
1999 4297 2145 4368 quod

559 4391 611 4446 si
658 4392 893 4462 priorem
921 4393 1083 4446 vitam
1115 4401 1261 4447 tuam
1292 4394 1344 4445 in
1379 4391 1540 4446 terris
1581 4391 1874 4461 receperis,
1923 4405 2143 4457 novam,

562 4500 727 4554 quam
758 4485 810 4540 in
848 4485 986 4541 coelo
1019 4501 1140 4540 cum
1179 4484 1396 4540 Christo
1427 4483 1813 4548 absconderas,
1842 4483 2144 4553 perdidisti.

564 4575 681 4632 Sub
701 4577 794 4632 tali
822 4577 1087 4647 siquidem
1120 4587 1170 4632 te
1210 4577 1300 4631 ille
1339 4577 1721 4632 determinavit
1752 4576 2023 4646 sepulcro,
2055 4575 2147 4645 qui

563 4679 619 4726 te
648 4684 756 4724 non
797 4669 914 4724 vult
953 4667 1066 4738 jam
1096 4669 1348 4738 deinceps
1379 4668 1523 4723 aliud
1561 4668 1788 4723 credere
1816 4683 1978 4738 quam
2004 4667 2147 4737 quod

565 4760 821 4816 instituit.
850 4759 1056 4816 Idcirco
1080 4775 1251 4829 neque
1280 4769 1339 4814 tu
1387 4759 1530 4814 aliud
1569 4759 1734 4814 debes
1759 4774 2001 4829 quaarerc
2029 4773 2152 4827 pro-

566 4859 710 4914 fecto
744 4861 792 4925 ί,
835 4875 1012 4930 neque
1040 4861 1322 4916 tormentis
1350 4861 1600 4915 addictus
1629 4859 1677 4927 i,
1728 4875 1792 4914 ac
1837 4860 1882 4914 si
1926 4859 2148 4922 invitus,

569 4955 862 5025 quidquam
909 4957 1053 5010 aliud
1087 4955 1354 5011 confiteri.
1402 4953 1702 5010 Novissime
1732 4953 1924 5010 melius
1954 4968 2152 5009 censeo

709 5054 874 5119 Edit.,
899 5071 1078 5110 sumus
1101 5072 1119 5110 :
1143 5055 1301 5110 male.

642 5123 671 5163 δ
712 5125 878 5190 Edit.,
910 5142 1068 5178 nunc.

645 5207 668 5266 ε
711 5195 874 5266 Edit.,
901 5207 948 5249 et
977 5212 1150 5266 quem.

644 5265 669 5303 δ
713 5265 880 5331 Edit.,
914 5265 1352 5334 pramuntiantur.

651 5346 677 5405 0:
714 5335 852 5405 Editi
881 5337 1083 5390 addunt
1109 5338 1236 5390 niliit
1265 5335 1632 5405 recipiendum.

655 5403 675 5443 ί
718 5403 774 5458 ln
804 5406 963 5460 editis
984 5415 1126 5460 totus
1146 5407 1231 5462 hic
1253 5400 1399 5461 locus
1415 5423 1516 5460 non
1539 5409 1610 5460 ita
1625 5405 1768 5461 clare
1787 5404 1868 5460 sic
1888 5400 2154 5458 refertur:

583 5475 697 5530 Nec
718 5474 850 5543 forte
877 5477 1086 5546 quando
1116 5477 1452 5545 querendum
1496 5492 1598 5531 non
1627 5486 1737 5542 est,
1793 5492 1854 5530 ne
1891 5484 1983 5529 aut
2009 5474 2153 5546 illud

575 5537 729 5616 quod:
735 5537 1044 5616 quaerimus,
1069 5537 1168 5600 no'n
1191 5548 1318 5600 satis
1343 5547 1689 5602 inveniamus.
1722 5537 1732 5542 ⁷
2009 5537 2016 5546 ’

653 5617 679 5656 ⁸
705 5615 872 5680 Edit.,
902 5618 1156 5670 invenias.
1643 5643 1648 5646 -

648 5686 674 5726 Ι·
712 5685 875 5751 EdiL,
915 5695 961 5738 at
997 5686 1268 5757 spoliatus.

2200 449 2345 520 quod
2392 463 2500 503 non
2547 446 2771 510 debeas,
2814 443 3052 506 ediscas,
3091 456 3256 513 quam
3288 441 3343 494 in
3373 440 3556 508 aliqua
3587 436 3794 492 fraudis

2202 543 2516 598 curiositate
2546 551 2734 612 captus
2759 539 2980 595 ducaris
3001 545 3156 592 extra
3190 534 3212 575 ι
3242 534 3507 605 captivos.

2276 666 2328 720 3.
2364 665 2557 718 Totum
2587 664 2749 733 igitur
2788 663 2936 716 novit
2962 661 3053 730 qui
3085 659 3363 713 Christum
3409 654 3621 710 noverit
3654 667 3670 708 :
3704 652 3798 708 Fi-

2206 758 2318 822 des,
2368 757 2560 826 inquit,
2593 766 2683 808 tua
2735 765 2782 807 te
2834 754 3036 806 salvum
3089 752 3208 819 fecit
3261 748 3456 816 (Marc.
3486 763 3540 811 Χ,
3590 744 3708 814 5‘2).
3738 744 3802 798 Et

2209 849 2329 903 ideo
2358 845 2940 910 nianeaLCbristianus
2961 845 3103 897 intra
3133 841 3333 895 fontem
3366 839 3506 899 fidei,
3543 853 3611 892 ex
3639 846 3801 905 qua!

2209 951 2431 996 renatus
2468 948 2551 995 est
2603 941 2654 994 in
2708 939 2960 994 salutem.
2993 937 3062 990 Et
3101 935 3145 989 si
3194 933 3470 1004 quidpiam
3514 931 3801 984 bzesitave-

2210 1035 2283 1089 rit
2309 1032 2373 1086 ad
2403 1033 2614 1095 boram,
2643 1038 2828 1100 tangat
2874 1043 3036 1082 manu
3071 1023 3194 1078 fidei
3223 1023 3400 1076 adhuc
3439 1021 3721 1076 Christum
3750 1016 3805 1073 in

2211 1123 2384 1188 fonte,
2411 1138 2519 1192 quo
2547 1121 2784 1176 Verbum
2832 1133 2960 1171 caro
2991 1115 3348 1176 descendens,
3379 1111 3534 1164 nobis
3582 1119 3668 1162 est
3712 1106 3805 1162 ba-

2213 1216 2468 1286 ptizatus.
2505 1212 2705 1267 Dcimle
2743 1209 2922 1264 Patris
2953 1222 3138 1261 vocem
3184 1205 3435 1273 desuper.
3461 1211 3519 1254 ut
3561 1217 3661 1255 nos
3686 1215 3808 1254 eru-

2215 1306 2327 1359 diat
2367 1320 2464 1373 per
2491 1317 2677 1356 aurem
2725 1299 3074 1360 exteriorem,
3122 1295 3308 1348 auditu
3351 1293 3499 1346 auris
3532 1290 3808 1344 interioris

2215 1397 2397 1450 audiat
2431 1395 2762 1448 intonantem
2801 1409 2812 1444 :
2847 1389 2948 1444 Hic
2975 1399 3047 1442 est
3090 1383 3262 1440 Filius
3294 1401 3440 1438 meus
3469 1382 3716 1443 dilectus,
3754 1381 3808 1433 in

2215 1503 2317 1557 quo
2351 1485 2478 1538 milii
2511 1469 2636 1536 bene
2656 1480 2946 1546 complacui
2976 1478 3192 1549 (Matth.
3222 1492 3304 1540 tu,
3332 1475 3441 1544 i7).
3472 1473 3604 1540 Qum
3648 1472 3810 1526 ηἱωὶο

2219 1595 2336 1633 rum
2365 1593 2464 1632 vox
2499 1575 2652 1646 quasi
2695 1572 2895 1642 aliquid
2927 1571 2994 1624 ad
3044 1584 3167 1622 eum
3199 1577 3227 1604 ιι
3260 1565 3644 1620 insinuandum
3694 1577 3815 1617 eor-

2220 1685 2339 1740 pus,
2372 1669 2479 1721 imo
2506 1667 2632 1737 quia
2659 1665 2880 1718 auribus
2906 1659 3198 1722 sensibilis,
3226 1673 3415 1712 verum
3456 1670 3660 1724 corpus
3691 1653 3812 1708 fuit.

2222 1761 2427 1814 Idcirco
2455 1758 2582 1828 quia
2611 1770 2706 1825 per
2725 1769 2787 1808 ea
2814 1754 2864 1807 in
2892 1766 3022 1806 voce
3049 1765 3152 1803 non
3183 1746 3420 1802 inclusus
3444 1743 3610 1797 Pater
3635 1743 3818 1796 sonuit

2217 1853 2341 1923 jure
2375 1860 2398 1884 υ
2427 1849 2650 1903 auribus
2678 1843 3098 1916 quodammodo,
3145 1839 3247 1893 etsi
3275 1846 3357 1892 est
3398 1834 3820 1903 incomprehen-

2223 1941 2418 2004 sibilis,
2445 1940 2642 1994 dicitur
2671 1934 2941 1991 sensibilis
2971 1932 3246 1987 exstitisse
3270 1947 3284 1992 ;
3316 1929 3454 1983 sicut
3483 1936 3539 1980 et
3580 1924 3820 1993 Spiritus

2225 2043 2448 2090 sanctus
2490 2046 2586 2101 per
2625 2025 2923 2094 subiectam
2953 2023 3188 2092 speciem
3225 2017 3458 2073 visibilis
3499 2015 3822 2086 apparuisse

2228 2124 2624 2180 manifestatur.
2678 2118 3061 2173 Verumtamen
3097 2112 3389 2166 secundum
3432 2105 3822 2177 preprietatem

2227 2227 2458 2280 natura},
2484 2215 2608 2284 quia
2650 2211 2793 2267 Deus
2824 2207 3080 2270 Trinitas,
3112 2220 3234 2259 cum
3264 2201 3460 2270 ubique
3493 2209 3642 2252 totus
3681 2206 3824 2252 recte

2227 2311 2445 2372 dicitur,
2475 2322 2581 2360 non
2607 2306 2658 2360 in
2683 2299 2802 2357 ioco
2823 2299 3083 2362 cernitur,
3109 2295 3235 2365 quia
3261 2294 3612 2361 incorporeus
3633 2298 3690 2343 et
3711 2287 3826 2340 illo-

2230 2401 2363 2458 calis
2395 2415 2516 2456 esse
2546 2410 2708 2467 atque
2736 2391 3021 2449 invisibilis
3060 2390 3339 2459 probatur.
3371 2384 3559 2451 Neque
3584 2381 3823 2434 circum-

2230 2495 2489 2550 scribitur
2519 2491 2660 2554 visu,
2689 2502 2790 2541 nec
2821 2494 2963 2538 tactu
2994 2491 3229 2543 tenetur,
3257 2493 3355 2531 nec
3377 2477 3600 2529 auditur
3625 2472 3821 2533 affatu,

2231 2601 2333 2640 nec
2373 2581 2604 2638 struitur
2649 2579 2880 2632 incessu.
2917 2572 3054 2627 llinc
3103 2583 3319 2640 quoque
3374 2567 3620 2623 dicitur:
3654 2563 3822 2616 Deum

2235 2693 2384 2731 nemo
2416 2673 2535 2728 ridit
2574 2685 2828 2740 unquam,
2851 2667 2941 2719 sed
2990 2662 3289 2731 unigenitus
3319 2655 3513 2717 Filius,
3542 2656 3632 2724 qui
3662 2664 3736 2706 est
3773 2653 3829 2704 in

2235 2771 2354 2823 sinu
2393 2765 2594 2828 Patris,
2627 2764 2732 2833 ipse
2762 2757 2996 2812 narrabit
3033 2766 3058 2804 Ρ
3085 2754 3232 2806 nobis
3265 2750 3449 2822 (Joan.
3498 2765 3540 2811 ι,
3569 2747 3678 2816 18).
3712 2743 3828 2798 Νοιι

2238 2867 2418 2912 tamen
2447 2857 2519 2909 ita
2555 2848 2980 2920 intelligendum,
3009 2843 3151 2914 quod
3193 2857 3327 2897 sono
3367 2838 3563 2894 debeat
3593 2844 3831 2906 perstre-

2237 2965 2366 3022 pere
2396 2951 2448 3003 in
2471 2947 2692 3002 auribus
2727 2942 2954 3004 nostris;
2996 2939 3089 2994 sed
3120 2939 3247 3008 quia
3279 2935 3516 2990 Verbum
3549 2943 3602 2987 et
3644 2933 3825 3002 imago

2241 3057 2323 3103 est
2351 3043 2551 3103 Patris,
2581 3041 2707 3094 dum
2734 3051 2792 3091 se
2819 3033 3092 3088 mentibus
3120 3030 3322 3085 nostris
3350 3026 3661 3086 innotescit,
3694 3022 3833 3077 inef—

2237 3136 2382 3198 fabili
2411 3134 2530 3186 luce
2557 3130 2771 3184 Patrem
2798 3125 3037 3182 declarat
3067 3133 3228 3192 atque
3251 3121 3491 3175 insinuat
3512 3115 3824 3177 manifeste,

2227 3228 2384 3298 juxta
2417 3221 2558 3294 quod
2590 3220 2729 3274 idem
2762 3223 2991 3270 testatus
3019 3220 3102 3266 est
3139 3212 3329 3266 dicens
3365 3228 3378 3262 :
3413 3207 3516 3272 Qui
3551 3206 3689 3258 videt
3718 3221 3831 3266 me,

2237 3295 2370 3377 ridet
2398 3327 2443 3371 et
2477 3312 2690 3367 Patrem
2729 3323 2898 3362 nicum
2939 3304 3119 3375 (Joan.
3145 3318 3258 3364 xxv,
3289 3301 3366 3371 9).
3397 3298 3517 3364 Qua:
3566 3295 3830 3350 nimirum

2237 3411 2373 3465 visio
2423 3421 2529 3460 non
2599 3400 2877 3471 corporeis
2936 3395 3186 3450 sensibus
3238 3388 3680 3462 deprehenditur,
3734 3385 3837 3439 sed

2238 3503 2380 3556 sicut
2435 3496 2698 3566 scriptum
2743 3499 2828 3544 est
2859 3507 2871 3542 :
2907 3486 3056 3540 Beati
3097 3483 3292 3538 mundo
3335 3480 3489 3533 corde
3516 3519 3532 3542 ,
3582 3476 3838 3547 quoniam

2239 3592 2337 3660 ipsi
2360 3590 2525 3642 Deum
2552 3565 2798 3640 auctum
2837 3578 3053 3649 (uana.
3082 3591 3136 3639 v,
3165 3575 3240 3642 8).
3277 3572 3541 3626 Przedicat
3584 3583 3713 3640 ergo
3740 3565 3836 3622 Fi-

2239 3681 2368 3736 iium
2417 3679 2580 3732 Pater
2623 3671 2862 3727 sensibili
2895 3669 3044 3724 vocis
3093 3680 3245 3728 sono,
3274 3672 3330 3718 et
3374 3661 3545 3716 Filius
3593 3660 3722 3714 dum
3774 3673 3839 3713 se

2239 3767 2463 3826 exhibet
2487 3763 2774 3824 visibilem,
2798 3760 2924 3829 quia
2950 3758 3180 3812 Verbum
3207 3755 3379 3809 Patris
3400 3762 3510 3816 est,
3535 3767 3644 3804 non
3670 3749 3840 3804 alium

2241 3875 2404 3930 quam
2436 3856 2591 3926 cujus
2620 3864 2704 3908 est
2732 3851 2921 3913 Filius,
2944 3850 2995 3902 in
3025 3863 3082 3902 se
3109 3844 3368 3900 declarat.
3396 3842 3569 3899 Porro
3596 3841 3838 3910 Spiritus

2243 3960 2483 4014 sanctus,
2516 3949 2641 4019 quia
2668 3957 2696 3996 ιι
2727 3960 2794 4001 ex
2831 3943 2991 3998 Patre
3021 3940 3262 4009 Filioque
3292 3937 3559 4008 procedit,
3591 3935 3758 3991 etiam
3787 3940 3844 3986 et

2245 4047 2359 4115 ipse
2389 4060 2493 4098 non
2521 4041 2726 4095 divisus
2753 4037 2805 4090 in
2829 4043 3021 4089 natura
3053 4031 3370 4087 substantia:
3393 4027 3723 4098 majestatis,
3743 4024 3840 4078 sed

2245 4134 2534 4188 distinctus
2569 4130 2625 4183 in
2673 4140 2928 4198 persona,
2959 4133 3018 4177 ut
3048 4123 3189 4176 Deus
3235 4119 3475 4174 Trinitas
3526 4115 3843 4170 hominibus

2248 4225 2616 4296 panderetur,
2649 4220 2859 4274 medius
2910 4217 2966 4270 in
3015 4212 3281 4270 columba:
3329 4208 3513 4280 specie
3569 4205 3844 4277 apparuit.

2249 4317 2358 4372 Nec
2386 4317 2506 4371 ideo
2535 4324 2715 4368 tamen
2743 4310 2885 4365 idem
2915 4303 3383 4362 circumscribitur
3407 4298 3718 4365 visu,velut
3742 4309 3845 4352 nec

2172 4423 2224 4482 ι)
2249 4406 2412 4460 Pater
2445 4406 2532 4460 hic
2560 4412 2654 4458 aut
2707 4399 2834 4455 alibi
2878 4398 3094 4453 auditur
3141 4393 3329 4457 affatu,
3361 4391 3504 4446 sicut
3551 4404 3678 4452 nec,
3717 4387 3844 4442 dum

2250 4493 2621 4552 deambularet
2673 4494 2726 4547 in
2775 4489 3063 4563 paradiso,
3113 4484 3288 4556 potuit
3339 4483 3557 4536 incessu
3623 4477 3841 4533 sentiri.

2249 4588 2500 4659 Alioquin
2532 4585 2744 4656 quoties
2775 4598 2873 4653 per
2903 4580 3202 4650 subjectam
3229 4592 3288 4632 se
3325 4567 3571 4645 patribus
3606 4571 3849 4626 ostendit

2251 4680 2500 4742 formam,
2530 4673 2800 4732 sensibilis
2835 4671 3002 4726 fuisse
3031 4668 3201 4724 videri
3243 4673 3444 4736 potest,
3475 4661 3624 4734 quod
3653 4661 3848 4715 absur-

2252 4771 2379 4824 dum
2413 4777 2496 4823 est
2522 4766 2776 4829 credere;
2806 4763 2900 4818 sed
2929 4761 3058 4832 quia
3099 4756 3387 4814 invisibilis
3423 4763 3528 4817 est,
3562 4752 3717 4807 visus
3764 4758 3849 4803 est

2254 4872 2314 4914 ut
2341 4860 2551 4924 voluit;
2599 4874 2704 4912 non
2731 4855 2949 4926 quidem
2993 4861 3052 4908 ut
3081 4859 3186 4916 est,
3215 4847 3309 4904 sed
3352 4844 3499 4916 quali
3548 4843 3734 4914 specie
3772 4840 3844 4896 illi

2253 4953 2455 5024 placuit
2504 4965 2768 5022 apparere
2807 4966 2821 5002 :
2858 4945 3124 5016 siquidem
3174 4950 3232 4998 et
3281 4939 3372 4995 hic
3415 4937 3576 4992 aliter
3624 4935 3845 4989 auditus

2384 5063 2441 5117 In
2469 5062 2630 5116 editis
2657 5061 2806 5115 deest
2826 5058 3078 5130 profecto.

2333 5132 2348 5182 i
2387 5133 2551 5197 Edit.,
2578 5133 2797 5184 adactus
2823 5129 2918 5183 etsi
2950 5129 3161 5183 invitus.

2332 5203 2356 5242 "
2387 5203 2553 5267 Edit.,
2586 5210 2899 5254 manentem.

2335 5271 2354 5312 ι
2389 5273 2554 5338 Edit.,
2588 5272 2841 5341 captivus.

2329 5351 2368 5375 ’⁸
2399 5345 2568 5403 Edit.,
2601 5359 2666 5394 ex
2687 5355 2807 5411 quo.

2329 5425 2358 5452 ιι
2387 5414 2552 5472 Edit.,
2579 5412 2712 5480 ejus.

2325 5492 2357 5558 ,ο
2389 5479 2611 5558 ῃιράἰιζ
2638 5483 2797 5558 deest
2810 5479 2953 5550 jure.

2331 5561 2358 5604 Ρ
2397 5553 2561 5618 Edit.,
2588 5554 2841 5605 narravit.

2330 5634 2358 5674 τι
2396 5624 2565 5681 eum.
2592 5624 2700 5693 qui.
