4148 6344
403 277 542 332 HIS

1333 271 1422 328 DE
1457 269 1638 336 FIDE,
1684 269 1810 324 SPE
1848 269 1934 323 ΕΤ
1975 267 2392 326 CHARITATE.
2433 301 2502 312 --
2537 270 2668 326 LIB.
2707 271 2746 328 Ι.

3526 281 3663 334 NH

395 402 497 454 est,
534 407 640 447 non
687 391 845 446 modo
871 405 899 444 ει
928 386 1153 453 Joanne,
1182 403 1370 443 verum
1398 388 1524 442 alibi
1555 396 1610 442 et
1635 385 1703 440 ab
1731 385 1851 441 aliis
1900 385 1980 440 lno
2010 390 2058 446 Α
2087 398 2393 454 corporales
2419 386 2679 455 quasdam
2713 385 2992 456 imagines,
3025 401 3161 457 quas
3196 386 3286 441 Dei
3321 389 3534 459 quidem
3566 407 3662 444 vo-

396 485 566 539 terius
602 501 614 536 :
650 482 806 536 aliter
836 499 868 536 a
907 481 1062 535 turba
1088 482 1174 536 hic
1203 490 1293 534 aut
1333 479 1489 543 alibi,
1519 479 1610 548 qui
1648 477 1882 548 quodam
1927 477 1982 530 in

396 573 514 630 loco
545 575 840 628 tonitruum
864 573 1062 626 factum
1095 586 1216 624 esse
1251 569 1702 640 dicebant(loan.
1731 583 1835 630 xu,
1864 566 1980 636 29).

397 662 553 720 Unde
597 677 696 718 nec
739 663 964 723 mirum,
1015 661 1061 714 si
1102 675 1287 714 vocem
1316 670 1341 699 ιι
1373 658 1744 728 przedicatoris
1793 671 1980 724 quam-

395 753 576 824 plures
605 770 710 808 non
759 751 1039 815 obediunt,
1075 765 1192 804 cum
1239 759 1293 803 et
1341 747 1547 804 hanc-b
1593 762 1780 803 vocem
1827 746 1978 800 multi

343 859 348 866 '
395 846 720 906 audientes,
771 841 904 896 nihil
948 841 1026 895 eis
1073 838 1341 910 profuisse
1373 838 1652 906 probatur.
1712 837 1853 891 Deus
1895 846 1979 891 est

394 936 539 990 enim
565 934 656 1004 qui
697 933 1088 986 incrementum
1121 929 1236 985 sine
1269 943 1402 983 voce
1425 929 1516 982 dat
1541 929 1686 982 intus
1716 944 1729 980 :
1760 927 1827 980 de
1872 941 1979 994 quo

395 1023 585 1077 beatus
621 1019 941 1074 Ambrosius
981 1036 993 1072 :
1029 1017 1181 1083 Quod
1207 1028 1228 1056 ε
1263 1034 1378 1070 cum
1421 1016 1629 1080 absens,
1661 1016 1856 1084 inquit,
1883 1033 1978 1084 pu-

394 1124 557 1178 tatur,
585 1114 824 1176 videtur;
850 1122 896 1166 et
935 1127 1053 1164 cum
1078 1127 1305 1180 prwsens
1344 1119 1443 1172 est,
1480 1125 1583 1162 non
1610 1109 1828 1162 videtur.
1860 1107 1974 1162 Non

393 1203 540 1257 enim
592 1202 725 1256 dixit
760 1219 772 1255 :
811 1201 1008 1255 absens
1053 1208 1166 1264 est;
1212 1201 1304 1254 sed
1355 1215 1473 1252 cum
1513 1199 1696 1251 absens
1738 1207 1972 1267 putatur.

393 1290 670 1362 Nusquam
712 1291 856 1345 enim
914 1297 997 1345 est
1041 1289 1258 1353 absens,
1292 1289 1382 1358 qui
1429 1289 1625 1343 cmlum
1675 1297 1729 1341 et
1775 1296 1976 1343 terram

395 1389 557 1450 atque
585 1380 766 1434 omnia
807 1377 1060 1448 complet,
1099 1393 1198 1432 nec
1228 1378 1415 1448 spatiis
1446 1377 1739 1432 includitur
1769 1377 1972 1446 parvis,

392 1470 670 1541 magnisve
700 1468 1035 1534 diffunditur,
1062 1469 1157 1524 sed
1171 1469 1367 1537 ubique
1398 1477 1562 1534 totus,
1588 1476 1646 1523 et
1673 1467 1819 1522 nullo
1843 1482 1976 1522 con-

392 1558 594 1613 tinetur
622 1557 758 1612 loco.

430 1646 516 1702 '4.
557 1645 670 1701 Hoc
705 1647 886 1715 itaque
936 1645 1029 1716 qui
1072 1645 1101 1685 ἀ
1140 1646 1435 1702 excedente
1476 1654 1656 1700 mente
1698 1643 1969 1714 intelligit,

2085 473 2262 528 luntas
2285 473 2464 544 elegit,
2499 491 2604 530 nou
2634 490 2770 543 quas
2805 485 2996 530 natura
3033 477 3312 543 formavit;
3367 478 3493 534 fecit
3516 483 3660 534 enim

2083 564 2183 618 ista
2217 566 2357 620 Deus
2383 565 2578 634 quibus
2611 565 2796 630 voluit,
2828 567 3044 634 quando
3076 567 3262 632 voluit,
3295 577 3351 644 et
3387 579 3446 623 ut
3473 570 3659 634 voluit,

2081 672 2175 712 sua
2207 663 2386 711 tamen
2428 658 2479 710 in
2527 672 2584 710 se
2623 657 2821 711 latente
2850 657 3365 714 incommutabiliter
3409 670 3661 716 manente

2079 748 2405 811 substantia,
2433 756 2488 800 et
2517 748 2634 801 siue
2664 746 2789 802 ullis
2815 747 3053 802 locorum
3091 756 3186 802 aut
3221 757 3520 818 temporum
3569 750 3656 804 in-

2083 839 2325 893 tervallis
2369 839 2550 893 omnia
2605 838 2891 908 implente,
2937 841 3008 894 ita
3037 849 3097 894 ut
3125 855 3226 895 nec
3269 841 3448 896 minor
3483 843 3553 897 sit
3601 841 3658 898 in

2077 940 2233 1000 parte
2257 945 2419 998 quam
2452 930 2504 984 iu
2538 937 2650 984 toto
2679 947 2692 982 :
2726 945 2901 998 neque
2930 931 3102 1000 major
3130 931 3182 984 in
3205 939 3341 994 toto,
3380 947 3540 1001 quam
3574 941 3660 988 est

2079 1020 2131 1072 in
2167 1029 2337 1087 parte.
2383 1017 2766 1073 Verumtamen
2806 1020 3075 1089 quomodo
3104 1019 3268 1074 voluit
3310 1036 3468 1089 quam
3517 1037 3659 1092 saepe

2077 1127 2342 1182 apparens
2369 1112 2394 1152 ι·
2425 1111 2479 1166 in
2510 1111 2644 1166 locis
2678 1121 2731 1165 et
2759 1112 2811 1165 in
2845 1120 3108 1180 tempore,
3132 1119 3192 1165 ut
3219 1126 3312 1165 eos
3339 1112 3430 1180 qui
3461 1111 3660 1168 locales

2075 1211 2132 1254 et
2161 1199 2483 1269 temporales
2512 1207 2668 1254 erant
2723 1200 2790 1253 ad
2835 1199 3120 1254 invisibilia
3148 1199 3489 1267 protraheret
3533 1213 3657 1255 cre-

2075 1291 2275 1354 denda,
2305 1299 2360 1344 et
2403 1289 2490 1342 illa
2541 1298 2927 1359 postponereut
2971 1289 3163 1357 quibus
3209 1289 3528 1343 tenebantur
3557 1289 3653 1344 de-

2073 1381 2264 1446 vincti,
2296 1388 2350 1434 et
2391 1379 2687 1434 cernebant
2734 1380 2847 1433 suis
2893 1377 3190 1432 defectibus
3223 1378 3462 1446 quotidie
3509 1378 3656 1432 labe-

2075 1469 2285 1524 factari.
2320 1467 2456 1522 Hinc
2480 1482 2694 1537 quoque
2729 1475 2938 1521 certum
2973 1475 3076 1531 est,
3104 1476 3160 1520 ut
3187 1465 3572 1534 praemisimus,
3596 1466 3651 1519 in

2075 1560 2220 1615 fonte
2267 1559 2605 1628 baptismatis
2634 1559 2756 1612 ideo
2791 1566 2956 1612 totam
2986 1558 3146 1613 simul
3175 1557 3509 1612 divinitatem
3541 1573 3654 1611 ma-

2068 1652 2281 1721 jestatis
2307 1653 2360 1706 in
2396 1643 2658 1705 Trinitate
2697 1651 2946 1706 sensibus
2973 1652 3248 1722 corporeis
3286 1667 3344 1706 se
3384 1652 3651 1722 quodam-

391 1735 480 1791 hic
520 1735 671 1790 videt
721 1735 911 1802 Deum,
938 1747 994 1790 et
1031 1751 1153 1790 cum
1199 1738 1396 1792 absens
1439 1745 1678 1805 putatur,
1716 1736 1804 1789 hic
1840 1750 1970 1790 sane
2002 1730 2044 1790 Β
2072 1744 2231 1798 modo
2259 1742 2566 1798 sensibilem
2599 1742 2880 1805 infudisse,
2913 1758 2982 1797 ne
3004 1743 3220 1812 quando
3247 1759 3312 1797 ex
3343 1743 3446 1798 ﬁde
3490 1758 3648 1797 rena-

391 1829 664 1898 intelligit,
695 1830 794 1884 etsi
825 1830 1112 1884 distinctus
1141 1830 1194 1884 in
1225 1830 1493 1898 baptismo
1535 1829 1784 1898 apparuit
1830 1827 1971 1881 Deus

390 1917 628 1974 Trinitas
681 1919 732 1973 in
769 1919 1037 1988 personis,
1078 1919 1220 1987 quod
1260 1918 1634 1988 inseparabilis
1680 1918 1794 1982 sit,
1835 1917 1897 1972 ﬁt
1947 1927 1971 1956 ο

386 2010 589 2080 ubique
621 2018 765 2065 totus
793 2019 1012 2080 propter
1039 2011 1261 2064 unitatis
1288 2011 1670 2064 substantiam.
1705 2008 1821 2064 Non
1851 2010 1970 2078 qui-

384 2102 507 2156 dem
533 2102 589 2156 iu
617 2101 755 2166 loco,
787 2101 882 2156 sed
911 2110 1054 2157 totus
1077 2101 1294 2169 ubique,
1327 2100 1491 2155 Pater
1524 2101 1574 2153 in
1605 2099 1760 2162 Filio,
1787 2109 1842 2152 et
1875 2100 1967 2154 Fi-

386 2195 490 2249 lius
521 2195 574 2248 in
603 2194 776 2249 Patre.
796 2203 961 2258 totus,
991 2203 1152 2262 atque
1184 2190 1418 2262 Spiritus
1459 2201 1680 2246 sanctus
1725 2191 1780 2248 in
1807 2191 1971 2250 {Eure

385 2295 439 2339 et
468 2285 608 2339 Filio
633 2286 793 2338 simul
824 2294 987 2350 totus,
1018 2294 1069 2339 et
1099 2294 1397 2340 contentus
1422 2295 1604 2338 manet
1627 2285 1768 2340 Deus
1800 2304 1812 2338 :
1837 2287 1964 2356 quia

385 2376 642 2430 nimirum
672 2377 1029 2446 quodcunque
1060 2376 1219 2430 Pater
1258 2384 1341 2431 est
1387 2377 1487 2431 hoc
1517 2387 1571 2430 et
1607 2376 1773 2430 Filius
1807 2385 1969 2446 atque

387 2465 624 2537 Spiritus
659 2479 881 2524 sanctus
907 2480 989 2523 est
1022 2486 1036 2534 ;
1067 2478 1121 2523 et
1159 2469 1514 2538 quodcunque
1543 2469 1729 2532 Filius,
1758 2471 1858 2523 hoc
1887 2477 1970 2524 est

383 2553 546 2610 Pater
573 2565 628 2611 et
658 2556 889 2627 Spiritus
928 2568 1184 2622 sanctus;
1225 2573 1431 2612 necnon
1465 2568 1520 2612 et
1546 2559 1688 2627 quod
1729 2559 1967 2637 Spiritus

385 2657 624 2711 sanctus,
659 2650 762 2702 hoc
808 2657 981 2703 totum
1015 2648 1175 2702 Pater
1222 2658 1386 2718 atque
1421 2649 1610 2716 Filius.
1646 2647 1752 2703 Sed
1786 2658 1966 2704 tamen

384 2736 522 2792 alius
557 2739 736 2804 Pater,
762 2739 899 2793 alius
924 2748 1005 2793 est
1038 2739 1227 2802 Filius,
1261 2739 1396 2793 alius
1424 2738 1658 2810 Spiritus
1698 2751 1920 2794 sanctus
1947 2755 1962 2794 :

385 2827 544 2892 alius,
575 2829 824 2900 inquam,
867 2845 972 2884 nou
1013 2829 1199 2894 aliud;
1235 2831 1360 2900 quia
1397 2833 1487 2901 qui
1525 2830 1687 2885 Pater
1723 2841 1826 2895 est,
1860 2847 1966 2886 non

383 2928 467 2974 est
493 2920 661 2976 Filius
695 2936 869 2990 neque
893 2920 1128 2990 Spiritus
1157 2934 1376 2978 sanctus
1407 2940 1422 2989 ;
1458 2924 1537 2978 sic
1565 2933 1620 2977 et
1647 2925 1737 2992 qui
1777 2923 1962 2989 Filius,

383 3025 723 3082 nequaquam
751 3011 914 3066 Pater
958 3021 1051 3066 aut
1091 3012 1326 3083 Spiritus
1373 3023 1592 3069 sanctus
1621 3031 1635 3067 :
1668 3015 1761 3069 sed
1794 3030 1966 3086 nrque

383 3103 524 3158 idem
568 3103 804 3172 Spiritus
849 3113 932 3160 est
979 3104 1172 3169 Pater,
1201 3115 1294 3160 aut
1345 3105 1530 3160 Filius.
1578 3106 1730 3172 Quod
1777 3105 1964 3162 volens

383 3192 526 3248 Deus
564 3193 799 3248 Trinitas
845 3195 1022 3249 adhuc
1063 3197 1284 3250 rudibus
1335 3197 1388 3250 in
1439 3196 1541 3250 ﬁde
1589 3197 1707 3252 luce
1759 3197 1963 3253 clarius

384 3284 614 3352 aperire,
645 3284 737 3353 qui
788 3283 1018 3338 necdum
1064 3284 1206 3338 aliud
1254 3301 1414 3340 sensu
1449 3302 1610 3356 quam
1651 3303 1908 3356 corporea
1942 3288 1959 3327 τ

382 3374 560 3428 sciunt
603 3374 847 3444 cogitare
873 3413 888 3437 ,
935 3375 1076 3428 trino
1126 3375 1376 3429 distincte
1422 3377 1488 3430 ad
1528 3360 1963 3445 cognoscendum

381 3478 548 3518 unum
589 3463 802 3518 refulsit
849 3464 1203 3534 specialitatis
1229 3481 1454 3520 numero
1485 3481 1498 3519 :
1531 3477 1798 3534 quatenus
1819 3467 1962 3532 visu,

383 3555 590 3620 auditu,
623 3564 677 3609 et
706 3565 852 3610 tactu
885 3557 1061 3610 adhuc
1089 3556 1351 3611 lactantes
1398 3557 1452 3610 in
1486 3557 1590 3610 ﬁde
1638 3557 1810 3610 tribus
1846 3557 1963 3612 istis

382 3647 635 3702 sensibus
665 3647 811 3702 intus
838 3648 892 3702 in
917 3661 976 3703 se
998 3648 1275 3702 traherent
1299 3647 1467 3717 prima
1488 3646 1608 3701 ﬁdei
1637 3647 1960 3701 rudimenta.

383 3737 537 3793 Unde
583 3747 908 3808 cooperante
954 3738 1103 3809 ipso,
1135 3739 1226 3807 qui
1263 3739 1288 3777 ⁸
1317 3738 1558 3792 exterius
1607 3737 1960 3799 sentiebatur,

383 3826 518 3881 ﬁdes
553 3827 790 3896 perfecta
830 3828 1084 3898 deinceps
1117 3828 1372 3883 uberibus
1407 3826 1808 3897 Scripturarum
1852 3827 1963 3898 ple-

384 3918 505 3972 nius
533 3920 852 3974 nutriretur.
888 3918 1004 3975 Non
1033 3921 1178 3975 enim
1203 3921 1352 3990 prius
1378 3921 1553 3974 adhuc
1573 3920 1832 3975 animales
1854 3921 1965 3990 spi-

382 4011 556 4065 ritalia
603 4012 907 4081 potuissent
951 4013 1018 4067 ad
1066 4013 1284 4083 plenum
1323 4027 1557 4080 capere;
1599 4020 1650 4065 et
1695 4012 1814 4067 ideo
1862 4027 1959 4066 ne-

380 4118 533 4160 cesse
562 4103 680 4166 fuit,
707 4114 765 4159 ut
793 4120 891 4175 per
914 4119 1130 4159 sensum
1155 4105 1395 4158 exterius
1421 4113 1601 4158 tenera
1625 4103 1960 4158 credentium

382 4195 610 4252 infantia
642 4197 798 4251 tidem
829 4198 1151 4267 perciperet,
1177 4207 1232 4250 et
1255 4197 1323 4250 de
1345 4211 1506 4251 sensu
1537 4196 1717 4251 carnis
1752 4197 1953 4252 intror-

384 4304 478 4344 sus
500 4289 711 4344 rediens
739 4297 884 4344 totus
923 4289 1085 4344 homo
1129 4303 1422 4342 conversus
1450 4289 1518 4342 ad
1549 4288 1736 4350 Deum,
1770 4287 1958 4343 invisi-

381 4381 508 4435 bilia
534 4381 766 4436 videndo
801 4396 898 4452 per
927 4380 1086 4437 ﬁdem
1117 4381 1270 4436 ﬁeret
1314 4381 1595 4452 spiritalis,
1619 4389 1674 4435 et
1715 4380 1958 4436 tenderet

383 4471 668 4527 sublimius
729 4487 826 4543 per
873 4471 1033 4528 ﬁdem
1093 4474 1462 4528 doctrinarum
1525 4474 1667 4529 lacte
1723 4475 1960 4528 nutritus

383 4563 450 4615 ad
478 4563 740 4631 spiritalia
771 4563 1035 4618 converti.
1073 4561 1226 4618 Unde
1249 4571 1303 4618 et
1335 4563 1714 4632 quamplurimi
1743 4570 1959 4617 sancto-

385 4667 503 4705 rum
535 4653 589 4706 in
618 4661 824 4706 tantum
852 4651 1168 4722 spiritaliter
1190 4651 1556 4720 profecerunt,
1582 4660 1640 4704 ut
1667 4650 1960 4720 spiritualia

383 4737 754 4806 spiritualibus
776 4749 1175 4809 comparantes,
1205 4737 1455 4791 viderunt
1487 4738 1676 4792 melius
1705 4753 1767 4793 ea
1793 4736 1962 4792 videri

383 4841 588 4896 mente,
622 4846 784 4901 quam
825 4846 984 4886 sensu
1031 4845 1292 4900 corporeo
1337 4830 1647 4899 persentiri.
1696 4827 1831 4895 Quia
1860 4827 1961 4883 etsi

383 4924 532 4979 visus
557 4940 589 4978 a
627 4923 873 4994 plurimis
897 4933 991 4978 aut
1021 4924 1258 4988 auditus,
1286 4922 1426 4976 sicut
1455 4924 1556 4977 hoc
1599 4921 1733 4984 loco,
1765 4935 1828 4975 ex
1856 4935 1964 4990 quo

385 5015 586 5085 agitur,
622 5015 676 5070 in
729 5013 910 5070 divina
947 5013 1269 5068 auctoritate
1317 5012 1534 5082 legitur,
1565 5012 1684 5065 sine
1724 5010 1827 5064 ulla
1879 5009 1962 5065 sui

385 5105 824 5172 commutatione,
851 5113 942 5160 aut
963 5119 1060 5175 per
1078 5119 1274 5174 corpus
1295 5102 1444 5157 visus
1465 5109 1567 5168 est,
1593 5109 1685 5155 aut
1705 5112 1849 5156 certe
1868 5115 1965 5170 per

457 5313 483 5340 α
520 5300 692 5365 Edit.,
716 5301 895 5354 voci...
921 5299 1186 5354 obediunt.
1243 5339 1250 5348 .

458 5371 488 5409 b
525 5371 693 5436 Edit.,
715 5387 833 5424 cum
855 5380 902 5423 et
928 5370 1063 5424 hanc
1086 5384 1255 5423 vocem
1278 5367 1455 5422 multis
1479 5365 1810 5421 audientibus
1833 5365 1963 5420 nihil

387 5440 648 5510 profuisse
669 5441 938 5510 probatur.

460 5519 485 5581 9
522 5509 578 5581 In
607 5509 736 5565 edit.
761 5511 912 5565 deest
929 5510 1089 5581 quod.
1429 5580 1434 5581 ί
1829 5569 1870 5581 _.

461 5579 491 5621 ἀ
528 5580 692 5646 Editi,
719 5582 886 5652 quivis
924 5577 1160 5652 credente
1201 5590 1369 5652 mente
1418 5579 1696 5650 intelligat,
1742 5579 1840 5652 etsi
1878 5577 1966 5631 di-

394 5650 632 5721 stinctus,
653 5648 870 5710 omissis
898 5651 1002 5717 bis,
1040 5652 1123 5706 hic
1161 5652 1295 5705 videt
1333 5650 1524 5718 Deum,
1548 5648 1602 5706 et
1638 5663 1755 5704 cum
1781 5648 1967 5704 absens

2071 1843 2285 1889 scentes
2315 1833 2383 1887 ad
2409 1833 2576 1886 vitam
2615 1833 2840 1887 alteram
2881 1834 3133 1901 deinceps
3162 1833 3517 1902 susciperent,
3543 1833 3649 1887 nisi

2069 1938 2168 1992 per
2201 1937 2363 1992 quam
2393 1921 2621 1990 quisque
2640 1920 2861 1988 junctus
2885 1932 2968 1976 est
3002 1922 3125 1984 Deo,
3160 1932 3215 1975 et
3244 1921 3444 1976 carnali
3487 1937 3648 1976 sensu

2072 2013 2210 2066 male
2249 2013 2504 2082 deceptus
2534 2014 2756 2082 periret.
2790 2011 3046 2081 Signatus
3069 2014 3266 2082 quippe
3295 2023 3377 2068 est
3405 2013 3522 2068 fons
3549 2015 3651 2069 iste

2069 2104 2268 2158 annulo
2299 2104 2454 2165 ﬁdei;
2484 2113 2537 2158 et
2563 2105 2684 2159 ideo
2719 2103 2921 2156 nullum
2957 2105 3111 2157 debet
3140 2107 3464 2174 quandoque
3488 2105 3650 2161 ﬁnem

2069 2195 2377 2252 admittere.
2431 2195 2508 2251 Ex
2567 2193 2720 2262 cujus
2778 2196 3031 2250 ninniruat
3082 2197 3284 2266 irriguo
3340 2197 3650 2253 deliciarum

2068 2287 2292 2346 hortus,
2327 2285 2575 2339 videlicet
2623 2285 2714 2339 Dei
2759 2287 3030 2356 generalis
3079 2287 3320 2340 Ecclesia
3347 2326 3362 2350 ,
3414 2288 3652 2356 undique

2067 2380 2199 2434 satis
2225 2380 2462 2433 munitus
2485 2390 2646 2449 atque
2677 2381 2986 2444 conclusus,
3016 2382 3214 2436 florens
3241 2383 3412 2446 viret;
3437 2383 3564 2452 quia
3591 2383 3648 2436 in

2066 2485 2125 2524 se
2171 2468 2444 2522 Christum
2490 2486 2596 2523 non
2643 2469 2814 2523 solum
2849 2470 3137 2538 sepultum,
3169 2483 3355 2524 verum
3404 2486 3650 2525 resurre-

2067 2559 2212 2613 xisse
2257 2558 2468 2629 gaudet.
2501 2558 2556 2612 ln
2589 2559 2708 2612 istis
2755 2574 2884 2625 sane
2933 2559 3053 2613 ﬁdei
3109 2559 3430 2612 rudimentis
3478 2558 3650 2614 fidelis

2065 2651 2326 2721 cujusque
2351 2651 2528 2703 anima
2577 2650 2865 2719 requiescit
2896 2665 3084 2703 secura
3117 2663 3131 2702 :
3167 2649 3218 2702 in
3253 2650 3355 2703 hac
3405 2650 3650 2718 quotidie

2067 2742 2321 2796 virtutum
2351 2741 2603 2809 operibus
2648 2740 2820 2804 ﬂoret,
2854 2750 2909 2795 et
2955 2751 3144 2796 contra
3189 2756 3379 2795 omnes
3423 2755 3645 2810 pressu-

2067 2849 2248 2888 rarum
2282 2834 2542 2903 impulsus
2569 2833 2716 2886 velut
2744 2833 2989 2904 clypeum
3022 2833 3374 2903 protectionis
3403 2833 3646 2903 opponit.

2067 2923 2144 2977 Ex
2184 2938 2290 2993 quo
2337 2924 2570 2991 denique
2619 2923 2782 2976 nimia
2836 2923 3145 2976 securitatis
3196 2922 3507 2978 fortitudine
3544 2924 3651 2978 cir-

2068 3011 2387 3065 cumvallata
2419 3011 2642 3065 ﬁdenter
2665 3012 2812 3064 canit
2843 3011 2972 3065 illud
3002 3013 3053 3066 in
3081 3011 3319 3066 Canticis
3352 3029 3364 3065 ;
3393 3012 3504 3082 Ego
3527 3013 3651 3066 dor-

1993 3080 2035 3141 C
2068 3103 2189 3163 mia,
2229 3112 2275 3155 et
2299 3118 2389 3154 cor
2417 3118 2588 3154 meum
2627 3101 2801 3170 vigilat
2845 3101 3022 3172 (Cant.
3056 3119 3106 3166 ν,
3135 3102 3212 3168 9.).
3247 3080 3456 3157 Dormit
3501 3103 3648 3156 enim

2065 3194 2176 3262 spei
2227 3209 2337 3247 sua:
2376 3195 2700 3249 certitudine
2733 3207 2983 3266 soporata
3019 3215 3031 3250 :
3071 3199 3086 3238 ί
3119 3197 3307 3266 vigilat
3349 3212 3478 3251 vero
3521 3212 3650 3267 per-

2063 3281 2209 3349 vigili
2259 3282 2556 3352 diligentia,
2580 3300 2646 3337 ne
2672 3286 2814 3352 quod
2839 3287 3111 3355 signatum
3151 3294 3234 3339 est
3266 3284 3463 3338 annulo
3501 3285 3646 3351 ﬁdei,

2064 3371 2456 3428 fraudulentius
2492 3386 2894 3444 corrumpatur.
2937 3376 3086 3430 Unde
3113 3391 3478 3444 suuunopere,
3507 3376 3649 3431 sicut

2066 3461 2262 3517 Paulus
2285 3465 2556 3533 apostolus
2582 3475 2834 3520 testatur:
2853 3465 3074 3520 Credere
3095 3476 3290 3536 oportet
3315 3467 3645 3521 accedentem

2063 3553 2132 3606 ad
2157 3553 2339 3619 Deum,
2372 3556 2494 3625 quia
2517 3565 2613 3619 est,
2638 3566 2685 3610 et
2714 3557 3093 3627 inquirentibus
3115 3573 3168 3610 se
3190 3567 3548 3610 remunerator
3578 3559 3647 3610 sit

2065 3643 2250 3716 (Hebr.
2306 3663 2383 3711 xi,
2423 3647 2499 3715 6).
2547 3647 2671 3702 lla-c
2717 3657 2841 3712 est,
2877 3649 3118 3717 inquam,
3167 3648 3376 3717 integra
3411 3657 3466 3702 et
3516 3633 3651 3702 vera.

2065 3737 2197 3792 ﬁdes
2227 3755 2239 3789 :
2274 3737 2506 3793 Credere
2533 3740 2654 3808 quia
2685 3749 2767 3794 est
2809 3739 2990 3803 Pater,
3024 3749 3078 3795 et
3106 3739 3297 3802 Filius,
3328 3748 3382 3794 et
3408 3739 3644 3810 Spiritus

2066 3837 2302 3892 sanctus,
2337 3843 2475 3882 unus
2501 3830 2843 3899 omnipotens
2879 3831 3041 3892 Deus,
3079 3830 3375 3884 retributor
3402 3832 3644 3885 omnium

2062 3917 2520 3970 contemnentium
2545 3921 2638 3980 'se,
2674 3915 3054 3987 justorumque
3100 3928 3509 3984 remunerator,
3545 3936 3644 3990 pro

2062 4020 2169 4076 quo
2191 4022 2382 4060 cavere
2407 4007 2542 4060 mala
2564 4023 2682 4076 quae
2705 4009 2894 4072 vetuit,
2914 4017 2968 4064 et
2991 4010 3127 4063 bona
3155 4024 3313 4079 agere
3337 4010 3438 4063 ﬁde
3461 4010 3641 4071 ﬁrma,

2063 4113 2183 4168 quae
2210 4114 2305 4166 per
2333 4099 2669 4154 dilectionem
2696 4112 2975 4171 operatur,
3004 4100 3342 4157 conﬁdenter
3368 4116 3538 4172 usque
3575 4104 3644 4155 ad

2064 4190 2227 4246 ﬁnem
2265 4192 2386 4246 vitae
2405 4193 2677 4248 convenit.

2690 4324 2921 4380 CAPUT
2961 4325 3025 4380 Χ.

2597 4434 2676 4488 De
2703 4437 2934 4504 potentia
2957 4436 3104 4503 ﬁdei.

2141 4549 2191 4602 Ι.
2233 4546 2535 4603 Potentiam
2566 4544 2688 4599 ﬁdei
2730 4544 2875 4600 solus
2911 4546 3080 4609 novit,
3114 4545 3206 4615 qui
3237 4547 3400 4599 Deum
3436 4559 3502 4598 ex
3537 4552 3650 4598 toto

2068 4639 2250 4702 corde,
2283 4645 2337 4692 et
2363 4652 2429 4691 ex
2459 4643 2569 4690 tota
2599 4634 2798 4700 anima,
2827 4643 2881 4688 et
2908 4650 2974 4690 ex
2997 4643 3109 4688 tota
3134 4636 3333 4689 virtute
3355 4649 3458 4686 non
3487 4633 3648 4686 modo

2068 4731 2264 4794 credit,
2298 4729 2392 4782 sed
2439 4736 2494 4782 et
2519 4726 2712 4796 diligit.
2743 4725 2858 4792 Qua
2905 4727 3157 4781 nimirum
3199 4726 3302 4780 ﬁde
3347 4735 3514 4779 totum
3545 4725 3646 4778 ho-

2069 4821 2269 4875 minem
2333 4816 2692 4874 immortalem
2740 4817 2982 4872 futurum
3013 4859 3028 4884 ,
3078 4818 3170 4888 qui
3223 4817 3408 4885 utique
3466 4816 3646 4869 anima

2071 4917 2284 4964 constat
2325 4915 2381 4962 et
2407 4923 2650 4977 corpore,
2682 4923 2914 4978 vereque
2958 4908 3192 4969 beatum,
3225 4921 3328 4961 non
3362 4920 3646 4975 argumen—

2071 5003 2275 5056 tatione
2309 5001 2564 5066 humana,
2595 5003 2690 5057 sed
2721 5002 2901 5057 divina
2930 5001 3250 5055 auctoritate
3279 4999 3643 5068 promittitur;

2069 5093 2224 5164 cujus
2261 5093 2443 5163 itaque
2469 5101 2710 5164 potestas
2737 5109 2802 5148 ex
2828 5091 2939 5148 Deo
2981 5098 3106 5148 est:
3135 5091 3201 5146 de
3234 5105 3347 5161 qua
3378 5106 3509 5145 sane
3552 5103 3648 5160 po-

2066 5301 2301 5360 putatur,
2332 5291 2417 5344 hic
2437 5307 2563 5345 sane
2589 5287 2852 5360 intelligit.

2141 5375 2166 5402 ε
2204 5361 2263 5415 In
2293 5363 2423 5416 edit.
2451 5362 2604 5414 deest
2627 5359 2708 5427 ﬁt.

2142 5431 2162 5472 ί
2203 5433 2367 5496 Edit.,
2400 5429 2725 5500 temporalia.

2143 5504 2169 5544 ⁸
2213 5503 2350 5556 Edit.
2363 5542 2378 5564 ,
2409 5500 2567 5572 quod.

2139 5573 2168 5613 δ
2209 5572 2376 5635 Edit.,
2406 5571 2666 5640 apparuit.

2149 5643 2167 5685 ί
2209 5641 2350 5697 Editi
2378 5636 2637 5710 separata,
2666 5639 2761 5699 sed
2791 5636 3203 5714 melius‘dorntlt
3223 5640 3489 5722 separata.
