4148 6344
562 275 719 341 Αιιό
1389 270 1451 325 8.
1486 266 1841 324 PASCHASII
1881 266 2137 323 ιιΑοΒει

2265 265 2555 325 ΑΒΒΑΤ18
2589 267 3039 327 CORBEIENSIS
3695 273 3837 329 “£6

580 394 773 441 testate
819 381 1055 441 Joannes
1104 389 1334 438 testatur
1382 381 1569 437 dicens
1601 399 1612 433 :
1647 380 1909 452 Quotquot
1955 390 2150 445 autem,
2182 387 2228 447 Α
2325 377 2380 433 Ξ.
2421 378 2488 434 Ει
2515 380 2633 435 ideo
2667 380 3117 437 considerandum
3151 390 3205 436 et
3234 386 3736 439 connumeranduut
3759 396 3845 443 est

579 478 754 546 inquit
779 487 830 541 ι,
866 483 1165 542 receperunt
1205 487 1345 536 eum,
1368 471 1513 525 dedit
1552 470 1626 526 eis
1673 480 1976 539 potestatem
2015 470 2153 539 ﬁlios
2256 486 2380 527 cum
2423 471 2956 544 Apostolo,‘quanta,
2983 474 3162 544 qualia
3210 473 3318 529 ﬁde
3346 485 3642 544 potuerunt
3668 481 3842 536 santti

583 568 679 621 Dei
705 566 819 635 ﬁeri
867 562 1050 635 (Joan.
1076 576 1117 624 I,
1151 561 1257 630 12).
1292 558 1398 615 Seu!
1425 560 1633 630 etquid
1660 560 1732 614 sit
1759 575 1883 614 eum
1912 560 2155 628 recipere
2257 563 2351 619 Dei
2393 565 2603 635 priores
2649 567 2879 622 necdum
2923 568 3103 638 adepti
3148 572 3646 641 repromissioncm,
3679 593 3843 646 quam

578 673 701 713 mox
726 658 982 718 insinuat,
1007 656 1133 708 dum
1162 653 1438 723 subiungit
1465 671 1478 705 :
1507 652 1605 706 His
1632 652 1723 723 qui
1749 653 1965 706 credunt
1991 653 2045 705 in
2067 668 2157 705 no-

577 746 1068 819 mineejus(lbid.).
1097 744 1401 799 Credulitas
1428 754 1608 797 autem
1632 744 1864 797 nominis
1890 744 2005 809 ejus
2027 758 2154 797 vera

580 843 712 896 ﬁdes
737 848 842 914 est,
870 853 968 910 per
997 852 1157 907 quam
1188 836 1335 891 dedit
1360 835 1515 889 nobis
1544 844 1867 905 potestatem
1898 833 2037 888 ﬁlios
2060 833 2154 888 Dei

576 934 715 987 ﬁeri.
746 931 886 986 Etsi
916 945 1013 1000 per
1053 944 1173 982 eaut
1200 928 1354 982 nobis
1382 935 1591 979 tantum
1634 926 1780 979 dedit
1808 933 2152 994 potestatem,

576 1042 682 1079 non
718 1025 937 1081 dubium
964 1033 1064 1087 est,
1097 1024 1224 1093 quin
1251 1021 1345 1075 ﬁlii
1375 1020 1469 1075 Dei
1494 1020 1841 1074 nominemur
1862 1028 1917 1073 et
1958 1021 2151 1073 simus.

575 1116 715 1184 Quid
743 1130 873 1186 ergo
900 1115 1043 1185 quod
1087 1113 1220 1167 ﬁdes
1244 1127 1351 1166 non
1380 1110 1571 1180 possit,
1598 1124 1760 1178 quatn
1792 1117 1995 1162 tantam
2026 1123 2152 1178 per-

574 1211 787 1280 cepisse
828 1215 1146 1280 potestatem
1184 1221 1291 1259 non
1320 1203 1539 1259 dubiant
1577 1203 1699 1257 est?
1735 1199 1856 1255 Non
1899 1201 2043 1255 enim
2089 1216 2154 1255 ea:

573 1301 938 1372 sanguinibus,
962 1315 1122 1369 neque
1149 1314 1214 1352 ea:
1250 1296 1509 1350 voluntate
1554 1295 1748 1360 carnis,
1787 1310 1947 1364 neque
1969 1310 2034 1348 ea:
2066 1309 2155 1348 vo-

573 1394 776 1447 luntate
809 1391 941 1456 viri;
978 1389 1068 1445 sed
1108 1404 1174 1443 ex
1204 1388 1313 1442 Deo
1353 1387 1524 1442 renati
1561 1400 1746 1441 sumus
1785 1384 1974 1454 (lbid.,
2025 1382 2147 1453 13;).

572 1483 705 1539 Fide
743 1483 907 1554 igitur
950 1480 1152 1537 fontem
1200 1480 1559 1543 introivimus,
1589 1478 1835 1548 quamvis
1878 1478 1974 1532 iraa
2022 1476 2147 1541 ﬁlii;

571 1575 667 1629 sed
697 1574 791 1629 Dei
822 1572 916 1627 ﬁlii
946 1588 1012 1628 es
1044 1587 1182 1641 aqua
1215 1582 1270 1625 et
1295 1571 1499 1641 Spiritu
1525 1578 1714 1624 sancto
1759 1569 1930 1624 renati
1960 1582 2152 1622 essur-

571 1666 814 1721 reximus
840 1667 907 1731 υς
938 1665 1064 1735 quia
1093 1664 1259 1719 Deum
1295 1664 1348 1717 in
1377 1663 1532 1717 nobis
1552 1662 1702 1732 prius
1728 1676 1825 1730 per
1850 1660 2009 1714 ﬁdem
2031 1674 2151 1713 sus-

2247 654 2361 721 jam
2420 670 2613 725 magna
2665 670 2733 710 ex
2778 667 2933 727 parte
2979 660 3343 729 percepimus.
3404 663 3694 720 Enimvero
3745 681 3848 735 per

2255 743 2417 799 ﬁdem
2443 760 2582 815 pene
2611 746 2793 801 omnia
2820 756 3134 817 potuerunt,
3159 749 3269 804 imo
3300 750 3441 806 sicut
3470 752 3731 810 Salvator
3760 756 3846 810 in-

2255 847 2516 909 terrogat,
2539 840 2868 895 credendum
2895 850 2979 895 est
3021 842 3165 911 quod
3196 844 3375 898 omnia
3413 847 3690 915 possibilia
3732 852 3846 906 sint

2253 931 2482 983 credenti
2514 929 2709 1001 (Marc.
2734 946 2809 995 Ix,
2837 932 2956 1001 ἓξ).
2985 932 3053 987 Et
3081 934 3204 989 ideo
3248 950 3346 1006 per
3373 936 3535 994 ﬁdem
3567 941 3744 995 multa
3786 951 3846 998 et

2254 1037 2445 1091 magna
2472 1023 2740 1093 prodigia,
2776 1039 2897 1094 quzc
2926 1036 3283 1081 connumerat
3308 1029 3586 1097 apostolus
3612 1032 3840 1100 Paulus,

2252 1115 2459 1184 operati
2482 1124 2609 1169 sunt
2632 1132 2645 1169 :
2680 1114 2882 1183 Sancti,
2909 1117 3101 1188 inquit,
3118 1135 3211 1189 per
3227 1120 3385 1188 [idem
3407 1123 3635 1177 uicerunt
3654 1141 3841 1195 regna,

2251 1213 2299 1256 et
2330 1219 2423 1272 per
2447 1205 2604 1272 [idem
2633 1208 2832 1274 operati
2876 1217 2997 1261 sunt
3025 1207 3317 1277 justitiam,
3356 1227 3449 1281 per
3473 1213 3632 1281 fid-‘m
3664 1217 3845 1286 adepti

2250 1304 2371 1347 sunt
2405 1296 2829 1364 repromissiones
2856 1296 3044 1367 (Hebr.
3077 1314 3150 1362 ιιι,
3183 1299 3297 1369 52).
3330 1299 3467 1367 Quid
3495 1303 3688 1372 plura?
3710 1303 3845 1360 0m-

2253 1384 2338 1435 nia
2371 1398 2467 1452 per
2494 1383 2652 1438 ﬁdem
2680 1385 2951 1451 fecerunt,
2982 1398 3037 1441 et
3066 1389 3187 1443 ideo
3212 1391 3339 1445 talia
3368 1405 3433 1447 ac
3458 1400 3610 1448 tanta
3642 1405 3842 1463 potue-

2250 1484 2396 1539 runt,
2422 1491 2650 1545 quorum
2681 1478 2814 1533 ﬁdes
2836 1493 2962 1534 vera
2984 1488 3039 1534 et
3069 1481 3265 1537 invicta
3293 1486 3612 1553 permansit.
3654 1486 3765 1542 Sed
3787 1499 3844 1545 et

2250 1567 2475 1635 apostoli
2497 1576 2552 1621 et
2576 1569 2749 1623 sancti
2781 1580 3048 1642 martyres
3069 1572 3198 1641 quid
3213 1588 3309 1642 per
3333 1575 3489 1629 ﬁdem
3518 1593 3625 1631 non
3649 1588 3843 1647 potue-

2251 1656 2408 1709 runt?
2422 1656 2692 1727 Qui,quod
2706 1660 2880 1729 majus
2893 1662 3133 1715 omnium
3151 1662 3727 1727 miraculorum,etiam
3744 1684 3846 1739 per

569 1757 832 1826 cepimus.
882 1755 1025 1827 Ergo
1079 1754 1314 1826 Spiritus
1364 1758 1583 1809 sancths
1629 1753 1768 1807 Deus
1793 1761 1896 1816 est,
1937 1759 1994 1804 et
2027 1751 2147 1805 ideo
2180 1753 2221 1811 Β
2253 1749 2409 1803 ﬁdem
2438 1751 2645 1820 seipsos
2675 1761 3223 1824 contemnentes,pro
3247 1756 3464 1811 Christo
3491 1760 3630 1815 mori
3658 1761 3845 1817 voluev

568 1848 693 1916 quia
716 1860 781 1900 ex
810 1860 896 1909 eo,
924 1846 1111 1915 utique
1139 1859 1206 1899 ex
1240 1845 1348 1898 Deo
1374 1844 1483 1897 nati
1513 1856 1721 1895 sumus.
1757 1840 1865 1897 Sed
1892 1855 1962 1893 ne
1997 1839 2148 1893 inﬁr-

570 1938 733 1993 mitas
758 1938 939 1992 carnis
964 1947 1183 2000 nostrae,
1215 1951 1376 2004 quam
1416 1934 1659 1987 videmus
1680 1941 1735 1986 et
1760 1940 2057 2000 gestamus,
2079 1930 2149 1985 ad

570 2039 776 2086 tantam
803 2028 1176 2084 excellentiam
1202 2029 1414 2082 venisse
1445 2027 1776 2095 desperaret,
1806 2039 1930 2078 mox
1960 2022 2151 2092 adjun-

568 2126 716 2194 gitur
744 2141 757 2175 :
794 2121 1020 2176 Verbum
1057 2120 1180 2175 caio
1205 2121 1403 2190 factum
1437 2129 1534 2183 est,
1562 2128 1608 2172 et
1652 2118 1899 2171 habitavit
1922 2119 1974 2171 in
2002 2117 2148 2171 nobis

568 2217 751 2287 (Joan.
785 2233 824 2282 ι,
854 2217 941 2287 ll)
969 2234 981 2269 :
1007 2215 1195 2270 saltem
1246 2224 1304 2268 ιιι
1340 2230 1368 2266 a
1400 2214 1674 2267 contrario
1702 2212 2142 2281 persuaderetur,

567 2309 713 2379 quod
741 2306 1059 2363 incredibile
1089 2304 1392 2359 videbatur.
1431 2304 1489 2357 Si
1513 2304 1656 2357 enim
1698 2310 1889 2355 natura
1922 2300 2018 2353 Dei
2059 2298 2148 2354 Fi-

566 2401 672 2455 lius
701 2407 922 2471 propter
958 2397 1095 2453 ﬁlios
1126 2397 1406 2450 hominum
1441 2393 1811 2447 misericordia
1842 2407 1938 2446 sua
1970 2391 2148 2447 factus

566 2500 652 2546 est
678 2490 819 2545 ﬁlius
849 2489 1115 2553 hominis;
1135 2489 1236 2543 hoc
1258 2497 1341 2542 est
1365 2486 1530 2549 enim,
1561 2483 1781 2538 Verbum
1806 2500 1929 2537 caro
1945 2484 2144 2553 factum

564 2592 661 2647 est,
686 2593 734 2637 et
780 2582 1030 2635 habitavit
1079 2582 1134 2634 in
1183 2579 1368 2644 nobis;
1420 2589 1625 2648 quanto
1674 2577 1993 2631 credibilius
2037 2585 2141 2641 est,

565 2684 758 2730 natura
801 2673 940 2729 ﬁlios
965 2673 1220 2737 hominis,
1254 2672 1427 2743 gratia
1468 2670 1563 2725 Dei
1605 2670 1718 2724 ﬁeri
1768 2669 1908 2723 ﬁlios
1945 2669 2060 2734 Dei,
2089 2677 2143 2723 et

564 2768 812 2823 habitare
856 2766 910 2820 in
958 2766 1090 2827 Deo,
1120 2772 1387 2834 potestate
1431 2772 1673 2831 accepta,
1712 2777 1779 2817 ex
1821 2777 1929 2831 quo
1969 2761 2144 2817 renati

560 2875 770 2914 sumus.
802 2858 862 2913 In
902 2874 1010 2927 quo
1040 2872 1171 2911 sane
1209 2856 1345 2918 solo,
1374 2854 1524 2910 etde
1558 2870 1664 2924 quo
1691 2853 1806 2908 solo
1849 2869 1970 2907 esse
2014 2867 2141 2923 pos-

560 2964 751 3004 sumus
782 2948 947 3011 beati,
982 2948 1271 3017 participes
1314 2946 1431 3015 ejus
1476 2946 1900 3001 immortalitatis
1941 2944 2138 3011 eﬁ'ecti,

558 3046 783 3109 prOpter
821 3052 956 3107 quos
986 3037 1053 3090 ad
1082 3038 1514 3106 persuadendum
1546 3036 1641 3090 Dei
1667 3035 1706 3089 F
1715 3036 1837 3091 ilius
1864 3039 2138 3106 particeps

2253 1851 2395 1894 runt.
2439 1840 2504 1894 Et
2550 1841 2669 1897 ideo
2722 1851 2886 1899 testes
2934 1845 3295 1915 appellantur,
3328 1849 3420 1918 qui
3468 1859 3529 1903 ιιι
3573 1851 3736 1907 aliam
3785 1854 3842 1908 in

2249 1932 2467 1988 Christo
2510 1933 2787 1990 meliorem
2834 1944 2890 1991 et
2935 1948 3251 2007 perpetuam
3294 1950 3607 1998 astruerent
3644 1944 3840 2014 vitam,

2251 2022 2409 2076 istam
2459 2024 2720 2080 caducam
2767 2034 2823 2081 et
2872 2028 3223 2097 temporalem
3265 2033 3407 2088 acris
3445 2044 3470 2072 ε
3504 2035 3841 2094 cruciatibus

2249 2114 2448 2170 addicti
2484 2117 2733 2173 emittere
2773 2128 3115 2189 optaverunt.
3149 2121 3226 2176 lta
3263 2131 3317 2177 et
3357 2126 3528 2182 sancti
3558 2127 3842 2185 confesso-

2248 2217 2357 2267 res,
2390 2215 2699 2276 sanctaque
2727 2208 2982 2278 virgines.
3017 2220 3072 2265 et
3114 2213 3288 2267 sancti
3331 2229 3522 2271 omnes
3561 2218 3672 2272 ﬁde
3709 2233 3839 2288 per-

2248 2290 2375 2356 fusi,
2410 2308 2603 2364 magna
2649 2304 2706 2351 et
2745 2297 3031 2353 ineﬁabilia
3059 2300 3326 2368 fecerunt,
3356 2306 3573 2375 quando
3601 2316 3661 2363 et
3692 2308 3714 2348 ί
3754 2324 3842 2365 εε-

2248 2383 2395 2453 ipsos
2437 2394 2494 2439 et
2541 2402 2781 2456 praesens
2830 2390 3084 2444 saeculum
3128 2392 3427 2462 calcarunt,
3467 2405 3529 2451 ut
3573 2400 3628 2452 in
3676 2398 3838 2456 beata

2247 2475 2653 2533 immortalitate
2702 2496 2762 2536 se
2816 2482 3147 2540 immortales
3195 2487 3520 2557 reciperent.
3580 2491 3687 2560 Qui
3735 2495 3838 2551 nisi

2244 2565 2461 2631 Christo
2495 2570 2615 2640 plus
2640 2586 2802 2642 quam
2845 2575 2946 2629 sibi
2985 2577 3361 2644 credidissent,
3390 2597 3672 2652 nunquam
3711 2585 3837 2641 talia

2245 2668 2302 2714 et
2346 2669 2493 2717 tanta
2542 2672 2792 2734 potenter
2833 2676 3078 2737 agerent,
3117 2678 3171 2723 et
3205 2671 3478 2739 patienter
3507 2674 3607 2729 ista
3640 2675 3836 2731 suffer-

2245 2760 2385 2807 rent.
2420 2752 2576 2809 Unde
2619 2757 2922 2826 perpende,
2965 2774 3000 2814 o
3039 2759 3232 2826 homo,
3273 2776 3476 2832 quanta
3509 2775 3713 2834 potest,
3744 2769 3838 2839 qui

2245 2841 2359 2894 suis
2390 2842 2518 2896 talia
2546 2858 2706 2913 posse
2734 2846 2901 2901 dedit.
2928 2847 2995 2902 Et
3028 2848 3071 2903 si
3115 2851 3292 2906 minor
3319 2852 3455 2908 ﬁdes
3486 2855 3583 2911 tibi
3612 2866 3718 2923 est,
3744 2867 3840 2914 aut

2244 2932 2414 2998 nulla,
2454 2934 2681 3005 implora
2729 2937 2922 3007 ﬁdem,
2975 2949 3036 2995 ut
3086 2942 3181 2997 tibi
3235 2953 3542 3015 augeatur:
3576 2950 3837 3017 quoniam

2244 3026 2378 3082 ﬁdes
2412 3043 2533 3098 qua:
2571 3030 2624 3084 in
2673 3029 2891 3087 Christo
2925 3042 3030 3100 est,
3060 3035 3242 3090 omnia
3282 3047 3478 3107 potest.
3520 3039 3662 3098 Hinc
3702 3058 3835 3100 sane

559 3139 760 3184 nostrae
791 3127 1213 3184 immortalitatis
1249 3128 1501 3197 dignatus
1525 3135 1608 3182 est
1642 3126 1778 3181 ﬁeri.
1825 3126 1964 3194 Quid
1992 3128 2138 3182 enim
2166 3128 2212 3191 C
2242 3114 2440 3173 Paulus
2471 3133 2486 3173 ἓ
2522 3118 2713 3176 omnia
2745 3138 2979 3192 Ροδεωηι
3015 3124 3212 3195 inquit.
3242 3127 3297 3181 δη
3336 3145 3399 3182 εο
3444 3130 3535 3200 qui
3575 3147 3659 3185 me
3700 3148 3830 3187 call-

558 3219 662 3275 hoc
688 3216 973 3284 diﬁicilius,
1006 3234 1165 3288 quam
1199 3218 1346 3281 illud,
1380 3234 1500 3273 cum
1540 3228 1800 3288 potestas,
1846 3235 1965 3289 qua:
1995 3220 2137 3275 Deus

556 3317 613 3362 et
637 3323 705 3363 ex
733 3309 845 3363 Deo
882 3317 985 3374 est,
1017 3308 1198 3363 omnia
1235 3309 1442 3379 possit?
1487 3308 1694 3364 Idcirco
1729 3319 1966 3379 potestas
1992 3311 2136 3376 ﬁdei,

555 3398 602 3454 si
629 3414 757 3453 vera
788 3400 859 3454 sit
908 3399 1043 3455 ﬁdes
1082 3408 1137 3454 et
1176 3400 1405 3471 integra,
1438 3410 1642 3471 quanta
1689 3403 1759 3456 sit
1798 3418 1957 3457 nemo
1987 3403 2080 3473 qui
2110 3413 2135 3442 ε

555 3491 788 3556 noverit,
815 3490 920 3545 nisi
966 3491 1059 3560 qui
1089 3505 1155 3546 ex
1183 3490 1293 3546 Deo
1321 3500 1376 3546 et
1421 3493 1473 3545 in
1502 3490 1614 3547 Deo
1641 3492 1793 3546 vivit.
1847 3492 1999 3547 Unde
2037 3507 2137 3549 nec

508 3620 513 3623 -
553 3582 809 3648 dubium,
839 3582 973 3637 ﬁdes
1019 3598 1147 3637 vera
1196 3582 1338 3653 quod
1390 3599 1516 3639 cum
1568 3585 1678 3640 Deo
1725 3585 1892 3640 multa
1943 3587 2133 3656 possit.

553 3674 750 3730 Eadem
783 3676 980 3746 quippe
1022 3676 1126 3731 ﬁde
1152 3678 1359 3745 priores
1409 3679 1579 3732 sancti
1611 3678 1728 3734 sine
1756 3678 2025 3748 baptismo
2054 3680 2135 3735 in-

552 3784 776 3824 numera
803 3778 858 3824 et
902 3768 1131 3824 miriﬁca
1175 3778 1490 3839 potuerunt.
1522 3769 1669 3838 Quos
1697 3787 2134 3828 conunemorans

550 3857 748 3912 Paulus
796 3858 1097 3927 apostolus,
1138 3857 1307 3925 Fide,
1352 3860 1559 3929 inquit,
1588 3860 1867 3931 plurimam
1908 3863 2131 3916 hostiam

550 3949 677 4002 Abel
702 3965 863 4018 quam
890 3948 1036 4003 ’ϐαίη
1064 3948 1248 4003 obtulit
1286 3949 1421 4016 Deo,
1460 3966 1554 4020 per
1588 3968 1747 4021 quant
1778 3954 2132 4006 testimonium

547 4049 855 4093 consecutus
900 4049 974 4093 est
1018 4057 1128 4095 esse
1163 4041 1345 4110 justus
1372 4082 1386 4106 ,
1427 4043 1777 4096 testimonium
1836 4044 2132 4113 perhibente

549 4129 849 4183 muneribus
893 4131 1008 4199 ejus
1050 4130 1194 4194 Deo,
1227 4141 1275 4186 et
1315 4149 1408 4203 per
1441 4132 1587 4187 illam
1630 4134 1802 4187 adhuc
1841 4136 1995 4188 hodie
2041 4137 2132 4189 de-

546 4220 762 4290 functus
813 4220 1044 4291 loquitur
1086 4221 1273 4293 (Hebr.
1310 4239 1389 4289 st,
1416 4223 1494 4295 4).
1525 4224 1665 4279 Ecce
1704 4225 1832 4295 quid
1868 4226 2040 4294 potuit
2073 4225 2127 4279 in

549 4325 657 4363 una
687 4310 984 4380 eademque
1008 4326 1068 4367 re
1096 4330 1109 4365 :
1138 4328 1248 4367 non
1276 4314 1423 4369 enim
1450 4315 1682 4370 hostiam
1708 4316 1846 4369 hanc
1870 4316 1951 4370 vel
1980 4317 2127 4371 i-lam

546 4401 719 4471 magis
741 4401 904 4473 elegit
930 4404 1070 4458 Deus
1091 4403 1185 4459 sed
1221 4405 1379 4460 ﬁdem
1407 4404 1686 4461 offerentis
1710 4423 1723 4458 :
1748 4404 1902 4468 Fide,
1928 4406 2123 4476 inquit,

2240 3208 2403 3277 [artat
2443 3207 2611 3279 (Phil.
2653 3227 2722 3275 tv,
2774 3212 2885 3283 i3).
2928 3214 3159 3285 Propter
3195 3219 3339 3287 quod
3380 3220 3538 3283 Deus,
3585 3237 3695 3277 non
3739 3237 3833 3279 ra-

2241 3301 2386 3354 tione
2416 3317 2515 3357 nos
2544 3303 2834 3370 discutere,
2861 3306 2955 3362 sed
2993 3306 3095 3363 ﬁde
3127 3309 3180 3363 in
3208 3325 3268 3364 se
3292 3312 3507 3367 credere
3536 3313 3733 3378 voluit,
3763 3325 3827 3372 et

2238 3404 2338 3459 pro
2381 3402 2531 3447 certo
2579 3395 2739 3460 scire,
2768 3396 2947 3465 quise
2987 3398 3144 3454 nobis
3192 3399 3433 3467 donarit,
3469 3402 3610 3472 quod
3654 3404 3712 3459 in
3757 3419 3827 3462 se

2238 3494 2399 3548 posse
2446 3481 2626 3536 omnia
2670 3497 2768 3553 per
2814 3485 2971 3541 ﬁdem
3019 3490 3310 3545 concessit.
3352 3492 3419 3545 Et
3455 3494 3670 3562 quoties
3714 3510 3830 3552 non

2237 3584 2550 3641 possumus,
2574 3590 2680 3630 non
2706 3575 2773 3633 de
2801 3577 3115 3636 inﬁrmitate
3139 3586 3444 3652 potestatis,
3475 3601 3640 3657 quam
3669 3591 3831 3646 nobis

2237 3662 2414 3729 dedit;
2448 3667 2540 3721 sed
2568 3667 2634 3722 de
2675 3668 2988 3727 inﬁdelitate
3018 3676 3247 3743 peccati,
3288 3693 3393 3747 qua
3436 3680 3827 3751 delinquimus,

2236 3764 2293 3809 ut
2337 3757 2516 3812 minus
2544 3758 2717 3814 valeat
2764 3761 2918 3829 lides,
2954 3763 3309 3823 inﬁrmamur.
3348 3768 3415 3823 Et
3458 3771 3582 3827 ideo
3626 3775 3827 3829 memi-

2235 3846 2380 3903 nisse
2406 3848 2664 3906 debemus
2692 3852 2973 3911 charitatis
3001 3856 3194 3913 solium
3229 3861 3276 3926 ⁸,
3312 3863 3458 3918 unde
3498 3865 3823 3932 cecidimus,

2233 3939 2606 4006 paenitentiam
2635 3958 2846 4013 gerere,
2878 3954 2938 4000 ut
2974 3949 3155 4018 priona
3191 3950 3314 4007 ﬁdei
3359 3968 3524 4023 opera
3556 3970 3658 4025 per
3682 3957 3821 4011 dile-

2234 4029 2467 4083 ctionem
2493 4031 2693 4088 Christi
2722 4044 2972 4103 potenter
2998 4040 3222 4111 implere
3250 4044 3540 4112 possimus.
3567 4046 3823 4118 Alioquin

2232 4119 2343 4171 sine
2385 4119 2490 4188 ﬁde
2533 4118 2849 4192 impossibile
2892 4136 2967 4181 est
3012 4128 3216 4197 placere
3262 4131 3373 4187 Deo
3404 4133 3594 4204 (Hebr.
3628 4152 3707 4201 XI,
3737 4136 3821 4207 ϐ).

2231 4223 2330 4262 cur
2358 4216 2383 4248 ιι
2415 4226 2512 4279 per
2542 4213 2700 4267 ﬁdem
2730 4215 2783 4269 in
2809 4217 3025 4275 Christo
3050 4222 3229 4276 omnia
3253 4234 3374 4278 sunt
3396 4226 3675 4295 possibilia
3697 4243 3821 4285 creo

2231 4298 2377 4352 denti
2408 4318 2421 4353 ε
2454 4302 2721 4372 siquidem
2762 4322 2867 4361 non
2905 4318 2964 4363 ut
2997 4311 3258 4367 miracula
3290 4317 3462 4384 possit
3487 4332 3592 4373 suo
3615 4334 3724 4375 non
3762 4319 3817 4376 in

2231 4397 2503 4461 tempore,
2539 4397 2629 4449 sed
2682 4404 2743 4451 ut
2789 4398 2958 4455 Filius
2999 4399 3137 4458 Deus
3182 4416 3398 4461 maneat
3436 4422 3538 4477 per
3567 4410 3817 4482 adoptio-

543 4489 826 4560 plttrimam
850 4494 1074 4547 hostium
1102 4494 1233 4549 Abel
1252 4513 1410 4566 quam
1449 4496 1582 4551 Cain
1604 4497 1787 4551 obtulit
1811 4498 1940 4554 Deo.
1972 4500 2122 4569 Fide,
2158 4506 2202 4566 D
2230 4497 2350 4572 θείη
2395 4494 2515 4554 Ρθδί
2565 4486 2725 4542 ﬁnem
2771 4493 3056 4562 temporis;
3105 4511 3225 4565 qua:
3268 4497 3524 4554 nimirum
3569 4511 3814 4572 Faesus

543 4592 600 4639 et
630 4600 734 4640 non
765 4587 1084 4653 substantia,
1114 4589 1238 4660 quia
1268 4590 1522 4660 quidquid
1547 4590 1659 4643 sine
1686 4591 1792 4660 ﬁde
1811 4602 1909 4657 est,
1930 4610 2119 4664 pecca-

542 4684 655 4727 tum
698 4685 773 4730 est
822 4675 994 4746 (Rom.
1039 4695 1153 4744 xw,
1183 4678 1298 4748 23),
1339 4688 1396 4734 et
1436 4679 1580 4748 quod
1628 4696 1751 4735 cum
1800 4697 1964 4752 parva
2017 4684 2122 4740 ﬁde

542 4764 743 4831 agitur,
775 4765 886 4821 Deo
922 4768 1191 4822 modicum
1223 4775 1347 4832 est;
1378 4777 1433 4822 et
1464 4769 1607 4838 quod
1631 4786 1753 4824 cum
1785 4788 1978 4844 magna
2004 4774 2120 4843 plu-

541 4857 761 4911 rimum.
798 4858 950 4915 Unde
992 4860 1208 4916 cuidam
1257 4858 1474 4930 (Matth.
1528 4876 1617 4927 xv,
1649 4863 1742 4935 28)
1776 4878 1791 4918 :
1823 4863 1869 4918 0
1907 4866 2114 4931 mulier,

538 4963 731 5018 magna
754 4960 829 5003 est
848 4952 981 5020 ﬁdes
1009 4963 1120 5008 tua.
1159 4955 1224 5009 Et
1247 4954 1371 5024 quia
1404 4971 1596 5027 magna
1624 4968 1767 5029 erat,
1790 4958 1914 5013 audi
1945 4962 2117 5029 quian-

541 5048 652 5093 tam
678 5039 923 5096 retulerit
948 5052 1273 5111 potestatem
1299 5061 1314 5098 :
1339 5043 1465 5100 Fiat
1485 5046 1600 5111 tibi,
1631 5047 1823 5118 inquit,
1847 5050 1980 5103 sicut
2012 5049 2109 5104 ris.

536 5128 752 5194 Quanta
797 5130 848 5184 vi
885 5141 1011 5202 agat
1038 5134 1266 5204 quisque
1308 5149 1525 5207 magna,
1554 5151 1808 5208 parvave,
1841 5154 1947 5194 non
1997 5156 2112 5193 :un-

538 5221 676 5288 plius
723 5232 984 5293 pensatur
1026 5227 1166 5297 apud
1197 5227 1400 5296 Deum,
1433 5230 1540 5287 nisi
1584 5240 1784 5301 quanta
1833 5230 2055 5287 oll‘ertur
2080 5231 2107 5270 ει

536 5312 663 5369 ﬁde.

605 5479 633 5545 ξ
672 5467 881 5545 incdit.
906 5472 1058 5528 deest
1078 5476 1266 5545 inquit.

605 5538 635 5579 δ
674 5538 840 5612 EdiL,
871 5538 1213 5600 surreximus.
1488 5605 1494 5612 ,

608 5619 633 5690 °_
871 5628 1021 5690 ne_mo
1046 5617 1267 5683 noverit,
1296 5610 1497 5674 omisso
1520 5619 1613 5690 qui

605 5677 632 5716 ἀ
674 5678 842 5746 Εὐίι..
874 5683 1145 5752 o/feralur.

2227 4571 2348 4643 plus
2376 4584 2480 4639 est,
2509 4592 2669 4644 quam
2699 4594 2922 4649 sperare
2952 4584 3147 4653 aliquis
3172 4598 3375 4656 posset.

2298 4664 2350 4718 5.
2394 4666 2545 4723 Unde
2579 4682 2861 4727 succurrat
2903 4677 3057 4730 nobis
3095 4677 3249 4744 ﬁdes,
3270 4681 3396 4749 quia
3428 4693 3643 4739 natura:
3672 4684 3811 4740 ratio

2227 4757 2429 4817 deﬁcit.
2478 4760 2543 4814 Et
2592 4763 2638 4816 si
2686 4778 2751 4818 ex
2801 4768 2956 4823 nobis
2994 4769 3126 4825 nihil
3167 4786 3375 4838 sumus,
3404 4790 3470 4829 ex
3519 4776 3614 4832 illo
3650 4792 3810 4849 posse

2224 4851 2404 4903 omnia
2445 4852 2686 4919 ﬁdentlo,
2734 4859 3036 4926 sperando,
3084 4863 3315 4918 amando
3351 4879 3752 4934 praesumamus
3788 4888 3804 4923 :

2220 4940 2347 5008 quia
2395 4942 2534 4995 sicut
2575 4944 2627 4997 in
2683 4945 2773 5000 illo
2798 4949 2977 5003 omnia
3016 4965 3175 5021 posse
3208 4956 3449 5023 potentia
3482 4970 3599 5023 est;
3636 4961 3710 5014 ita
3738 4975 3805 5016 es

2220 5028 2397 5094 nobis,
2428 5032 2517 5099 qui
2551 5033 2701 5097 nihil,
2732 5046 2824 5089 aut
2854 5052 3041 5106 parum
3074 5057 3377 5111 possumus,
3421 5061 3617 5117 magna
3655 5050 3806 5104 inﬁr-

2219 5119 2381 5174 mitas
2409 5131 2512 5176 est.
2543 5121 2648 5178 Sed
2679 5127 2789 5180 Iure
2817 5142 2891 5183 est
2924 5132 3159 5199 victoria,
3180 5150 3303 5205 qua:
3335 5139 3491 5193 uincit
3519 5143 3798 5207 mandunt,

2216 5211 2348 5280 fides
2386 5225 2565 5267 nostra
2603 5214 2655 5286 (1
2684 5217 2844 5273 Joan.
2876 5235 2927 5283 v,
2969 5222 3047 5295 4).
3085 5224 3275 5295 Magna
3324 5227 3488 5299 igitur
3524 5233 3703 5289 virtus
3737 5239 3799 5289 li-

2222 5302 2324 5369 dei,
2353 5319 2545 5376 magna
2574 5317 2813 5376 potestas
2844 5330 2857 5365 :
2892 5329 2992 5368 nec
3019 5315 3310 5384 immerito,
3352 5336 3451 5392 per
3490 5339 3657 5394 quam
3687 5326 3796 5384 Deo

2294 5492 2317 5519 ⁸
2359 5481 2521 5549 Etlil.,
2549 5487 2777 5541 acribus.

2356 5552 2518 5631 ἔξιθι-ν
2549 5558 2759 5631 quando
2789 5576 3005 5631 seipsos,
3035 5576 3234 5622 omisso
3266 5578 3336 5621 et.

2291 5624 2315 5660 ⁸
2355 5621 2520 5690 Etlit.,
2546 5621 2735 5680 solum.

2288 5693 2311 5732 ιι
2351 5690 2516 5763 Edit.,
2546 5712 2662 5750 cum
2689 5716 2781 5769 per
2808 5700 2984 5781 Iidem.
