4148 6344
343 341 482 399 “i7
1272 338 1363 396 DE
1397 338 1578 407 FIDE,
1616 338 1744 396 SPE
1781 337 1868 394 ET
1911 337 2336 427 CHARITATE.»
2362 374 2434 386 —
2469 343 2598 400 LIB.
2634 346 2676 400 Ι.
3470 345 3610 408 1448

341 455 693 518 Ιωόετειιιιιιν,
719 458 777 508 ει
811 449 954 506 Deus
991 450 1046 505 in
1073 450 1230 506 nobis
1271 451 1520 507 habitare
1557 451 1796 508 creditur
1825 471 1838 506 :
1867 450 1912 506 si
1941 455 1993 514 A
2017 465 2204 525 quetur
2228 473 2342 523 me;
2366 457 2610 528 profecto
2647 459 2797 529 quia,
2834 465 2895 514 ut
2925 458 3099 515 ﬁdelis
3121 461 3352 532 quisque
3377 475 3600 532 perma-

339 560 409 602 ex
435 543 548 600 Deo
576 541 750 614 possit
779 548 956 608 tanta;
995 541 1122 612 quia
1149 541 1411 613 quidquid
1437 542 1572 599 ﬁdes
1599 551 1785 598 nostra
1817 550 1922 608 εει,
2024 556 2171 614 neat,
2201 545 2402 604 Christi
2440 550 2610 621 gratia
2645 559 2969 620 praestatur:
3001 560 3266 622 quatenus
3309 553 3488 623 justus
3531 569 3602 609 ex

339 638 736 709 sperandorum
780 635 1080 692 substantia
1123 645 1236 701 est;
1294 637 1688 706 Sperandorum
1737 645 1918 692 autem
2024 638 2130 694 ﬁde
2162 654 2260 710 per
2290 641 2517 711 gratiam
2558 649 2832 711 operetur.
2878 641 3212 697 Arbitramur
3235 647 3398 710 enim,
3432 645 3609 716 inquit

339 729 646 788 substantia
687 727 828 782 Deus
866 735 971 793 est,
1004 727 1149 782 Deus
1187 741 1316 781 vero
1342 727 1685 798 omnipotens
1717 735 1836 792 est;
1870 735 1924 782 et
2022 732 2336 803 Apostolus,
2362 735 2648 805 justi/icari
2675 735 2933 790 hominem
2976 753 3066 805 per
3104 737 3261 806 fidem
3288 738 3401 792 sine
3428 740 3606 809 operi-

339 824 461 880 ideo
485 821 634 889 ﬁdei,
664 836 784 892 qua:
811 835 879 875 ex
906 819 1016 875 Deo
1043 828 1148 886 est,
1173 828 1228 875 et
1263 819 1319 874 in
1358 834 1466 890 qua
1504 818 1644 875 Deus
1672 827 1776 885 est,
1801 818 1926 888 jure
1974 889 1990 899 κ
2026 826 2119 880 bus
2142 825 2267 898 legis
2293 826 2464 898 (Rom.
2487 844 2568 892 ιιι,
2586 827 2699 897 28).
2725 828 2790 882 Ει
2809 829 2968 898 paulo
2987 839 3112 900 post
3131 845 3199 886 ex
3221 831 3418 887 Genesi
3442 850 3456 886 :
3482 829 3609 887 Cre-

335 913 594 990 praastitit
621 925 648 954 ει
677 912 936 983 majestas
965 910 1166 977 divina,
1196 920 1258 966 ut
1288 909 1414 965 talia
1441 919 1696 981 tantaque
1731 910 1922 981 possit,

336 1014 399 1062 ut
427 997 635 1060 ﬁrmior
671 1002 743 1058 sit
771 1001 906 1056 ﬁdes
933 1015 1000 1056 ex
1027 1000 1156 1056 Deo.
1198 999 1352 1056 Nunc
1391 1008 1571 1055 autem
1602 999 1731 1069 quid
1765 999 1924 1054 dubi-

336 1102 455 1152 tare
497 1109 788 1167 possumus
840 1093 906 1148 de
960 1092 1088 1158 ﬁde,
1123 1107 1246 1147 cum
1295 1091 1490 1157 solum,
1527 1091 1652 1162 quia
1695 1091 1927 1147 credidi-

337 1205 461 1246 mus
486 1189 542 1256 ι’,
573 1197 682 1242 tam
728 1201 947 1256 magna,
989 1195 1044 1240 ct
1075 1183 1364 1240 ineffabilia
1404 1190 1696 1254 potuerunt
1730 1183 1924 1248 sancti,

337 1289 393 1338 et
427 1295 717 1352 possumus
741 1293 807 1334 ex
840 1277 985 1332 ﬁde?
1016 1275 1150 1330 ch
1178 1286 1274 1341 est,
1306 1276 1498 1345 inquit,
1538 1276 1777 1342 victoria,
1810 1290 1929 1346 qua:

336 1373 496 1430 uincit
520 1372 794 1437 mundum,
827 1357 963 1439 ﬁdes
987 1379 1188 1424 nostra.
1218 1368 1451 1436 Justum,
1487 1370 1728 1440 inquam,
1761 1378 1843 1425 est
1869 1379 1930 1425 ut

336 1464 465 1519 talia
497 1463 670 1535 possit
699 1461 850 1528 ﬁdes,
878 1475 975 1531 per
1003 1477 1165 1533 quam
1190 1461 1522 1517 credidimus
1556 1478 1678 1532 qua:
1713 1477 1819 1517 non
1853 1461 1930 1515 vi-

337 1555 561 1621 dentur,
590 1563 650 1609 ut
675 1553 937 1610 certiores
963 1553 1073 1609 sint
1104 1553 1290 1608 ﬁdeles
1319 1553 1462 1622 quod
1507 1568 1718 1608 summa
1755 1552 1930 1607 omni-

333 1649 578 1721 potentia
622 1655 726 1712 est,
765 1655 820 1702 et
872 1647 1200 1717 sempiterna
1241 1647 1436 1712 virtus,
1461 1647 1514 1701 in
1561 1662 1721 1716 quem
1758 1646 1930 1702 credit

335 1739 490 1795 ﬁdes.
532 1737 781 1793 Potentia
830 1737 993 1808 igitur
1029 1736 1154 1791 ﬁdei
1195 1735 1458 1790 exhibitio
1486 1744 1570 1793 est
1601 1735 1924 1806 majestatis.

2025 919 2157 973 didit
2185 919 2452 975 Abraham
2473 921 2604 985 Deo,
2636 931 2683 974 et
2713 931 3006 991 reputatum
3036 934 3110 977 est
3148 925 3196 977 ei
3235 929 3304 977 ad
3340 924 3608 994 justitiam

2029 1012 2292 1083 (Rom.tv,
2311 1013 2387 1084 5).
2424 1013 2511 1079 Ei,
2536 1015 2728 1084 inquit,
2753 1016 2843 1084 qui
2867 1025 3132 1084 aperatur,
3164 1033 3359 1071 merces
3381 1034 3485 1071 non
3507 1019 3609 1071 im-

2027 1114 2243 1174 putatur
2261 1106 2544 1181 secundum
2569 1107 2815 1176 gratiam,
2835 1106 2925 1160 sed
2948 1107 3233 1160 secundum
3261 1107 3508 1163 debitum.
3539 1108 3611 1163 Ei

2027 1212 2166 1261 vero,
2193 1197 2284 1267 qui
2313 1213 2415 1251 non
2442 1207 2707 1268 operatur,
2735 1198 2964 1251 credenti
2994 1208 3166 1251 autem
3192 1198 3246 1251 in
3269 1215 3386 1252 eum
3407 1201 3496 1270 qui
3511 1199 3609 1270 ju-

2027 1287 2223 1356 stiﬁcat
2249 1288 2487 1357 impium,
2503 1297 2775 1359 reputatur
2793 1289 2922 1358 ﬁdes
2938 1290 3053 1359 ejus
3066 1291 3134 1343 ad
3146 1290 3413 1360 justitiam
3433 1291 3563 1362 (ibid
3571 1334 3608 1358 .,

2027 1376 2082 1442 4,
2116 1377 2192 1448 5).
2230 1378 2369 1434 Ecce
2408 1379 2537 1449 quid
2577 1379 2709 1434 ﬁdes
2743 1381 2937 1450 possit,
2983 1381 3107 1450 quia
3147 1382 3318 1436 credit
3367 1383 3417 1436 in
3468 1399 3613 1446 eum,

2029 1467 2122 1537 qui
2158 1476 2242 1524 est
2279 1470 2641 1526 essentialiter
2681 1461 2882 1541 justus,
2923 1481 2976 1524 ut
3025 1475 3113 1536 sit,
3156 1473 3361 1542 inquit,
3395 1474 3612 1542 justitia

2030 1560 2129 1615 Dei
2156 1579 2250 1633 per
2276 1561 2436 1630 ﬁdem
2469 1563 2597 1618 Jesu
2624 1563 2819 1618 Christi
2855 1564 2910 1618 in
2951 1580 3148 1629 omnes,
3177 1575 3225 1618 et
3251 1583 3407 1636 super
3438 1582 3615 1621 omnes

2029 1653 2119 1722 qui
2156 1649 2393 1718 credunt,
2425 1655 2547 1725 quia
2582 1653 2903 1723 justiﬁcetur
2930 1657 3096 1724 gratis
3132 1673 3224 1726 per
3262 1658 3490 1727 gratiam
3532 1659 3614 1726 ip—

2032 1745 2144 1799 sius
2175 1744 2348 1817 (Rom.
2394 1761 2474 1812 ιιι,
2514 1746 2632 1817 22).
2677 1745 2876 1802 Omnes
2917 1749 3060 1802 enim
3111 1758 3506 1816 peccaverunt,
3563 1757 3620 1804 et

337 1828 514 1886 Habet
535 1828 681 1885 enim
712 1827 1080 1884 testimonium
1109 1826 1246 1883 ﬁdes
1271 1841 1338 1882 ex
1369 1827 1759 1883 miraculorum
1796 1843 1927 1898 ope-

2038 1812 2194 1911 egent
2223 1840 2392 1909 gloria
2425 1840 2541 1895 Dei.
2578 1812 2764 1898 Cloria
2801 1841 2964 1909 igitur
2993 1841 3087 1896 Dei
3112 1812 3222 1906 est,
3258 1851 3316 1896 ut
3361 1812 3618 1913 appareat

337 1922 492 1981 ribus
518 1924 645 1980 dum
679 1921 814 1978 nihil
845 1937 912 1977 ex
940 1935 1020 1986 se,
1052 1920 1147 1976 sed
1176 1929 1352 1976 totum
1390 1936 1458 1976 ex
1488 1935 1553 1976 eo
1593 1929 1792 1990 potest,
1822 1937 1929 1992 quo

336 2014 700 2081 confortatur,
748 2014 804 2069 in
845 2028 1005 2084 quem
1045 2013 1238 2068 credit.
1271 2013 1339 2068 Et
1379 2021 1582 2084 quanto
1607 2014 1728 2084 plus
1755 2015 1932 2070 credi-

338 2107 504 2175 derit,
529 2123 596 2165 εχ
638 2123 704 2162 εο
739 2121 846 2178 quo
884 2106 1055 2176 pluris
1093 2114 1196 2172 est,
1224 2107 1498 2176 potentior
1523 2103 1786 2163 efﬁcitur.
1820 2107 1932 2164 Nec

339 2201 485 2256 enim
506 2199 626 2272 plus
654 2200 802 2255 credi
827 2207 1008 2270 potest
1031 2212 1195 2268 quam
1223 2197 1337 2268 ipse
1361 2206 1462 2264 est,
1500 2199 1556 2253 in
1590 2214 1751 2268 quem
1779 2214 1934 2270 opor-

333 2278 423 2350 tet
444 2309 512 2349 ex
539 2301 652 2348 toto
675 2291 916 2348 credere.
931 2290 1160 2360 Propter
1184 2290 1350 2359 quod,
1377 2299 1435 2344 ut
1462 2289 1597 2356 dixi,
1617 2291 1931 2346 irretracta-

341 2385 468 2443 bilis
489 2393 577 2442 est
603 2385 758 2450 ﬁdes,
788 2398 909 2454 quae
938 2390 1086 2437 tanta
1116 2389 1318 2452 potest,
1347 2389 1408 2436 ut
1435 2383 1620 2437 vincat
1648 2385 1928 2449 mundum,

341 2486 398 2532 et
445 2476 602 2548 plura
655 2475 832 2546 potuit
879 2489 977 2545 per
1027 2483 1267 2540 sanctos,
1297 2481 1358 2527 ut
1405 2487 1568 2544 opera
1617 2474 1932 2544 quantocies

341 2567 644 2626 ostenderit
693 2565 942 2622 Deitatis.
991 2565 1098 2621 Sed
1145 2575 1201 2620 et
1251 2565 1395 2635 quod
1444 2566 1618 2637 majus
1666 2575 1772 2632 est,
1806 2565 1935 2622 licet

328 2640 604 2727 ‘defuncli,
632 2658 809 2714 adhuc
845 2657 978 2713 ﬁdes
1018 2672 1206 2713 eorum
1251 2656 1648 2728 quamplurima
1695 2657 1933 2727 quotidie

341 2751 559 2824 perﬁcit
603 2749 912 2823 prodigiosa
940 2748 1136 2804 valde:
1166 2747 1243 2803 ita
1287 2756 1349 2802 ut
1391 2748 1592 2818 magis,
1632 2748 1726 2819 qui
1782 2757 1933 2806 tanta

346 2852 575 2916 queunt,
607 2858 767 2913 quam
795 2841 1060 2906 viventes,
1089 2839 1376 2895 videantur
1403 2839 1616 2906 vivere;
1649 2840 1776 2910 quia
1818 2855 1933 2895 om-

343 2939 475 2995 nino
506 2937 693 3012 in.illo
719 2937 923 3018 vivunt,
953 2935 1044 3004 qui
1080 2943 1258 3004 potest
1296 2932 1497 2988 omnia.
1527 2932 1572 2989 Ο
1610 2933 1744 2989 ﬁdes
1777 2933 1932 2988 indu-

341 3029 541 3096 bitata,
563 3044 684 3098 quae
711 3028 780 3083 ad
815 3034 1022 3081 tantam
1051 3026 1304 3097 pervenis
1329 3025 1646 3092 victoriam;
1679 3026 1842 3082 etiam
1872 3036 1935 3084 ut

341 3127 451 3184 illis
489 3127 780 3195 defunctis,
807 3126 900 3197 qui
929 3140 1026 3197 per
1058 3134 1110 3181 te
1151 3124 1520 3191 crediderunt,
1554 3133 1736 3180 tamen
1773 3123 1931 3194 plena

2033 1932 2149 2001 ipse
2179 1931 2325 1986 solus
2344 1931 2544 1999 justus,
2571 1941 2624 1986 et
2650 1941 2858 2001 potens,
2890 1947 2956 1987 ex
2982 1948 3090 2002 quo
3105 1932 3478 2001 justiﬁcantur
3501 1949 3618 1988 om-

2034 2037 2134 2077 ncs
2156 2037 2252 2093 per
2275 2022 2435 2076 ﬁdem
2456 2020 2583 2078 Jesu
2612 2021 2837 2077 Christi.
2863 2023 2970 2077 Sed
2995 2024 3344 2092 quaerendum
3381 2023 3618 2078 arbitra-

2035 2128 2177 2177 mur,
2209 2113 2494 2183 justiﬁcari
2543 2113 2817 2168 hominem
2854 2114 2971 2169 sine
3003 2115 3256 2184 operibus
3292 2130 3389 2184 per
3420 2115 3615 2182 ﬁdem;

2036 2203 2165 2272 quid
2196 2202 2267 2258 sit
2289 2204 2434 2272 quod
2469 2201 2704 2258 Jacobus
2728 2203 2805 2258 ait
2832 2222 2844 2256 :
2875 2202 3034 2258 Fides
3060 2205 3173 2259 sine
3205 2205 3446 2274 operibus
3476 2221 3620 2259 mor-

2034 2303 2128 2347 tua
2156 2303 2232 2348 est
2263 2292 2404 2364 (Jac.
2448 2309 2512 2359 ιι,
2540 2292 2653 2364 9.6).
2695 2293 2975 2362 Quomodo
3020 2296 3166 2350 enim
3213 2296 3478 2351 viviﬁcari
3519 2305 3619 2365 po—

2035 2395 2158 2451 test,
2183 2394 2244 2440 ut
2274 2385 2454 2454 justus
2487 2400 2554 2440 ex
2605 2386 2709 2440 ﬁde
2752 2387 2920 2453 vivat,
2958 2388 3004 2442 si
3045 2388 3100 2442 in
3141 2389 3429 2458 semetipsa
3467 2390 3620 2458 prius

2033 2485 2246 2531 mortua
2276 2484 2478 2530 manet.
2502 2476 2644 2548 Ergo
2679 2475 3040 2545 justiﬁeamur
3081 2479 3248 2546 gratis
3277 2494 3375 2548 per
3416 2478 3616 2544 ﬁdem;

2035 2569 2132 2623 sed
2164 2582 2272 2622 non
2310 2582 2379 2622 ex
2411 2567 2535 2632 alia,
2568 2583 2731 2638 quam
2762 2584 2884 2638 quae
2922 2584 3021 2638 per
3053 2568 3393 2623 dilectionem
3421 2585 3619 2639 opera-

2035 2666 2144 2713 tur.
2179 2659 2314 2726 Quia
2357 2659 2523 2729 igitur
2558 2659 2729 2728 gratis
2771 2669 3052 2730 propterea
3095 2659 3479 2730 justiﬁcamur,
3511 2675 3620 2716 non

2035 2751 2156 2806 dico
2192 2751 2320 2822 quia
2363 2749 2510 2804 nulla
2550 2750 2674 2805 ﬁdei
2716 2751 2910 2806 merita
2957 2762 3378 2821 praecesserant;
3428 2766 3620 2806 verum

2036 2859 2137 2900 nec
2163 2843 2280 2914 ipsa
2320 2842 2475 2910 ﬁdes,
2504 2858 2612 2914 qua
2649 2843 2777 2898 boni
2803 2843 3004 2914 aliquid
3031 2860 3333 2916 ageremus,
3365 2846 3420 2900 in
3462 2844 3622 2901 nobis

2035 2945 2172 2990 erat.
2217 2935 2286 2990 Et
2329 2936 2471 3001 ideo,
2514 2936 2643 2990 dum
2670 2935 2803 2992 ﬁdes
2829 2936 2882 2990 in
2916 2937 3091 3003 nobis,
3130 2938 3245 2993 sine
3275 2937 3475 2994 nostris
3508 2952 3623 2992 me-

2036 3029 2157 3083 ritis
2197 3027 2525 3093 refunditur,
2566 3028 2737 3098 gratis
2777 3027 2882 3084 ﬁde
2914 3028 3030 3084 sine
3064 3030 3320 3098 operibus
3352 3028 3621 3100 iustiﬁca-

2036 3136 2178 3176 mur.
2226 3119 2333 3176 Sed
2375 3121 2629 3190 deinceps
2673 3128 2862 3186 restat,
2893 3119 2948 3175 in
2990 3121 3145 3176 nobis
3180 3123 3297 3191 ipsa
3325 3122 3625 3194 eademque

343 3171 451 3184 ......
490 3171 758 3183 .........c-...
810 3171 900 3180 ....
967 3171 1017 3181 ν-
1060 3171 1109 3181 --
1154 3171 1520 3191 ν-ν,-..-.-...-,
1556 3171 1736 3180 -.....-_.
1774 3171 1931 3194 Γπ---
2227 3171 2333 3176 ν---
2381 3171 2627 3190 __-----r-
2990 3171 3141 3176 __-___
3180 3171 3297 3191 τη
3330 3171 3621 3194 ,η,,Ἷ,,

341 3219 736 3291 omnipotentia
762 3171 972 3290 vigesis,
1007 3226 1064 3274 et
1089 3218 1333 3289 epereris
1359 3234 1468 3290 quo
1495 3218 1699 3276 certius
1723 3233 1759 3273 a
1788 3216 1930 3272 timi-
1959 3171 2005 3237 Ο
2039 3211 2174 3267 ﬁdes
2212 3211 2372 3267 bonis
2407 3211 2680 3281 justisque
2721 3211 2976 3282 operibus
3021 3212 3237 3267 insistat
3271 3232 3283 3266 :
3314 3222 3374 3267 ut
3404 3214 3476 3268 sit
3510 3212 3621 3278 illa,

345 3314 447 3380 dis,
474 3321 532 3370 et
561 3311 855 3369 incredulis
897 3311 972 3395 sis
1011 3311 1281 3367 credenda
1313 3330 1325 3366 :
1360 3313 1435 3368 ita
1461 3319 1524 3368 ut
1549 3312 1685 3368 nihil
1730 3312 1802 3368 sit
1843 3327 1935 3368 ve-
2039 3317 2159 3372 quae
2186 3318 2286 3374 per
2315 3301 2658 3357 dilectionem
2693 3310 2985 3395 operatur,
3022 3301 3149 3370 quia
3185 3302 3366 3370 justus
3409 3318 3474 3355 ea:
3516 3301 3625 3368 [ide

343 3409 460 3466 rius
483 3423 645 3480 quam
671 3423 792 3479 qua:
818 3394 1112 3482 promittis,
1153 3405 1290 3461 nihil
1315 3407 1592 3477 potentius
1619 3421 1706 3472 eo,
1731 3420 1800 3461 ex
1826 3420 1934 3476 quo
2038 3397 2158 3451 vivit
2186 3409 2204 3447 :
2229 3395 2470 3466 alioquin
2501 3395 2616 3450 sine
2643 3394 2898 3463 operibus
2925 3402 3138 3448 mortua
3175 3404 3446 3449 mortuum
3485 3410 3626 3466 prae-

345 3500 496 3568 talia,
525 3504 786 3572 tantaque
810 3499 1008 3572 possis,
1037 3497 1282 3568 nihilque
1305 3496 1537 3564 beatius,
1570 3505 1732 3566 atque
1758 3496 1812 3551 in
1840 3510 1934 3550 vo-

344 3595 418 3652 tis
445 3594 736 3651 indefessis
779 3593 973 3650 victrix
1005 3607 1128 3648 cum
1167 3591 1444 3662 triumpho
1478 3598 1624 3656 tuos,
1654 3597 1815 3660 teque
1845 3601 1932 3642 se-

343 3695 575 3758 quentes
606 3685 849 3757 quotidie
874 3683 1146 3755 perducis.
1178 3681 1308 3750 Qute
1343 3696 1449 3736 non
1491 3681 1665 3737 solum
1691 3680 1746 3734 in
1778 3679 1937 3736 terris

345 3777 476 3834 talia
517 3777 681 3850 geris,
711 3791 897 3832 verum
939 3775 1140 3830 invicta
1181 3774 1333 3846 virgo
1377 3772 1500 3829 cmli
1540 3772 1738 3842 templa
1767 3786 1932 3842 pene-

343 3879 518 3935 trans,
545 3882 773 3941 regnum
803 3866 1048 3938 polorum
1077 3865 1187 3921 tuis
1218 3880 1511 3935 congressa
1537 3863 1800 3918 virtutum
1834 3877 1933 3933 gar-

345 3961 452 4018 mis
492 3967 746 4032 potenter
771 3957 979 4029 diripis,
1005 3965 1060 4012 et
1085 3956 1179 4026 qui
1220 3955 1558 4011 fornicantur
1587 3954 1685 4009 abs
1713 3961 1784 4019 te,
1810 3952 1934 4007 ina-

349 4071 447 4112 nes
467 4054 691 4119 deseris,
724 4053 842 4109 sine
869 4067 975 4124 qua
1010 4058 1254 4106 nostrum
1282 4048 1416 4104 nihil
1442 4063 1620 4120 posse,
1652 4062 1750 4118 per
1774 4060 1936 4117 quam

347 4147 530 4202 omnia
577 4145 796 4218 agmina
848 4143 1291 4216 congrediuntur,
1346 4150 1402 4197 et
1451 4141 1727 4197 calcantur
1771 4139 1934 4204 vitia;

349 4255 514 4310 quam
540 4239 586 4296 si
616 4237 739 4309 quis
764 4252 873 4293 non
898 4236 1092 4302 credit,
1122 4234 1257 4291 nihil
1288 4233 1529 4290 inveniet
1555 4231 1804 4298 ulterius,
1831 4245 1939 4303 quo

349 4329 556 4402 aliquid
582 4331 727 4396 vitae,
757 4328 843 4384 vel
868 4328 1085 4385 virtutis
1111 4327 1302 4398 possit.

966 4463 1194 4522 CAPUT
1234 4464 1325 4521 x1.
1422 4419 1425 4421 ’

900 4579 978 4634 De
997 4579 1212 4650 justitia
1237 4579 1382 4648 ﬁdei.

427 4699 478 4753 l.
517 4696 736 4753 Justitia
759 4696 927 4767 igitur
952 4694 1078 4750 ﬁdei
1099 4703 1202 4759 est,
1228 4709 1335 4764 qua
1361 4693 1426 4748 de
1449 4691 1630 4763 impiis
1658 4705 1756 4762 per
1777 4691 1936 4746 ﬁdem

349 4789 482 4858 justi
517 4785 801 4853 eﬁicimur,
833 4787 952 4842 sine
993 4784 1118 4840 ullis
1156 4784 1423 4840 bonorum
1460 4797 1686 4854 operum
1726 4779 1939 4836 meritis

355 4880 805 4954 praecedentibus,
836 4895 941 4950 qua
968 4878 1138 4950 gratis
1175 4877 1392 4950 quidem
1427 4874 1792 4945 iustiﬁcamur
1822 4873 1939 4928 sine

355 4973 650 5044 operibus:
675 4981 758 5038 ιιι,
783 4971 877 5042 qui
905 4985 1123 5026 eramus
1150 4969 1245 5026 irae.
1277 4968 1394 5035 ﬁlii,
1421 4967 1534 5024 sola
1560 4967 1663 5023 ﬁde
1697 4982 1794 5038 per
1817 4981 1940 5038 gra-

359 5064 493 5143 tiam
516 5063 815 5121 efﬁciamur
843 5061 1166 5134 adoptionis.
1199 5059 1381 5116 Gratis
1419 5068 1603 5120 autem
1643 5059 1789 5125 ideo,
1817 5057 1942 5128 quia

357 5170 462 5213 nec
495 5157 613 5229 ipsa
649 5155 783 5212 ﬁdes
822 5157 877 5211 in
915 5155 1093 5221 nobis,
1117 5155 1220 5210 nisi
1250 5169 1347 5226 per
1379 5154 1634 5225 gratiam,
1668 5161 1723 5208 et
1742 5151 1945 5220 justiﬁ-

359 5248 506 5305 catio
533 5247 657 5305 ﬁdei
684 5263 752 5304 ex
784 5247 980 5320 gratia.
1013 5246 1152 5302 Hinc
1189 5260 1406 5316 quoque
1436 5244 1606 5300 David
1633 5243 1709 5298 ait
1741 5261 1752 5296 :
1788 5241 1945 5296 Mise-

359 5343 589 5400 ricordia
635 5344 751 5414 ejus
797 5343 1073 5414 praeveniet
1115 5359 1197 5397 me
1237 5341 1410 5413 (Psal.
1450 5357 1564 5409 un,
1594 5339 1683 5412 ‘1);
1721 5347 1778 5395 et
1819 5337 1948 5395 alibi

359 5434 479 5506 ipse
508 5451 523 5490 :
556 5434 922 5490 Misericordia
963 5442 1056 5488 tua
1099 5432 1440 5504 subsequetur
1485 5448 1566 5487 me
1598 5428 1774 5504 (Psal.
1804 5445 1944 5496 xx",

362 5523 442 5598 ϐ).
477 5523 732 5597 Alioquin
762 5524 865 5581 nisi
894 5525 1220 5596 praeveniret
1241 5523 1394 5596 prius
1420 5523 1793 5580 misericordia
1817 5537 1945 5594 gra-

362 5619 460 5690 tis,
488 5634 648 5678 nemo
676 5606 852 5677 ﬁdelis
875 5627 1040 5676 esset.
1062 5616 1247 5676 Gratis
1286 5618 1524 5689 quidem,
1546 5615 1675 5688 quia
1716 5615 1852 5672 ﬁdes
1879 5631 1947 5670 ex

363 5699 538 5785 gratia
579 5728 594 5768 :
636 5712 830 5768 deinde
871 5709 1014 5782 quod
1050 5711 1128 5766 ait
1163 5727 1177 5765 :
1212 5708 1578 5766 Misericordia
1617 5706 1734 5778 ejus
1771 5706 1948 5764 subse-

438 5829 486 5865 ι’
505 5822 673 5890 Edit.,
703 5821 950 5892 persistit.

807 5914 1079 5976 ΡΑτιιοι.
1128 5914 1322 5975 CXX.

2038 3493 2328 3551 monstrat,
2355 3493 2414 3540 ut
2447 3485 2560 3556 jam
2603 3500 2709 3538 non
2745 3484 2923 3553 justus
2947 3498 3013 3539 ex
3046 3484 3149 3541 ﬁde
3180 3486 3348 3550 vivat,
3376 3487 3470 3541 sed
3500 3500 3624 3542 cum

2039 3576 2375 3633 daemonibus
2403 3577 2590 3632 credat
2615 3585 2671 3630 et
2703 3577 3108 3631 contremiscat.

2108 3669 2165 3722 2.
2203 3668 2346 3740 Ergo
2379 3667 2516 3724 ﬁdes
2542 3683 2671 3723 vera
2693 3676 2745 3723 et
2770 3669 2943 3740 gratia
2969 3677 3082 3734 est;
3118 3679 3174 3725 et
3201 3669 3322 3726 ideo
3349 3686 3626 3741 nunquam

2039 3760 2395 3824 infructuosa,
2425 3775 2599 3830 neque
2626 3761 2742 3814 sine
2772 3760 2861 3814 illa
2891 3761 3166 3830 quippiam
3192 3773 3466 3832 operatur.
3491 3762 3625 3837 Grp-

2041 3851 2115 3905 tia
2148 3850 2312 3920 igitur
2341 3849 2542 3906 Christi
2586 3851 2720 3906 ﬁdes
2763 3851 2918 3905 nobis
2953 3868 3050 3922 per
3079 3851 3340 3924 Spiritum
3380 3863 3627 3909 sanctum

2040 3942 2220 4008 datur,
2263 3942 2434 4014 gratia
2479 3943 2738 4006 nutritur,
2775 3943 2972 4014 gratia,
3005 3951 3066 3997 ut
3109 3955 3417 4013 perseveret
3455 3960 3628 4013 usque

2041 4035 2095 4088 in
2136 4035 2323 4101 ﬁnem,
2365 4044 2738 4091 conservatur.
2774 4033 2917 4088 Nihil
2956 4036 3098 4090 enim
3132 4037 3272 4108 gerit
3308 4037 3424 4092 sine
3452 4036 3627 4107 gratia

2039 4141 2281 4197 prorsus,
2315 4127 2440 4196 quia
2469 4134 2525 4182 et
2559 4127 2696 4196 ipsa,
2726 4134 2786 4181 ut
2814 4125 2978 4189 vivat,
3012 4126 3169 4180 bonis
3191 4126 3464 4198 justisque
3495 4142 3624 4197 ope-

2040 4216 2191 4273 ribus
2230 4219 2401 4290 gratis
2440 4225 2525 4272 est
2570 4217 2849 4287 inspirata.
2877 4216 3069 4272 Restat
3106 4218 3287 4290 igitur,
3317 4229 3369 4272 ut
3400 4219 3488 4290 qui
3518 4219 3630 4290 glo-

2041 4312 2233 4378 riatur,
2264 4311 2320 4364 in
2345 4309 2570 4364 Domino
2593 4309 2846 4381 glorietur
2871 4308 2955 4380 (II
2980 4307 3105 4364 Cor.
3134 4325 3192 4376 x,
3213 4311 3301 4381 i7)
3330 4329 3341 4363 :
3369 4312 3626 4378 quoniam

2044 4419 2207 4474 neque
2251 4401 2492 4467 volentis,
2538 4418 2700 4472 neque
2747 4402 3023 4466 currentis,
3071 4402 3162 4455 sed
3212 4401 3501 4457 miserentis
3553 4411 3629 4457 est

2051 4495 2144 4552 Dei
2172 4496 2351 4567 (Rom.
2381 4511 2458 4562 ix,
2491 4494 2602 4565 16).
2635 4492 2884 4561 Alioquin
2931 4495 3200 4562 quomodo
3229 4493 3456 4552 volentis
3499 4494 3630 4549 illud

2045 4590 2246 4644 bonum
2284 4602 2404 4642 esse
2445 4593 2640 4655 potest,
2671 4583 2814 4654 quod
2846 4583 2988 4650 vult,
3023 4593 3114 4640 aut
3155 4585 3424 4641 currentis
3473 4583 3625 4648 illud,

2043 4695 2150 4749 quo
2181 4679 2378 4744 currit,
2408 4693 2530 4733 cum
2569 4691 2671 4732 nec
2717 4677 2876 4742 velle,
2907 4693 3008 4734 nec
3035 4695 3255 4735 currere
3298 4679 3474 4742 habet,
3509 4679 3629 4733 sine

2044 4769 2217 4842 gratia
2265 4767 2574 4824 miserentis
2617 4768 2749 4822 Dei?
2791 4767 2872 4822 An
2907 4769 3107 4836 nescis,
3147 4771 3324 4835 homo,
3357 4769 3482 4839 quia
3514 4769 3628 4837 jam

2045 4861 2226 4932 magni
2256 4860 2481 4931 aliquid,
2506 4869 2558 4916 et
2584 4859 2811 4915 multum
2840 4861 3130 4930 percepisti
3160 4860 3374 4930 quando
3396 4859 3535 4914 velle
3562 4875 3629 4915 ex

2046 4952 2144 5008 Dei
2166 4953 2540 5022 inspiratione,
2563 4961 2618 5007 et
2647 4967 2867 5008 currere
2892 4968 2986 5023 per
3013 4952 3171 5008 ﬁdem
3196 4952 3446 5022 ccepisti?
3478 4951 3632 5023 Unde

2046 5062 2114 5102 ne
2156 5046 2424 5118 glorieris,
2455 5045 2608 5116 quasi
2640 5061 2750 5101 non
2783 5045 3088 5114 acceperis;
3129 5060 3303 5115 neque
3340 5045 3633 5116 applaudas

2046 5141 2143 5196 tibi
2169 5156 2238 5196 ex
2268 5149 2322 5196 te
2342 5140 2480 5196 velle
2504 5141 2645 5196 bona
2672 5154 2792 5211 quae
2812 5138 2967 5203 velis,
2997 5137 3082 5192 vel
3106 5153 3325 5200 currere
3347 5153 3444 5207 per
3471 5137 3632 5193 ﬁdem

2050 5237 2117 5291 ad
2153 5235 2354 5302 vitam,
2395 5250 2502 5306 quo
2531 5232 2707 5290 curris
2759 5249 2772 5285 :
2820 5233 2928 5286 imo
2969 5230 3138 5293 velle,
3184 5241 3241 5286 et
3268 5247 3489 5287 currere
3519 5231 3630 5303 jam

2052 5329 2359 5386 miserentis
2390 5336 2475 5384 est
2501 5327 2597 5382 Dei
2623 5343 2639 5382 :
2668 5334 2727 5382 ut
2761 5325 2933 5396 gratia
2973 5339 3070 5393 per
3107 5324 3268 5379 ﬁdem
3304 5323 3638 5394 justiﬁcatus

2055 5421 2504 5487 misericorditer,
2530 5435 2632 5475 nec
2661 5419 2877 5474 desinas
2906 5418 3048 5474 bona
3080 5417 3239 5483 velle,
3271 5433 3392 5488 quae
3421 5433 3526 5474 non
3559 5415 3638 5472 vi-

2055 5518 2274 5584 dentur,
2299 5523 2354 5571 et
2383 5513 2517 5570 velis
2560 5531 2572 5566 :
2609 5527 2710 5568 nec
2753 5526 2974 5567 currere
3016 5527 3115 5582 per
3161 5511 3320 5566 ﬁdem
3359 5511 3426 5565 ad
3468 5510 3636 5564 Deum

2054 5609 2292 5675 Patrem,
2330 5615 2386 5664 et
2423 5607 2646 5673 Filium,
2675 5613 2732 5660 et
2760 5603 3023 5677 Spiritum
3066 5615 3334 5672 sanctum,
3375 5619 3481 5674 quo
3509 5618 3636 5657 cur-
3667 5681 3670 5684 ἢ

2055 5702 2234 5768 rebas,
2262 5701 2318 5756 in
2349 5715 2456 5770 quo
2485 5708 2612 5757 sunt
2645 5699 2847 5766 omnia,
2874 5713 2994 5769 quae
3022 5713 3131 5754 non
3162 5697 3413 5754 videntur
3441 5706 3493 5751 et
3521 5711 3635 5749 cre-

2126 5813 2155 5855 ι’
2194 5812 2362 5882 Εῶι.,
2385 5811 2736 5868 crediderunt.

3135 5897 3208 5960 liii
