4148 6344
537 316 546 320 ·
584 291 716 362 tua
1415 304 1474 355 s.
1512 304 1864 360 rAscuasu
1903 303 2143 360 usuum

2246 351 2248 360 ι
2285 304 2577 364 ABBATIS
2612 301 3060 366 CORDEIENSIS
3700 305 3840 368 ιω

575 417 676 472 dis.
707 413 855 471 Velle
891 415 1089 486 quippe
1118 427 1144 456 ι
1173 415 1267 470 tibi
1293 413 1498 472 Christi
1533 416 1706 487 gratia
1747 420 2014 475 concessit
2047 439 2057 472 :
2090 420 2148 474 ﬁ-
2175 426 2227 485 Α
2253 421 2366 491 ipse
2409 421 2705 488 ambulare,
2735 431 2793 478 ut
2839 423 2954 492 ipse
2977 419 3294 477 ambulavit.
3333 419 3568 488 Veritas,
3593 420 3650 477 in
3675 437 3838 494 quam

573 510 668 566 des
706 524 834 565 vero
881 507 1039 564 bouis
1088 509 1343 578 operibus
1377 510 1689 568 iubaereudo
1727 517 1946 568 currere
1982 514 2143 578 viam,
2251 518 2545 586 credimus,
2571 518 2844 575 credendo
2865 517 3243 589 cognovimus,
3274 518 3656 584 cognoscendo
3683 532 3834 573 ama-

573 614 693 672 que
730 598 979 658 Christus
1023 607 1144 664 est,
1185 599 1512 655 ministravit
1540 601 1588 654 ιι.
1636 601 1772 658 Hinc
1815 602 2036 658 credere
2077 617 2146 657 ex
2250 626 2400 676 mus;
2427 612 2657 667 amando
2680 626 2810 666 vero
2832 610 2937 666 ﬁde
2963 610 3216 680 petimus,
3250 608 3484 678 petendo
3518 610 3837 679 quaerimus,

573 699 685 748 ωιο
711 692 897 758 Corde.
927 706 1150 762 sperare
1189 706 1258 747 ex
1298 701 1408 747 ιοιδ
1453 693 1652 759 anima.
1683 692 1908 766 diligere
1933 709 2000 749 ex
2033 703 2145 750 tota
2251 704 2541 772 quaerendo
2586 703 2862 773 pulsamus
2893 721 2907 756 :
2939 701 3050 757 vita
3102 700 3250 757 enim
3299 715 3431 756 vero
3456 708 3558 765 est,
3587 716 3693 770 qua
3737 701 3839 770 ﬁde

573 782 769 838 virtute
795 783 1081 848 convenit;
1114 782 1256 854 quod
1284 784 1329 838 si
1362 799 1469 840 non
1493 785 1720 841 desieris
1757 785 1914 851 velle,
1938 795 1994 841 et
2023 801 2148 841 cur—
2244 791 2627 862 justiﬁcamur,
2673 813 2798 852 cum
2842 812 2950 853 ηοη
2981 796 3158 861 nobis,
3194 794 3285 850 sed
3321 795 3372 850 ei
3407 793 3715 860 ιι-ίιωίωιη,
3773 811 3842 852 ει

572 892 712 943 rere,
741 877 910 934 donec
947 878 1252 947 pervenias,
1281 893 1387 947 quo
1429 877 1658 934 volendo
1702 880 1842 946 ibas,
1878 879 2147 936 credendo
2250 898 2357 954 quo
2376 886 2509 956 justi
2535 901 2604 942 ex
2628 886 2734 943 ﬁde
2750 887 3002 943 vivimus.
3026 887 3169 959 Ergo
3189 886 3456 956 quomodo
3477 902 3583 941 non
3609 887 3844 941 vivimus

569 972 856 1038 currebas;
884 972 1011 1043 quia
1035 989 1200 1029 verax
1227 981 1312 1028 est
1338 973 1697 1042 omnipotens,
1730 973 1821 1044 qui
1855 990 1961 1029 non
1997 988 2148 1029 men-
2252 991 2374 1030 cum
2397 977 2507 1030 vita
2534 979 2562 1019 ⁸
2594 993 2695 1048 per
2721 977 2880 1032 ﬁdem
2921 978 2988 1033 ad
3014 993 3080 1033 ea
3110 977 3429 1032 festinantes
3468 992 3589 1046 quae
3626 991 3738 1032 non
3767 977 3844 1030 κί-

571 1068 722 1131 titur,
754 1068 916 1133 Deus,
957 1068 1178 1124 omnino
1218 1067 1483 1138 percipies
1531 1069 1674 1136 quod
1713 1067 1954 1132 volebas,
1984 1076 2042 1123 et
2070 1067 2151 1121 vi-
2253 1070 2452 1125 dentur
2474 1079 2648 1126 totum
2675 1087 2743 1126 ex
2783 1070 2889 1126 ﬁde
2915 1071 3150 1126 vivimus
3175 1071 3198 1124 7
3219 1069 3284 1124 Et
3313 1069 3435 1124 ideo
3478 1070 3607 1139 quid
3637 1069 3703 1124 de
3731 1071 3844 1124 vita

569 1159 744 1214 dendo
784 1158 1004 1224 frueris,
1029 1175 1149 1228 quae
1190 1157 1468 1214 credebas.
1498 1157 1768 1214 Interdum
1798 1170 1819 1198 ο
1855 1166 2035 1214 autem
2055 1172 2152 1228 pe-

569 1251 732 1308 tendo
782 1253 984 1308 desuda
1017 1271 1029 1306 :
1065 1251 1353 1321 quaerendo
1392 1251 1607 1322 iuvigila
1653 1269 1664 1305 :
1705 1250 1968 1322 pulsando
2021 1267 2148 1321 per-

567 1347 722 1412 siste,
757 1361 825 1401 ne
864 1345 1100 1400 deﬁcias.
1133 1345 1262 1400 Pete
1289 1344 1558 1401 credendo
1591 1345 1697 1400 ﬁde
1727 1345 1816 1400 illa
1845 1361 1966 1416 qua:
1996 1359 2152 1401 acce-

567 1437 725 1509 pisti;
759 1452 941 1507 quaere
976 1437 1243 1508 sperando
1271 1452 1390 1506 quae
1427 1436 1703 1504 invenisti,
1733 1436 1887 1506 pulsa
1927 1435 2154 1508 diligen-

567 1531 636 1586 do
678 1531 744 1585 ad
789 1545 950 1599 quem
997 1529 1233 1584 intrasti.
1263 1527 1380 1583 Jam
1413 1530 1556 1584 enim
1589 1528 1769 1597 justus
1810 1545 1878 1584 ex
1923 1529 2028 1585 ﬁde
2063 1529 2148 1584 vi-

493 1655 499 1667 -
567 1623 651 1678 vis
674 1623 722 1688 (ι,
753 1638 821 1679 ne
850 1632 902 1678 te
932 1621 1223 1678 subtrahas
1255 1637 1285 1676 a
1315 1623 1424 1677 vita
1463 1621 1626 1678 ﬁdei:
1653 1623 1779 1692 quia
1808 1633 1831 1662 ο
1863 1622 1908 1677 si
1947 1631 1999 1678 te
2023 1624 2151 1679 sub—

565 1715 820 1781 traheris,
851 1730 957 1770 non
994 1714 1252 1785 placebit,
1295 1716 1488 1785 inquit,
1524 1715 1749 1786 spiritus
1775 1715 1990 1770 divinus
2026 1714 2145 1770 ani-

2252 1160 2501 1216 dubitare
2524 1176 2834 1231 possumus,
2859 1162 2903 1217 si
2925 1162 3040 1232 jam
3069 1177 3134 1216 ex
3173 1161 3279 1217 ﬁde
3301 1160 3435 1230 justi
3460 1176 3644 1214 sumus
3663 1161 3688 1213 ἳ
3719 1160 3844 1214 [hoc

2252 1259 2357 1316 est,
2388 1252 2631 1321 inquam,
2672 1253 2726 1307 in
2777 1252 2998 1308 Christo
3027 1251 3270 1316 credere,
3308 1251 3412 1306 ﬁde
3432 1249 3724 1318 iustiﬁcari
3759 1266 3843 1305 se—

2253 1344 2487 1397 cundum
2516 1359 2639 1398 eum
2659 1342 2824 1412 justis
2847 1343 3102 1414 operibus
3128 1344 3330 1398 vivere.
3354 1343 3434 1398 De
3452 1357 3557 1412 qua
3586 1342 3846 1404 nimirum

2253 1434 2360 1488 ﬁde
2389 1433 2638 1490 Salvator
2667 1435 2842 1505 inquit
2874 1453 2888 1488 :
2917 1434 3021 1501 Qui
3051 1435 3211 1490 credit
3242 1435 3297 1488 in
3333 1451 3436 1500 me,
3469 1435 3676 1488 etiamsi
3705 1450 3844 1486 mor~

2251 1533 2374 1580 tum
2412 1526 2592 1594 fuerit,
2615 1527 2768 1592 vivit;
2792 1535 2840 1581 et
2865 1527 3056 1592 omnis,
3084 1527 3173 1597 qui
3202 1526 3342 1590 vivit,
3373 1535 3420 1580 et
3448 1525 3610 1579 credit
3657 1526 3714 1578 in
3742 1542 3842 1589 mc,

2254 1635 2360 1674 non
2385 1621 2637 1675 morietur
2678 1622 2734 1675 in
2779 1620 3076 1690 atcrnum(
3108 1619 3274 1674 Joan.
3304 1634 3382 1684 χι,
3411 1619 3482 1672 26
3511 1618 3552 1689 ).
3584 1617 3846 1687 Quisquis

2254 1726 2382 1782 ergo
2397 1712 2576 1782 justus
2597 1728 2662 1768 ex
2701 1711 2806 1768 ﬁde
2822 1711 3177 1782 justiﬁcatur,
3205 1711 3332 1768 licet
3381 1710 3532 1780 prius
3587 1719 3844 1780 peccator

563 1820 667 1860 ma:
691 1821 838 1862 mete.
875 1805 1017 1860 Cave
1055 1821 1186 1876 ergo
1217 1820 1288 1860 ne
1324 1805 1401 1862 sis
1441 1804 1827 1861 subtractionis
1859 1804 2018 1868 ﬁlius,
2049 1805 2145 1861 sed
2174 1793 2224 1855 Β
2250 1813 2516 1871 mortuus,
2546 1806 2636 1876 qui
2668 1806 2843 1861 credit
2877 1807 2929 1861 in
2952 1820 3100 1869 cuiu,
3155 1805 3247 1874 qui
3296 1799 3562 1872 justiﬁeat
3615 1803 3838 1872 impios,

565 1896 937 1967 acquisitiouis
963 1913 978 1962 ;
1022 1906 1236 1965 emptus
1269 1896 1414 1952 enim
1449 1905 1504 1952 et
1534 1896 1828 1966 acquisitus
1855 1912 1915 1953 es
1944 1895 2146 1952 Christi

563 1987 826 2059 sanguine
850 2006 864 2041 :
892 1987 1011 2042 vive
1035 1987 1306 2043 interdum
1325 1988 1504 2059 justus
1533 2003 1602 2043 ex
1644 1987 1766 2053 ﬁde,
1797 1988 2040 2057 nihilque
2077 1987 2146 2043 de

562 2088 618 2135 te
655 2095 984 2151 praesumas;
1031 2081 1128 2136 sed
1168 2079 1304 2136 ﬁdes
1336 2079 1559 2144 Christi,
1587 2080 1761 2149 gratia
1793 2087 2142 2148 cooperante,

559 2173 718 2229 bonis
753 2173 1021 2243 justisque
1060 2172 1315 2244 operibus
1353 2173 1626 2227 animetur
1661 2189 1674 2225 :
1706 2187 1893 2226 verum
1945 2171 2090 2241 quod
2118 2169 2139 2209 ί

561 2265 618 2320 in
647 2265 793 2321 nullo
823 2266 1016 2332 deerit,
1039 2266 1300 2336 quidquid
1337 2266 1660 2337 promissum
1692 2274 1794 2331 est,
1820 2265 1865 2320 si
1886 2263 2023 2319 velle
2048 2278 2146 2335 per

555 2359 818 2428 gratiam,
867 2373 1086 2414 currere
1135 2374 1231 2428 per
1284 2358 1444 2414 ﬁdem
1490 2374 1559 2414 ne
1607 2357 1855 2413 desieris.
1887 2356 2036 2421 Haec,
2063 2355 2145 2410 in-

557 2466 742 2524 quam,
787 2461 870 2508 est
909 2467 1036 2508 vera
1087 2453 1298 2523 justitia
1341 2453 1486 2517 ﬁdei,
1529 2452 1594 2507 de
1625 2452 1836 2507 meritis
1864 2467 1970 2507 non
2005 2465 2143 2522 pne-

554 2561 802 2614 sumere,
848 2547 1157 2617 Christique
1204 2546 1435 2617 gratiam
1482 2560 1590 2600 non
1642 2545 1940 2615 negligere,
1980 2543 2142 2612 eique

551 2640 716 2708 bona,
746 2657 866 2712 quae
887 2641 1022 2712 agis,
1053 2640 1348 2704 ascribere,
1379 2654 1500 2708 qua:
1526 2653 1776 2708 usquam,
1808 2646 1863 2692 et
1901 2651 2140 2707 unquam

552 2737 685 2793 nulli
710 2736 902 2802 defuit,
929 2736 1016 2792 cui
1057 2735 1208 2802 ﬁdes,
1243 2750 1362 2804 quae
1408 2748 1508 2803 per
1548 2733 1893 2788 dilectionem
1932 2739 2038 2791 est,
2063 2729 2141 2784 aio

554 2829 682 2897 fuit,
709 2845 776 2886 ex
803 2845 908 2900 qua
933 2828 1115 2898 justus
1139 2842 1206 2882 ex
1234 2826 1337 2882 ﬁde
1362 2827 1514 2881 vivit.
1542 2825 1697 2881 Unde
1731 2835 1902 2880 totum
1930 2824 2002 2878 sit
2037 2823 2140 2876 mi-

557 2923 790 2980 serentis
836 2921 949 2984 Dei,
985 2921 1129 2990 quod
1177 2919 1475 2988 accipimus
1517 2918 1676 2980 velle,
1709 2927 1763 2973 et
1800 2931 2040 2980 currere,
2084 2922 2142 2968 ut

550 3013 682 3088 justi
710 3029 777 3068 ex
803 3013 913 3068 Deo
938 3013 1202 3066 vivamus.
1242 3010 1318 3064 De
1345 3011 1626 3080 promissis
1656 3018 1835 3064 autem
1877 3008 1973 3063 Dei
2009 3005 2143 3061 nihil

554 3105 871 3162 haesitantes
917 3101 1239 3168 difﬁdentia;
1273 3101 1368 3156 sed
1396 3099 1688 3156 eoufortati
1726 3099 1829 3154 ﬁde
1873 3099 1927 3152 iu
1968 3096 2143 3150 omni-

555 3200 689 3264 bus,
745 3203 1058 3253 constanter
1109 3194 1226 3251 Deo
1275 3193 1502 3265 gloriam
1557 3193 1778 3259 demus,
1830 3189 2142 3261 plenissime

554 3291 807 3357 scientes,
851 3302 1187 3359 quaecunque
1227 3285 1495 3358 promisit,
1535 3284 1678 3355 quod
1712 3290 1908 3354 potens
1946 3289 2050 3347 est,
2088 3289 2142 3335 et

554 3383 755 3438 facere.
778 3379 1000 3438 Necnon
1031 3389 1086 3435 et
1112 3378 1234 3434 ﬁdei
1281 3379 1448 3443 bona,
1473 3392 1594 3447 quae
1635 3375 1869 3448 agimus,
1899 3381 2010 3428 tam
2044 3386 2142 3426 vo-

553 3478 713 3534 lendo
752 3493 914 3548 quam
944 3484 999 3530 et
1025 3473 1294 3530 currendo
1327 3473 1670 3535 conﬁtemur,
1703 3470 1850 3540 quod
1879 3468 1996 3523 sine
2026 3467 2142 3536 ipso

555 3569 687 3625 nihil
713 3582 1018 3640 possumus,
1046 3582 1143 3636 per
1185 3580 1346 3634 quem
1382 3563 1563 3619 omnia
1592 3577 1650 3618 se
1671 3575 1833 3634 posse
1871 3558 2142 3614 conforta-

554 3669 643 3717 tus
684 3658 972 3731 Apostolus
1015 3657 1277 3729 gloriatur
1307 3675 1318 3710 :
1349 3666 1409 3712 ut
1435 3665 1490 3712 et
1530 3671 1648 3721 nos,
1681 3670 1787 3711 non
1825 3668 1892 3709 ex
1940 3651 2096 3708 nobis
2125 3667 2138 3702 :

555 3757 648 3813 sed
676 3757 814 3827 apud
842 3756 1009 3810 Deum
1034 3751 1259 3824 gloriam
1291 3752 1605 3807 habeamus.

625 3849 679 3905 5.
721 3846 816 3902 liis
861 3847 1061 3917 quippe
1112 3843 1322 3899 duobus
1367 3839 1751 3911 justiﬁeamur,
1797 3841 2024 3898 volendo
2074 3857 2140 3897 ex

555 3942 752 4012 gratia,
782 3937 1052 3995 currendo
1079 3952 1177 4008 per
1206 3936 1366 3991 ﬁdem
1395 3954 1408 3990 :
1440 3935 1722 4006 quoniam,
1753 3935 1853 3991 etsi
1882 3935 1987 3989 alia
2017 3942 2144 3990 sunt

555 4048 678 4103 quae
701 4030 970 4096 volumus,
997 4027 1125 4084 licet
1165 4028 1394 4083 necdum
1443 4041 1758 4097 possumus;
1794 4026 1895 4080 alia
1945 4025 2142 4096 quibus

557 4121 764 4196 agendo
786 4121 899 4189 jam
930 4134 1027 4190 per
1057 4119 1286 4190 gratiam
1315 4117 1418 4172 ﬁde
1446 4118 1716 4172 currimus
1747 4135 1759 4171 :
1794 4125 2025 4187 utraque
2071 4125 2144 4170 ta-

556 4230 682 4271 men
726 4213 864 4266 dona
899 4217 1025 4265 sunt
1055 4208 1292 4278 Spiritus
1327 4207 1518 4263 sancti.
1553 4208 1611 4262 ln
1655 4207 1850 4279 quibus
1898 4209 2142 4279 profecto

553 4322 742 4380 pacem
787 4303 1048 4360 habentes
1092 4303 1159 4358 ad
1205 4302 1402 4368 Deum,
1451 4302 1784 4358 reconciliati
1830 4303 1934 4357 ﬁde
1972 4303 2142 4373 gratis

548 4400 929 4473 justiﬁeamur.
962 4395 1044 4451 Ad
1071 4396 1174 4451 hoc
1195 4395 1391 4466 quippe
1413 4396 1681 4466 proposuit
1712 4394 1852 4449 Deus
1881 4396 2138 4466 prapitia-

554 4496 747 4550 tionem
771 4509 862 4566 per
889 4491 1047 4562 ﬁdem
1077 4491 1133 4545 in
1173 4489 1428 4562 sanguine
1454 4487 1652 4544 Christi
1685 4489 1754 4544 ad
1794 4490 2137 4545 ostensionem

545 4587 774 4658 justitia:
815 4601 926 4639 sua:
971 4582 1149 4656 (Rom.
1198 4598 1277 4647 ιιι,
1308 4582 1434 4653 25);
1484 4590 1544 4637 ut
1593 4582 1663 4638 sit
1705 4581 1821 4653 ipse
1854 4580 2056 4651 justus,
2085 4591 2141 4638 et

549 4677 854 4751 justiﬁcans
903 4692 1059 4742 eum,
1096 4675 1187 4746 qui
1241 4689 1304 4727 ex
1349 4673 1452 4729 ﬁde
1503 4685 1587 4730 est
1631 4672 1758 4729 Jesu
1801 4673 2023 4729 Christi.
2058 4673 2140 4726 Ad

555 4771 920 4834 ostensionem,
967 4767 1158 4837 inquit,
1199 4765 1425 4836 justitia:
1477 4781 1612 4830 sate,
1656 4773 1712 4820 et
1758 4780 1865 4820 non
1918 4772 2137 4819 nostra.

553 4861 710 4920 Unde
754 4861 923 4931 ipsius
972 4867 1144 4913 totum
1188 4865 1292 4922 est,
1325 4857 1469 4926 quod
1516 4855 1807 4921 credimus,
1848 4855 1992 4925 quod
2038 4854 2142 4909 ﬁde

554 4953 800 5008 viventes
826 4949 1190 5021 justiﬁcamur
1232 4965 1243 5000 :
1284 4946 1532 5016 equidem
1582 4945 1890 5000 miserentis
1936 4944 2050 5007 Dei,
2090 4951 2146 4999 et

554 5063 664 5104 non
713 5044 1007 5110 currentis,
1061 5057 1128 5097 ne
1189 5041 1346 5096 nobis
1395 5038 1597 5110 aliquid
1650 5039 1776 5092 dum
1831 5037 2144 5105 tribuimus,

555 5138 924 5211 prolabamur.
986 5135 1231 5192 Christus
1281 5136 1466 5200 enim,
1525 5143 1586 5190 ut
1658 5135 1771 5204 ipse
1828 5135 1904 5188 ait
1961 5153 1975 5189 :
2042 5132 2145 5188 Via

553 5243 667 5299 est,
734 5240 783 5286 et
847 5230 1074 5294 veritas,
1141 5242 1186 5283 et
1251 5230 1354 5283 vita
1403 5226 1599 5298 (Joan.
1656 5243 1778 5294 xw,
1842 5227 1935 5298 6).
1999 5225 2141 5292 Via,

550 5346 654 5405 per
681 5347 845 5405 quam
874 5331 978 5387 ﬁde
1004 5346 1284 5387 curramus
1311 5346 1326 5396 ;
1359 5330 1412 5384 in
1437 5344 1541 5401 qua
1559 5327 1650 5399 qui
1680 5328 1870 5396 currit,
1903 5326 2065 5385 debet
2085 5336 2141 5384 et

633 5526 664 5588 ξ
696 5515 865 5588 Edit.,
895 5515 1124 5588 quidem.

626 5585 661 5628 δ
694 5585 1012 5642 Μίηὶεινὶιυὶι
1038 5585 1230 5641 melius
1257 5588 1581 5643 monstravit.

628 5667 654 5698 ε
695 5657 866 5724 Edit.,
898 5659 1129 5714 interim.

623 5725 657 5769 δ
691 5727 860 5795 Edit.,
891 5729 1034 5783 vivit.

631 5805 660 5841 ⁸
691 5797 858 5866 Edit.,
888 5800 996 5869 qni.

2249 1897 2493 1967 profecto
2516 1897 2649 1952 vivit
2672 1912 2686 1951 :
2710 1905 2766 1952 et
2791 1897 2968 1953 omnis
2988 1897 3080 1966 qui
3102 1896 3256 1961 vivit,
3279 1905 3335 1950 et
3357 1896 3530 1952 credit
3553 1894 3608 1949 in
3629 1911 3698 1950 ea
3724 1910 3842 1965 quin

2251 2002 2357 2042 non
2385 1988 2656 2054 videntur,
2687 1987 2946 2058 quoniam
2988 1997 3191 2044 teterna
3241 1997 3388 2054 sunt,
3432 1987 3621 2059 procul
3681 1987 3844 2044 dubio

2249 2087 2451 2135 aeterna
2493 2082 2627 2148 vita,
2667 2083 2961 2140 secundum
2990 2083 3301 2139 interiorem
3344 2083 3621 2140 hominem
3654 2081 3793 2136 vivit
3825 2099 3844 2136 ι

2249 2170 2488 2242 alioquin
2513 2174 2784 2243 quomodo
2812 2184 2959 2231 recte
2984 2175 3175 2236 credit,
3207 2176 3253 2230 si
3283 2190 3390 2231 non
3436 2175 3742 2230 secundum
3778 2187 3843 2230 ea

2247 2280 2368 2335 quae
2412 2275 2540 2321 sunt
2568 2276 2795 2334 aeterna,
2812 2266 2992 2336 justus
3012 2283 3079 2323 ex
3108 2269 3212 2325 ﬁde
3232 2269 3402 2324 vivit?
3429 2269 3580 2323 Unde
3601 2276 3838 2332 constat,

2247 2373 2355 2412 non
2380 2359 2454 2424 ei,
2481 2359 2572 2428 qui
2596 2375 2664 2415 ex
2689 2369 2843 2430 parte
2866 2377 2882 2427 ;
2905 2363 3001 2417 sed
3025 2361 3117 2432 qui
3144 2377 3212 2416 ex
3239 2369 3350 2417 toto
3374 2359 3620 2431 profecto
3641 2360 3839 2424 credit,

2248 2449 2408 2504 ﬁdem
2436 2451 2502 2504 ad
2524 2451 2787 2521 justitiam
2819 2452 3226 2523 reputari.Quae
3247 2453 3383 2508 ﬁdes
3403 2453 3670 2510 nimirum
3691 2461 3840 2508 tanta

2245 2551 2301 2598 et
2329 2544 2454 2599 talis
2499 2558 2619 2600 esse
2672 2545 2858 2610 debet,
2889 2555 2949 2600 ut
2986 2544 3246 2614 justiﬁeet
3299 2546 3550 2617 impium,
3601 2561 3671 2602 ne
3702 2546 3839 2606 ultra

2237 2633 2352 2703 jam
2385 2635 2454 2688 sit
2502 2636 2714 2704 impius.
2751 2635 2906 2702 Quod
2935 2635 3066 2691 satis
3097 2636 3163 2690 de
3192 2637 3406 2693 latrone
3444 2637 3648 2692 factum
3685 2652 3837 2694 men-

2245 2733 2469 2789 stratur,
2495 2742 2655 2795 quem
2702 2726 2770 2780 de
2796 2742 2957 2782 cruce
2981 2743 3105 2784 mox
3145 2728 3352 2798 justum
3383 2731 3692 2786 transvexit
3722 2732 3748 2770 ιι
3782 2730 3836 2786 iu

2243 2816 2574 2887 paradisum.
2623 2816 2728 2872 Sed
2755 2827 2810 2872 et
2834 2819 3105 2876 Abraham
3134 2839 3147 2875 :
3180 2822 3306 2892 quia
3353 2823 3597 2889 credidit,
3626 2833 3835 2894 reputa-

2247 2919 2358 2963 tum
2379 2920 2454 2964 est
2491 2912 2538 2965 ei
2568 2911 2636 2964 ad
2653 2911 2914 2982 justitiam
2947 2913 3144 2984 (Rom.
3190 2932 3263 2981 tv,
3287 2915 3321 2969 5
3342 2914 3386 2985 ),
3418 2916 3682 2986 proiecto,
3710 2918 3833 2986 quia

2247 3017 2314 3057 ex
2345 3012 2462 3059 toto
2515 3005 2762 3060 credidit.
2811 3005 2948 3060 Nam
2981 3015 3040 3061 et
3073 3015 3232 3062 antea
3260 3007 3392 3062 ﬁdes
3425 3009 3544 3079 ejus
3573 3009 3626 3064 in
3652 3009 3833 3066 multis

2248 3096 2470 3167 agenda
2506 3097 2522 3135 ί
2559 3096 2685 3150 vita)
2707 3098 2936 3167 negotiis
2965 3106 3334 3168 praecesserat,
3350 3113 3470 3168 quae
3493 3101 3560 3154 ad
3588 3099 3834 3156 ultimum

2170 3164 2217 3231 ε
2248 3164 2364 3244 suis
2407 3164 2801 3260 adintegraturv
2821 3164 3087 3258 partibus,
3145 3200 3201 3246 et
3254 3164 3506 3248 universa
3540 3191 3831 3262 colligitur,

2247 3298 2351 3352 qua
2379 3281 2552 3338 Deum
2586 3298 2654 3338 ex
2687 3290 2801 3339 toto
2825 3285 3072 3349 credidit,
3103 3295 3158 3341 et
3198 3294 3473 3356 reputatur
3499 3285 3548 3340 ei
3574 3286 3642 3338 ad
3663 3283 3836 3352 justi-

2247 3376 2398 3432 tiam.
2422 3374 2774 3446 Nequaquam
2819 3379 2983 3447 igitur
3007 3377 3074 3436 de
3103 3379 3228 3439 ﬁliis
3253 3375 3257 3378 ’
3278 3379 3446 3436 lsrael
3490 3379 3566 3434 ita
3607 3378 3837 3450 legitur,

2247 3471 2498 3540 quamvis
2521 3470 2877 3534 crediderint.
2903 3473 3045 3530 sicut
3073 3474 3336 3544 scriptum
3366 3483 3472 3540 est,
3500 3474 3628 3545 quia
3654 3475 3837 3530 credi-

2249 3561 2445 3617 derunt
2480 3563 2611 3628 Deo,
2634 3570 2690 3618 et
2728 3563 2900 3637 Moysi
2925 3579 3084 3620 servo
3128 3563 3267 3634 ejus,
3293 3567 3442 3636 quod
3477 3566 3548 3621 ad
3566 3563 3838 3634 justitiam

2247 3655 2330 3710 eis
2357 3655 2428 3710 sit
2455 3663 2786 3724 reputatum.
2819 3655 2887 3710 Et
2911 3656 3032 3712 ideo
3060 3657 3115 3712 in
3142 3657 3418 3716 Abraham
3447 3657 3582 3714 ﬁdes
3615 3673 3686 3714 ex
3705 3657 3839 3714 mul-

2247 3749 2322 3805 tis
2345 3748 2584 3820 perfecta
2618 3749 2864 3819 partibus
2891 3749 3183 3820 colligitur,
3211 3765 3336 3820 quae
3350 3751 3420 3807 ad
3433 3750 3710 3822 justitiam
3730 3753 3841 3808 sin-

2249 3841 2410 3912 gulis,
2445 3847 2500 3895 ut
2525 3839 2637 3895 siut
2659 3839 2754 3895 filii
2779 3839 3030 3908 Abrahae,
3067 3840 3262 3898 debeat
3288 3843 3550 3914 reputari.
3579 3843 3724 3914 Erga
3762 3852 3839 3900 ta-

2249 3931 2338 3998 lis,
2377 3948 2439 3988 ac
2465 3941 2615 3987 tanta
2645 3933 2780 3988 ﬁdes
2805 3934 3098 3989 secundum
3121 3933 3326 3991 Christi
3375 3935 3610 4006 gratiam
3654 3945 3758 4000 est,
3787 3943 3842 3991 ut

2247 4026 2538 4098 promissio
2566 4043 2636 4082 ex
2663 4027 2770 4083 ﬁde
2814 4027 2972 4082 ﬁrma
3024 4029 3096 4084 sit
3140 4029 3512 4095 credentibus,
3553 4037 3610 4085 et
3638 4045 3748 4085 non
3773 4044 3840 4085 ex

2250 4118 2486 4174 eﬁicacia
2519 4119 2739 4174 mentis.
2764 4119 2895 4188 Quae
2917 4128 3098 4176 autem
3119 4136 3188 4177 ex
3209 4121 3384 4192 gratia
3410 4129 3518 4186 est,
3542 4136 3672 4178 vere
3683 4122 3843 4192 justi-

2249 4213 2377 4270 ﬁcat
2404 4213 2700 4279 hominem,
2738 4222 2801 4268 ut
2835 4215 2904 4269 sit
2927 4213 3109 4284 justus
3135 4223 3190 4270 et
3215 4214 3415 4272 habeat
3441 4214 3686 4285 gloriam
3699 4214 3840 4286 apud

2249 4305 2440 4370 Deum,
2465 4305 2618 4376 cujus
2643 4307 2814 4376 gratia
2840 4305 3158 4372 illustratur,
3188 4321 3257 4362 ne
3299 4321 3422 4362 cum
3445 4307 3562 4378 ejus
3591 4306 3701 4364 ﬁde
3737 4306 3844 4359 ulla

2248 4398 2512 4469 injustitia
2543 4411 2745 4470 regnet.
2775 4401 3029 4470 Alioquin
3074 4417 3190 4470 qua:
3211 4403 3431 4455 societas
3460 4399 3567 4454 luci
3591 4401 3664 4454 ad
3703 4412 3844 4454 tene-

2249 4492 2395 4559 bras,
2415 4491 2496 4546 vel
2525 4511 2640 4563 (μίαν
2663 4493 2994 4562 ρανιὶεἱραιὶο
3017 4491 3241 4563 justitia:
3281 4511 3397 4548 cum
3425 4493 3745 4565 iniquitate(
3777 4490 3842 4546 ΙΙ

2245 4587 2365 4644 Cor.
2392 4603 2466 4655 vi,
2497 4588 2624 4658 li)?
2653 4588 2707 4641 Si
2735 4587 2880 4642 enim
2905 4598 3052 4644 recte
3075 4588 3252 4644 credis
3273 4588 3326 4642 in
3365 4587 3605 4653 Christo,
3633 4603 3702 4643 ex
3731 4586 3845 4642 Deo

2245 4688 2405 4735 natus
2437 4695 2560 4736 esse
2583 4679 2856 4749 probaris,
2885 4688 2940 4738 ει
2972 4681 3062 4752 qui
3096 4696 3162 4735 ea:
3186 4679 3297 4734 Dea
3350 4688 3506 4734 natus
3554 4688 3653 4743 est,
3705 4680 3847 4735 sicut

2246 4769 2482 4827 Joannes
2507 4778 2758 4837 testatur,
2785 4786 2890 4825 non
2919 4779 3096 4842 peccat
3133 4769 3204 4838 (Ι
3239 4769 3400 4824 Joan.
3431 4784 3482 4835 v,
3517 4768 3650 4838 18);
3699 4768 3844 4839 quod

2250 4865 2296 4919 si
2320 4866 2644 4936 peccaverit,
2679 4863 3030 4919 manifestum
3066 4872 3150 4919 est
3179 4863 3303 4934 quia
3327 4862 3566 4933 perfecte
3596 4878 3705 4918 non
3725 4877 3846 4919 creo

2251 4960 2349 5014 dit.
2371 4958 2635 5015 Indicium
2661 4973 2794 5030 ergo
2816 4973 2959 5013 verae
2981 4955 3107 5013 ﬁdei
3125 4967 3230 5021 est,
3255 4957 3301 5012 si
3333 4972 3440 5012 non
3469 4956 3842 5028 delinquatur;

2258 5053 2528 5108 certitudo
2550 5067 2702 5118 vero,
2727 5052 2773 5107 si
2803 5065 2939 5122 opus
2969 5050 3089 5105 ﬁdei
3113 5061 3368 5106 exerceat
3389 5051 3456 5103 ad
3475 5049 3847 5124 justitiutpmt

2258 5155 2465 5200 tantum
2499 5146 2725 5218 gloriam
2749 5143 2950 5200 habeat
2969 5142 3111 5214 apud
3149 5141 3338 5197 Deum.
3392 5141 3616 5196 initium
3653 5141 3843 5212 quippe

2248 5237 2656 5308 justiﬁcationis
2684 5235 2828 5308 apud
2855 5234 3026 5290 Deum
3075 5231 3209 5289 ﬁdes
3234 5241 3336 5299 est,
3385 5248 3508 5302 quae
3563 5233 3750 5288 credit
3789 5231 3840 5286 in

2247 5329 2692 5400 justiﬁeatiouem
2725 5348 2738 5384 :
2769 5337 2828 5386 et
2852 5327 2972 5385 haec
2991 5325 3150 5395 ﬁdes,
3181 5340 3304 5383 cum
3328 5324 3638 5398 justiﬁcata
3654 5324 3839 5394 interit.

2328 5523 2353 5597 Ξ
2391 5522 2537 5597 ﬁdit.
2550 5565 2564 5591 ,
2594 5522 2822 5597 quidem.

2325 5595 2354 5635 ⁸
2391 5595 2560 5662 Edit.,
2587 5595 2726 5650 uitat.

2319 5665 2352 5706 ι
2388 5665 2532 5722 Edit.
2544 5706 2559 5732 ,
2592 5665 2894 5724 transvehit.

2327 5735 2344 5778 ί
2388 5734 2530 5793 Edit.
2543 5775 2558 5805 ,
2589 5733 2798 5809 agendi.
