4148 6344
332 330 461 403 1421

330 458 589 518 tanquam
617 443 777 501 radix
817 443 973 500 home
1021 445 1234 501 arboris
1260 446 1433 502 imbre
1462 453 1714 518 suscepto
1742 445 1913 501 haeret
1939 450 1992 517 Α

327 537 383 609 in
406 537 604 593 animae
627 534 765 603 solo,
801 540 861 590 ut
881 550 949 591 ex
984 533 1230 592 doctrina
1276 534 1476 593 Christi
1506 544 1731 609 surgant
1759 536 1815 593 in
1843 552 1906 593 ea

329 630 490 699 rami,
517 630 611 703 qui
662 627 873 686 fructus
900 642 1122 701 cperunt
1152 616 1348 686 ferant.
1377 628 1494 689 Non
1520 630 1665 693 enim
1688 645 1755 687 ex
1778 646 1909 702 ope-

329 722 479 779 ribus
516 719 669 795 prius
703 718 858 778 radix
903 720 1149 793 justitiae,
1180 720 1275 779 sed
1327 737 1393 779 ex
1440 710 1622 779 radice
1663 723 1909 796 iustitiae,

326 814 431 873 ﬁde
464 815 692 883 scilicet,
744 806 950 871 fructus
996 821 1219 888 operum
1268 823 1539 872 crescunt.
1567 814 1695 872 Haec
1752 832 1910 873 nam-

327 924 433 983 que
466 918 547 966 est
583 909 738 964 radix
761 906 1005 981 justitize,
1035 924 1196 981 quam
1238 906 1383 967 Deus
1420 917 1642 981 accepto
1665 895 1769 964 fert
1797 910 1914 966 sine

325 990 599 1072 operibus,
635 1007 865 1067 tantum,
896 1000 958 1054 ut
1001 990 1057 1067 in
1100 1000 1287 1057 eadem
1322 998 1534 1071 justitia
1563 1004 1912 1075 permanens,

325 1088 534 1147 fructus
594 1078 762 1148 faciat
805 1082 1053 1162 justitiae.
1117 1092 1246 1163 Quae
1297 1093 1553 1149 nimirum
1601 1086 1735 1149 fides
1805 1098 1914 1149 non

325 1180 717 1258 qualiscunque
755 1194 870 1252 est;
900 1173 999 1243 sed
1027 1183 1149 1255 talis
1180 1184 1420 1252 omnino,
1473 1188 1593 1258 quae
1642 1201 1741 1259 per
1785 1184 1914 1241 dile-

325 1275 558 1332 ctionem
580 1282 837 1347 operatur
867 1274 1053 1331 :verbi
1083 1274 1743 1349 gratia,misericordiam,
1761 1270 1914 1331 beni-

322 1369 605 1442 gnitatem,
636 1358 1134 1435 mansuetudinem,
1157 1369 1498 1435 modestiam,
1529 1358 1912 1436 humilitatem,

322 1454 812 1535 longanimitatem,
861 1460 1214 1533 patientiam,
1272 1466 1603 1533 emterasque
1654 1460 1913 1515 virtutum

323 1568 478 1625 opes,
508 1564 740 1624 quarum
770 1551 1017 1624 profecto
1046 1550 1255 1609 fructus
1278 1544 1441 1608 simul
1464 1567 1586 1607 cum
1618 1567 1714 1609 sua
1735 1550 1918 1607 radice

326 1654 613 1718 reputatur
642 1644 710 1703 ad
724 1643 998 1716 justitiam
1024 1645 1173 1704 omni
1221 1645 1487 1701 credenti.
1522 1634 1590 1700 Et
1636 1640 1764 1701 hinc
1810 1651 1914 1719 est,

324 1741 470 1813 quod
500 1740 568 1803 de
594 1739 869 1801 Abraham
899 1736 1102 1799 dicitur
1133 1759 1146 1795 :
1181 1728 1322 1809 Quia
1343 1730 1565 1795 credidit
1599 1738 1729 1807 Dea,
1754 1748 1804 1795 et
1831 1757 1915 1794 re-

1261 326 1345 391 or.
1384 329 1561 400 FIDE,
1605 330 1733 389 SPE
1770 330 1859 389 ET
1900 286 2319 393 cusanus.
2359 363 2428 395 -έ
2462 332 2590 408 LlB.
2626 331 2669 387 ι.

3470 332 3610 391 1422

2620 448 2846 507 CAPUT
2885 448 3001 507 XII.

2014 542 2155 611 Quid
2178 544 2245 600 sit
2266 546 2558 612 armatura,
2582 542 2660 599 uel
2679 545 3026 672 instrit‘t’nenta
3047 543 3194 615 ﬁdei,
3228 545 3414 616 quibus
3459 552 3610 605 tanta

2713 630 2808 689 pos
2883 654 2898 672 .

2087 728 2140 784 1.
2180 729 2491 793 Armatnra,
2540 727 2627 785 vel
2667 729 3026 786 instrumenta
3062 718 3185 788 ﬁdei
3219 734 3347 801 sunt
3370 733 3602 796 virtutes
3666 712 3673 719 ’

2016 820 2238 896 agendae
2266 822 2410 889 vitae,
2442 821 2639 893 quibus
2672 808 2806 877 ﬁdes
2835 834 2933 893 per
2959 823 3221 896 Spiritum
3254 828 3501 885 Sanctum
3530 827 3610 885 vi-
3668 809 3712 858 θ’

2014 912 2285 981 vilicatur,
2317 916 2372 969 et
2400 912 2783 969 corroboratur
2824 913 2879 968 in
2930 915 3246 974 interiorem
3299 914 3606 989 hominem,

2016 1012 2077 1059 ut
2105 1014 2293 1061 contra
2319 1006 2499 1061 omnia
2529 1006 2720 1076 possit.
2739 1004 2866 1062 Haec
2891 1021 3128 1078 namque
3145 1010 3310 1086 turris
3332 1009 3422 1065 illa
3444 1008 3608 1069 estex

2015 1100 2307 1174 Evangelio
2337 1102 2489 1175 (Luc.
2520 1117 2632 1169 xw,
2663 1101 2755 1173 28)
2775 1143 2789 1170 ,
2820 1118 2941 1175 quae
2989 1106 3326 1160 construitur
3350 1106 3606 1164 virtutum

2016 1194 2337 1267 sumptibus,
2367 1196 2420 1250 in
2450 1212 2555 1267 qua
2587 1195 2733 1251 mille
2758 1194 2931 1267 clypei
2964 1192 3287 1270 dependent,
3334 1202 3389 1255 et
3425 1201 3605 1259 omnis

2017 1297 2292 1345 armatura
2322 1286 2560 1343 fortium.
2592 1288 2764 1356 Quam
2781 1289 2824 1344 si
2853 1290 2976 1360 quis
3004 1290 3120 1346 sine
3148 1286 3233 1347 his
3254 1290 3462 1364 erigere
3485 1309 3607 1349 eam

2017 1379 2266 1446 voluerit,
2292 1379 2592 1453 prolabitur
2618 1395 2631 1434 :
2664 1380 2734 1436 ita
2759 1393 2819 1437 ut
2840 1398 3029 1441 omnes
3074 1384 3166 1456 qui
3195 1370 3432 1459 viderint
3456 1402 3604 1454 eum,

2018 1462 2279 1544 incipiant
2325 1472 2571 1541 illudere,
2617 1475 2760 1545 quod
2795 1460 2883 1545 bip
2917 1476 3083 1547 cmpit
3110 1478 3301 1535 turrini
3336 1479 3608 1538 aediﬁcare

2018 1565 2162 1632 ﬁdei,
2195 1582 2296 1623 nec
2328 1569 2566 1638 potuerit
2609 1578 3006 1635 consummare.
3070 1566 3257 1643 Itaque
3289 1573 3407 1643 sine
3435 1574 3607 1632 virtu-

2017 1665 2132 1713 tum
2160 1659 2462 1731 sumptibus
2507 1676 2666 1717 nemo
2712 1648 2874 1731 ﬁdem
2918 1663 3171 1733 aediﬁcat,
3202 1675 3260 1725 ut
3301 1656 3370 1724 ad
3404 1667 3605 1727 coelum

2019 1768 2192 1824 usque
2217 1751 2511 1825 pertingat,
2537 1761 2591 1808 et
2618 1758 2809 1810 centra
2832 1756 3013 1813 omnia
3042 1758 3236 1828 possit.
3285 1744 3451 1832 Cujus
3481 1758 3605 1817 fun—

320 1844 561 1908 Ρίιίαῑτυπ
608 1843 683 1890 ⁸³⁸
705 1825 754 1893 εί
779 1824 849 1889 ad
868 1834 1136 1906 ,ἱυδῑίιίαηι
1163 1849 1183 1889 -'
1212 1842 1582 1889 verumtamen
1616 1833 1912 1891 secundum
1940 1847 1991 1911 Β
2018 1847 2350 1914 damentum,
2382 1853 2443 1903 ut
2463 1847 2619 1904 ﬁrma
2645 1849 2734 1915 sit,
2764 1848 3011 1907 Christus
3032 1824 3198 1911 robur
3224 1824 3467 1910 omnium
3489 1853 3603 1910 vir-

318 1927 572 2000 gratiam,
597 1933 652 1987 et
672 1941 780 1987 non
801 1924 1095 1983 secundum
1126 1924 1399 1991 debitum;
1427 1923 1573 1995 quia,
1592 1921 1747 1993 juxta
1768 1938 1920 1979 eum-

318 2023 443 2081 dem
469 2019 811 2094 Apostolum,
867 2020 1039 2092 gratia
1088 2027 1262 2073 autent
1308 2006 1430 2083 Dei,
1458 2016 1564 2071 vita
1600 2014 1797 2071 (eterna
1843 2023 1919 2071 est

320 2112 495 2188 (Rom.
520 2129 596 2181 vr,
626 2102 740 2185 23).
769 2112 900 2169 Inde
928 2112 973 2168 si
999 2112 1121 2183 quis
1135 2108 1292 2167 ﬁdem
1321 2123 1379 2165 se
1403 2116 1559 2181 putat
1582 2104 1787 2164 habere
1803 2106 1920 2167 sine

315 2204 489 2278 gratia
529 2205 749 2276 cogitet,
792 2203 922 2276 quia
962 2202 1192 2259 necdum
1238 2200 1462 2272 adeptus
1504 2208 1588 2254 est
1617 2199 1811 2265 vitam,
1859 2205 1921 2256 ut

308 2294 491 2369 justus
520 2314 587 2354 ex
612 2296 717 2354 ﬁde
738 2297 887 2357 vivat
932 2311 1189 2367 prorsus;
1221 2293 1348 2366 quia
1379 2293 1431 2347 in
1461 2291 1634 2365 gratia
1658 2290 1782 2347 ﬁdei
1807 2291 1919 2346 vita

313 2395 576 2464 probatur
617 2400 839 2451 aeterna.
901 2380 1040 2447 ilinc
1094 2404 1310 2463 quoque
1363 2378 1655 2459 Apostolus
1688 2404 1702 2440 :
1735 2382 1919 2441 Silia-

315 2484 498 2551 (mero,
526 2483 720 2554 inquit,
751 2499 955 2538 omnem
990 2481 1171 2552 ﬁdem,
1220 2482 1296 2541 ita
1342 2490 1399 2555 ut
1444 2489 1643 2535 montes
1691 2478 1917 2550 transfe-

314 2593 455 2644 ram,
501 2577 809 2633 charitatem
859 2586 1029 2633 autem
1058 2592 1161 2631 non
1184 2575 1437 2643 habuero,
1476 2572 1605 2630 nihil
1636 2574 1763 2629 mihi
1793 2591 1916 2645 pro-

312 2667 430 2723 dest
461 2666 511 2740 (1
545 2666 669 2723 Cor.
698 2684 816 2735 xm,
848 2666 927 2739 2).
958 2666 1088 2734 Quae
1122 2666 1383 2735 nimirum
1422 2656 1579 2733 ﬁdes,
1632 2660 1761 2722 licet
1797 2680 1915 2722 om-

312 2762 405 2820 nia
431 2764 635 2831 credat,
666 2770 869 2830 tamen,
893 2761 1017 2833 quia
1045 2775 1144 2833 per
1184 2748 1418 2831 gratiam
1447 2759 1649 2815 donum
1675 2758 1915 2815 charita-

310 2854 387 2911 tis
440 2855 663 2911 minime
710 2853 969 2925 percepit,
1024 2852 1229 2911 idcirco
1276 2867 1373 2927 per
1408 2847 1752 2909 dilectionem
1802 2865 1910 2907 non

315 2954 597 3018 operatur,
627 2954 687 3003 ut
717 2944 913 3003 habeat
966 2944 1133 3000 vitam
1180 2950 1458 3007 aeternam,
1500 2956 1607 3015 qua
1635 2932 1816 3012 j'uStus
1844 2957 1911 2997 ex

316 3039 423 3096 ﬁde
469 3039 617 3094 vivat
650 3056 662 3093 :
693 3035 931 3106 alioquin
962 3033 1228 3105 quomodo
1258 3031 1383 3100 nisi,
1417 3033 1526 3088 vita
1553 3032 1705 3100 vivit,
1735 3048 1856 3105 quae
1882 3043 1910 3074 ιι

311 3139 395 3189 est
424 3131 476 3187 in
509 3131 682 3202 gratia
714 3127 936 3195 Christi,
966 3124 1210 3198 quisquis
1234 3121 1301 3179 ad
1344 3130 1606 3180 aeternam
1648 3122 1912 3181 festinet?

2022 1948 2196 1997 tutum
2243 1938 2538 2010 loquatur:
2568 1942 2831 2013 patientia
2869 1957 3023 2011 vero,
3065 1952 3123 2007 et
3169 1931 3602 2018 longanimitate,

2021 2042 2182 2113 atque
2208 2033 2609 2106 perseverantia
2635 2038 2944 2092 constructa
2968 2024 3236 2109 lapidibus
3259 2036 3506 2108 quadris,
3532 2054 3585 2102 at

2020 2127 2185 2183 ﬁnem
2213 2142 2385 2199 usque
2418 2126 2733 2198 perducitur
2764 2146 2776 2182 :
2808 2143 2902 2201 spe
2948 2137 3094 2190 certa
3126 2130 3180 2185 in
3207 2117 3364 2197 ccelo,
3393 2145 3462 2188 ne
3492 2145 3581 2188 mc

2021 2229 2213 2277 veatur
2234 2221 2291 2277 in
2328 2220 2490 2276 terris
2521 2221 2670 2277 inter
2692 2218 2890 2279 ﬂuctus
2930 2222 3311 2291 tentationum,
3339 2214 3497 2294 quasi
3516 2237 3609 2277 ana

2018 2314 2185 2372 cbora
2241 2314 2519 2380 ﬁrmatur;
2574 2329 2737 2385 quam
2792 2329 2923 2372 sane
2949 2331 3125 2386 spem,
3166 2323 3304 2375 teste
3337 2314 3607 2389 apostolo.

2019 2414 2191 2461 tutam
2219 2404 2486 2461 habemus
2515 2404 2568 2460 in
2598 2402 2737 2461 coelo
2770 2405 3073 2463 :charitate
3098 2420 3251 2473 vero,
3274 2413 3337 2473 ut
3368 2406 3438 2462 sit
3463 2413 3608 2463 stru-

2018 2504 2171 2554 ctura
2212 2496 2475 2552 virtutum
2522 2505 2804 2568 compacta
2838 2497 2983 2553 inter
3013 2487 3182 2553 Deum
3238 2507 3294 2555 et
3331 2486 3607 2555 hominem

2014 2591 2100 2647 vel
2128 2590 2460 2662 proximum,
2486 2595 2548 2649 et
2579 2588 2967 2651 indissolubilis
2992 2591 3258 2655 connexio
3284 2580 3474 2655 deiﬁce
3495 2606 3606 2649 cae-

2017 2694 2328 2752 mentatnr;
2360 2683 2617 2756 quoniam
2644 2672 2886 2741 Charitas
2907 2684 3182 2745 vinculum
3210 2693 3296 2745 est
3317 2670 3614 2758 perfectio.

2014 2780 2133 2846 nis,
2174 2779 2229 2834 in
2283 2794 2391 2850 qua
2416 2780 2501 2836 vis
2528 2764 2701 2853 ipsius
2742 2778 2887 2847 ﬁdei,
2917 2790 2973 2837 et
2997 2779 3278 2854 fortitudo,
3329 2796 3491 2854 quam
3537 2792 3609 2849 ex

2016 2876 2128 2933 Deo
2151 2875 2333 2940 habet,
2359 2891 2521 2933 manu
2549 2883 2737 2933 exerta
2760 2883 2963 2949 pugnat
2991 2875 3181 2949 clypeo
3215 2877 3372 2937 bona:
3416 2875 3604 2933 volun«

2015 2965 2162 3033 tatis,
2215 2982 2286 3023 ne
2334 2966 2403 3022 ab
2457 2967 2617 3025 hoste
2650 2965 2910 3034 feriatur;
2962 2966 3088 3023 hinc
3120 2968 3174 3055 in
3200 2967 3312 3025 Deo
3357 2972 3602 3049 coronat.

2013 3058 2307 3131 Prudentia
2328 3068 2533 3131 autem,
2564 3062 2721 3132 quasi
2748 3061 2961 3128 oculus,
2988 3062 3304 3123 acutissime
3329 3077 3453 3134 qua
3495 3061 3609 3121 sint

2015 3153 2226 3221 salutis,
2261 3163 2317 3211 et
2362 3155 2614 3222 adversa,
2660 3163 2721 3213 ut
2764 3155 3125 3222 declinentur,
3186 3156 3605 3227 contemplatur.

311 3224 469 3287 unde
514 3234 858 3319 ⁵¹³¹Ῑ¹Ψ⁰ξ³θτ⁰
896 3219 1061 3319 gum“
1110 3212 1413 3319 ³Ρ⁰⁵ί⁰¹ξ¹¹ἶὶ
1444 3214 1787 3319 Αθυηίξάυλω²
1839 3230 1909 3319 ¹Ῐθ
1935 3230 1984 3296 ο
2013 3212 2313 3303 Consilium
2356 3261 2509 3312 vero,
2541 3212 2810 3318 quomodo
2837 3246 2933 3303 illa
2958 3212 2961 3213 ν
2983 3212 3323 3319 eﬁ'ugiamus,
3350 3212 3355 3213 γ
3486 3212 3603 3305 ista

308 3319 512 3381 Christi
545 3316 717 3393 gratia
740 3315 796 3370 in
823 3312 979 3369 nobis
1005 3325 1177 3367 vacua
1197 3309 1475 3381 persistat,
1500 3306 1747 3379 profecto
1774 3308 1903 3379 quia

309 3414 429 3472 sine
451 3409 738 3473 cbaritate,
765 3403 989 3463 ut‘nihil
1019 3401 1191 3474 prosit
1232 3399 1413 3466 nobis,
1443 3397 1657 3454 etiamsi
1697 3407 1909 3455 montes

309 3495 999 3566 transferat,etdaemonia
1046 3490 1302 3563 expellat,
1356 3505 1528 3544 vacua
1585 3492 1789 3555 manet,
1844 3504 1910 3545 eo

308 3595 454 3669 quod
483 3593 529 3649 si
559 3599 645 3649 est
668 3585 978 3646 omnimoda
1009 3585 1064 3640 in
1100 3580 1390 3647 credendo,
1439 3594 1538 3669 nec
1587 3582 1683 3669 est
1724 3588 1907 3643 tamen

309 3687 487 3760 gratia
506 3680 789 3740 charitatis
824 3675 1117 3747 adimpleta
1143 3674 1196 3730 in
1246 3670 1472 3746 agendo.
1506 3668 1572 3725 Et
1600 3668 1726 3743 quia
1758 3668 1911 3725 deest

309 3779 504 3852 gratia,
538 3784 597 3832 ut
623 3771 859 3831 credent,
900 3766 1034 3824 nihil
1056 3766 1246 3839 prosit,
1264 3764 1415 3820 deest
1440 3760 1515 3816 illi
1544 3760 1657 3852 vita
1672 3767 1905 3852 aeterna,

305 3842 564 3941 utjustus
620 3882 689 3925 ex
740 3863 845 3923 ﬁde
900 3861 1066 3916 vivat.
1102 3854 1257 3914 Unde
1303 3870 1425 3911 cum
1453 3842 1712 3924 apostolis
1742 3867 1905 3908 oran-

308 3966 440 4023 dum
472 3981 486 4019 :
518 3960 763 4025 Domine,
813 3955 1015 4025 adauge
1065 3948 1212 4007 nobis
1256 3947 1414 4019 ﬁdem
1465 3943 1617 4018 (Luc.
1648 3960 1783 4010 xvu,
1813 3942 1902 4016 5);

310 4066 577 4131 quatenus
602 4053 688 4109 illa
731 4050 801 4108 sit
830 4047 984 4113 ﬁdes,
1007 4060 1128 4116 quae
1156 4056 1255 4114 per
1280 4039 1620 4096 dilectionem
1652 4047 1908 4131 operatur

308 4124 368 4210 in
392 4149 566 4214 nobis,
598 4146 725 4218 quia
751 4143 797 4201 si
833 4138 955 4212 quis
987 4135 1180 4201 credit,
1211 4131 1421 4189 etiarnsi
1452 4136 1694 4184 mortuus
1723 4124 1903 4193 fuerit,

308 4245 476 4302 vivet.
509 4241 737 4298 Constat
759 4248 888 4306 ergo
913 4229 1058 4302 quod
1090 4224 1271 4283 omnis
1288 4223 1376 4295 qui
1408 4221 1557 4288 vivit,
1583 4218 1823 4277 etcredit
1849 4219 1905 4274 in

309 4338 552 4402 Christo,
579 4348 684 4390 non
708 4329 977 4387 morietur
1010 4323 1064 4379 in
1095 4330 1375 4383 aeternum,
1410 4314 1634 4372 omnino
1659 4330 1726 4369 ex
1768 4312 1908 4369 inte-

311 4448 432 4509 gro,
463 4428 589 4502 quia
620 4421 813 4487 credit,
861 4427 916 4475 et
967 4412 1297 4488 justiﬁcatur
1350 4418 1447 4479 per
1462 4406 1644 4509 fidem
1691 4402 1906 4509 justi-tia

309 4490 434 4591 Dei,
466 4490 534 4579 de
555 4535 661 4591 qua
684 4510 955 4585 Propheta
992 4518 1135 4572 orat,
1160 4514 1216 4561 et
1244 4502 1379 4577 dicit
1411 4519 1424 4555 :
1455 4490 1700 4564 Domine,
1724 4497 1778 4551 iii
1817 4501 1908 4550 tua

299 4618 516 4692 justitia
543 4614 705 4669 libera
719 4627 823 4675 me,
847 4617 894 4664 et
921 4605 1060 4675 eripe
1094 4618 1175 4655 me
1207 4594 1378 4671 (Psal.
1402 4612 1535 4692 xxx,
1560 4593 1639 4664 9).
1824 4592 1907 4647 ni-
1932 4602 1986 4671 Β

310 4686 509 4770 mirum
524 4708 738 4780 justitia
766 4704 881 4771 Dei,
913 4700 1041 4773 quia
1061 4711 1132 4755 ex
1161 4691 1339 4781 gratia
1368 4698 1471 4755 est,
1516 4687 1641 4758 jure
1683 4686 1905 4752 dicitur,

310 4812 597 4879 propterea
618 4796 907 4871 promissio
932 4808 1000 4875 ex
1026 4788 1132 4845 ﬁde
1168 4784 1377 4879 ﬁrmior
1406 4781 1674 4879 habetur;
1703 4787 1764 4834 ut
1792 4793 1909 4833 om-

309 4868 520 4967 nis’qui
546 4868 678 4950 vivit
713 4898 770 4947 et
797 4872 987 4952 credit,
1046 4895 1156 4938 non
1210 4868 1476 4934 moriatur
1522 4872 1577 4967 in
1621 4880 1905 4967 aeternum.

309 4952 564 5059 Alioquin
615 4985 660 5042 si
717 4979 911 5045 credit,
939 4986 995 5034 et
1016 4974 1246 5031 necdum
1295 4969 1429 5024 vivit
1443 4965 1624 5041 justus
1662 4970 1745 5059 ea
1764 4952 1906 5033 ﬁde,

310 5054 475 5141 nihili
498 5078 718 5153 proﬁcit
771 5075 838 5149 ad
868 5073 1079 5137 vitam;
1118 5062 1377 5139 quoniam
1394 5058 1622 5131 iustitiae
1655 5054 1752 5153 Dei
1780 5071 1910 5113 nec-

314 5178 443 5241 dum
472 5151 558 5233 est
584 5169 875 5242 subjectus.
903 5165 1114 5225 Rursus
1137 5156 1331 5246 aliquis
1373 5154 1525 5226 prius
1547 5151 1907 5246 Quodcunque

311 5267 568 5343 gesserit,
595 5266 642 5322 si
674 5265 780 5320 hac
810 5258 973 5316 fuerit
997 5242 1207 5325 justitia
1248 5247 1598 5346 iustiﬁcatus,
1636 5242 1750 5314 jam
1794 5243 1906 5346 vita

311 5338 517 5419 aeterna
542 5357 680 5415 vivit
702 5374 715 5412 :
738 5353 848 5409 vita
874 5363 1003 5406 vero
1029 5353 1232 5402 aeterna
1244 5340 1339 5413 qui
1353 5338 1569 5404 vixerit,
1584 5351 1693 5392 non
1714 5338 1908 5390 morie-

310 5462 403 5511 tur
428 5453 485 5509 in
506 5459 769 5507 aeternum
794 5459 813 5512 ;
849 5440 1104 5515 quoniam
1131 5438 1394 5492 aeternum
1438 5438 1543 5496 est,
1582 5423 1725 5499 quod
1749 5422 1902 5491 vivit,

313 5543 444 5600 dum
480 5540 701 5600 omnino
740 5514 976 5597 Christo,
1028 5528 1121 5599 qui
1148 5514 1259 5581 vita
1307 5530 1414 5589 est,
1445 5515 1734 5583 credendo,
1786 5526 1910 5585 spe-

312 5635 506 5704 rando,
536 5630 764 5691 amando
790 5642 858 5684 ex
884 5630 996 5681 toto
1018 5617 1168 5677 vivit.

2016 3352 2416 3404 conservemus,
2452 3338 2711 3397 insinuat.
2734 3336 2905 3394 Porro
2920 3336 3316 3411 Lugtitjaﬁdem
3350 3337 3501 3399 velut
3526 3326 3608 3395 lo-

2015 3429 2185 3487 ricam
2224 3426 2420 3495 induit,
2469 3437 2526 3485 et
2555 3429 2779 3501 obtegit,
2808 3443 2878 3484 ne
2903 3428 3149 3497 laedatur.
3187 3427 3424 3497 Spiritus
3466 3442 3603 3485 vero

2014 3520 2189 3576 sancti
2217 3519 2449 3590 gladius,
2477 3520 2622 3593 quod
2643 3528 2733 3577 est
2754 3520 2981 3577 verbum
3011 3508 3132 3586 Dei,
3149 3518 3362 3583 fortiter
3388 3502 3601 3577 hostem

2013 3611 2287 3669 verberat.
2331 3610 2597 3677 Caeterum
2655 3610 2931 3667 humilitas
2975 3621 3162 3675 custos
3211 3608 3498 3681 virtutum,
3533 3629 3605 3671 ne

2015 3720 2169 3773 aura,
2194 3720 2316 3777 qua:
2360 3719 2733 3778 aggregamus,
2781 3713 2837 3761 et
2886 3714 3077 3769 ventus
3107 3706 3462 3773 tentationum
3496 3697 3638 3763 huc

2012 3804 2250 3876 illucque
2270 3805 2564 3875 dispergat,
2594 3803 2746 3877 ligat,
2777 3812 2836 3859 et
2858 3803 3154 3883 componit,
3177 3802 3470 3859 utChristo
3491 3803 3607 3859 cria

2012 3906 2197 3971 gente,
2230 3896 2395 3955 turris
2423 3896 2549 3953 ﬁdei
2578 3896 2849 3967 gradatim
2874 3905 3063 3970 surgat
3089 3915 3102 3950 :
3139 3898 3231 3954 ubi
3271 3896 3600 3964 obedientia,

2010 3992 2061 4049 si
2087 4006 2195 4063 quo
2235 3990 2396 4047 modo
2418 3990 2592 4061 possit
2609 3989 2826 4061 placere
2865 4004 2963 4061 per
2985 3989 3169 4058 ﬁdem,
3193 3990 3289 4061 qui
3314 4004 3372 4049 se
3398 3989 3600 4065 proba-

2010 4085 2112 4157 vit,
2141 4082 2358 4141 fortiter
2390 4082 2638 4139 desudat.
2689 4082 3064 4149 Mansuetudo,
3117 4081 3404 4149 modestia,
3448 4068 3601 4138 beni-

2013 4178 2193 4250 gnitas
2218 4177 2431 4243 leniter,
2455 4184 2618 4247 atque
2652 4176 2895 4233 suaviter
2919 4184 3099 4233 motus
3123 4183 3453 4248 componunt
3477 4174 3599 4231 ani-

2013 4270 2119 4337 mi;
2150 4285 2219 4325 ne
2245 4270 2298 4324 in
2326 4268 2510 4340 aliquo
2538 4268 2863 4325 charitatem
2889 4255 3109 4326 laedant.
3150 4268 3337 4325 Timor
3383 4284 3601 4341 quoque

2014 4362 2349 4434 compungit,
2377 4370 2434 4417 et
2456 4361 2526 4417 ad
2553 4361 2845 4430 cautelam,
2871 4370 3180 4419 currentem
3208 4363 3352 4418 inter
3377 4363 3602 4433 laqueos

2014 4456 2374 4512 tentationum
2404 4454 2614 4512 reducit
2641 4471 2657 4507 :
2689 4454 2786 4511 sed
2812 4468 2880 4509 ne
2928 4454 3171 4511 tristibus
3221 4456 3598 4523 absorbeatur,

2013 4549 2266 4621 gaudium
2291 4547 2545 4617 Spiritus,
2576 4554 2631 4602 et
2647 4544 2940 4602 exsultatio
2966 4546 3092 4603 vita:
3138 4547 3400 4618 spiritalis
3445 4562 3597 4603 men-

2012 4648 2120 4697 tem
2148 4638 2452 4696 exhilarat:
2486 4638 2561 4693 ita
2592 4645 2652 4692 ut
2673 4636 2807 4692 ﬁdes
2829 4637 3062 4708 gaudeat
3099 4636 3271 4708 magis
3313 4636 3371 4692 in
3392 4636 3601 4707 passio-

2011 4734 2172 4791 nibus
2192 4747 2354 4803 quam
2387 4732 2444 4787 in
2489 4730 2787 4803 prosperis.
2815 4729 3122 4789 illustratur
3149 4729 3412 4800 sapientia
3434 4738 3489 4784 et
3518 4729 3602 4784 in-

2013 4826 2270 4892 tellectu;
2307 4824 2539 4881 veritate
2562 4833 2624 4881 ut
2649 4822 2809 4880 fortis
2842 4823 2932 4890 sit,
2988 4822 3221 4878 viriliter
3271 4820 3594 4894 accingitur.

2012 4918 2144 4987 Quae
2163 4917 2344 4975 omnia
2364 4916 2631 4973 virtutum
2650 4916 3032 4982 instrumenta,
3070 4914 3445 4991 tempatis,
3478 4927 3600 4982 quae

2012 5010 2119 5067 alio
2148 5010 2367 5067 nomine
2414 5008 2671 5066 discretio
2720 5017 2966 5073 vocatur,
3017 5005 3189 5062 nutrit
3227 5012 3289 5060 ut
3316 5012 3515 5071 mater,
3544 5010 3600 5061 et

2016 5102 2187 5175 regit;
2220 5116 2290 5157 ne
2319 5100 2662 5157 inﬁrmentur
2686 5100 2715 5140 ι’
2743 5108 2799 5156 et
2826 5095 3268 5168 distemperantia
3300 5103 3601 5152 concentus

2014 5194 2407 5263 barmoniaque
2437 5192 2702 5248 virtutum
2727 5191 2987 5247 solvatur.

2083 5283 2138 5337 2.
2180 5280 2399 5337 Talibus
2442 5280 2608 5351 igitur
2652 5287 2709 5334 et
2741 5276 3115 5348 hujuscemodi
3167 5274 3336 5331 armis
3362 5286 3596 5345 praimu-

2012 5377 2127 5439 uita
2160 5374 2318 5439 ﬁdes,
2347 5372 2552 5429 inimici
2583 5370 2765 5442 jacula
2795 5368 3026 5443 repellit,
3079 5369 3385 5425 castitatem
3416 5373 3599 5425 custo-

2014 5468 2113 5533 dit,
2147 5464 2406 5537 pudicitia
2454 5464 2761 5529 decoratur,
2788 5461 2953 5537 bonis
2991 5462 3247 5535 omnibus
3294 5459 3602 5534 pinguescit

2011 5569 2067 5616 et
2091 5562 2308 5616 ditatur.
2341 5556 2494 5615 Unde
2519 5555 2799 5626 praesentis
2826 5555 2951 5611 vita:
2992 5562 3367 5625 paupertatem
3402 5553 3598 5624 diligit,

2011 5660 2213 5711 aeterna
2239 5666 2361 5721 quas
2384 5649 2678 5706 creduntur
2702 5647 2875 5704 inhiat
2900 5656 2953 5704 et
2982 5648 3170 5704 ambit.
3224 5646 3409 5705 Solum
3465 5661 3596 5721 ergo

2083 5824 2119 5874 ι’
2146 5826 2316 5898 Edit.,
2348 5822 2658 5895 inﬁrmetur.
