  <div class='ocr_page' id='page_1' title='image "/cluster/home/n/w/nwhite01/storage/ocr_20150623/120/hvd.32044015466923/717.png"; bbox 0 0 4148 6344; ppageno 0'>
   <div class='ocr_carea' id='block_1_1' title="bbox 596 358 732 416">
    <p class='ocr_par' dir='ltr' id='par_1_1' title="bbox 596 358 732 416">
     <span class='ocr_line' id='line_1_1' title="bbox 596 358 732 416; baseline -0.007 0"><span class='ocrx_word' id='word_1_1' title='bbox 596 365 615 416; x_wconf 77' lang='grc' dir='ltr'><strong>Ι</strong></span> <span class='ocrx_word' id='word_1_2' title='bbox 630 358 732 415; x_wconf 72' lang='grc'><strong>425</strong></span> 
     </span>
    </p>
   </div>
   <div class='ocr_carea' id='block_1_2' title="bbox 1393 359 3040 423">
    <p class='ocr_par' dir='ltr' id='par_1_2' title="bbox 1393 359 3040 423">
     <span class='ocr_line' id='line_1_2' title="bbox 1393 359 3040 423; baseline 0 -5"><span class='ocrx_word' id='word_1_3' title='bbox 1393 360 1451 418; x_wconf 90' lang='lat' dir='ltr'><strong>S.</strong></span> <span class='ocrx_word' id='word_1_4' title='bbox 1491 360 1848 420; x_wconf 78' lang='lat' dir='ltr'><strong>PASCHASII</strong></span> <span class='ocrx_word' id='word_1_5' title='bbox 1884 360 2234 423; x_wconf 70' lang='lat' dir='ltr'><strong>RADBERTI</strong></span> <span class='ocrx_word' id='word_1_6' title='bbox 2265 359 2556 420; x_wconf 78' lang='lat' dir='ltr'><strong>ABBATIS</strong></span> <span class='ocrx_word' id='word_1_7' title='bbox 2593 361 3040 420; x_wconf 79' lang='lat' dir='ltr'><strong>CORBEIENSIS</strong></span> 
     </span>
    </p>
   </div>
   <div class='ocr_carea' id='block_1_3' title="bbox 3725 367 3873 424">
    <p class='ocr_par' dir='ltr' id='par_1_3' title="bbox 3725 367 3873 424">
     <span class='ocr_line' id='line_1_3' title="bbox 3725 367 3873 424; baseline 0.014 -2"><span class='ocrx_word' id='word_1_8' title='bbox 3725 367 3873 424; x_wconf 65' lang='lat' dir='ltr'>“ﬂ</span> 
     </span>
    </p>
   </div>
   <div class='ocr_carea' id='block_1_4' title="bbox 588 476 3873 554">
    <p class='ocr_par' dir='ltr' id='par_1_4' title="bbox 588 476 3873 554">
     <span class='ocr_line' id='line_1_4' title="bbox 588 476 3873 554; baseline 0.002 -22"><span class='ocrx_word' id='word_1_9' title='bbox 588 476 794 534; x_wconf 86' lang='lat' dir='ltr'><strong>habere</strong></span> <span class='ocrx_word' id='word_1_10' title='bbox 814 478 1029 548; x_wconf 91' lang='lat' dir='ltr'><strong>gaudet,</strong></span> <span class='ocrx_word' id='word_1_11' title='bbox 1061 479 1117 534; x_wconf 91' lang='lat' dir='ltr'><strong>in</strong></span> <span class='ocrx_word' id='word_1_12' title='bbox 1141 495 1249 552; x_wconf 93' lang='lat' dir='ltr'><strong>quo</strong></span> <span class='ocrx_word' id='word_1_13' title='bbox 1269 488 1395 536; x_wconf 89' lang='lat' dir='ltr'><strong>sunt</strong></span> <span class='ocrx_word' id='word_1_14' title='bbox 1415 497 1603 538; x_wconf 86' lang='lat' dir='ltr'><strong>omnes</strong></span> <span class='ocrx_word' id='word_1_15' title='bbox 1631 480 1872 538; x_wconf 76' lang='lat' dir='ltr'><strong>thesauri</strong></span> <span class='ocrx_word' id='word_1_16' title='bbox 1890 478 2170 552; x_wconf 69' lang='lat' dir='ltr'><strong>sapientiae</strong></span> <span class='ocrx_word' id='word_1_17' title='bbox 2195 476 2251 542; x_wconf 74' lang='grc' dir='ltr'>Α</span> <span class='ocrx_word' id='word_1_18' title='bbox 2273 478 2432 535; x_wconf 89' lang='lat' dir='ltr'><strong>nibus</strong></span> <span class='ocrx_word' id='word_1_19' title='bbox 2460 479 2820 550; x_wconf 91' lang='lat' dir='ltr'><strong>propellimini</strong></span> <span class='ocrx_word' id='word_1_20' title='bbox 2845 519 2860 545; x_wconf 93' lang='lat'><strong>,</strong></span> <span class='ocrx_word' id='word_1_21' title='bbox 2892 479 2960 535; x_wconf 91' lang='lat' dir='ltr'><strong>ad</strong></span> <span class='ocrx_word' id='word_1_22' title='bbox 3010 492 3186 534; x_wconf 84' lang='lat' dir='ltr'><strong>meam</strong></span> <span class='ocrx_word' id='word_1_23' title='bbox 3234 477 3491 549; x_wconf 89' lang='lat' dir='ltr'><strong>respicite</strong></span> <span class='ocrx_word' id='word_1_24' title='bbox 3532 481 3829 540; x_wconf 70' lang='lat' dir='ltr'><strong>victoriam</strong></span> <span class='ocrx_word' id='word_1_25' title='bbox 3854 526 3873 554; x_wconf 90' lang='lat'><strong>,</strong></span> 
     </span>
    </p>
   </div>
   <div class='ocr_carea' id='block_1_5' title="bbox 587 570 2176 646">
    <p class='ocr_par' dir='ltr' id='par_1_5' title="bbox 587 570 2176 646">
     <span class='ocr_line' id='line_1_5' title="bbox 587 570 2176 646; baseline 0.003 -23"><span class='ocrx_word' id='word_1_26' title='bbox 587 577 752 640; x_wconf 90' lang='lat' dir='ltr'><strong>atque</strong></span> <span class='ocrx_word' id='word_1_27' title='bbox 798 570 1070 637; x_wconf 72' lang='lat' dir='ltr'><strong>scientiae;</strong></span> <span class='ocrx_word' id='word_1_28' title='bbox 1108 573 1364 642; x_wconf 85' lang='lat' dir='ltr'><strong>quoniam</strong></span> <span class='ocrx_word' id='word_1_29' title='bbox 1415 573 1530 646; x_wconf 88' lang='lat' dir='ltr'><strong>ipse</strong></span> <span class='ocrx_word' id='word_1_30' title='bbox 1579 582 1664 631; x_wconf 92' lang='lat' dir='ltr'><strong>est</strong></span> <span class='ocrx_word' id='word_1_31' title='bbox 1706 574 1893 640; x_wconf 91' lang='lat' dir='ltr'><strong>turris,</strong></span> <span class='ocrx_word' id='word_1_32' title='bbox 1924 588 2046 644; x_wconf 72' lang='lat' dir='ltr'><strong>qua:</strong></span> <span class='ocrx_word' id='word_1_33' title='bbox 2070 571 2176 628; x_wconf 90' lang='lat' dir='ltr'><strong>ﬁde</strong></span> 
     </span>
    </p>
   </div>
   <div class='ocr_carea' id='block_1_6' title="bbox 588 661 2171 737">
    <p class='ocr_par' dir='ltr' id='par_1_6' title="bbox 588 661 2171 737">
     <span class='ocr_line' id='line_1_6' title="bbox 588 661 2171 737; baseline 0.001 -18"><span class='ocrx_word' id='word_1_34' title='bbox 588 661 792 719; x_wconf 80' lang='lat' dir='ltr'><strong>Christi</strong></span> <span class='ocrx_word' id='word_1_35' title='bbox 833 677 865 716; x_wconf 92' lang='lat' dir='ltr'><strong>a</strong></span> <span class='ocrx_word' id='word_1_36' title='bbox 910 661 1262 720; x_wconf 88' lang='lat' dir='ltr'><strong>fundamento</strong></span> <span class='ocrx_word' id='word_1_37' title='bbox 1290 667 1659 722; x_wconf 88' lang='lat' dir='ltr'><strong>construitur:</strong></span> <span class='ocrx_word' id='word_1_38' title='bbox 1684 666 1751 723; x_wconf 91' lang='lat' dir='ltr'><strong>de</strong></span> <span class='ocrx_word' id='word_1_39' title='bbox 1775 681 1881 737; x_wconf 92' lang='lat' dir='ltr'><strong>qua</strong></span> <span class='ocrx_word' id='word_1_40' title='bbox 1907 667 2171 737; x_wconf 82' lang='lat' dir='ltr'><strong>propheta</strong></span> 
     </span>
    </p>
   </div>
   <div class='ocr_carea' id='block_1_7' title="bbox 587 751 2171 829">
    <p class='ocr_par' dir='ltr' id='par_1_7' title="bbox 587 751 2171 829">
     <span class='ocr_line' id='line_1_7' title="bbox 587 751 2171 829; baseline 0.001 -21"><span class='ocrx_word' id='word_1_41' title='bbox 587 751 756 808; x_wconf 83' lang='lat' dir='ltr'><strong>David</strong></span> <span class='ocrx_word' id='word_1_42' title='bbox 784 771 796 805; x_wconf 89' lang='lat'><strong>:</strong></span> <span class='ocrx_word' id='word_1_43' title='bbox 822 751 1100 809; x_wconf 71' lang='lat' dir='ltr'><strong>Deduxistt&#39;</strong></span> <span class='ocrx_word' id='word_1_44' title='bbox 1128 772 1228 822; x_wconf 86' lang='lat' dir='ltr'><strong>me,</strong></span> <span class='ocrx_word' id='word_1_45' title='bbox 1260 756 1453 826; x_wconf 88' lang='lat' dir='ltr'><strong>inquit,</strong></span> <span class='ocrx_word' id='word_1_46' title='bbox 1479 759 1603 829; x_wconf 97' lang='lat' dir='ltr'><strong>quia</strong></span> <span class='ocrx_word' id='word_1_47' title='bbox 1625 758 1797 828; x_wconf 81' lang='lat' dir='ltr'><strong>factus</strong></span> <span class='ocrx_word' id='word_1_48' title='bbox 1821 775 1876 813; x_wconf 91' lang='lat' dir='ltr'><strong>es</strong></span> <span class='ocrx_word' id='word_1_49' title='bbox 1900 774 2014 828; x_wconf 88' lang='lat' dir='ltr'><strong>spes</strong></span> <span class='ocrx_word' id='word_1_50' title='bbox 2037 773 2171 822; x_wconf 86' lang='lat' dir='ltr'><strong>mea,</strong></span> 
     </span>
    </p>
   </div>
   <div class='ocr_carea' id='block_1_8' title="bbox 585 843 2176 920">
    <p class='ocr_par' dir='ltr' id='par_1_8' title="bbox 585 843 2176 920">
     <span class='ocr_line' id='line_1_8' title="bbox 585 843 2176 920; baseline 0.004 -23"><span class='ocrx_word' id='word_1_51' title='bbox 585 844 750 898; x_wconf 88' lang='lat' dir='ltr'><strong>turris</strong></span> <span class='ocrx_word' id='word_1_52' title='bbox 769 843 1096 914; x_wconf 77' lang='lat' dir='ltr'><strong>fortitudinis</strong></span> <span class='ocrx_word' id='word_1_53' title='bbox 1125 863 1158 900; x_wconf 75' lang='grc' dir='ltr'><em>α</em></span> <span class='ocrx_word' id='word_1_54' title='bbox 1180 846 1315 916; x_wconf 77' lang='lat' dir='ltr'><strong>facie</strong></span> <span class='ocrx_word' id='word_1_55' title='bbox 1345 847 1544 902; x_wconf 85' lang='lat' dir='ltr'><strong>inimici</strong></span> <span class='ocrx_word' id='word_1_56' title='bbox 1577 847 1749 920; x_wconf 80' lang='lat' dir='ltr'><strong>(Psal.</strong></span> <span class='ocrx_word' id='word_1_57' title='bbox 1767 865 1857 915; x_wconf 82' lang='lat' dir='ltr'><strong>Lx,</strong></span> <span class='ocrx_word' id='word_1_58' title='bbox 1885 847 1964 919; x_wconf 73' lang='grc'><strong>4).</strong></span> <span class='ocrx_word' id='word_1_59' title='bbox 1990 848 2047 904; x_wconf 88' lang='lat' dir='ltr'><strong>In</strong></span> <span class='ocrx_word' id='word_1_60' title='bbox 2074 849 2176 904; x_wconf 85' lang='lat' dir='ltr'><strong>hac</strong></span> 
     </span>
    </p>
   </div>
   <div class='ocr_carea' id='block_1_9' title="bbox 583 936 2175 1008">
    <p class='ocr_par' dir='ltr' id='par_1_9' title="bbox 583 936 2175 1008">
     <span class='ocr_line' id='line_1_9' title="bbox 583 936 2175 1008; baseline 0.003 -18"><span class='ocrx_word' id='word_1_61' title='bbox 583 936 784 1008; x_wconf 85' lang='lat' dir='ltr'><strong>quippe</strong></span> <span class='ocrx_word' id='word_1_62' title='bbox 811 943 961 992; x_wconf 89' lang='lat' dir='ltr'><strong>turre</strong></span> <span class='ocrx_word' id='word_1_63' title='bbox 995 937 1129 993; x_wconf 89' lang='lat' dir='ltr'><strong>ﬁdes</strong></span> <span class='ocrx_word' id='word_1_64' title='bbox 1159 939 1398 994; x_wconf 90' lang='lat' dir='ltr'><strong>radicata</strong></span> <span class='ocrx_word' id='word_1_65' title='bbox 1428 938 1733 995; x_wconf 84' lang='lat' dir='ltr'><strong>dilectionis</strong></span> <span class='ocrx_word' id='word_1_66' title='bbox 1755 956 1961 1006; x_wconf 90' lang='lat' dir='ltr'><strong>amore,</strong></span> <span class='ocrx_word' id='word_1_67' title='bbox 1984 940 2175 997; x_wconf 87' lang='lat' dir='ltr'><strong>etfun-</strong></span> 
     </span>
    </p>
   </div>
   <div class='ocr_carea' id='block_1_10' title="bbox 585 1029 2175 1095">
    <p class='ocr_par' dir='ltr' id='par_1_10' title="bbox 585 1029 2175 1095">
     <span class='ocr_line' id='line_1_10' title="bbox 585 1029 2175 1095; baseline 0.003 -12"><span class='ocrx_word' id='word_1_68' title='bbox 585 1029 736 1095; x_wconf 90' lang='lat' dir='ltr'><strong>data,</strong></span> <span class='ocrx_word' id='word_1_69' title='bbox 766 1029 948 1085; x_wconf 90' lang='lat' dir='ltr'><strong>omnia</strong></span> <span class='ocrx_word' id='word_1_70' title='bbox 980 1029 1238 1085; x_wconf 90' lang='lat' dir='ltr'><strong>virtutum</strong></span> <span class='ocrx_word' id='word_1_71' title='bbox 1285 1029 1528 1087; x_wconf 86' lang='lat' dir='ltr'><strong>recondit</strong></span> <span class='ocrx_word' id='word_1_72' title='bbox 1552 1031 1931 1088; x_wconf 85' lang='lat' dir='ltr'><strong>instrumenta.</strong></span> <span class='ocrx_word' id='word_1_73' title='bbox 1963 1032 2020 1087; x_wconf 91' lang='lat' dir='ltr'><strong>In</strong></span> <span class='ocrx_word' id='word_1_74' title='bbox 2074 1034 2175 1090; x_wconf 88' lang='lat' dir='ltr'><strong>hac</strong></span> 
     </span>
    </p>
   </div>
   <div class='ocr_carea' id='block_1_11' title="bbox 584 1119 2173 1195">
    <p class='ocr_par' dir='ltr' id='par_1_11' title="bbox 584 1119 2173 1195">
     <span class='ocr_line' id='line_1_11' title="bbox 584 1119 2173 1195; baseline 0.003 -19"><span class='ocrx_word' id='word_1_75' title='bbox 584 1119 688 1177; x_wconf 93' lang='lat' dir='ltr'><strong>sibi</strong></span> <span class='ocrx_word' id='word_1_76' title='bbox 740 1120 1071 1178; x_wconf 86' lang='lat' dir='ltr'><strong>thesaurizat</strong></span> <span class='ocrx_word' id='word_1_77' title='bbox 1141 1123 1422 1178; x_wconf 87' lang='lat' dir='ltr'><strong>thesauros</strong></span> <span class='ocrx_word' id='word_1_78' title='bbox 1473 1123 1967 1190; x_wconf 85' lang='lat' dir='ltr'><strong>immarcessibiles,</strong></span> <span class='ocrx_word' id='word_1_79' title='bbox 2013 1140 2122 1195; x_wconf 90' lang='lat' dir='ltr'><strong>quo</strong></span> <span class='ocrx_word' id='word_1_80' title='bbox 2146 1137 2173 1166; x_wconf 74' lang='grc' dir='ltr'><strong>ι</strong></span> 
     </span>
    </p>
   </div>
   <div class='ocr_carea' id='block_1_12' title="bbox 587 1210 2172 1287">
    <p class='ocr_par' dir='ltr' id='par_1_12' title="bbox 587 1210 2172 1287">
     <span class='ocr_line' id='line_1_12' title="bbox 587 1210 2172 1287; baseline 0.004 -21"><span class='ocrx_word' id='word_1_81' title='bbox 587 1210 740 1268; x_wconf 85' lang='lat' dir='ltr'><strong>fures</strong></span> <span class='ocrx_word' id='word_1_82' title='bbox 781 1227 889 1268; x_wconf 92' lang='lat' dir='ltr'><strong>non</strong></span> <span class='ocrx_word' id='word_1_83' title='bbox 917 1211 1197 1279; x_wconf 81' lang='lat' dir='ltr'><strong>eﬁodiunt,</strong></span> <span class='ocrx_word' id='word_1_84' title='bbox 1234 1228 1336 1270; x_wconf 91' lang='lat' dir='ltr'><strong>nec</strong></span> <span class='ocrx_word' id='word_1_85' title='bbox 1373 1213 1645 1282; x_wconf 87' lang='lat' dir='ltr'><strong>furantur,</strong></span> <span class='ocrx_word' id='word_1_86' title='bbox 1673 1231 1782 1287; x_wconf 90' lang='lat' dir='ltr'><strong>quo</strong></span> <span class='ocrx_word' id='word_1_87' title='bbox 1834 1225 1960 1271; x_wconf 92' lang='lat' dir='ltr'><strong>sunt</strong></span> <span class='ocrx_word' id='word_1_88' title='bbox 1989 1219 2172 1272; x_wconf 90' lang='lat' dir='ltr'><strong>omnia</strong></span> 
     </span>
    </p>
   </div>
   <div class='ocr_carea' id='block_1_13' title="bbox 582 1308 2176 1378">
    <p class='ocr_par' dir='ltr' id='par_1_13' title="bbox 582 1308 2176 1378">
     <span class='ocr_line' id='line_1_13' title="bbox 582 1308 2176 1378; baseline 0.001 -16"><span class='ocrx_word' id='word_1_89' title='bbox 582 1315 938 1374; x_wconf 74' lang='lat' dir='ltr'><strong>aeternorum,</strong></span> <span class='ocrx_word' id='word_1_90' title='bbox 969 1322 1092 1378; x_wconf 67' lang='lat' dir='ltr'><strong>qua:</strong></span> <span class='ocrx_word' id='word_1_91' title='bbox 1121 1322 1229 1362; x_wconf 89' lang='lat' dir='ltr'><strong>non</strong></span> <span class='ocrx_word' id='word_1_92' title='bbox 1249 1308 1527 1376; x_wconf 89' lang='lat' dir='ltr'><strong>videntur,</strong></span> <span class='ocrx_word' id='word_1_93' title='bbox 1557 1318 1612 1365; x_wconf 93' lang='lat' dir='ltr'><strong>et</strong></span> <span class='ocrx_word' id='word_1_94' title='bbox 1638 1309 1759 1366; x_wconf 92' lang='lat' dir='ltr'><strong>ideo</strong></span> <span class='ocrx_word' id='word_1_95' title='bbox 1784 1325 1974 1366; x_wconf 92' lang='lat' dir='ltr'><strong>secura</strong></span> <span class='ocrx_word' id='word_1_96' title='bbox 2003 1309 2176 1365; x_wconf 83' lang='lat' dir='ltr'><strong>facul-</strong></span> 
     </span>
    </p>
   </div>
   <div class='ocr_carea' id='block_1_14' title="bbox 580 1397 2175 1469">
    <p class='ocr_par' dir='ltr' id='par_1_14' title="bbox 580 1397 2175 1469">
     <span class='ocr_line' id='line_1_14' title="bbox 580 1397 2175 1469; baseline 0.006 -19"><span class='ocrx_word' id='word_1_97' title='bbox 580 1403 720 1454; x_wconf 84' lang='lat' dir='ltr'><strong>tates</strong></span> <span class='ocrx_word' id='word_1_98' title='bbox 773 1397 1150 1469; x_wconf 86' lang='lat' dir='ltr'><strong>temporalium</strong></span> <span class='ocrx_word' id='word_1_99' title='bbox 1202 1399 1396 1456; x_wconf 88' lang='lat' dir='ltr'><strong>melius</strong></span> <span class='ocrx_word' id='word_1_100' title='bbox 1435 1417 1503 1456; x_wconf 91' lang='lat' dir='ltr'><strong>eo</strong></span> <span class='ocrx_word' id='word_1_101' title='bbox 1541 1402 1809 1469; x_wconf 85' lang='lat' dir='ltr'><strong>recondit,</strong></span> <span class='ocrx_word' id='word_1_102' title='bbox 1845 1411 1906 1458; x_wconf 89' lang='lat' dir='ltr'><strong>ut</strong></span> <span class='ocrx_word' id='word_1_103' title='bbox 1941 1412 2175 1460; x_wconf 73' lang='lat' dir='ltr'><strong>aeternas</strong></span> 
     </span>
    </p>
   </div>
   <div class='ocr_carea' id='block_1_15' title="bbox 582 1488 2172 1564">
    <p class='ocr_par' dir='ltr' id='par_1_15' title="bbox 582 1488 2172 1564">
     <span class='ocr_line' id='line_1_15' title="bbox 582 1488 2172 1564; baseline 0.003 -20"><span class='ocrx_word' id='word_1_104' title='bbox 582 1503 676 1545; x_wconf 89' lang='lat' dir='ltr'><strong>eas</strong></span> <span class='ocrx_word' id='word_1_105' title='bbox 707 1488 972 1558; x_wconf 88' lang='lat' dir='ltr'><strong>recipiat;</strong></span> <span class='ocrx_word' id='word_1_106' title='bbox 1009 1489 1165 1561; x_wconf 87' lang='lat' dir='ltr'><strong>quasi</strong></span> <span class='ocrx_word' id='word_1_107' title='bbox 1199 1503 1368 1560; x_wconf 87' lang='lat' dir='ltr'><strong>penes</strong></span> <span class='ocrx_word' id='word_1_108' title='bbox 1392 1490 1533 1546; x_wconf 90' lang='lat' dir='ltr'><strong>hanc</strong></span> <span class='ocrx_word' id='word_1_109' title='bbox 1557 1491 1728 1547; x_wconf 90' lang='lat' dir='ltr'><strong>vitam</strong></span> <span class='ocrx_word' id='word_1_110' title='bbox 1756 1491 1875 1549; x_wconf 91' lang='lat' dir='ltr'><strong>illas</strong></span> <span class='ocrx_word' id='word_1_111' title='bbox 1896 1493 2172 1564; x_wconf 90' lang='lat' dir='ltr'><strong>expende-</strong></span> 
     </span>
    </p>
   </div>
   <div class='ocr_carea' id='block_1_16' title="bbox 581 1576 2174 1655">
    <p class='ocr_par' dir='ltr' id='par_1_16' title="bbox 581 1576 2174 1655">
     <span class='ocr_line' id='line_1_16' title="bbox 581 1576 2174 1655; baseline 0.005 -22"><span class='ocrx_word' id='word_1_112' title='bbox 581 1588 699 1645; x_wconf 88' lang='lat' dir='ltr'><strong>ret;</strong></span> <span class='ocrx_word' id='word_1_113' title='bbox 729 1576 933 1635; x_wconf 79' lang='lat' dir='ltr'><strong>fruitur</strong></span> <span class='ocrx_word' id='word_1_114' title='bbox 953 1579 1100 1635; x_wconf 89' lang='lat' dir='ltr'><strong>enim</strong></span> <span class='ocrx_word' id='word_1_115' title='bbox 1119 1594 1257 1650; x_wconf 87' lang='lat' dir='ltr'><strong>pace</strong></span> <span class='ocrx_word' id='word_1_116' title='bbox 1276 1596 1376 1652; x_wconf 91' lang='lat' dir='ltr'><strong>per</strong></span> <span class='ocrx_word' id='word_1_117' title='bbox 1399 1580 1697 1651; x_wconf 88' lang='lat' dir='ltr'><strong>Christum,</strong></span> <span class='ocrx_word' id='word_1_118' title='bbox 1718 1583 1834 1655; x_wconf 88' lang='lat' dir='ltr'><strong>jam</strong></span> <span class='ocrx_word' id='word_1_119' title='bbox 1852 1584 1965 1640; x_wconf 90' lang='lat' dir='ltr'><strong>Deo</strong></span> <span class='ocrx_word' id='word_1_120' title='bbox 1982 1600 2174 1641; x_wconf 88' lang='lat' dir='ltr'><strong>recon-</strong></span> 
     </span>
    </p>
   </div>
   <div class='ocr_carea' id='block_1_17' title="bbox 578 1671 2172 1746">
    <p class='ocr_par' dir='ltr' id='par_1_17' title="bbox 578 1671 2172 1746">
     <span class='ocr_line' id='line_1_17' title="bbox 578 1671 2172 1746; baseline 0.003 -19"><span class='ocrx_word' id='word_1_121' title='bbox 578 1671 760 1727; x_wconf 90' lang='lat' dir='ltr'><strong>ciliata</strong></span> <span class='ocrx_word' id='word_1_122' title='bbox 787 1671 843 1726; x_wconf 93' lang='lat' dir='ltr'><strong>in</strong></span> <span class='ocrx_word' id='word_1_123' title='bbox 871 1671 1214 1740; x_wconf 65' lang='lat' dir='ltr'><strong>caelestibus,</strong></span> <span class='ocrx_word' id='word_1_124' title='bbox 1240 1690 1359 1745; x_wconf 81' lang='lat' dir='ltr'><strong>qua:</strong></span> <span class='ocrx_word' id='word_1_125' title='bbox 1381 1684 1661 1746; x_wconf 71' lang='lat' dir='ltr'><strong>exsuperat</strong></span> <span class='ocrx_word' id='word_1_126' title='bbox 1715 1692 1919 1731; x_wconf 84' lang='lat' dir='ltr'><strong>omnem</strong></span> <span class='ocrx_word' id='word_1_127' title='bbox 1960 1693 2172 1733; x_wconf 80' lang='lat' dir='ltr'><strong>sensum</strong></span> 
     </span>
    </p>
   </div>
   <div class='ocr_carea' id='block_1_18' title="bbox 577 1760 2170 1836">
    <p class='ocr_par' dir='ltr' id='par_1_18' title="bbox 577 1760 2170 1836">
     <span class='ocr_line' id='line_1_18' title="bbox 577 1760 2170 1836; baseline 0.005 -22"><span class='ocrx_word' id='word_1_128' title='bbox 577 1760 745 1832; x_wconf 79' lang='lat' dir='ltr'><strong>(Phil.</strong></span> <span class='ocrx_word' id='word_1_129' title='bbox 770 1777 847 1828; x_wconf 75' lang='lat' dir='ltr'><strong>iv,</strong></span> <span class='ocrx_word' id='word_1_130' title='bbox 881 1761 958 1834; x_wconf 89' lang='lat'><strong>7).</strong></span> <span class='ocrx_word' id='word_1_131' title='bbox 993 1761 1125 1830; x_wconf 82' lang='lat' dir='ltr'><strong>Quae</strong></span> <span class='ocrx_word' id='word_1_132' title='bbox 1150 1763 1406 1819; x_wconf 89' lang='lat' dir='ltr'><strong>nimirum</strong></span> <span class='ocrx_word' id='word_1_133' title='bbox 1433 1780 1537 1836; x_wconf 84' lang='lat' dir='ltr'><strong>pax</strong></span> <span class='ocrx_word' id='word_1_134' title='bbox 1567 1766 1802 1823; x_wconf 88' lang='lat' dir='ltr'><strong>custodit</strong></span> <span class='ocrx_word' id='word_1_135' title='bbox 1840 1766 2004 1824; x_wconf 92' lang='lat' dir='ltr'><strong>corda</strong></span> <span class='ocrx_word' id='word_1_136' title='bbox 2034 1766 2170 1824; x_wconf 88' lang='lat' dir='ltr'><strong>ﬁde-</strong></span> 
     </span>
    </p>
   </div>
   <div class='ocr_carea' id='block_1_19' title="bbox 2279 569 3876 643">
    <p class='ocr_par' dir='ltr' id='par_1_19' title="bbox 2279 569 3876 643">
     <span class='ocr_line' id='line_1_19' title="bbox 2279 569 3876 643; baseline 0.003 -17"><span class='ocrx_word' id='word_1_137' title='bbox 2279 586 2567 643; x_wconf 91' lang='lat' dir='ltr'><strong>meumque</strong></span> <span class='ocrx_word' id='word_1_138' title='bbox 2615 570 2901 643; x_wconf 89' lang='lat' dir='ltr'><strong>implorate</strong></span> <span class='ocrx_word' id='word_1_139' title='bbox 2929 569 3214 636; x_wconf 78' lang='lat' dir='ltr'><strong>auxilium,</strong></span> <span class='ocrx_word' id='word_1_140' title='bbox 3239 569 3368 641; x_wconf 89' lang='lat' dir='ltr'><strong>quia</strong></span> <span class='ocrx_word' id='word_1_141' title='bbox 3404 570 3458 624; x_wconf 92' lang='lat' dir='ltr'><strong>in</strong></span> <span class='ocrx_word' id='word_1_142' title='bbox 3491 585 3612 627; x_wconf 89' lang='lat' dir='ltr'><strong>mea</strong></span> <span class='ocrx_word' id='word_1_143' title='bbox 3639 573 3876 631; x_wconf 82' lang='lat' dir='ltr'><strong>victoria</strong></span> 
     </span>
    </p>
   </div>
   <div class='ocr_carea' id='block_1_20' title="bbox 2276 661 3873 736">
    <p class='ocr_par' dir='ltr' id='par_1_20' title="bbox 2276 661 3873 736">
     <span class='ocr_line' id='line_1_20' title="bbox 2276 661 3873 736; baseline 0.004 -20"><span class='ocrx_word' id='word_1_144' title='bbox 2276 673 2457 720; x_wconf 88' lang='lat' dir='ltr'><strong>vestra</strong></span> <span class='ocrx_word' id='word_1_145' title='bbox 2484 672 2569 720; x_wconf 90' lang='lat' dir='ltr'><strong>est</strong></span> <span class='ocrx_word' id='word_1_146' title='bbox 2597 661 2879 721; x_wconf 78' lang='lat' dir='ltr'><strong>fortitudo.</strong></span> <span class='ocrx_word' id='word_1_147' title='bbox 2907 662 3202 730; x_wconf 89' lang='lat' dir='ltr'><strong>Conﬁdite,</strong></span> <span class='ocrx_word' id='word_1_148' title='bbox 3231 663 3428 736; x_wconf 89' lang='lat' dir='ltr'><strong>inquit,</strong></span> <span class='ocrx_word' id='word_1_149' title='bbox 3455 680 3560 721; x_wconf 92' lang='lat' dir='ltr'><strong>non</strong></span> <span class='ocrx_word' id='word_1_150' title='bbox 3593 665 3664 722; x_wconf 92' lang='lat' dir='ltr'><strong>de</strong></span> <span class='ocrx_word' id='word_1_151' title='bbox 3689 668 3873 736; x_wconf 87' lang='lat' dir='ltr'><strong>vobis,</strong></span> 
     </span>
    </p>
   </div>
   <div class='ocr_carea' id='block_1_21' title="bbox 2276 754 3872 826">
    <p class='ocr_par' dir='ltr' id='par_1_21' title="bbox 2276 754 3872 826">
     <span class='ocr_line' id='line_1_21' title="bbox 2276 754 3872 826; baseline 0.003 -17"><span class='ocrx_word' id='word_1_152' title='bbox 2276 754 2372 810; x_wconf 88' lang='lat' dir='ltr'><strong>sed</strong></span> <span class='ocrx_word' id='word_1_153' title='bbox 2416 754 2484 810; x_wconf 92' lang='lat' dir='ltr'><strong>de</strong></span> <span class='ocrx_word' id='word_1_154' title='bbox 2519 769 2638 810; x_wconf 90' lang='lat' dir='ltr'><strong>mea</strong></span> <span class='ocrx_word' id='word_1_155' title='bbox 2671 754 2932 822; x_wconf 81' lang='lat' dir='ltr'><strong>victoria;</strong></span> <span class='ocrx_word' id='word_1_156' title='bbox 2975 755 3232 825; x_wconf 86' lang='lat' dir='ltr'><strong>quoniam</strong></span> <span class='ocrx_word' id='word_1_157' title='bbox 3265 768 3366 826; x_wconf 88' lang='lat' dir='ltr'><strong>ego</strong></span> <span class='ocrx_word' id='word_1_158' title='bbox 3417 754 3524 810; x_wconf 90' lang='lat' dir='ltr'><strong>vici</strong></span> <span class='ocrx_word' id='word_1_159' title='bbox 3581 756 3872 814; x_wconf 88' lang='lat' dir='ltr'><strong>mundum.</strong></span> 
     </span>
    </p>
   </div>
   <div class='ocr_carea' id='block_1_22' title="bbox 2276 845 3878 918">
    <p class='ocr_par' dir='ltr' id='par_1_22' title="bbox 2276 845 3878 918">
     <span class='ocr_line' id='line_1_22' title="bbox 2276 845 3878 918; baseline 0.004 -17"><span class='ocrx_word' id='word_1_160' title='bbox 2276 845 2407 902; x_wconf 65' lang='lat' dir='ltr'><strong>Meae</strong></span> <span class='ocrx_word' id='word_1_161' title='bbox 2443 847 2664 918; x_wconf 91' lang='lat' dir='ltr'><strong>quidem</strong></span> <span class='ocrx_word' id='word_1_162' title='bbox 2704 847 2990 918; x_wconf 83' lang='lat' dir='ltr'><strong>potestatis</strong></span> <span class='ocrx_word' id='word_1_163' title='bbox 3019 855 3142 914; x_wconf 92' lang='lat' dir='ltr'><strong>est,</strong></span> <span class='ocrx_word' id='word_1_164' title='bbox 3171 846 3316 917; x_wconf 89' lang='lat' dir='ltr'><strong>quod</strong></span> <span class='ocrx_word' id='word_1_165' title='bbox 3337 846 3444 902; x_wconf 87' lang='lat' dir='ltr'><strong>vici</strong></span> <span class='ocrx_word' id='word_1_166' title='bbox 3470 887 3488 913; x_wconf 92' lang='lat'><strong>,</strong></span> <span class='ocrx_word' id='word_1_167' title='bbox 3519 863 3687 918; x_wconf 87' lang='lat' dir='ltr'><strong>quam</strong></span> <span class='ocrx_word' id='word_1_168' title='bbox 3735 864 3878 908; x_wconf 85' lang='lat' dir='ltr'><strong>sane</strong></span> 
     </span>
    </p>
   </div>
   <div class='ocr_carea' id='block_1_23' title="bbox 2273 939 3873 1010">
    <p class='ocr_par' dir='ltr' id='par_1_23' title="bbox 2273 939 3873 1010">
     <span class='ocr_line' id='line_1_23' title="bbox 2273 939 3873 1010; baseline 0.002 -15"><span class='ocrx_word' id='word_1_169' title='bbox 2273 947 2622 1008; x_wconf 88' lang='lat' dir='ltr'><strong>potestatem,</strong></span> <span class='ocrx_word' id='word_1_170' title='bbox 2649 949 2705 996; x_wconf 90' lang='lat' dir='ltr'><strong>et</strong></span> <span class='ocrx_word' id='word_1_171' title='bbox 2730 939 2856 996; x_wconf 92' lang='lat' dir='ltr'><strong>ﬁdei</strong></span> <span class='ocrx_word' id='word_1_172' title='bbox 2885 939 3010 1010; x_wconf 88' lang='lat' dir='ltr'><strong>jure</strong></span> <span class='ocrx_word' id='word_1_173' title='bbox 3035 940 3319 1008; x_wconf 88' lang='lat' dir='ltr'><strong>concessi;</strong></span> <span class='ocrx_word' id='word_1_174' title='bbox 3346 948 3558 997; x_wconf 86' lang='lat' dir='ltr'><strong>tantum</strong></span> <span class='ocrx_word' id='word_1_175' title='bbox 3585 941 3873 1001; x_wconf 87' lang='lat' dir='ltr'><strong>conﬁdite.</strong></span> 
     </span>
    </p>
   </div>
   <div class='ocr_carea' id='block_1_24' title="bbox 2277 1029 3877 1104">
    <p class='ocr_par' dir='ltr' id='par_1_24' title="bbox 2277 1029 3877 1104">
     <span class='ocr_line' id='line_1_24' title="bbox 2277 1029 3877 1104; baseline 0.002 -18"><span class='ocrx_word' id='word_1_176' title='bbox 2277 1029 2414 1087; x_wconf 83' lang='lat' dir='ltr'><strong>Hinc</strong></span> <span class='ocrx_word' id='word_1_177' title='bbox 2464 1045 2679 1103; x_wconf 85' lang='lat' dir='ltr'><strong>quoque</strong></span> <span class='ocrx_word' id='word_1_178' title='bbox 2727 1031 3052 1104; x_wconf 77' lang='lat' dir='ltr'><strong>Apostolus,</strong></span> <span class='ocrx_word' id='word_1_179' title='bbox 3096 1041 3147 1088; x_wconf 89' lang='lat' dir='ltr'><strong>et</strong></span> <span class='ocrx_word' id='word_1_180' title='bbox 3203 1032 3316 1088; x_wconf 70' lang='lat' dir='ltr'><strong>tuac</strong></span> <span class='ocrx_word' id='word_1_181' title='bbox 3348 1039 3425 1088; x_wconf 87' lang='lat' dir='ltr'><strong>est</strong></span> <span class='ocrx_word' id='word_1_182' title='bbox 3456 1032 3710 1098; x_wconf 81' lang='lat' dir='ltr'><strong>victoria,</strong></span> <span class='ocrx_word' id='word_1_183' title='bbox 3751 1050 3877 1104; x_wconf 63' lang='lat' dir='ltr'><strong>qui:</strong></span> 
     </span>
    </p>
   </div>
   <div class='ocr_carea' id='block_1_25' title="bbox 2275 1123 3874 1197">
    <p class='ocr_par' dir='ltr' id='par_1_25' title="bbox 2275 1123 3874 1197">
     <span class='ocr_line' id='line_1_25' title="bbox 2275 1123 3874 1197; baseline 0.003 -19"><span class='ocrx_word' id='word_1_184' title='bbox 2275 1123 2431 1178; x_wconf 80' lang='lat' dir='ltr'><strong>uincit</strong></span> <span class='ocrx_word' id='word_1_185' title='bbox 2461 1124 2718 1180; x_wconf 85' lang='lat' dir='ltr'><strong>mundum</strong></span> <span class='ocrx_word' id='word_1_186' title='bbox 2743 1165 2760 1192; x_wconf 91' lang='lat'><strong>,</strong></span> <span class='ocrx_word' id='word_1_187' title='bbox 2799 1125 2932 1194; x_wconf 72' lang='lat' dir='ltr'><strong>ﬁdes</strong></span> <span class='ocrx_word' id='word_1_188' title='bbox 2958 1134 3140 1180; x_wconf 88' lang='lat' dir='ltr'><strong>nostra</strong></span> <span class='ocrx_word' id='word_1_189' title='bbox 3165 1123 3350 1196; x_wconf 82' lang='lat' dir='ltr'><strong>(Joan.</strong></span> <span class='ocrx_word' id='word_1_190' title='bbox 3374 1139 3439 1191; x_wconf 93' lang='lat' dir='ltr'><strong>v,</strong></span> <span class='ocrx_word' id='word_1_191' title='bbox 3470 1124 3550 1197; x_wconf 73' lang='grc' dir='ltr'><strong>ι).</strong></span> <span class='ocrx_word' id='word_1_192' title='bbox 3582 1124 3718 1192; x_wconf 66' lang='lat' dir='ltr'><strong>Qum</strong></span> <span class='ocrx_word' id='word_1_193' title='bbox 3739 1141 3874 1196; x_wconf 88' lang='lat' dir='ltr'><strong>pro-</strong></span> 
     </span>
    </p>
   </div>
   <div class='ocr_carea' id='block_1_26' title="bbox 2276 1213 3878 1282">
    <p class='ocr_par' dir='ltr' id='par_1_26' title="bbox 2276 1213 3878 1282">
     <span class='ocr_line' id='line_1_26' title="bbox 2276 1213 3878 1282; baseline 0.001 -12"><span class='ocrx_word' id='word_1_194' title='bbox 2276 1213 2419 1271; x_wconf 91' lang='lat' dir='ltr'><strong>fecto</strong></span> <span class='ocrx_word' id='word_1_195' title='bbox 2445 1214 2601 1282; x_wconf 91' lang='lat' dir='ltr'><strong>ﬁdes,</strong></span> <span class='ocrx_word' id='word_1_196' title='bbox 2630 1215 2737 1272; x_wconf 87' lang='lat' dir='ltr'><strong>nisi</strong></span> <span class='ocrx_word' id='word_1_197' title='bbox 2766 1215 3156 1272; x_wconf 89' lang='lat' dir='ltr'><strong>conﬁdentiam</strong></span> <span class='ocrx_word' id='word_1_198' title='bbox 3184 1215 3386 1272; x_wconf 83' lang='lat' dir='ltr'><strong>habeat</strong></span> <span class='ocrx_word' id='word_1_199' title='bbox 3433 1216 3503 1272; x_wconf 90' lang='lat' dir='ltr'><strong>de</strong></span> <span class='ocrx_word' id='word_1_200' title='bbox 3547 1215 3756 1272; x_wconf 88' lang='lat' dir='ltr'><strong>Christi</strong></span> <span class='ocrx_word' id='word_1_201' title='bbox 3793 1218 3878 1272; x_wconf 87' lang='lat' dir='ltr'><strong>vi-</strong></span> 
     </span>
    </p>
   </div>
   <div class='ocr_carea' id='block_1_27' title="bbox 2273 1309 3877 1381">
    <p class='ocr_par' dir='ltr' id='par_1_27' title="bbox 2273 1309 3877 1381">
     <span class='ocr_line' id='line_1_27' title="bbox 2273 1309 3877 1381; baseline 0.002 -16"><span class='ocrx_word' id='word_1_202' title='bbox 2273 1309 2446 1365; x_wconf 87' lang='lat' dir='ltr'><strong>ctoria</strong></span> <span class='ocrx_word' id='word_1_203' title='bbox 2477 1349 2493 1376; x_wconf 95' lang='lat'><strong>,</strong></span> <span class='ocrx_word' id='word_1_204' title='bbox 2543 1309 2892 1376; x_wconf 88' lang='lat' dir='ltr'><strong>inﬁrmatur;</strong></span> <span class='ocrx_word' id='word_1_205' title='bbox 2927 1319 2982 1366; x_wconf 92' lang='lat' dir='ltr'><strong>et</strong></span> <span class='ocrx_word' id='word_1_206' title='bbox 3008 1309 3132 1366; x_wconf 91' lang='lat' dir='ltr'><strong>ideo</strong></span> <span class='ocrx_word' id='word_1_207' title='bbox 3167 1310 3394 1366; x_wconf 83' lang='lat' dir='ltr'><strong>credere</strong></span> <span class='ocrx_word' id='word_1_208' title='bbox 3415 1317 3630 1381; x_wconf 90' lang='lat' dir='ltr'><strong>oportet</strong></span> <span class='ocrx_word' id='word_1_209' title='bbox 3657 1326 3727 1366; x_wconf 88' lang='lat' dir='ltr'><strong>ex</strong></span> <span class='ocrx_word' id='word_1_210' title='bbox 3756 1318 3877 1368; x_wconf 90' lang='lat' dir='ltr'><strong>toto</strong></span> 
     </span>
    </p>
   </div>
   <div class='ocr_carea' id='block_1_28' title="bbox 2275 1401 3875 1474">
    <p class='ocr_par' dir='ltr' id='par_1_28' title="bbox 2275 1401 3875 1474">
     <span class='ocr_line' id='line_1_28' title="bbox 2275 1401 3875 1474; baseline -0.001 -16"><span class='ocrx_word' id='word_1_211' title='bbox 2275 1401 2460 1468; x_wconf 91' lang='lat' dir='ltr'><strong>corde,</strong></span> <span class='ocrx_word' id='word_1_212' title='bbox 2487 1401 2633 1472; x_wconf 86' lang='lat' dir='ltr'><strong>quod</strong></span> <span class='ocrx_word' id='word_1_213' title='bbox 2681 1401 2973 1472; x_wconf 86' lang='lat' dir='ltr'><strong>promisit:</strong></span> <span class='ocrx_word' id='word_1_214' title='bbox 3007 1401 3122 1474; x_wconf 85' lang='lat' dir='ltr'><strong>Ego</strong></span> <span class='ocrx_word' id='word_1_215' title='bbox 3156 1402 3423 1458; x_wconf 78' lang='lat' dir='ltr'><strong>vobiscum</strong></span> <span class='ocrx_word' id='word_1_216' title='bbox 3451 1419 3569 1457; x_wconf 86' lang='lat' dir='ltr'><strong>sum</strong></span> <span class='ocrx_word' id='word_1_217' title='bbox 3594 1419 3762 1471; x_wconf 82' lang='lat' dir='ltr'><strong>usque</strong></span> <span class='ocrx_word' id='word_1_218' title='bbox 3802 1402 3875 1456; x_wconf 80' lang='lat' dir='ltr'><strong>ad</strong></span> 
     </span>
    </p>
   </div>
   <div class='ocr_carea' id='block_1_29' title="bbox 2273 1491 3875 1564">
    <p class='ocr_par' dir='ltr' id='par_1_29' title="bbox 2273 1491 3875 1564">
     <span class='ocr_line' id='line_1_29' title="bbox 2273 1491 3875 1564; baseline 0.002 -19"><span class='ocrx_word' id='word_1_219' title='bbox 2273 1493 2775 1548; x_wconf 80' lang='lat' dir='ltr'><strong>consummationem</strong></span> <span class='ocrx_word' id='word_1_220' title='bbox 2799 1492 2982 1547; x_wconf 79' lang='lat' dir='ltr'><strong>swculi</strong></span> <span class='ocrx_word' id='word_1_221' title='bbox 3003 1491 3222 1563; x_wconf 77' lang='lat' dir='ltr'><strong>(Matth.</strong></span> <span class='ocrx_word' id='word_1_222' title='bbox 3247 1507 3444 1559; x_wconf 82' lang='lat' dir='ltr'><strong>xxvm,</strong></span> <span class='ocrx_word' id='word_1_223' title='bbox 3473 1491 3586 1563; x_wconf 72' lang='lat'><strong>‘20).</strong></span> <span class='ocrx_word' id='word_1_224' title='bbox 3617 1492 3704 1548; x_wconf 84' lang='lat' dir='ltr'><strong>Ad</strong></span> <span class='ocrx_word' id='word_1_225' title='bbox 3723 1493 3875 1564; x_wconf 87' lang='lat' dir='ltr'><strong>quod</strong></span> 
     </span>
    </p>
   </div>
   <div class='ocr_carea' id='block_1_30' title="bbox 2273 1582 3876 1655">
    <p class='ocr_par' dir='ltr' id='par_1_30' title="bbox 2273 1582 3876 1655">
     <span class='ocr_line' id='line_1_30' title="bbox 2273 1582 3876 1655; baseline 0.001 -15"><span class='ocrx_word' id='word_1_226' title='bbox 2273 1599 2402 1655; x_wconf 88' lang='lat' dir='ltr'><strong>ergo</strong></span> <span class='ocrx_word' id='word_1_227' title='bbox 2429 1583 2713 1640; x_wconf 89' lang='lat' dir='ltr'><strong>nobiscum</strong></span> <span class='ocrx_word' id='word_1_228' title='bbox 2764 1598 2826 1641; x_wconf 91' lang='lat' dir='ltr'><strong>se</strong></span> <span class='ocrx_word' id='word_1_229' title='bbox 2872 1582 3159 1654; x_wconf 86' lang='lat' dir='ltr'><strong>pollicetur</strong></span> <span class='ocrx_word' id='word_1_230' title='bbox 3183 1583 3496 1650; x_wconf 80' lang='lat' dir='ltr'><strong>aﬁ&#39;uturum,</strong></span> <span class='ocrx_word' id='word_1_231' title='bbox 3540 1583 3646 1640; x_wconf 90' lang='lat' dir='ltr'><strong>nisi</strong></span> <span class='ocrx_word' id='word_1_232' title='bbox 3679 1600 3876 1641; x_wconf 88' lang='lat' dir='ltr'><strong>rursus</strong></span> 
     </span>
    </p>
   </div>
   <div class='ocr_carea' id='block_1_31' title="bbox 2272 1675 3876 1747">
    <p class='ocr_par' dir='ltr' id='par_1_31' title="bbox 2272 1675 3876 1747">
     <span class='ocr_line' id='line_1_31' title="bbox 2272 1675 3876 1747; baseline 0.002 -19"><span class='ocrx_word' id='word_1_233' title='bbox 2272 1683 2332 1729; x_wconf 90' lang='lat' dir='ltr'><strong>ut</strong></span> <span class='ocrx_word' id='word_1_234' title='bbox 2383 1683 2630 1747; x_wconf 90' lang='lat' dir='ltr'><strong>pugnet,</strong></span> <span class='ocrx_word' id='word_1_235' title='bbox 2662 1683 2719 1730; x_wconf 91' lang='lat' dir='ltr'><strong>et</strong></span> <span class='ocrx_word' id='word_1_236' title='bbox 2753 1675 2938 1731; x_wconf 88' lang='lat' dir='ltr'><strong>vincat</strong></span> <span class='ocrx_word' id='word_1_237' title='bbox 2967 1675 3023 1731; x_wconf 89' lang='lat' dir='ltr'><strong>in</strong></span> <span class='ocrx_word' id='word_1_238' title='bbox 3056 1676 3250 1732; x_wconf 86' lang='lat' dir='ltr'><strong>nobis?</strong></span> <span class='ocrx_word' id='word_1_239' title='bbox 3292 1676 3437 1747; x_wconf 88' lang='lat' dir='ltr'><strong>quod</strong></span> <span class='ocrx_word' id='word_1_240' title='bbox 3485 1688 3508 1716; x_wconf 74' lang='grc' dir='ltr'><strong>ε</strong></span> <span class='ocrx_word' id='word_1_241' title='bbox 3553 1675 3601 1732; x_wconf 88' lang='lat' dir='ltr'><strong>si</strong></span> <span class='ocrx_word' id='word_1_242' title='bbox 3625 1691 3759 1732; x_wconf 88' lang='lat' dir='ltr'><strong>vera</strong></span> <span class='ocrx_word' id='word_1_243' title='bbox 3788 1688 3876 1733; x_wconf 90' lang='lat' dir='ltr'><strong>est</strong></span> 
     </span>
    </p>
   </div>
   <div class='ocr_carea' id='block_1_32' title="bbox 2274 1763 3874 1838">
    <p class='ocr_par' dir='ltr' id='par_1_32' title="bbox 2274 1763 3874 1838">
     <span class='ocr_line' id='line_1_32' title="bbox 2274 1763 3874 1838; baseline 0.003 -20"><span class='ocrx_word' id='word_1_244' title='bbox 2274 1763 2432 1829; x_wconf 89' lang='lat' dir='ltr'><strong>ﬁdes,</strong></span> <span class='ocrx_word' id='word_1_245' title='bbox 2473 1764 2670 1820; x_wconf 88' lang='lat' dir='ltr'><strong>talibus</strong></span> <span class='ocrx_word' id='word_1_246' title='bbox 2698 1773 2753 1820; x_wconf 92' lang='lat' dir='ltr'><strong>et</strong></span> <span class='ocrx_word' id='word_1_247' title='bbox 2780 1764 3087 1836; x_wconf 90' lang='lat' dir='ltr'><strong>hujusmodi</strong></span> <span class='ocrx_word' id='word_1_248' title='bbox 3127 1765 3378 1820; x_wconf 89' lang='lat' dir='ltr'><strong>ﬁrmatur</strong></span> <span class='ocrx_word' id='word_1_249' title='bbox 3411 1765 3700 1838; x_wconf 87' lang='lat' dir='ltr'><strong>promissis</strong></span> <span class='ocrx_word' id='word_1_250' title='bbox 3729 1807 3745 1832; x_wconf 92' lang='lat'><strong>,</strong></span> <span class='ocrx_word' id='word_1_251' title='bbox 3803 1781 3874 1823; x_wconf 89' lang='lat' dir='ltr'><strong>ne</strong></span> 
     </span>
    </p>
   </div>
   <div class='ocr_carea' id='block_1_33' title="bbox 573 1845 3876 1929">
    <p class='ocr_par' dir='ltr' id='par_1_33' title="bbox 573 1845 3876 1929">
     <span class='ocr_line' id='line_1_33' title="bbox 573 1845 3876 1929; baseline 0.002 -21"><span class='ocrx_word' id='word_1_252' title='bbox 573 1853 727 1921; x_wconf 86' lang='lat' dir='ltr'><strong>lium,</strong></span> <span class='ocrx_word' id='word_1_253' title='bbox 759 1866 815 1911; x_wconf 91' lang='lat' dir='ltr'><strong>et</strong></span> <span class='ocrx_word' id='word_1_254' title='bbox 841 1855 1275 1928; x_wconf 83' lang='lat' dir='ltr'><strong>intelligentiam,</strong></span> <span class='ocrx_word' id='word_1_255' title='bbox 1304 1872 1373 1913; x_wconf 92' lang='lat' dir='ltr'><strong>ne</strong></span> <span class='ocrx_word' id='word_1_256' title='bbox 1398 1873 1457 1913; x_wconf 91' lang='lat' dir='ltr'><strong>se</strong></span> <span class='ocrx_word' id='word_1_257' title='bbox 1472 1858 1755 1914; x_wconf 87' lang='lat' dir='ltr'><strong>subtrahat</strong></span> <span class='ocrx_word' id='word_1_258' title='bbox 1783 1858 1945 1916; x_wconf 90' lang='lat' dir='ltr'><strong>altius</strong></span> <span class='ocrx_word' id='word_1_259' title='bbox 1970 1868 2030 1914; x_wconf 90' lang='lat' dir='ltr'><strong>ut</strong></span> <span class='ocrx_word' id='word_1_260' title='bbox 2058 1874 2172 1914; x_wconf 91' lang='lat' dir='ltr'><strong>mo-</strong></span> <span class='ocrx_word' id='word_1_261' title='bbox 2199 1845 2248 1906; x_wconf 82' lang='grc' dir='ltr'><strong>Β</strong></span> <span class='ocrx_word' id='word_1_262' title='bbox 2281 1849 2530 1923; x_wconf 69' lang='lat' dir='ltr'><strong>deﬁciat,</strong></span> <span class='ocrx_word' id='word_1_263' title='bbox 2562 1855 2690 1912; x_wconf 92' lang='lat' dir='ltr'><strong>dum</strong></span> <span class='ocrx_word' id='word_1_264' title='bbox 2719 1856 3014 1928; x_wconf 88' lang='lat' dir='ltr'><strong>impellitur</strong></span> <span class='ocrx_word' id='word_1_265' title='bbox 3047 1876 3059 1912; x_wconf 94' lang='lat'>:</span> <span class='ocrx_word' id='word_1_266' title='bbox 3091 1857 3356 1929; x_wconf 91' lang='lat' dir='ltr'><strong>alioquin,</strong></span> <span class='ocrx_word' id='word_1_267' title='bbox 3389 1858 3494 1914; x_wconf 91' lang='lat' dir='ltr'><strong>nisi</strong></span> <span class='ocrx_word' id='word_1_268' title='bbox 3529 1874 3595 1915; x_wconf 89' lang='lat' dir='ltr'><strong>ea</strong></span> <span class='ocrx_word' id='word_1_269' title='bbox 3621 1860 3876 1916; x_wconf 81' lang='lat' dir='ltr'><strong>credide-</strong></span> 
     </span>
    </p>
   </div>
   <div class='ocr_carea' id='block_1_34' title="bbox 572 1949 2166 2024">
    <p class='ocr_par' dir='ltr' id='par_1_34' title="bbox 572 1949 2166 2024">
     <span class='ocr_line' id='line_1_34' title="bbox 572 1949 2166 2024; baseline 0.002 -21"><span class='ocrx_word' id='word_1_270' title='bbox 572 1959 766 2007; x_wconf 84' lang='lat' dir='ltr'><strong>veatur</strong></span> <span class='ocrx_word' id='word_1_271' title='bbox 795 1966 827 2005; x_wconf 88' lang='lat' dir='ltr'><strong>a</strong></span> <span class='ocrx_word' id='word_1_272' title='bbox 856 1949 986 2017; x_wconf 87' lang='lat' dir='ltr'><strong>ﬁde,</strong></span> <span class='ocrx_word' id='word_1_273' title='bbox 1017 1965 1128 2022; x_wconf 88' lang='lat' dir='ltr'><strong>quo</strong></span> <span class='ocrx_word' id='word_1_274' title='bbox 1153 1966 1261 2006; x_wconf 91' lang='lat' dir='ltr'><strong>non</strong></span> <span class='ocrx_word' id='word_1_275' title='bbox 1291 1959 1529 2023; x_wconf 89' lang='lat' dir='ltr'><strong>oportet.</strong></span> <span class='ocrx_word' id='word_1_276' title='bbox 1564 1949 1700 2006; x_wconf 88' lang='lat' dir='ltr'><strong>Nam</strong></span> <span class='ocrx_word' id='word_1_277' title='bbox 1722 1967 2047 2024; x_wconf 88' lang='lat' dir='ltr'><strong>quocunque</strong></span> <span class='ocrx_word' id='word_1_278' title='bbox 2077 1967 2166 2006; x_wconf 89' lang='lat' dir='ltr'><strong>ra-</strong></span> 
     </span>
    </p>
   </div>
   <div class='ocr_carea' id='block_1_35' title="bbox 576 2042 2168 2113">
    <p class='ocr_par' dir='ltr' id='par_1_35' title="bbox 576 2042 2168 2113">
     <span class='ocr_line' id='line_1_35' title="bbox 576 2042 2168 2113; baseline 0 -14"><span class='ocrx_word' id='word_1_279' title='bbox 576 2045 651 2100; x_wconf 92' lang='lat' dir='ltr'><strong>tio</strong></span> <span class='ocrx_word' id='word_1_280' title='bbox 682 2043 886 2110; x_wconf 88' lang='lat' dir='ltr'><strong>deﬁcit,</strong></span> <span class='ocrx_word' id='word_1_281' title='bbox 912 2043 1000 2098; x_wconf 86' lang='lat' dir='ltr'><strong>vel</strong></span> <span class='ocrx_word' id='word_1_282' title='bbox 1053 2042 1382 2110; x_wconf 89' lang='lat' dir='ltr'><strong>intellectus,</strong></span> <span class='ocrx_word' id='word_1_283' title='bbox 1429 2043 1564 2099; x_wconf 90' lang='lat' dir='ltr'><strong>ﬁdes</strong></span> <span class='ocrx_word' id='word_1_284' title='bbox 1588 2043 1904 2110; x_wconf 87' lang='lat' dir='ltr'><strong>succrescit,</strong></span> <span class='ocrx_word' id='word_1_285' title='bbox 1962 2058 2168 2113; x_wconf 90' lang='lat' dir='ltr'><strong>nosque</strong></span> 
     </span>
    </p>
   </div>
   <div class='ocr_carea' id='block_1_36' title="bbox 572 2136 2168 2208">
    <p class='ocr_par' dir='ltr' id='par_1_36' title="bbox 572 2136 2168 2208">
     <span class='ocr_line' id='line_1_36' title="bbox 572 2136 2168 2208; baseline -0.001 -14"><span class='ocrx_word' id='word_1_286' title='bbox 572 2138 696 2194; x_wconf 89' lang='lat' dir='ltr'><strong>sinu</strong></span> <span class='ocrx_word' id='word_1_287' title='bbox 723 2146 971 2194; x_wconf 90' lang='lat' dir='ltr'><strong>materno</strong></span> <span class='ocrx_word' id='word_1_288' title='bbox 1017 2136 1417 2208; x_wconf 87' lang='lat' dir='ltr'><strong>complectitur,</strong></span> <span class='ocrx_word' id='word_1_289' title='bbox 1449 2145 1503 2192; x_wconf 92' lang='lat' dir='ltr'><strong>et</strong></span> <span class='ocrx_word' id='word_1_290' title='bbox 1528 2137 1722 2202; x_wconf 90' lang='lat' dir='ltr'><strong>nutrit,</strong></span> <span class='ocrx_word' id='word_1_291' title='bbox 1754 2136 1927 2192; x_wconf 89' lang='lat' dir='ltr'><strong>donec</strong></span> <span class='ocrx_word' id='word_1_292' title='bbox 1975 2150 2168 2206; x_wconf 84' lang='lat' dir='ltr'><strong>perve-</strong></span> 
     </span>
    </p>
   </div>
   <div class='ocr_carea' id='block_1_37' title="bbox 571 2228 2168 2300">
    <p class='ocr_par' dir='ltr' id='par_1_37' title="bbox 571 2228 2168 2300">
     <span class='ocr_line' id='line_1_37' title="bbox 571 2228 2168 2300; baseline -0.001 -14"><span class='ocrx_word' id='word_1_293' title='bbox 571 2230 787 2286; x_wconf 88' lang='lat' dir='ltr'><strong>niamus</strong></span> <span class='ocrx_word' id='word_1_294' title='bbox 833 2230 903 2286; x_wconf 88' lang='lat' dir='ltr'><strong>ad</strong></span> <span class='ocrx_word' id='word_1_295' title='bbox 956 2229 1216 2300; x_wconf 89' lang='lat' dir='ltr'><strong>speciem,</strong></span> <span class='ocrx_word' id='word_1_296' title='bbox 1251 2244 1415 2298; x_wconf 92' lang='lat' dir='ltr'><strong>quam</strong></span> <span class='ocrx_word' id='word_1_297' title='bbox 1447 2229 1702 2284; x_wconf 89' lang='lat' dir='ltr'><strong>ardenter</strong></span> <span class='ocrx_word' id='word_1_298' title='bbox 1729 2228 1784 2282; x_wconf 93' lang='lat' dir='ltr'><strong>in</strong></span> <span class='ocrx_word' id='word_1_299' title='bbox 1814 2234 1996 2284; x_wconf 90' lang='lat' dir='ltr'><strong>mente</strong></span> <span class='ocrx_word' id='word_1_300' title='bbox 2020 2237 2168 2284; x_wconf 86' lang='lat' dir='ltr'><strong>tene-</strong></span> 
     </span>
    </p>
   </div>
   <div class='ocr_carea' id='block_1_38' title="bbox 571 2317 2166 2393">
    <p class='ocr_par' dir='ltr' id='par_1_38' title="bbox 571 2317 2166 2393">
     <span class='ocr_line' id='line_1_38' title="bbox 571 2317 2166 2393; baseline -0.002 -16"><span class='ocrx_word' id='word_1_301' title='bbox 571 2337 694 2377; x_wconf 92' lang='lat' dir='ltr'><strong>mus</strong></span> <span class='ocrx_word' id='word_1_302' title='bbox 719 2336 819 2393; x_wconf 92' lang='lat' dir='ltr'><strong>per</strong></span> <span class='ocrx_word' id='word_1_303' title='bbox 838 2320 1022 2376; x_wconf 91' lang='lat' dir='ltr'><strong>ﬁdem.</strong></span> <span class='ocrx_word' id='word_1_304' title='bbox 1052 2319 1307 2391; x_wconf 85' lang='lat' dir='ltr'><strong>Alioquin</strong></span> <span class='ocrx_word' id='word_1_305' title='bbox 1346 2318 1575 2374; x_wconf 91' lang='lat' dir='ltr'><strong>multum</strong></span> <span class='ocrx_word' id='word_1_306' title='bbox 1617 2317 1833 2389; x_wconf 88' lang='lat' dir='ltr'><strong>desipit,</strong></span> <span class='ocrx_word' id='word_1_307' title='bbox 1871 2319 1962 2390; x_wconf 91' lang='lat' dir='ltr'><strong>qui</strong></span> <span class='ocrx_word' id='word_1_308' title='bbox 1995 2327 2166 2374; x_wconf 89' lang='lat' dir='ltr'><strong>totum</strong></span> 
     </span>
    </p>
   </div>
   <div class='ocr_carea' id='block_1_39' title="bbox 572 2412 2164 2482">
    <p class='ocr_par' dir='ltr' id='par_1_39' title="bbox 572 2412 2164 2482">
     <span class='ocr_line' id='line_1_39' title="bbox 572 2412 2164 2482; baseline -0.004 -10"><span class='ocrx_word' id='word_1_309' title='bbox 572 2417 640 2473; x_wconf 91' lang='lat' dir='ltr'><strong>de</strong></span> <span class='ocrx_word' id='word_1_310' title='bbox 665 2415 801 2482; x_wconf 86' lang='lat' dir='ltr'><strong>Deo,</strong></span> <span class='ocrx_word' id='word_1_311' title='bbox 829 2415 1064 2482; x_wconf 90' lang='lat' dir='ltr'><strong>ratione,</strong></span> <span class='ocrx_word' id='word_1_312' title='bbox 1095 2414 1181 2470; x_wconf 90' lang='lat' dir='ltr'><strong>vel</strong></span> <span class='ocrx_word' id='word_1_313' title='bbox 1209 2412 1489 2470; x_wconf 85' lang='lat' dir='ltr'><strong>intellectu</strong></span> <span class='ocrx_word' id='word_1_314' title='bbox 1517 2412 1780 2468; x_wconf 76' lang='lat' dir='ltr'><strong>duntaxat</strong></span> <span class='ocrx_word' id='word_1_315' title='bbox 1805 2412 2164 2482; x_wconf 89' lang='lat' dir='ltr'><strong>comprehen-</strong></span> 
     </span>
    </p>
   </div>
   <div class='ocr_carea' id='block_1_40' title="bbox 569 2506 918 2566">
    <p class='ocr_par' dir='ltr' id='par_1_40' title="bbox 569 2506 918 2566">
     <span class='ocr_line' id='line_1_40' title="bbox 569 2506 918 2566; baseline -0.003 -3"><span class='ocrx_word' id='word_1_316' title='bbox 569 2506 701 2566; x_wconf 90' lang='lat' dir='ltr'><strong>dere</strong></span> <span class='ocrx_word' id='word_1_317' title='bbox 722 2507 918 2565; x_wconf 90' lang='lat' dir='ltr'><strong>credit.</strong></span> 
     </span>
    </p>
   </div>
   <div class='ocr_carea' id='block_1_41' title="bbox 634 2597 2158 2671">
    <p class='ocr_par' dir='ltr' id='par_1_41' title="bbox 634 2597 2158 2671">
     <span class='ocr_line' id='line_1_41' title="bbox 634 2597 2158 2671; baseline -0.005 -13"><span class='ocrx_word' id='word_1_318' title='bbox 634 2603 694 2659; x_wconf 74' lang='grc'><strong>5.</strong></span> <span class='ocrx_word' id='word_1_319' title='bbox 733 2599 1009 2668; x_wconf 85' lang='lat' dir='ltr'><strong>Profecto,</strong></span> <span class='ocrx_word' id='word_1_320' title='bbox 1036 2601 1164 2671; x_wconf 91' lang='lat' dir='ltr'><strong>quia</strong></span> <span class='ocrx_word' id='word_1_321' title='bbox 1193 2599 1336 2656; x_wconf 91' lang='lat' dir='ltr'><strong>ratio</strong></span> <span class='ocrx_word' id='word_1_322' title='bbox 1364 2598 1472 2655; x_wconf 88' lang='lat' dir='ltr'><strong>ﬁde</strong></span> <span class='ocrx_word' id='word_1_323' title='bbox 1493 2597 1721 2655; x_wconf 84' lang='lat' dir='ltr'><strong>inferius</strong></span> <span class='ocrx_word' id='word_1_324' title='bbox 1745 2598 1878 2670; x_wconf 88' lang='lat' dir='ltr'><strong>agit,</strong></span> <span class='ocrx_word' id='word_1_325' title='bbox 1900 2597 2027 2654; x_wconf 90' lang='lat' dir='ltr'><strong>dum</strong></span> <span class='ocrx_word' id='word_1_326' title='bbox 2066 2597 2158 2652; x_wconf 92' lang='lat' dir='ltr'><strong>ubi</strong></span> 
     </span>
    </p>
   </div>
   <div class='ocr_carea' id='block_1_42' title="bbox 527 2688 2162 2761">
    <p class='ocr_par' dir='ltr' id='par_1_42' title="bbox 527 2688 2162 2761">
     <span class='ocr_line' id='line_1_42' title="bbox 527 2688 2162 2761; baseline -0.006 -10"><span class='ocrx_word' id='word_1_327' title='bbox 527 2699 534 2702; x_wconf 85' lang='grc'><em>’</em></span> <span class='ocrx_word' id='word_1_328' title='bbox 567 2694 711 2751; x_wconf 85' lang='lat' dir='ltr'><strong>ratio</strong></span> <span class='ocrx_word' id='word_1_329' title='bbox 739 2691 1065 2759; x_wconf 83' lang='lat' dir='ltr'><strong>succumbit,</strong></span> <span class='ocrx_word' id='word_1_330' title='bbox 1108 2691 1244 2749; x_wconf 90' lang='lat' dir='ltr'><strong>ﬁdes</strong></span> <span class='ocrx_word' id='word_1_331' title='bbox 1291 2690 1552 2747; x_wconf 89' lang='lat' dir='ltr'><strong>divinitus</strong></span> <span class='ocrx_word' id='word_1_332' title='bbox 1586 2689 1850 2761; x_wconf 91' lang='lat' dir='ltr'><strong>inspirata</strong></span> <span class='ocrx_word' id='word_1_333' title='bbox 1897 2688 2162 2746; x_wconf 88' lang='lat' dir='ltr'><strong>succedit.</strong></span> 
     </span>
    </p>
   </div>
   <div class='ocr_carea' id='block_1_43' title="bbox 567 2780 2165 2854">
    <p class='ocr_par' dir='ltr' id='par_1_43' title="bbox 567 2780 2165 2854">
     <span class='ocr_line' id='line_1_43' title="bbox 567 2780 2165 2854; baseline -0.003 -14"><span class='ocrx_word' id='word_1_334' title='bbox 567 2785 686 2854; x_wconf 84' lang='lat' dir='ltr'><strong>Qua</strong></span> <span class='ocrx_word' id='word_1_335' title='bbox 709 2786 778 2842; x_wconf 90' lang='lat' dir='ltr'><strong>de</strong></span> <span class='ocrx_word' id='word_1_336' title='bbox 805 2801 969 2842; x_wconf 89' lang='lat' dir='ltr'><strong>causa</strong></span> <span class='ocrx_word' id='word_1_337' title='bbox 998 2783 1153 2840; x_wconf 88' lang='lat' dir='ltr'><strong>multi</strong></span> <span class='ocrx_word' id='word_1_338' title='bbox 1207 2783 1420 2840; x_wconf 86' lang='lat' dir='ltr'><strong>ratione</strong></span> <span class='ocrx_word' id='word_1_339' title='bbox 1469 2783 1728 2849; x_wconf 91' lang='lat' dir='ltr'><strong>humana,</strong></span> <span class='ocrx_word' id='word_1_340' title='bbox 1759 2781 1846 2838; x_wconf 88' lang='lat' dir='ltr'><strong>vel</strong></span> <span class='ocrx_word' id='word_1_341' title='bbox 1890 2781 2024 2837; x_wconf 90' lang='lat' dir='ltr'><strong>artis</strong></span> <span class='ocrx_word' id='word_1_342' title='bbox 2054 2780 2165 2836; x_wconf 84' lang='lat' dir='ltr'><strong>clo-</strong></span> 
     </span>
    </p>
   </div>
   <div class='ocr_carea' id='block_1_44' title="bbox 567 2875 2164 2950">
    <p class='ocr_par' dir='ltr' id='par_1_44' title="bbox 567 2875 2164 2950">
     <span class='ocr_line' id='line_1_44' title="bbox 567 2875 2164 2950; baseline -0.004 -13"><span class='ocrx_word' id='word_1_343' title='bbox 567 2879 792 2950; x_wconf 89' lang='lat' dir='ltr'><strong>quentia</strong></span> <span class='ocrx_word' id='word_1_344' title='bbox 815 2878 920 2944; x_wconf 89' lang='lat' dir='ltr'><strong>ﬁsi,</strong></span> <span class='ocrx_word' id='word_1_345' title='bbox 943 2885 999 2933; x_wconf 89' lang='lat' dir='ltr'><strong>et</strong></span> <span class='ocrx_word' id='word_1_346' title='bbox 1026 2876 1268 2933; x_wconf 86' lang='lat' dir='ltr'><strong>volentes</strong></span> <span class='ocrx_word' id='word_1_347' title='bbox 1286 2877 1468 2933; x_wconf 90' lang='lat' dir='ltr'><strong>omnia</strong></span> <span class='ocrx_word' id='word_1_348' title='bbox 1496 2875 1725 2931; x_wconf 87' lang='lat' dir='ltr'><strong>Deitatis</strong></span> <span class='ocrx_word' id='word_1_349' title='bbox 1743 2883 2164 2931; x_wconf 91' lang='lat' dir='ltr'><strong>arcanatemere</strong></span> 
     </span>
    </p>
   </div>
   <div class='ocr_carea' id='block_1_45' title="bbox 567 2969 2162 3045">
    <p class='ocr_par' dir='ltr' id='par_1_45' title="bbox 567 2969 2162 3045">
     <span class='ocr_line' id='line_1_45' title="bbox 567 2969 2162 3045; baseline -0.004 -15"><span class='ocrx_word' id='word_1_350' title='bbox 567 2970 1056 3045; x_wconf 88' lang='lat' dir='ltr'><strong>comprehendere,</strong></span> <span class='ocrx_word' id='word_1_351' title='bbox 1106 2970 1319 3042; x_wconf 79' lang='lat' dir='ltr'><strong>longius</strong></span> <span class='ocrx_word' id='word_1_352' title='bbox 1361 2976 1703 3026; x_wconf 89' lang='lat' dir='ltr'><strong>recesserunt</strong></span> <span class='ocrx_word' id='word_1_353' title='bbox 1749 2984 1781 3023; x_wconf 91' lang='lat' dir='ltr'><strong>a</strong></span> <span class='ocrx_word' id='word_1_354' title='bbox 1825 2969 1930 3024; x_wconf 90' lang='lat' dir='ltr'><strong>ﬁde</strong></span> <span class='ocrx_word' id='word_1_355' title='bbox 1959 2986 1970 3021; x_wconf 93' lang='lat'>:</span> <span class='ocrx_word' id='word_1_356' title='bbox 1999 2978 2162 3038; x_wconf 87' lang='lat' dir='ltr'><strong>atque</strong></span> 
     </span>
    </p>
   </div>
   <div class='ocr_carea' id='block_1_46' title="bbox 568 3059 2158 3132">
    <p class='ocr_par' dir='ltr' id='par_1_46' title="bbox 568 3059 2158 3132">
     <span class='ocr_line' id='line_1_46' title="bbox 568 3059 2158 3132; baseline -0.003 -12"><span class='ocrx_word' id='word_1_357' title='bbox 568 3065 670 3132; x_wconf 89' lang='lat' dir='ltr'><strong>ita,</strong></span> <span class='ocrx_word' id='word_1_358' title='bbox 700 3065 828 3121; x_wconf 90' lang='lat' dir='ltr'><strong>dum</strong></span> <span class='ocrx_word' id='word_1_359' title='bbox 852 3062 1015 3119; x_wconf 89' lang='lat' dir='ltr'><strong>ﬁdem</strong></span> <span class='ocrx_word' id='word_1_360' title='bbox 1046 3063 1226 3118; x_wconf 89' lang='lat' dir='ltr'><strong>conati</strong></span> <span class='ocrx_word' id='word_1_361' title='bbox 1251 3071 1379 3118; x_wconf 91' lang='lat' dir='ltr'><strong>sunt</strong></span> <span class='ocrx_word' id='word_1_362' title='bbox 1403 3076 1502 3132; x_wconf 89' lang='lat' dir='ltr'><strong>per</strong></span> <span class='ocrx_word' id='word_1_363' title='bbox 1528 3060 1794 3116; x_wconf 89' lang='lat' dir='ltr'><strong>rationem</strong></span> <span class='ocrx_word' id='word_1_364' title='bbox 1849 3059 2158 3124; x_wconf 89' lang='lat' dir='ltr'><strong>excludere,</strong></span> 
     </span>
    </p>
   </div>
   <div class='ocr_carea' id='block_1_47' title="bbox 565 3152 2159 3221">
    <p class='ocr_par' dir='ltr' id='par_1_47' title="bbox 565 3152 2159 3221">
     <span class='ocr_line' id='line_1_47' title="bbox 565 3152 2159 3221; baseline -0.003 -11"><span class='ocrx_word' id='word_1_365' title='bbox 565 3155 730 3212; x_wconf 85' lang='lat' dir='ltr'><strong>alieni</strong></span> <span class='ocrx_word' id='word_1_366' title='bbox 759 3155 890 3212; x_wconf 86' lang='lat' dir='ltr'><strong>facti</strong></span> <span class='ocrx_word' id='word_1_367' title='bbox 921 3165 1104 3211; x_wconf 80' lang='lat' dir='ltr'><strong>sunt&#39;a</strong></span> <span class='ocrx_word' id='word_1_368' title='bbox 1132 3154 1277 3221; x_wconf 91' lang='lat' dir='ltr'><strong>ﬁde;</strong></span> <span class='ocrx_word' id='word_1_369' title='bbox 1307 3163 1362 3208; x_wconf 92' lang='lat' dir='ltr'><strong>et</strong></span> <span class='ocrx_word' id='word_1_370' title='bbox 1398 3153 1526 3209; x_wconf 90' lang='lat' dir='ltr'><strong>dum</strong></span> <span class='ocrx_word' id='word_1_371' title='bbox 1572 3152 1766 3208; x_wconf 90' lang='lat' dir='ltr'><strong>altiora</strong></span> <span class='ocrx_word' id='word_1_372' title='bbox 1813 3166 1872 3208; x_wconf 91' lang='lat' dir='ltr'><strong>se</strong></span> <span class='ocrx_word' id='word_1_373' title='bbox 1904 3152 2159 3208; x_wconf 89' lang='lat' dir='ltr'><strong>humanis</strong></span> 
     </span>
    </p>
   </div>
   <div class='ocr_carea' id='block_1_48' title="bbox 566 3212 2235 3313">
    <p class='ocr_par' dir='ltr' id='par_1_48' title="bbox 566 3212 2235 3313">
     <span class='ocr_line' id='line_1_48' title="bbox 566 3212 2235 3313; baseline -0.002 -9"><span class='ocrx_word' id='word_1_374' title='bbox 566 3247 818 3305; x_wconf 88' lang='lat' dir='ltr'><strong>sensibus</strong></span> <span class='ocrx_word' id='word_1_375' title='bbox 863 3255 1129 3304; x_wconf 88' lang='lat' dir='ltr'><strong>conantur</strong></span> <span class='ocrx_word' id='word_1_376' title='bbox 1177 3246 1651 3312; x_wconf 90' lang='lat' dir='ltr'><strong>circumscribere,</strong></span> <span class='ocrx_word' id='word_1_377' title='bbox 1683 3245 1855 3300; x_wconf 90' lang='lat' dir='ltr'><strong>multa</strong></span> <span class='ocrx_word' id='word_1_378' title='bbox 1883 3245 2000 3302; x_wconf 90' lang='lat' dir='ltr'><strong>sine</strong></span> <span class='ocrx_word' id='word_1_379' title='bbox 2030 3244 2159 3313; x_wconf 90' lang='lat' dir='ltr'><strong>ﬁde,</strong></span> <span class='ocrx_word' id='word_1_380' title='bbox 2189 3212 2235 3276; x_wconf 65' lang='grc' dir='ltr'>Ο</span> 
     </span>
    </p>
   </div>
   <div class='ocr_carea' id='block_1_49' title="bbox 567 3339 2163 3408">
    <p class='ocr_par' dir='ltr' id='par_1_49' title="bbox 567 3339 2163 3408">
     <span class='ocr_line' id='line_1_49' title="bbox 567 3339 2163 3408; baseline -0.004 -9"><span class='ocrx_word' id='word_1_381' title='bbox 567 3343 637 3399; x_wconf 91' lang='lat' dir='ltr'><strong>de</strong></span> <span class='ocrx_word' id='word_1_382' title='bbox 663 3341 770 3399; x_wconf 90' lang='lat' dir='ltr'><strong>ﬁde</strong></span> <span class='ocrx_word' id='word_1_383' title='bbox 791 3349 919 3399; x_wconf 90' lang='lat' dir='ltr'><strong>sunt</strong></span> <span class='ocrx_word' id='word_1_384' title='bbox 944 3340 1111 3397; x_wconf 90' lang='lat' dir='ltr'><strong>locuti</strong></span> <span class='ocrx_word' id='word_1_385' title='bbox 1141 3357 1156 3394; x_wconf 87' lang='lat'><strong>:</strong></span> <span class='ocrx_word' id='word_1_386' title='bbox 1187 3340 1282 3395; x_wconf 88' lang='lat' dir='ltr'><strong>sed</strong></span> <span class='ocrx_word' id='word_1_387' title='bbox 1310 3353 1440 3394; x_wconf 86' lang='lat' dir='ltr'><strong>vera</strong></span> <span class='ocrx_word' id='word_1_388' title='bbox 1466 3339 1600 3395; x_wconf 88' lang='lat' dir='ltr'><strong>ﬁdes</strong></span> <span class='ocrx_word' id='word_1_389' title='bbox 1644 3346 1759 3394; x_wconf 90' lang='lat' dir='ltr'><strong>tuta</strong></span> <span class='ocrx_word' id='word_1_390' title='bbox 1814 3353 2030 3408; x_wconf 89' lang='lat' dir='ltr'><strong>semper</strong></span> <span class='ocrx_word' id='word_1_391' title='bbox 2076 3351 2163 3393; x_wconf 83' lang='lat' dir='ltr'><strong>re-</strong></span> 
     </span>
    </p>
   </div>
   <div class='ocr_carea' id='block_1_50' title="bbox 569 3433 2158 3508">
    <p class='ocr_par' dir='ltr' id='par_1_50' title="bbox 569 3433 2158 3508">
     <span class='ocr_line' id='line_1_50' title="bbox 569 3433 2158 3508; baseline -0.002 -17"><span class='ocrx_word' id='word_1_392' title='bbox 569 3436 802 3508; x_wconf 90' lang='lat' dir='ltr'><strong>quiescit</strong></span> <span class='ocrx_word' id='word_1_393' title='bbox 823 3435 878 3492; x_wconf 92' lang='lat' dir='ltr'><strong>in</strong></span> <span class='ocrx_word' id='word_1_394' title='bbox 904 3435 1146 3501; x_wconf 89' lang='lat' dir='ltr'><strong>Christo,</strong></span> <span class='ocrx_word' id='word_1_395' title='bbox 1172 3449 1295 3506; x_wconf 80' lang='lat' dir='ltr'><strong>quae</strong></span> <span class='ocrx_word' id='word_1_396' title='bbox 1332 3433 1581 3505; x_wconf 90' lang='lat' dir='ltr'><strong>quamvis</strong></span> <span class='ocrx_word' id='word_1_397' title='bbox 1627 3433 1858 3504; x_wconf 90' lang='lat' dir='ltr'><strong>plurima</strong></span> <span class='ocrx_word' id='word_1_398' title='bbox 1914 3433 2158 3500; x_wconf 88' lang='lat' dir='ltr'><strong>noverit,</strong></span> 
     </span>
    </p>
   </div>
   <div class='ocr_carea' id='block_1_51' title="bbox 570 3525 2157 3600">
    <p class='ocr_par' dir='ltr' id='par_1_51' title="bbox 570 3525 2157 3600">
     <span class='ocr_line' id='line_1_51' title="bbox 570 3525 2157 3600; baseline -0.003 -15"><span class='ocrx_word' id='word_1_399' title='bbox 570 3527 770 3586; x_wconf 80' lang='lat' dir='ltr'><strong>sufﬁcit</strong></span> <span class='ocrx_word' id='word_1_400' title='bbox 794 3528 870 3595; x_wconf 91' lang='lat' dir='ltr'><strong>ei,</strong></span> <span class='ocrx_word' id='word_1_401' title='bbox 883 3527 1028 3600; x_wconf 92' lang='lat' dir='ltr'><strong>quod</strong></span> <span class='ocrx_word' id='word_1_402' title='bbox 1041 3525 1340 3592; x_wconf 83' lang='lat' dir='ltr'><strong>Christum,</strong></span> <span class='ocrx_word' id='word_1_403' title='bbox 1356 3533 1412 3580; x_wconf 89' lang='lat' dir='ltr'><strong>et</strong></span> <span class='ocrx_word' id='word_1_404' title='bbox 1431 3526 1576 3581; x_wconf 91' lang='lat' dir='ltr'><strong>hunc</strong></span> <span class='ocrx_word' id='word_1_405' title='bbox 1595 3525 1913 3582; x_wconf 88' lang='lat' dir='ltr'><strong>cruciﬁxum</strong></span> <span class='ocrx_word' id='word_1_406' title='bbox 1940 3527 2091 3581; x_wconf 90' lang='lat' dir='ltr'><strong>novit</strong></span> <span class='ocrx_word' id='word_1_407' title='bbox 2107 3526 2157 3580; x_wconf 69' lang='grc' dir='ltr'><strong>ι».</strong></span> 
     </span>
    </p>
   </div>
   <div class='ocr_carea' id='block_1_52' title="bbox 569 3616 2156 3695">
    <p class='ocr_par' dir='ltr' id='par_1_52' title="bbox 569 3616 2156 3695">
     <span class='ocr_line' id='line_1_52' title="bbox 569 3616 2156 3695; baseline -0.003 -19"><span class='ocrx_word' id='word_1_408' title='bbox 569 3620 710 3678; x_wconf 80' lang='lat' dir='ltr'><strong>Hinc</strong></span> <span class='ocrx_word' id='word_1_409' title='bbox 753 3635 971 3695; x_wconf 90' lang='lat' dir='ltr'><strong>quoque</strong></span> <span class='ocrx_word' id='word_1_410' title='bbox 1030 3619 1232 3675; x_wconf 80' lang='lat' dir='ltr'><strong>Paulus</strong></span> <span class='ocrx_word' id='word_1_411' title='bbox 1275 3637 1288 3672; x_wconf 90' lang='lat'>:</span> <span class='ocrx_word' id='word_1_412' title='bbox 1333 3616 1458 3672; x_wconf 86' lang='lat' dir='ltr'><strong>Non</strong></span> <span class='ocrx_word' id='word_1_413' title='bbox 1498 3616 1734 3688; x_wconf 79' lang='lat' dir='ltr'><strong>judicaoi</strong></span> <span class='ocrx_word' id='word_1_414' title='bbox 1777 3633 1888 3683; x_wconf 85' lang='lat' dir='ltr'><strong>me,</strong></span> <span class='ocrx_word' id='word_1_415' title='bbox 1941 3616 2156 3688; x_wconf 92' lang='lat' dir='ltr'><strong>inquit,</strong></span> 
     </span>
    </p>
   </div>
   <div class='ocr_carea' id='block_1_53' title="bbox 564 3711 2159 3784">
    <p class='ocr_par' dir='ltr' id='par_1_53' title="bbox 564 3711 2159 3784">
     <span class='ocr_line' id='line_1_53' title="bbox 564 3711 2159 3784; baseline -0.004 -12"><span class='ocrx_word' id='word_1_416' title='bbox 564 3718 702 3773; x_wconf 85' lang='lat' dir='ltr'><strong>scire</strong></span> <span class='ocrx_word' id='word_1_417' title='bbox 729 3717 869 3772; x_wconf 87' lang='lat' dir='ltr'><strong>inter</strong></span> <span class='ocrx_word' id='word_1_418' title='bbox 896 3733 1006 3784; x_wconf 82' lang='lat' dir='ltr'><strong>vos,</strong></span> <span class='ocrx_word' id='word_1_419' title='bbox 1030 3715 1133 3770; x_wconf 85' lang='lat' dir='ltr'><strong>nisi</strong></span> <span class='ocrx_word' id='word_1_420' title='bbox 1161 3712 1346 3768; x_wconf 76' lang='lat' dir='ltr'><strong>Iesum</strong></span> <span class='ocrx_word' id='word_1_421' title='bbox 1376 3711 1661 3777; x_wconf 80' lang='lat' dir='ltr'><strong>Christum,</strong></span> <span class='ocrx_word' id='word_1_422' title='bbox 1700 3720 1748 3766; x_wconf 90' lang='lat' dir='ltr'><strong>et</strong></span> <span class='ocrx_word' id='word_1_423' title='bbox 1777 3712 1915 3766; x_wconf 85' lang='lat' dir='ltr'><strong>hunc</strong></span> <span class='ocrx_word' id='word_1_424' title='bbox 1944 3712 2159 3781; x_wconf 80' lang='lat' dir='ltr'><strong>cruciﬁ—</strong></span> 
     </span>
    </p>
   </div>
   <div class='ocr_carea' id='block_1_54' title="bbox 563 3802 2160 3882">
    <p class='ocr_par' dir='ltr' id='par_1_54' title="bbox 563 3802 2160 3882">
     <span class='ocr_line' id='line_1_54' title="bbox 563 3802 2160 3882; baseline -0.003 -18"><span class='ocrx_word' id='word_1_425' title='bbox 563 3826 692 3864; x_wconf 70' lang='lat' dir='ltr'><strong>xum</strong></span> <span class='ocrx_word' id='word_1_426' title='bbox 719 3808 771 3882; x_wconf 87' lang='grc' dir='ltr'><strong>(Ι</strong></span> <span class='ocrx_word' id='word_1_427' title='bbox 787 3807 909 3864; x_wconf 89' lang='lat' dir='ltr'><strong>Cor.</strong></span> <span class='ocrx_word' id='word_1_428' title='bbox 935 3823 996 3875; x_wconf 91' lang='grc' dir='ltr'><strong><em>ιι,</em></strong></span> <span class='ocrx_word' id='word_1_429' title='bbox 1023 3807 1104 3877; x_wconf 73' lang='lat'><strong>2).</strong></span> <span class='ocrx_word' id='word_1_430' title='bbox 1137 3805 1195 3860; x_wconf 87' lang='lat' dir='ltr'><strong>In</strong></span> <span class='ocrx_word' id='word_1_431' title='bbox 1249 3821 1355 3876; x_wconf 91' lang='lat' dir='ltr'><strong>quo</strong></span> <span class='ocrx_word' id='word_1_432' title='bbox 1386 3802 1632 3875; x_wconf 89' lang='lat' dir='ltr'><strong>profecto</strong></span> <span class='ocrx_word' id='word_1_433' title='bbox 1659 3819 1724 3859; x_wconf 91' lang='lat' dir='ltr'><strong>ac</strong></span> <span class='ocrx_word' id='word_1_434' title='bbox 1755 3803 1801 3859; x_wconf 93' lang='lat' dir='ltr'><strong>si</strong></span> <span class='ocrx_word' id='word_1_435' title='bbox 1827 3803 2160 3859; x_wconf 81' lang='lat' dir='ltr'><strong>fortitudinis</strong></span> 
     </span>
    </p>
   </div>
   <div class='ocr_carea' id='block_1_55' title="bbox 565 3895 2156 3968">
    <p class='ocr_par' dir='ltr' id='par_1_55' title="bbox 565 3895 2156 3968">
     <span class='ocr_line' id='line_1_55' title="bbox 565 3895 2156 3968; baseline -0.004 -12"><span class='ocrx_word' id='word_1_436' title='bbox 565 3910 738 3968; x_wconf 87' lang='lat' dir='ltr'><strong>turre,</strong></span> <span class='ocrx_word' id='word_1_437' title='bbox 768 3901 898 3958; x_wconf 88' lang='lat' dir='ltr'><strong>hinc</strong></span> <span class='ocrx_word' id='word_1_438' title='bbox 929 3898 1055 3955; x_wconf 92' lang='lat' dir='ltr'><strong>inde</strong></span> <span class='ocrx_word' id='word_1_439' title='bbox 1100 3897 1238 3954; x_wconf 88' lang='lat' dir='ltr'><strong>ﬁdes</strong></span> <span class='ocrx_word' id='word_1_440' title='bbox 1275 3896 1570 3952; x_wconf 88' lang='lat' dir='ltr'><strong>virtutibus</strong></span> <span class='ocrx_word' id='word_1_441' title='bbox 1621 3895 2006 3967; x_wconf 90' lang='lat' dir='ltr'><strong>circumsepta,</strong></span> <span class='ocrx_word' id='word_1_442' title='bbox 2048 3910 2156 3950; x_wconf 90' lang='lat' dir='ltr'><strong>una</strong></span> 
     </span>
    </p>
   </div>
   <div class='ocr_carea' id='block_1_56' title="bbox 563 3989 2154 4066">
    <p class='ocr_par' dir='ltr' id='par_1_56' title="bbox 563 3989 2154 4066">
     <span class='ocr_line' id='line_1_56' title="bbox 563 3989 2154 4066; baseline -0.004 -16"><span class='ocrx_word' id='word_1_443' title='bbox 563 3996 783 4066; x_wconf 87' lang='lat' dir='ltr'><strong>quidem</strong></span> <span class='ocrx_word' id='word_1_444' title='bbox 810 4009 975 4050; x_wconf 89' lang='lat' dir='ltr'><strong>manu</strong></span> <span class='ocrx_word' id='word_1_445' title='bbox 1002 3993 1300 4062; x_wconf 86' lang='lat' dir='ltr'><strong>eademque</strong></span> <span class='ocrx_word' id='word_1_446' title='bbox 1344 3991 1586 4047; x_wconf 86' lang='lat' dir='ltr'><strong>credenti</strong></span> <span class='ocrx_word' id='word_1_447' title='bbox 1635 3989 1868 4046; x_wconf 85' lang='lat' dir='ltr'><strong>aediﬁcat</strong></span> <span class='ocrx_word' id='word_1_448' title='bbox 1919 3990 2154 4058; x_wconf 89' lang='lat' dir='ltr'><strong>turrim;</strong></span> 
     </span>
    </p>
   </div>
   <div class='ocr_carea' id='block_1_57' title="bbox 564 4076 2146 4153">
    <p class='ocr_par' dir='ltr' id='par_1_57' title="bbox 564 4076 2146 4153">
     <span class='ocr_line' id='line_1_57' title="bbox 564 4076 2146 4153; baseline -0.003 -13"><span class='ocrx_word' id='word_1_449' title='bbox 564 4086 735 4140; x_wconf 77' lang='lat' dir='ltr'><strong>altera</strong></span> <span class='ocrx_word' id='word_1_450' title='bbox 758 4099 890 4140; x_wconf 89' lang='lat' dir='ltr'><strong>vero</strong></span> <span class='ocrx_word' id='word_1_451' title='bbox 915 4098 1193 4140; x_wconf 88' lang='lat' dir='ltr'><strong>armorum</strong></span> <span class='ocrx_word' id='word_1_452' title='bbox 1233 4076 1584 4153; x_wconf 86' lang='lat' dir='ltr'><strong>apparatibus</strong></span> <span class='ocrx_word' id='word_1_453' title='bbox 1609 4080 1886 4152; x_wconf 89' lang='lat' dir='ltr'><strong>improbos</strong></span> <span class='ocrx_word' id='word_1_454' title='bbox 1915 4081 2146 4137; x_wconf 90' lang='lat' dir='ltr'><strong>revincit</strong></span> 
     </span>
    </p>
   </div>
   <div class='ocr_carea' id='block_1_58' title="bbox 568 4172 2154 4246">
    <p class='ocr_par' dir='ltr' id='par_1_58' title="bbox 568 4172 2154 4246">
     <span class='ocr_line' id='line_1_58' title="bbox 568 4172 2154 4246; baseline -0.001 -15"><span class='ocrx_word' id='word_1_455' title='bbox 568 4176 773 4241; x_wconf 84' lang='lat' dir='ltr'><strong>hostes,</strong></span> <span class='ocrx_word' id='word_1_456' title='bbox 801 4184 856 4230; x_wconf 92' lang='lat' dir='ltr'><strong>et</strong></span> <span class='ocrx_word' id='word_1_457' title='bbox 887 4190 1077 4230; x_wconf 92' lang='lat' dir='ltr'><strong>eorum</strong></span> <span class='ocrx_word' id='word_1_458' title='bbox 1112 4173 1325 4245; x_wconf 87' lang='lat' dir='ltr'><strong>repellit</strong></span> <span class='ocrx_word' id='word_1_459' title='bbox 1360 4172 1607 4240; x_wconf 91' lang='lat' dir='ltr'><strong>insidias,</strong></span> <span class='ocrx_word' id='word_1_460' title='bbox 1635 4188 1705 4228; x_wconf 89' lang='lat' dir='ltr'><strong>ne</strong></span> <span class='ocrx_word' id='word_1_461' title='bbox 1746 4173 1897 4229; x_wconf 84' lang='lat' dir='ltr'><strong>falsis</strong></span> <span class='ocrx_word' id='word_1_462' title='bbox 1927 4174 2154 4246; x_wconf 86' lang='lat' dir='ltr'><strong>decepta</strong></span> 
     </span>
    </p>
   </div>
   <div class='ocr_carea' id='block_1_59' title="bbox 566 4265 1344 4323">
    <p class='ocr_par' dir='ltr' id='par_1_59' title="bbox 566 4265 1344 4323">
     <span class='ocr_line' id='line_1_59' title="bbox 566 4265 1344 4323; baseline -0.006 0"><span class='ocrx_word' id='word_1_463' title='bbox 566 4265 978 4323; x_wconf 86' lang='lat' dir='ltr'><strong>oblectamentis</strong></span> <span class='ocrx_word' id='word_1_464' title='bbox 1007 4265 1344 4321; x_wconf 90' lang='lat' dir='ltr'><strong>succumbat.</strong></span> 
     </span>
    </p>
   </div>
   <div class='ocr_carea' id='block_1_60' title="bbox 641 4356 2151 4428">
    <p class='ocr_par' dir='ltr' id='par_1_60' title="bbox 641 4356 2151 4428">
     <span class='ocr_line' id='line_1_60' title="bbox 641 4356 2151 4428; baseline -0.001 -14"><span class='ocrx_word' id='word_1_465' title='bbox 641 4359 696 4414; x_wconf 73' lang='grc'><strong>4.</strong></span> <span class='ocrx_word' id='word_1_466' title='bbox 731 4357 824 4414; x_wconf 89' lang='lat' dir='ltr'><strong>Sic</strong></span> <span class='ocrx_word' id='word_1_467' title='bbox 856 4357 1037 4428; x_wconf 87' lang='lat' dir='ltr'><strong>itaque</strong></span> <span class='ocrx_word' id='word_1_468' title='bbox 1066 4356 1240 4413; x_wconf 90' lang='lat' dir='ltr'><strong>sancti</strong></span> <span class='ocrx_word' id='word_1_469' title='bbox 1269 4363 1454 4428; x_wconf 91' lang='lat' dir='ltr'><strong>patres</strong></span> <span class='ocrx_word' id='word_1_470' title='bbox 1481 4357 1654 4412; x_wconf 88' lang='lat' dir='ltr'><strong>nostri</strong></span> <span class='ocrx_word' id='word_1_471' title='bbox 1691 4357 1757 4414; x_wconf 94' lang='lat' dir='ltr'><strong>de</strong></span> <span class='ocrx_word' id='word_1_472' title='bbox 1793 4364 2108 4428; x_wconf 78' lang='lat' dir='ltr'><strong>captivitate</strong></span> <span class='ocrx_word' id='word_1_473' title='bbox 2136 4397 2151 4425; x_wconf 93' lang='lat'><strong>,</strong></span> 
     </span>
    </p>
   </div>
   <div class='ocr_carea' id='block_1_61' title="bbox 567 4451 2149 4525">
    <p class='ocr_par' dir='ltr' id='par_1_61' title="bbox 567 4451 2149 4525">
     <span class='ocr_line' id='line_1_61' title="bbox 567 4451 2149 4525; baseline -0.002 -17"><span class='ocrx_word' id='word_1_474' title='bbox 567 4454 620 4508; x_wconf 89' lang='lat' dir='ltr'><strong>in</strong></span> <span class='ocrx_word' id='word_1_475' title='bbox 653 4451 826 4525; x_wconf 83' lang='lat' dir='ltr'><strong>ﬁgura</strong></span> <span class='ocrx_word' id='word_1_476' title='bbox 852 4452 1018 4509; x_wconf 91' lang='lat' dir='ltr'><strong>totius</strong></span> <span class='ocrx_word' id='word_1_477' title='bbox 1044 4451 1301 4508; x_wconf 70' lang='lat' dir='ltr'><strong>Ecclesia:</strong></span> <span class='ocrx_word' id='word_1_478' title='bbox 1326 4451 1765 4517; x_wconf 86' lang='lat' dir='ltr'><strong>reascendentes,</strong></span> <span class='ocrx_word' id='word_1_479' title='bbox 1816 4451 2149 4507; x_wconf 90' lang='lat' dir='ltr'><strong>destructam</strong></span> 
     </span>
    </p>
   </div>
   <div class='ocr_carea' id='block_1_62' title="bbox 2274 1949 3871 2024">
    <p class='ocr_par' dir='ltr' id='par_1_62' title="bbox 2274 1949 3871 2024">
     <span class='ocr_line' id='line_1_62' title="bbox 2274 1949 3871 2024; baseline 0.003 -19"><span class='ocrx_word' id='word_1_480' title='bbox 2274 1949 2370 2018; x_wconf 90' lang='lat' dir='ltr'><strong>rit,</strong></span> <span class='ocrx_word' id='word_1_481' title='bbox 2399 1958 2608 2020; x_wconf 92' lang='lat' dir='ltr'><strong>quanto</strong></span> <span class='ocrx_word' id='word_1_482' title='bbox 2639 1951 2814 2022; x_wconf 88' lang='lat' dir='ltr'><strong>magis</strong></span> <span class='ocrx_word' id='word_1_483' title='bbox 2843 1952 3070 2023; x_wconf 89' lang='lat' dir='ltr'><strong>tepescit</strong></span> <span class='ocrx_word' id='word_1_484' title='bbox 3106 1952 3352 2018; x_wconf 91' lang='lat' dir='ltr'><strong>ﬁdendo,</strong></span> <span class='ocrx_word' id='word_1_485' title='bbox 3376 1961 3529 2010; x_wconf 86' lang='lat' dir='ltr'><strong>tanto</strong></span> <span class='ocrx_word' id='word_1_486' title='bbox 3549 1953 3674 2024; x_wconf 87' lang='lat' dir='ltr'><strong>plus</strong></span> <span class='ocrx_word' id='word_1_487' title='bbox 3699 1955 3871 2011; x_wconf 64' lang='lat' dir='ltr'><strong>oden-</strong></span> 
     </span>
    </p>
   </div>
   <div class='ocr_carea' id='block_1_63' title="bbox 2271 2040 3870 2114">
    <p class='ocr_par' dir='ltr' id='par_1_63' title="bbox 2271 2040 3870 2114">
     <span class='ocr_line' id='line_1_63' title="bbox 2271 2040 3870 2114; baseline 0.003 -17"><span class='ocrx_word' id='word_1_488' title='bbox 2271 2040 2350 2097; x_wconf 92' lang='lat' dir='ltr'><strong>dit</strong></span> <span class='ocrx_word' id='word_1_489' title='bbox 2378 2041 2752 2097; x_wconf 87' lang='lat' dir='ltr'><strong>fortitudinem</strong></span> <span class='ocrx_word' id='word_1_490' title='bbox 2779 2042 2926 2110; x_wconf 90' lang='lat' dir='ltr'><strong>ﬁdei,</strong></span> <span class='ocrx_word' id='word_1_491' title='bbox 2973 2060 3094 2114; x_wconf 65' lang='lat' dir='ltr'><strong>quae</strong></span> <span class='ocrx_word' id='word_1_492' title='bbox 3131 2042 3383 2100; x_wconf 89' lang='lat' dir='ltr'><strong>Christus</strong></span> <span class='ocrx_word' id='word_1_493' title='bbox 3409 2054 3512 2112; x_wconf 84' lang='lat' dir='ltr'><strong>est,</strong></span> <span class='ocrx_word' id='word_1_494' title='bbox 3543 2047 3870 2104; x_wconf 88' lang='lat' dir='ltr'><strong>amittendo.</strong></span> 
     </span>
    </p>
   </div>
   <div class='ocr_carea' id='block_1_64' title="bbox 2271 2133 3872 2212">
    <p class='ocr_par' dir='ltr' id='par_1_64' title="bbox 2271 2133 3872 2212">
     <span class='ocr_line' id='line_1_64' title="bbox 2271 2133 3872 2212; baseline 0.005 -22"><span class='ocrx_word' id='word_1_495' title='bbox 2271 2133 2390 2191; x_wconf 85' lang='lat' dir='ltr'><strong>Non</strong></span> <span class='ocrx_word' id='word_1_496' title='bbox 2443 2135 2591 2191; x_wconf 89' lang='lat' dir='ltr'><strong>enim</strong></span> <span class='ocrx_word' id='word_1_497' title='bbox 2644 2137 2914 2208; x_wconf 89' lang='lat' dir='ltr'><strong>permittit</strong></span> <span class='ocrx_word' id='word_1_498' title='bbox 2965 2153 3064 2194; x_wconf 92' lang='lat' dir='ltr'><strong>nos</strong></span> <span class='ocrx_word' id='word_1_499' title='bbox 3121 2139 3324 2194; x_wconf 90' lang='lat' dir='ltr'><strong>tentari</strong></span> <span class='ocrx_word' id='word_1_500' title='bbox 3380 2154 3543 2210; x_wconf 91' lang='lat' dir='ltr'><strong>supra</strong></span> <span class='ocrx_word' id='word_1_501' title='bbox 3599 2140 3657 2196; x_wconf 91' lang='lat' dir='ltr'><strong>id</strong></span> <span class='ocrx_word' id='word_1_502' title='bbox 3722 2143 3872 2212; x_wconf 91' lang='lat' dir='ltr'><strong>quod</strong></span> 
     </span>
    </p>
   </div>
   <div class='ocr_carea' id='block_1_65' title="bbox 2269 2229 3873 2303">
    <p class='ocr_par' dir='ltr' id='par_1_65' title="bbox 2269 2229 3873 2303">
     <span class='ocr_line' id='line_1_65' title="bbox 2269 2229 3873 2303; baseline 0.003 -19"><span class='ocrx_word' id='word_1_503' title='bbox 2269 2243 2579 2300; x_wconf 89' lang='lat' dir='ltr'><strong>possumus,</strong></span> <span class='ocrx_word' id='word_1_504' title='bbox 2605 2230 2734 2300; x_wconf 90' lang='lat' dir='ltr'><strong>quia</strong></span> <span class='ocrx_word' id='word_1_505' title='bbox 2765 2231 2882 2301; x_wconf 92' lang='lat' dir='ltr'><strong>ipse</strong></span> <span class='ocrx_word' id='word_1_506' title='bbox 2902 2229 3054 2286; x_wconf 90' lang='lat' dir='ltr'><strong>novit</strong></span> <span class='ocrx_word' id='word_1_507' title='bbox 3078 2230 3225 2287; x_wconf 90' lang='lat' dir='ltr'><strong>vires</strong></span> <span class='ocrx_word' id='word_1_508' title='bbox 3254 2240 3494 2298; x_wconf 87' lang='lat' dir='ltr'><strong>nostras,</strong></span> <span class='ocrx_word' id='word_1_509' title='bbox 3515 2233 3611 2288; x_wconf 90' lang='lat' dir='ltr'><strong>sed</strong></span> <span class='ocrx_word' id='word_1_510' title='bbox 3651 2234 3873 2303; x_wconf 87' lang='lat' dir='ltr'><strong>quoties</strong></span> 
     </span>
    </p>
   </div>
   <div class='ocr_carea' id='block_1_66' title="bbox 2270 2319 3873 2391">
    <p class='ocr_par' dir='ltr' id='par_1_66' title="bbox 2270 2319 3873 2391">
     <span class='ocr_line' id='line_1_66' title="bbox 2270 2319 3873 2391; baseline 0.004 -17"><span class='ocrx_word' id='word_1_511' title='bbox 2270 2319 2541 2375; x_wconf 83' lang='lat' dir='ltr'><strong>vincimur</strong></span> <span class='ocrx_word' id='word_1_512' title='bbox 2566 2359 2582 2386; x_wconf 96' lang='lat'><strong>,</strong></span> <span class='ocrx_word' id='word_1_513' title='bbox 2640 2321 2866 2391; x_wconf 86' lang='lat' dir='ltr'><strong>propria</strong></span> <span class='ocrx_word' id='word_1_514' title='bbox 2912 2320 3042 2377; x_wconf 89' lang='lat' dir='ltr'><strong>licet</strong></span> <span class='ocrx_word' id='word_1_515' title='bbox 3087 2336 3156 2377; x_wconf 88' lang='lat' dir='ltr'><strong>ex</strong></span> <span class='ocrx_word' id='word_1_516' title='bbox 3197 2320 3538 2389; x_wconf 89' lang='lat' dir='ltr'><strong>inﬁrmitate,</strong></span> <span class='ocrx_word' id='word_1_517' title='bbox 3568 2323 3873 2380; x_wconf 80' lang='lat' dir='ltr'><strong>voluntatis</strong></span> 
     </span>
    </p>
   </div>
   <div class='ocr_carea' id='block_1_67' title="bbox 2269 2409 3874 2486">
    <p class='ocr_par' dir='ltr' id='par_1_67' title="bbox 2269 2409 3874 2486">
     <span class='ocr_line' id='line_1_67' title="bbox 2269 2409 3874 2486; baseline 0.004 -24"><span class='ocrx_word' id='word_1_518' title='bbox 2269 2409 2403 2464; x_wconf 85' lang='lat' dir='ltr'><strong>vitio</strong></span> <span class='ocrx_word' id='word_1_519' title='bbox 2444 2409 2847 2479; x_wconf 89' lang='lat' dir='ltr'><strong>prosternimur</strong></span> <span class='ocrx_word' id='word_1_520' title='bbox 2874 2410 3076 2466; x_wconf 90' lang='lat' dir='ltr'><strong>amissa</strong></span> <span class='ocrx_word' id='word_1_521' title='bbox 3108 2410 3460 2478; x_wconf 90' lang='lat' dir='ltr'><strong>conﬁdentia,</strong></span> <span class='ocrx_word' id='word_1_522' title='bbox 3488 2420 3546 2468; x_wconf 93' lang='lat' dir='ltr'><strong>et</strong></span> <span class='ocrx_word' id='word_1_523' title='bbox 3575 2412 3702 2469; x_wconf 90' lang='lat' dir='ltr'><strong>ideo</strong></span> <span class='ocrx_word' id='word_1_524' title='bbox 3735 2415 3874 2486; x_wconf 80' lang='lat' dir='ltr'><strong>deji-</strong></span> 
     </span>
    </p>
   </div>
   <div class='ocr_carea' id='block_1_68' title="bbox 2269 2501 3872 2578">
    <p class='ocr_par' dir='ltr' id='par_1_68' title="bbox 2269 2501 3872 2578">
     <span class='ocr_line' id='line_1_68' title="bbox 2269 2501 3872 2578; baseline 0.003 -20"><span class='ocrx_word' id='word_1_525' title='bbox 2269 2503 2464 2558; x_wconf 88' lang='lat' dir='ltr'><strong>cimur.</strong></span> <span class='ocrx_word' id='word_1_526' title='bbox 2500 2501 2731 2574; x_wconf 88' lang='lat' dir='ltr'><strong>Propter</strong></span> <span class='ocrx_word' id='word_1_527' title='bbox 2755 2503 2900 2575; x_wconf 89' lang='lat' dir='ltr'><strong>quod</strong></span> <span class='ocrx_word' id='word_1_528' title='bbox 2931 2503 2986 2560; x_wconf 91' lang='lat' dir='ltr'><strong>in</strong></span> <span class='ocrx_word' id='word_1_529' title='bbox 3016 2505 3270 2560; x_wconf 89' lang='lat' dir='ltr'><strong>omnibus</strong></span> <span class='ocrx_word' id='word_1_530' title='bbox 3304 2508 3712 2578; x_wconf 86' lang='lat' dir='ltr'><strong>perseverantia</strong></span> <span class='ocrx_word' id='word_1_531' title='bbox 3744 2509 3872 2565; x_wconf 88' lang='lat' dir='ltr'><strong>ﬁdei</strong></span> 
     </span>
    </p>
   </div>
   <div class='ocr_carea' id='block_1_69' title="bbox 2267 2594 3870 2669">
    <p class='ocr_par' dir='ltr' id='par_1_69' title="bbox 2267 2594 3870 2669">
     <span class='ocr_line' id='line_1_69' title="bbox 2267 2594 3870 2669; baseline 0.002 -19"><span class='ocrx_word' id='word_1_532' title='bbox 2267 2602 2354 2650; x_wconf 90' lang='lat' dir='ltr'><strong>est</strong></span> <span class='ocrx_word' id='word_1_533' title='bbox 2392 2594 2732 2662; x_wconf 88' lang='lat' dir='ltr'><strong>necessaria,</strong></span> <span class='ocrx_word' id='word_1_534' title='bbox 2781 2609 2851 2650; x_wconf 93' lang='lat' dir='ltr'><strong>ne</strong></span> <span class='ocrx_word' id='word_1_535' title='bbox 2879 2595 3032 2667; x_wconf 89' lang='lat' dir='ltr'><strong>prius</strong></span> <span class='ocrx_word' id='word_1_536' title='bbox 3079 2596 3270 2652; x_wconf 90' lang='lat' dir='ltr'><strong>demus</strong></span> <span class='ocrx_word' id='word_1_537' title='bbox 3317 2611 3512 2653; x_wconf 88' lang='lat' dir='ltr'><strong>manus</strong></span> <span class='ocrx_word' id='word_1_538' title='bbox 3560 2600 3870 2669; x_wconf 90' lang='lat' dir='ltr'><strong>peccandi,</strong></span> 
     </span>
    </p>
   </div>
   <div class='ocr_carea' id='block_1_70' title="bbox 2267 2687 3872 2759">
    <p class='ocr_par' dir='ltr' id='par_1_70' title="bbox 2267 2687 3872 2759">
     <span class='ocr_line' id='line_1_70' title="bbox 2267 2687 3872 2759; baseline 0.003 -18"><span class='ocrx_word' id='word_1_539' title='bbox 2267 2703 2434 2759; x_wconf 89' lang='lat' dir='ltr'><strong>quam</strong></span> <span class='ocrx_word' id='word_1_540' title='bbox 2465 2687 2651 2744; x_wconf 91' lang='lat' dir='ltr'><strong>divina</strong></span> <span class='ocrx_word' id='word_1_541' title='bbox 2679 2687 2873 2755; x_wconf 84' lang='lat' dir='ltr'><strong>virtus,</strong></span> <span class='ocrx_word' id='word_1_542' title='bbox 2902 2688 3029 2758; x_wconf 89' lang='lat' dir='ltr'><strong>quia</strong></span> <span class='ocrx_word' id='word_1_543' title='bbox 3048 2687 3077 2728; x_wconf 76' lang='grc' dir='ltr'><strong><em>ει</em></strong></span> <span class='ocrx_word' id='word_1_544' title='bbox 3102 2689 3384 2745; x_wconf 88' lang='lat' dir='ltr'><strong>nobiscum</strong></span> <span class='ocrx_word' id='word_1_545' title='bbox 3406 2697 3510 2756; x_wconf 92' lang='lat' dir='ltr'><strong>est,</strong></span> <span class='ocrx_word' id='word_1_546' title='bbox 3541 2689 3688 2746; x_wconf 79' lang='lat' dir='ltr'><strong>ferat</strong></span> <span class='ocrx_word' id='word_1_547' title='bbox 3712 2693 3872 2747; x_wconf 88' lang='lat' dir='ltr'><strong>auxi-</strong></span> 
     </span>
    </p>
   </div>
   <div class='ocr_carea' id='block_1_71' title="bbox 2265 2778 3870 2852">
    <p class='ocr_par' dir='ltr' id='par_1_71' title="bbox 2265 2778 3870 2852">
     <span class='ocr_line' id='line_1_71' title="bbox 2265 2778 3870 2852; baseline 0.006 -18"><span class='ocrx_word' id='word_1_548' title='bbox 2265 2778 2431 2846; x_wconf 89' lang='lat' dir='ltr'><strong>lium;</strong></span> <span class='ocrx_word' id='word_1_549' title='bbox 2468 2780 2564 2837; x_wconf 88' lang='lat' dir='ltr'><strong>sed</strong></span> <span class='ocrx_word' id='word_1_550' title='bbox 2589 2780 2850 2852; x_wconf 89' lang='lat' dir='ltr'><strong>relinquit</strong></span> <span class='ocrx_word' id='word_1_551' title='bbox 2889 2781 2956 2836; x_wconf 83' lang='lat' dir='ltr'><strong>ad</strong></span> <span class='ocrx_word' id='word_1_552' title='bbox 2988 2780 3283 2848; x_wconf 90' lang='lat' dir='ltr'><strong>modicum,</strong></span> <span class='ocrx_word' id='word_1_553' title='bbox 3313 2791 3374 2837; x_wconf 90' lang='lat' dir='ltr'><strong>ut</strong></span> <span class='ocrx_word' id='word_1_554' title='bbox 3402 2783 3459 2837; x_wconf 88' lang='lat' dir='ltr'><strong>in</strong></span> <span class='ocrx_word' id='word_1_555' title='bbox 3481 2783 3570 2839; x_wconf 89' lang='lat' dir='ltr'><strong>his</strong></span> <span class='ocrx_word' id='word_1_556' title='bbox 3599 2799 3870 2842; x_wconf 86' lang='lat' dir='ltr'><strong>exercea-</strong></span> 
     </span>
    </p>
   </div>
   <div class='ocr_carea' id='block_1_72' title="bbox 2268 2872 3869 2948">
    <p class='ocr_par' dir='ltr' id='par_1_72' title="bbox 2268 2872 3869 2948">
     <span class='ocr_line' id='line_1_72' title="bbox 2268 2872 3869 2948; baseline 0.003 -19"><span class='ocrx_word' id='word_1_557' title='bbox 2268 2889 2410 2929; x_wconf 88' lang='lat' dir='ltr'><strong>mur.</strong></span> <span class='ocrx_word' id='word_1_558' title='bbox 2443 2872 2599 2941; x_wconf 86' lang='lat' dir='ltr'><strong>Quod</strong></span> <span class='ocrx_word' id='word_1_559' title='bbox 2643 2873 2690 2928; x_wconf 91' lang='lat' dir='ltr'><strong>si</strong></span> <span class='ocrx_word' id='word_1_560' title='bbox 2739 2872 3041 2929; x_wconf 90' lang='lat' dir='ltr'><strong>amittimus</strong></span> <span class='ocrx_word' id='word_1_561' title='bbox 3064 2874 3473 2942; x_wconf 89' lang='lat' dir='ltr'><strong>conﬁdentiam,</strong></span> <span class='ocrx_word' id='word_1_562' title='bbox 3513 2878 3690 2948; x_wconf 91' lang='lat' dir='ltr'><strong>magis</strong></span> <span class='ocrx_word' id='word_1_563' title='bbox 3725 2879 3869 2935; x_wconf 85' lang='lat' dir='ltr'><strong>inci-</strong></span> 
     </span>
    </p>
   </div>
   <div class='ocr_carea' id='block_1_73' title="bbox 2267 2965 3870 3042">
    <p class='ocr_par' dir='ltr' id='par_1_73' title="bbox 2267 2965 3870 3042">
     <span class='ocr_line' id='line_1_73' title="bbox 2267 2965 3870 3042; baseline 0.005 -22"><span class='ocrx_word' id='word_1_564' title='bbox 2267 2965 2443 3020; x_wconf 92' lang='lat' dir='ltr'><strong>dimus</strong></span> <span class='ocrx_word' id='word_1_565' title='bbox 2466 2965 2520 3020; x_wconf 91' lang='lat' dir='ltr'><strong>in</strong></span> <span class='ocrx_word' id='word_1_566' title='bbox 2559 2965 2915 3022; x_wconf 89' lang='lat' dir='ltr'><strong>tentationem</strong></span> <span class='ocrx_word' id='word_1_567' title='bbox 2962 2981 3068 3037; x_wconf 87' lang='lat' dir='ltr'><strong>qua</strong></span> <span class='ocrx_word' id='word_1_568' title='bbox 3095 2978 3118 3006; x_wconf 80' lang='grc' dir='ltr'><strong>ο</strong></span> <span class='ocrx_word' id='word_1_569' title='bbox 3148 2965 3425 3033; x_wconf 90' lang='lat' dir='ltr'><strong>labimur;</strong></span> <span class='ocrx_word' id='word_1_570' title='bbox 3453 2977 3510 3024; x_wconf 92' lang='lat' dir='ltr'><strong>et</strong></span> <span class='ocrx_word' id='word_1_571' title='bbox 3535 2969 3667 3025; x_wconf 90' lang='lat' dir='ltr'><strong>dum</strong></span> <span class='ocrx_word' id='word_1_572' title='bbox 3694 2973 3870 3042; x_wconf 83' lang='lat' dir='ltr'><strong>respi-</strong></span> 
     </span>
    </p>
   </div>
   <div class='ocr_carea' id='block_1_74' title="bbox 2265 3056 3868 3131">
    <p class='ocr_par' dir='ltr' id='par_1_74' title="bbox 2265 3056 3868 3131">
     <span class='ocr_line' id='line_1_74' title="bbox 2265 3056 3868 3131; baseline 0.005 -19"><span class='ocrx_word' id='word_1_573' title='bbox 2265 3057 2440 3114; x_wconf 91' lang='lat' dir='ltr'><strong>cimus</strong></span> <span class='ocrx_word' id='word_1_574' title='bbox 2473 3056 2727 3113; x_wconf 89' lang='lat' dir='ltr'><strong>tenebras</strong></span> <span class='ocrx_word' id='word_1_575' title='bbox 2755 3058 2997 3129; x_wconf 90' lang='lat' dir='ltr'><strong>peccati,</strong></span> <span class='ocrx_word' id='word_1_576' title='bbox 3026 3058 3328 3114; x_wconf 88' lang='lat' dir='ltr'><strong>amittimus</strong></span> <span class='ocrx_word' id='word_1_577' title='bbox 3364 3059 3548 3116; x_wconf 90' lang='lat' dir='ltr'><strong>lumen</strong></span> <span class='ocrx_word' id='word_1_578' title='bbox 3593 3061 3717 3119; x_wconf 90' lang='lat' dir='ltr'><strong>ﬁdei</strong></span> <span class='ocrx_word' id='word_1_579' title='bbox 3746 3105 3765 3131; x_wconf 92' lang='lat'><strong>,</strong></span> <span class='ocrx_word' id='word_1_580' title='bbox 3813 3065 3868 3120; x_wconf 89' lang='lat' dir='ltr'><strong>in</strong></span> 
     </span>
    </p>
   </div>
   <div class='ocr_carea' id='block_1_75' title="bbox 2265 3147 3868 3224">
    <p class='ocr_par' dir='ltr' id='par_1_75' title="bbox 2265 3147 3868 3224">
     <span class='ocr_line' id='line_1_75' title="bbox 2265 3147 3868 3224; baseline 0.006 -23"><span class='ocrx_word' id='word_1_581' title='bbox 2265 3163 2373 3218; x_wconf 90' lang='lat' dir='ltr'><strong>qua</strong></span> <span class='ocrx_word' id='word_1_582' title='bbox 2404 3147 2561 3204; x_wconf 90' lang='lat' dir='ltr'><strong>nobis</strong></span> <span class='ocrx_word' id='word_1_583' title='bbox 2584 3156 2735 3205; x_wconf 91' lang='lat' dir='ltr'><strong>certa</strong></span> <span class='ocrx_word' id='word_1_584' title='bbox 2762 3147 2988 3204; x_wconf 86' lang='lat' dir='ltr'><strong>victoria</strong></span> <span class='ocrx_word' id='word_1_585' title='bbox 3017 3149 3434 3220; x_wconf 88' lang='lat' dir='ltr'><strong>repromittitur.</strong></span> <span class='ocrx_word' id='word_1_586' title='bbox 3459 3150 3691 3224; x_wconf 88' lang='lat' dir='ltr'><strong>Propter</strong></span> <span class='ocrx_word' id='word_1_587' title='bbox 3716 3155 3868 3224; x_wconf 87' lang='lat' dir='ltr'><strong>quod</strong></span> 
     </span>
    </p>
   </div>
   <div class='ocr_carea' id='block_1_76' title="bbox 2266 3238 3866 3313">
    <p class='ocr_par' dir='ltr' id='par_1_76' title="bbox 2266 3238 3866 3313">
     <span class='ocr_line' id='line_1_76' title="bbox 2266 3238 3866 3313; baseline 0.007 -22"><span class='ocrx_word' id='word_1_588' title='bbox 2266 3238 2445 3308; x_wconf 80' lang='lat' dir='ltr'><strong>vigeat</strong></span> <span class='ocrx_word' id='word_1_589' title='bbox 2471 3239 2528 3293; x_wconf 92' lang='lat' dir='ltr'><strong>in</strong></span> <span class='ocrx_word' id='word_1_590' title='bbox 2555 3239 2662 3294; x_wconf 89' lang='lat' dir='ltr'><strong>ﬁde</strong></span> <span class='ocrx_word' id='word_1_591' title='bbox 2688 3239 3111 3311; x_wconf 88' lang='lat' dir='ltr'><strong>magniﬁcentia,</strong></span> <span class='ocrx_word' id='word_1_592' title='bbox 3141 3241 3394 3313; x_wconf 90' lang='lat' dir='ltr'><strong>imploret</strong></span> <span class='ocrx_word' id='word_1_593' title='bbox 3448 3242 3648 3299; x_wconf 87' lang='lat' dir='ltr'><strong>Christi</strong></span> <span class='ocrx_word' id='word_1_594' title='bbox 3693 3248 3866 3302; x_wconf 85' lang='lat' dir='ltr'><strong>auxi-</strong></span> 
     </span>
    </p>
   </div>
   <div class='ocr_carea' id='block_1_77' title="bbox 2265 3329 3865 3402">
    <p class='ocr_par' dir='ltr' id='par_1_77' title="bbox 2265 3329 3865 3402">
     <span class='ocr_line' id='line_1_77' title="bbox 2265 3329 3865 3402; baseline 0.006 -19"><span class='ocrx_word' id='word_1_595' title='bbox 2265 3329 2396 3384; x_wconf 91' lang='lat' dir='ltr'><strong>lium</strong></span> <span class='ocrx_word' id='word_1_596' title='bbox 2437 3330 2786 3397; x_wconf 87' lang='lat' dir='ltr'><strong>conﬁdentia,</strong></span> <span class='ocrx_word' id='word_1_597' title='bbox 2815 3347 2938 3402; x_wconf 72' lang='lat' dir='ltr'><strong>quu:</strong></span> <span class='ocrx_word' id='word_1_598' title='bbox 2965 3333 3098 3388; x_wconf 91' lang='lat' dir='ltr'><strong>satis</strong></span> <span class='ocrx_word' id='word_1_599' title='bbox 3144 3343 3230 3389; x_wconf 89' lang='lat' dir='ltr'><strong>est</strong></span> <span class='ocrx_word' id='word_1_600' title='bbox 3274 3335 3572 3391; x_wconf 79' lang='lat' dir='ltr'><strong>necessaria</strong></span> <span class='ocrx_word' id='word_1_601' title='bbox 3597 3375 3614 3402; x_wconf 94' lang='lat'><strong>,</strong></span> <span class='ocrx_word' id='word_1_602' title='bbox 3645 3345 3702 3392; x_wconf 88' lang='lat' dir='ltr'><strong>et</strong></span> <span class='ocrx_word' id='word_1_603' title='bbox 3737 3337 3865 3394; x_wconf 85' lang='lat' dir='ltr'><strong>fer-</strong></span> 
     </span>
    </p>
   </div>
   <div class='ocr_carea' id='block_1_78' title="bbox 2264 3425 3870 3496">
    <p class='ocr_par' dir='ltr' id='par_1_78' title="bbox 2264 3425 3870 3496">
     <span class='ocr_line' id='line_1_78' title="bbox 2264 3425 3870 3496; baseline 0.007 -19"><span class='ocrx_word' id='word_1_604' title='bbox 2264 3433 2386 3480; x_wconf 88' lang='lat' dir='ltr'><strong>veat</strong></span> <span class='ocrx_word' id='word_1_605' title='bbox 2409 3425 2812 3496; x_wconf 87' lang='lat' dir='ltr'><strong>perseverantia</strong></span> <span class='ocrx_word' id='word_1_606' title='bbox 2853 3441 3027 3496; x_wconf 92' lang='lat' dir='ltr'><strong>usque</strong></span> <span class='ocrx_word' id='word_1_607' title='bbox 3055 3427 3122 3481; x_wconf 89' lang='lat' dir='ltr'><strong>ad</strong></span> <span class='ocrx_word' id='word_1_608' title='bbox 3155 3426 3340 3483; x_wconf 90' lang='lat' dir='ltr'><strong>ﬁnem.</strong></span> <span class='ocrx_word' id='word_1_609' title='bbox 3373 3428 3747 3486; x_wconf 86' lang='lat' dir='ltr'><strong>Certissimum</strong></span> <span class='ocrx_word' id='word_1_610' title='bbox 3775 3440 3870 3488; x_wconf 88' lang='lat' dir='ltr'><strong>est</strong></span> 
     </span>
    </p>
   </div>
   <div class='ocr_carea' id='block_1_79' title="bbox 2263 3515 3868 3589">
    <p class='ocr_par' dir='ltr' id='par_1_79' title="bbox 2263 3515 3868 3589">
     <span class='ocr_line' id='line_1_79' title="bbox 2263 3515 3868 3589; baseline 0.006 -19"><span class='ocrx_word' id='word_1_611' title='bbox 2263 3515 2408 3571; x_wconf 91' lang='lat' dir='ltr'><strong>enim</strong></span> <span class='ocrx_word' id='word_1_612' title='bbox 2453 3517 2597 3587; x_wconf 91' lang='lat' dir='ltr'><strong>quod</strong></span> <span class='ocrx_word' id='word_1_613' title='bbox 2632 3533 2913 3589; x_wconf 86' lang='lat' dir='ltr'><strong>nunquam</strong></span> <span class='ocrx_word' id='word_1_614' title='bbox 2969 3518 3022 3572; x_wconf 90' lang='lat' dir='ltr'><strong>in</strong></span> <span class='ocrx_word' id='word_1_615' title='bbox 3076 3518 3166 3574; x_wconf 90' lang='lat' dir='ltr'><strong>tali</strong></span> <span class='ocrx_word' id='word_1_616' title='bbox 3213 3534 3279 3575; x_wconf 91' lang='lat' dir='ltr'><strong>ac</strong></span> <span class='ocrx_word' id='word_1_617' title='bbox 3316 3528 3466 3575; x_wconf 86' lang='lat' dir='ltr'><strong>tanta</strong></span> <span class='ocrx_word' id='word_1_618' title='bbox 3522 3521 3626 3577; x_wconf 90' lang='lat' dir='ltr'><strong>ﬁde</strong></span> <span class='ocrx_word' id='word_1_619' title='bbox 3681 3524 3868 3581; x_wconf 89' lang='lat' dir='ltr'><strong>aberit</strong></span> 
     </span>
    </p>
   </div>
   <div class='ocr_carea' id='block_1_80' title="bbox 2262 3608 3866 3691">
    <p class='ocr_par' dir='ltr' id='par_1_80' title="bbox 2262 3608 3866 3691">
     <span class='ocr_line' id='line_1_80' title="bbox 2262 3608 3866 3691; baseline 0.006 -27"><span class='ocrx_word' id='word_1_620' title='bbox 2262 3608 2465 3664; x_wconf 90' lang='lat' dir='ltr'><strong>Christi</strong></span> <span class='ocrx_word' id='word_1_621' title='bbox 2505 3609 2772 3678; x_wconf 88' lang='lat' dir='ltr'><strong>victoria;</strong></span> <span class='ocrx_word' id='word_1_622' title='bbox 2814 3611 3073 3682; x_wconf 90' lang='lat' dir='ltr'><strong>quoniam</strong></span> <span class='ocrx_word' id='word_1_623' title='bbox 3105 3613 3198 3684; x_wconf 85' lang='lat' dir='ltr'><strong>qui</strong></span> <span class='ocrx_word' id='word_1_624' title='bbox 3237 3618 3642 3684; x_wconf 78' lang='lat' dir='ltr'><strong>perseuerauerit</strong></span> <span class='ocrx_word' id='word_1_625' title='bbox 3697 3635 3866 3691; x_wconf 82' lang='lat' dir='ltr'><strong>usque</strong></span> 
     </span>
    </p>
   </div>
   <div class='ocr_carea' id='block_1_81' title="bbox 2261 3699 3865 3776">
    <p class='ocr_par' dir='ltr' id='par_1_81' title="bbox 2261 3699 3865 3776">
     <span class='ocr_line' id='line_1_81' title="bbox 2261 3699 3865 3776; baseline 0.006 -23"><span class='ocrx_word' id='word_1_626' title='bbox 2261 3699 2316 3754; x_wconf 84' lang='lat' dir='ltr'><strong>in</strong></span> <span class='ocrx_word' id='word_1_627' title='bbox 2338 3699 2519 3768; x_wconf 78' lang='lat' dir='ltr'><strong>ﬁnem,</strong></span> <span class='ocrx_word' id='word_1_628' title='bbox 2539 3700 2624 3755; x_wconf 80' lang='lat' dir='ltr'><strong>hic</strong></span> <span class='ocrx_word' id='word_1_629' title='bbox 2644 3700 2822 3757; x_wconf 83' lang='lat' dir='ltr'><strong>saluus</strong></span> <span class='ocrx_word' id='word_1_630' title='bbox 2851 3703 2950 3756; x_wconf 89' lang='lat' dir='ltr'><strong>erit</strong></span> <span class='ocrx_word' id='word_1_631' title='bbox 2978 3700 3196 3775; x_wconf 79' lang='lat' dir='ltr'><strong>(Matth.</strong></span> <span class='ocrx_word' id='word_1_632' title='bbox 3226 3720 3281 3770; x_wconf 87' lang='lat' dir='ltr'><strong>x,</strong></span> <span class='ocrx_word' id='word_1_633' title='bbox 3315 3705 3430 3776; x_wconf 74' lang='grc'><strong>12).</strong></span> <span class='ocrx_word' id='word_1_634' title='bbox 3461 3705 3638 3773; x_wconf 85' lang='lat' dir='ltr'><strong>Quod,</strong></span> <span class='ocrx_word' id='word_1_635' title='bbox 3673 3708 3721 3762; x_wconf 90' lang='lat' dir='ltr'><strong>si</strong></span> <span class='ocrx_word' id='word_1_636' title='bbox 3749 3725 3865 3763; x_wconf 83' lang='lat' dir='ltr'><strong>mo-</strong></span> 
     </span>
    </p>
   </div>
   <div class='ocr_carea' id='block_1_82' title="bbox 2264 3790 3860 3873">
    <p class='ocr_par' dir='ltr' id='par_1_82' title="bbox 2264 3790 3860 3873">
     <span class='ocr_line' id='line_1_82' title="bbox 2264 3790 3860 3873; baseline 0.008 -29"><span class='ocrx_word' id='word_1_637' title='bbox 2264 3807 2378 3845; x_wconf 85' lang='lat' dir='ltr'><strong>ram</strong></span> <span class='ocrx_word' id='word_1_638' title='bbox 2430 3790 2651 3861; x_wconf 81' lang='lat' dir='ltr'><strong>fecerit,</strong></span> <span class='ocrx_word' id='word_1_639' title='bbox 2687 3801 2746 3848; x_wconf 91' lang='lat' dir='ltr'><strong>ut</strong></span> <span class='ocrx_word' id='word_1_640' title='bbox 2783 3794 2859 3848; x_wconf 91' lang='lat' dir='ltr'><strong>ait</strong></span> <span class='ocrx_word' id='word_1_641' title='bbox 2892 3794 3194 3866; x_wconf 89' lang='lat' dir='ltr'><strong>Propheta,</strong></span> <span class='ocrx_word' id='word_1_642' title='bbox 3236 3805 3291 3851; x_wconf 92' lang='lat' dir='ltr'><strong>et</strong></span> <span class='ocrx_word' id='word_1_643' title='bbox 3322 3797 3621 3854; x_wconf 87' lang='lat' dir='ltr'><strong>tardaverit</strong></span> <span class='ocrx_word' id='word_1_644' title='bbox 3645 3799 3860 3873; x_wconf 83' lang='lat' dir='ltr'><strong>largiri,</strong></span> 
     </span>
    </p>
   </div>
   <div class='ocr_carea' id='block_1_83' title="bbox 2260 3874 3864 3957">
    <p class='ocr_par' dir='ltr' id='par_1_83' title="bbox 2260 3874 3864 3957">
     <span class='ocr_line' id='line_1_83' title="bbox 2260 3874 3864 3957; baseline 0.005 -20"><span class='ocrx_word' id='word_1_645' title='bbox 2260 3883 2404 3952; x_wconf 88' lang='lat' dir='ltr'><strong>quod</strong></span> <span class='ocrx_word' id='word_1_646' title='bbox 2429 3892 2679 3954; x_wconf 81' lang='lat' dir='ltr'><strong>exoptas,</strong></span> <span class='ocrx_word' id='word_1_647' title='bbox 2712 3895 2986 3955; x_wconf 85' lang='lat' dir='ltr'><strong>exspecta,</strong></span> <span class='ocrx_word' id='word_1_648' title='bbox 3014 3888 3140 3957; x_wconf 87' lang='lat' dir='ltr'><strong>quia</strong></span> <span class='ocrx_word' id='word_1_649' title='bbox 3175 3889 3363 3952; x_wconf 84' lang='lat' dir='ltr'><strong>veniet,</strong></span> <span class='ocrx_word' id='word_1_650' title='bbox 3402 3899 3452 3943; x_wconf 88' lang='lat' dir='ltr'><strong>et</strong></span> <span class='ocrx_word' id='word_1_651' title='bbox 3487 3906 3593 3945; x_wconf 88' lang='lat' dir='ltr'><strong>non</strong></span> <span class='ocrx_word' id='word_1_652' title='bbox 3626 3874 3864 3947; x_wconf 76' lang='lat' dir='ltr'><strong>tardabit</strong></span> 
     </span>
    </p>
   </div>
   <div class='ocr_carea' id='block_1_84' title="bbox 2262 3974 3858 4050">
    <p class='ocr_par' dir='ltr' id='par_1_84' title="bbox 2262 3974 3858 4050">
     <span class='ocr_line' id='line_1_84' title="bbox 2262 3974 3858 4050; baseline 0.005 -21"><span class='ocrx_word' id='word_1_653' title='bbox 2262 3974 2446 4047; x_wconf 83' lang='lat' dir='ltr'><strong>(Hebr.</strong></span> <span class='ocrx_word' id='word_1_654' title='bbox 2477 3993 2540 4042; x_wconf 85' lang='grc' dir='ltr'><strong><em>ιι,</em></strong></span> <span class='ocrx_word' id='word_1_655' title='bbox 2575 3977 2654 4047; x_wconf 81' lang='lat'><strong>5).</strong></span> <span class='ocrx_word' id='word_1_656' title='bbox 2687 3976 2830 4033; x_wconf 85' lang='lat' dir='ltr'><strong>Cave</strong></span> <span class='ocrx_word' id='word_1_657' title='bbox 2875 3977 3039 4048; x_wconf 86' lang='lat' dir='ltr'><strong>igitur</strong></span> <span class='ocrx_word' id='word_1_658' title='bbox 3063 4019 3080 4044; x_wconf 93' lang='lat'><strong>,</strong></span> <span class='ocrx_word' id='word_1_659' title='bbox 3111 3993 3179 4034; x_wconf 92' lang='lat' dir='ltr'><strong>ne</strong></span> <span class='ocrx_word' id='word_1_660' title='bbox 3224 3981 3421 4050; x_wconf 90' lang='lat' dir='ltr'><strong>perdas</strong></span> <span class='ocrx_word' id='word_1_661' title='bbox 3449 3982 3858 4038; x_wconf 87' lang='lat' dir='ltr'><strong>sustinentiam.</strong></span> 
     </span>
    </p>
   </div>
   <div class='ocr_carea' id='block_1_85' title="bbox 2273 4066 3861 4145">
    <p class='ocr_par' dir='ltr' id='par_1_85' title="bbox 2273 4066 3861 4145">
     <span class='ocr_line' id='line_1_85' title="bbox 2273 4066 3861 4145; baseline 0.006 -26"><span class='ocrx_word' id='word_1_662' title='bbox 2273 4066 2381 4134; x_wconf 74' lang='lat' dir='ltr'><strong>Vw,</strong></span> <span class='ocrx_word' id='word_1_663' title='bbox 2417 4068 2596 4139; x_wconf 89' lang='lat' dir='ltr'><strong>inquit</strong></span> <span class='ocrx_word' id='word_1_664' title='bbox 2621 4067 2913 4140; x_wconf 86' lang='lat' dir='ltr'><strong>Propheta,</strong></span> <span class='ocrx_word' id='word_1_665' title='bbox 2953 4070 3036 4125; x_wconf 77' lang='lat' dir='ltr'><strong>Itis</strong></span> <span class='ocrx_word' id='word_1_666' title='bbox 3083 4072 3174 4142; x_wconf 86' lang='lat' dir='ltr'><strong>qui</strong></span> <span class='ocrx_word' id='word_1_667' title='bbox 3203 4074 3569 4128; x_wconf 80' lang='lat' dir='ltr'><strong>sustinentium</strong></span> <span class='ocrx_word' id='word_1_668' title='bbox 3606 4076 3861 4145; x_wconf 76' lang='lat' dir='ltr'><strong>perdide-</strong></span> 
     </span>
    </p>
   </div>
   <div class='ocr_carea' id='block_1_86' title="bbox 2261 4159 3859 4237">
    <p class='ocr_par' dir='ltr' id='par_1_86' title="bbox 2261 4159 3859 4237">
     <span class='ocr_line' id='line_1_86' title="bbox 2261 4159 3859 4237; baseline 0.007 -26"><span class='ocrx_word' id='word_1_669' title='bbox 2261 4167 2402 4226; x_wconf 87' lang='lat' dir='ltr'><strong>runt,</strong></span> <span class='ocrx_word' id='word_1_670' title='bbox 2425 4169 2474 4213; x_wconf 91' lang='lat' dir='ltr'><strong>et</strong></span> <span class='ocrx_word' id='word_1_671' title='bbox 2498 4159 2814 4215; x_wconf 81' lang='lat' dir='ltr'><strong>devenerunt</strong></span> <span class='ocrx_word' id='word_1_672' title='bbox 2837 4161 2892 4216; x_wconf 88' lang='lat' dir='ltr'><strong>in</strong></span> <span class='ocrx_word' id='word_1_673' title='bbox 2914 4162 3025 4216; x_wconf 80' lang='lat' dir='ltr'><strong>uias</strong></span> <span class='ocrx_word' id='word_1_674' title='bbox 3047 4178 3238 4234; x_wconf 84' lang='lat' dir='ltr'><strong>pravas</strong></span> <span class='ocrx_word' id='word_1_675' title='bbox 3259 4163 3453 4234; x_wconf 82' lang='lat' dir='ltr'><strong>(Eccli.</strong></span> <span class='ocrx_word' id='word_1_676' title='bbox 3485 4181 3551 4231; x_wconf 87' lang='grc' dir='ltr'><strong><em>ιι,</em></strong></span> <span class='ocrx_word' id='word_1_677' title='bbox 3575 4167 3688 4237; x_wconf 81' lang='grc'><strong>16).</strong></span> <span class='ocrx_word' id='word_1_678' title='bbox 3713 4166 3859 4234; x_wconf 84' lang='lat' dir='ltr'><strong>Quid</strong></span> 
     </span>
    </p>
   </div>
   <div class='ocr_carea' id='block_1_87' title="bbox 2258 4250 3856 4327">
    <p class='ocr_par' dir='ltr' id='par_1_87' title="bbox 2258 4250 3856 4327">
     <span class='ocr_line' id='line_1_87' title="bbox 2258 4250 3856 4327; baseline 0.004 -21"><span class='ocrx_word' id='word_1_679' title='bbox 2258 4250 2443 4322; x_wconf 90' lang='lat' dir='ltr'><strong>itaque</strong></span> <span class='ocrx_word' id='word_1_680' title='bbox 2467 4251 2690 4320; x_wconf 87' lang='lat' dir='ltr'><strong>facient,</strong></span> <span class='ocrx_word' id='word_1_681' title='bbox 2704 4269 2826 4310; x_wconf 91' lang='lat' dir='ltr'><strong>cum</strong></span> <span class='ocrx_word' id='word_1_682' title='bbox 2845 4253 3114 4326; x_wconf 88' lang='lat' dir='ltr'><strong>inspicere</strong></span> <span class='ocrx_word' id='word_1_683' title='bbox 3143 4257 3372 4327; x_wconf 70' lang='lat' dir='ltr'><strong>cmperit</strong></span> <span class='ocrx_word' id='word_1_684' title='bbox 3391 4257 3538 4313; x_wconf 90' lang='lat' dir='ltr'><strong>Deus</strong></span> <span class='ocrx_word' id='word_1_685' title='bbox 3563 4259 3856 4314; x_wconf 83' lang='lat' dir='ltr'><strong>conscien-</strong></span> 
     </span>
    </p>
   </div>
   <div class='ocr_carea' id='block_1_88' title="bbox 2258 4345 3855 4419">
    <p class='ocr_par' dir='ltr' id='par_1_88' title="bbox 2258 4345 3855 4419">
     <span class='ocr_line' id='line_1_88' title="bbox 2258 4345 3855 4419; baseline 0.004 -21"><span class='ocrx_word' id='word_1_686' title='bbox 2258 4345 2362 4401; x_wconf 92' lang='lat' dir='ltr'><strong>tias</strong></span> <span class='ocrx_word' id='word_1_687' title='bbox 2384 4345 2763 4417; x_wconf 81' lang='lat' dir='ltr'><strong>singulorum?</strong></span> <span class='ocrx_word' id='word_1_688' title='bbox 2789 4345 3133 4419; x_wconf 80' lang='lat' dir='ltr'><strong>Quaprbpter</strong></span> <span class='ocrx_word' id='word_1_689' title='bbox 3163 4348 3274 4404; x_wconf 90' lang='lat' dir='ltr'><strong>noli</strong></span> <span class='ocrx_word' id='word_1_690' title='bbox 3301 4365 3333 4404; x_wconf 89' lang='lat' dir='ltr'><strong>a</strong></span> <span class='ocrx_word' id='word_1_691' title='bbox 3362 4348 3469 4405; x_wconf 91' lang='lat' dir='ltr'><strong>ﬁde</strong></span> <span class='ocrx_word' id='word_1_692' title='bbox 3498 4348 3772 4405; x_wconf 88' lang='lat' dir='ltr'><strong>desistere</strong></span> <span class='ocrx_word' id='word_1_693' title='bbox 3806 4348 3855 4415; x_wconf 72' lang='grc' dir='ltr'><strong>ί.</strong></span> 
     </span>
    </p>
   </div>
   <div class='ocr_carea' id='block_1_89' title="bbox 2255 4436 3852 4512">
    <p class='ocr_par' dir='ltr' id='par_1_89' title="bbox 2255 4436 3852 4512">
     <span class='ocr_line' id='line_1_89' title="bbox 2255 4436 3852 4512; baseline 0.004 -20"><span class='ocrx_word' id='word_1_694' title='bbox 2255 4436 2362 4493; x_wconf 91' lang='lat' dir='ltr'><strong>noli</strong></span> <span class='ocrx_word' id='word_1_695' title='bbox 2392 4453 2425 4492; x_wconf 90' lang='lat' dir='ltr'><strong>a</strong></span> <span class='ocrx_word' id='word_1_696' title='bbox 2455 4447 2634 4509; x_wconf 71' lang='lat' dir='ltr'><strong>empto</strong></span> <span class='ocrx_word' id='word_1_697' title='bbox 2662 4439 2859 4496; x_wconf 91' lang='lat' dir='ltr'><strong>itinere</strong></span> <span class='ocrx_word' id='word_1_698' title='bbox 2885 4438 3186 4508; x_wconf 87' lang='lat' dir='ltr'><strong>declinare;</strong></span> <span class='ocrx_word' id='word_1_699' title='bbox 3211 4440 3408 4498; x_wconf 90' lang='lat' dir='ltr'><strong>festina</strong></span> <span class='ocrx_word' id='word_1_700' title='bbox 3429 4457 3540 4512; x_wconf 84' lang='lat' dir='ltr'><strong>quo</strong></span> <span class='ocrx_word' id='word_1_701' title='bbox 3561 4441 3852 4507; x_wconf 87' lang='lat' dir='ltr'><strong>tendebas,</strong></span> 
     </span>
    </p>
   </div>
   <div class='ocr_carea' id='block_1_90' title="bbox 561 4527 2180 4641">
    <p class='ocr_par' dir='ltr' id='par_1_90' title="bbox 561 4539 2180 4613">
     <span class='ocr_line' id='line_1_90' title="bbox 561 4539 2180 4613; baseline -0.001 -15"><span class='ocrx_word' id='word_1_702' title='bbox 561 4539 863 4599; x_wconf 78' lang='lat' dir='ltr'><strong>Jerusalem</strong></span> <span class='ocrx_word' id='word_1_703' title='bbox 904 4556 1012 4598; x_wconf 88' lang='lat' dir='ltr'><strong>una</strong></span> <span class='ocrx_word' id='word_1_704' title='bbox 1053 4542 1272 4613; x_wconf 90' lang='lat' dir='ltr'><strong>quidem</strong></span> <span class='ocrx_word' id='word_1_705' title='bbox 1330 4556 1492 4596; x_wconf 89' lang='lat' dir='ltr'><strong>manu</strong></span> <span class='ocrx_word' id='word_1_706' title='bbox 1523 4547 1527 4554; x_wconf 84' lang='lat'>‘</span> <span class='ocrx_word' id='word_1_707' title='bbox 1554 4541 1918 4606; x_wconf 87' lang='lat' dir='ltr'><strong>reaediﬁcant;</strong></span> <span class='ocrx_word' id='word_1_708' title='bbox 1977 4541 2180 4596; x_wconf 72' lang='lat' dir='ltr'><strong>altera.</strong></span> 
     </span>
    </p>
   </div>
   <div class='ocr_carea' id='block_1_91' title="bbox 2265 4527 3855 4641">
    <p class='ocr_par' dir='ltr' id='par_1_91' title="bbox 2265 4527 3855 4602">
     <span class='ocr_line' id='line_1_91' title="bbox 2265 4527 3855 4602; baseline 0.001 -18"><span class='ocrx_word' id='word_1_709' title='bbox 2265 4536 2311 4584; x_wconf 86' lang='lat' dir='ltr'><strong>et</strong></span> <span class='ocrx_word' id='word_1_710' title='bbox 2338 4527 2385 4583; x_wconf 88' lang='lat' dir='ltr'><strong>si</strong></span> <span class='ocrx_word' id='word_1_711' title='bbox 2415 4528 2680 4585; x_wconf 89' lang='lat' dir='ltr'><strong>cecideris</strong></span> <span class='ocrx_word' id='word_1_712' title='bbox 2713 4532 2738 4570; x_wconf 76' lang='grc' dir='ltr'><strong>ε</strong></span> <span class='ocrx_word' id='word_1_713' title='bbox 2764 4530 2833 4586; x_wconf 91' lang='lat' dir='ltr'><strong>ob</strong></span> <span class='ocrx_word' id='word_1_714' title='bbox 2860 4529 3230 4601; x_wconf 84' lang='lat' dir='ltr'><strong>fragilitatem,</strong></span> <span class='ocrx_word' id='word_1_715' title='bbox 3262 4532 3424 4587; x_wconf 89' lang='lat' dir='ltr'><strong>citius</strong></span> <span class='ocrx_word' id='word_1_716' title='bbox 3448 4546 3698 4602; x_wconf 86' lang='lat' dir='ltr'><strong>resurge.</strong></span> <span class='ocrx_word' id='word_1_717' title='bbox 3731 4531 3855 4586; x_wconf 80' lang='lat' dir='ltr'><strong>Noli</strong></span> 
     </span>
    </p>
   </div>
   <div class='ocr_carea' id='block_1_92' title="bbox 563 4632 2148 4697">
    <p class='ocr_par' dir='ltr' id='par_1_92' title="bbox 563 4632 2148 4697">
     <span class='ocr_line' id='line_1_92' title="bbox 563 4632 2148 4697; baseline 0.003 -12"><span class='ocrx_word' id='word_1_718' title='bbox 563 4649 693 4690; x_wconf 88' lang='lat' dir='ltr'><strong>vero</strong></span> <span class='ocrx_word' id='word_1_719' title='bbox 731 4633 1086 4691; x_wconf 89' lang='lat' dir='ltr'><strong>circumcirca</strong></span> <span class='ocrx_word' id='word_1_720' title='bbox 1117 4632 1364 4690; x_wconf 91' lang='lat' dir='ltr'><strong>hostibus</strong></span> <span class='ocrx_word' id='word_1_721' title='bbox 1404 4633 1660 4697; x_wconf 88' lang='lat' dir='ltr'><strong>obsessis,</strong></span> <span class='ocrx_word' id='word_1_722' title='bbox 1709 4633 1928 4690; x_wconf 90' lang='lat' dir='ltr'><strong>fortiter</strong></span> <span class='ocrx_word' id='word_1_723' title='bbox 1957 4635 2148 4691; x_wconf 91' lang='lat' dir='ltr'><strong>eadem</strong></span> 
     </span>
    </p>
   </div>
   <div class='ocr_carea' id='block_1_93' title="bbox 563 4724 2148 4798">
    <p class='ocr_par' dir='ltr' id='par_1_93' title="bbox 563 4724 2148 4798">
     <span class='ocr_line' id='line_1_93' title="bbox 563 4724 2148 4798; baseline 0.003 -20"><span class='ocrx_word' id='word_1_724' title='bbox 563 4725 668 4779; x_wconf 86' lang='lat' dir='ltr'><strong>fide</strong></span> <span class='ocrx_word' id='word_1_725' title='bbox 699 4724 959 4781; x_wconf 88' lang='lat' dir='ltr'><strong>divinitus</strong></span> <span class='ocrx_word' id='word_1_726' title='bbox 985 4724 1200 4789; x_wconf 89' lang='lat' dir='ltr'><strong>imbuti,</strong></span> <span class='ocrx_word' id='word_1_727' title='bbox 1229 4732 1574 4796; x_wconf 88' lang='lat' dir='ltr'><strong>propugnant</strong></span> <span class='ocrx_word' id='word_1_728' title='bbox 1601 4724 1788 4796; x_wconf 86' lang='lat' dir='ltr'><strong>(Esdr.</strong></span> <span class='ocrx_word' id='word_1_729' title='bbox 1817 4725 1914 4798; x_wconf 79' lang='lat' dir='ltr'><strong>IV).</strong></span> <span class='ocrx_word' id='word_1_730' title='bbox 1951 4726 2008 4782; x_wconf 88' lang='lat' dir='ltr'><strong>In</strong></span> <span class='ocrx_word' id='word_1_731' title='bbox 2040 4742 2148 4798; x_wconf 92' lang='lat' dir='ltr'><strong>quo</strong></span> 
     </span>
    </p>
   </div>
   <div class='ocr_carea' id='block_1_94' title="bbox 565 4812 2148 4888">
    <p class='ocr_par' dir='ltr' id='par_1_94' title="bbox 565 4812 2148 4888">
     <span class='ocr_line' id='line_1_94' title="bbox 565 4812 2148 4888; baseline 0 -19"><span class='ocrx_word' id='word_1_732' title='bbox 565 4831 798 4886; x_wconf 86' lang='lat' dir='ltr'><strong>namque</strong></span> <span class='ocrx_word' id='word_1_733' title='bbox 820 4812 1075 4870; x_wconf 86' lang='lat' dir='ltr'><strong>conﬂictu</strong></span> <span class='ocrx_word' id='word_1_734' title='bbox 1100 4814 1240 4869; x_wconf 84' lang='lat' dir='ltr'><strong>bene</strong></span> <span class='ocrx_word' id='word_1_735' title='bbox 1265 4813 1399 4868; x_wconf 89' lang='lat' dir='ltr'><strong>ﬁdes</strong></span> <span class='ocrx_word' id='word_1_736' title='bbox 1422 4814 1587 4869; x_wconf 89' lang='lat' dir='ltr'><strong>etiam</strong></span> <span class='ocrx_word' id='word_1_737' title='bbox 1615 4815 1728 4871; x_wconf 92' lang='lat' dir='ltr'><strong>suis</strong></span> <span class='ocrx_word' id='word_1_738' title='bbox 1753 4815 1996 4872; x_wconf 88' lang='lat' dir='ltr'><strong>decertat</strong></span> <span class='ocrx_word' id='word_1_739' title='bbox 2018 4831 2148 4888; x_wconf 86' lang='lat' dir='ltr'><strong>par-</strong></span> 
     </span>
    </p>
   </div>
   <div class='ocr_carea' id='block_1_95' title="bbox 565 4905 2149 4980">
    <p class='ocr_par' dir='ltr' id='par_1_95' title="bbox 565 4905 2149 4980">
     <span class='ocr_line' id='line_1_95' title="bbox 565 4905 2149 4980; baseline 0.003 -20"><span class='ocrx_word' id='word_1_740' title='bbox 565 4907 730 4975; x_wconf 89' lang='lat' dir='ltr'><strong>tibus,</strong></span> <span class='ocrx_word' id='word_1_741' title='bbox 758 4916 821 4962; x_wconf 92' lang='lat' dir='ltr'><strong>ut</strong></span> <span class='ocrx_word' id='word_1_742' title='bbox 851 4905 1058 4978; x_wconf 84' lang='lat' dir='ltr'><strong>majora</strong></span> <span class='ocrx_word' id='word_1_743' title='bbox 1094 4920 1307 4977; x_wconf 89' lang='lat' dir='ltr'><strong>semper</strong></span> <span class='ocrx_word' id='word_1_744' title='bbox 1330 4906 1478 4962; x_wconf 88' lang='lat' dir='ltr'><strong>velit.</strong></span> <span class='ocrx_word' id='word_1_745' title='bbox 1517 4906 1672 4963; x_wconf 88' lang='lat' dir='ltr'><strong>Unde</strong></span> <span class='ocrx_word' id='word_1_746' title='bbox 1711 4909 1995 4980; x_wconf 87' lang='lat' dir='ltr'><strong>magniﬁca</strong></span> <span class='ocrx_word' id='word_1_747' title='bbox 2025 4907 2149 4978; x_wconf 84' lang='lat' dir='ltr'><strong>jure</strong></span> 
     </span>
    </p>
   </div>
   <div class='ocr_carea' id='block_1_96' title="bbox 563 4997 2150 5070">
    <p class='ocr_par' dir='ltr' id='par_1_96' title="bbox 563 4997 2150 5070">
     <span class='ocr_line' id='line_1_96' title="bbox 563 4997 2150 5070; baseline 0.003 -18"><span class='ocrx_word' id='word_1_748' title='bbox 563 4997 787 5066; x_wconf 82' lang='lat' dir='ltr'><strong>dicitur,</strong></span> <span class='ocrx_word' id='word_1_749' title='bbox 842 5000 968 5055; x_wconf 92' lang='lat' dir='ltr'><strong>dum</strong></span> <span class='ocrx_word' id='word_1_750' title='bbox 1001 4999 1209 5070; x_wconf 89' lang='lat' dir='ltr'><strong>potiora</strong></span> <span class='ocrx_word' id='word_1_751' title='bbox 1249 5012 1465 5068; x_wconf 91' lang='lat' dir='ltr'><strong>semper</strong></span> <span class='ocrx_word' id='word_1_752' title='bbox 1490 5039 1506 5066; x_wconf 94' lang='lat'><strong>,</strong></span> <span class='ocrx_word' id='word_1_753' title='bbox 1547 5007 1604 5053; x_wconf 93' lang='lat' dir='ltr'><strong>et</strong></span> <span class='ocrx_word' id='word_1_754' title='bbox 1657 5015 1776 5069; x_wconf 81' lang='lat' dir='ltr'><strong>quae</strong></span> <span class='ocrx_word' id='word_1_755' title='bbox 1824 5000 1879 5055; x_wconf 91' lang='lat' dir='ltr'><strong>in</strong></span> <span class='ocrx_word' id='word_1_756' title='bbox 1923 5015 1988 5056; x_wconf 91' lang='lat' dir='ltr'><strong>ea</strong></span> <span class='ocrx_word' id='word_1_757' title='bbox 2025 5008 2150 5056; x_wconf 90' lang='lat' dir='ltr'><strong>sunt</strong></span> 
     </span>
    </p>
   </div>
   <div class='ocr_carea' id='block_1_97' title="bbox 562 5088 2150 5161">
    <p class='ocr_par' dir='ltr' id='par_1_97' title="bbox 562 5088 2150 5161">
     <span class='ocr_line' id='line_1_97' title="bbox 562 5088 2150 5161; baseline -0.001 -14"><span class='ocrx_word' id='word_1_758' title='bbox 562 5089 864 5161; x_wconf 65' lang='lat' dir='ltr'><strong>praeterita,</strong></span> <span class='ocrx_word' id='word_1_759' title='bbox 891 5090 1218 5147; x_wconf 85' lang='lat' dir='ltr'><strong>obliviscens</strong></span> <span class='ocrx_word' id='word_1_760' title='bbox 1254 5088 1476 5161; x_wconf 91' lang='lat' dir='ltr'><strong>appetit.</strong></span> <span class='ocrx_word' id='word_1_761' title='bbox 1507 5089 1673 5161; x_wconf 82' lang='lat' dir='ltr'><strong>Cujus</strong></span> <span class='ocrx_word' id='word_1_762' title='bbox 1707 5091 1965 5146; x_wconf 91' lang='lat' dir='ltr'><strong>nimirum</strong></span> <span class='ocrx_word' id='word_1_763' title='bbox 1992 5090 2150 5146; x_wconf 85' lang='lat' dir='ltr'><strong>forti-</strong></span> 
     </span>
    </p>
   </div>
   <div class='ocr_carea' id='block_1_98' title="bbox 563 5181 2149 5256">
    <p class='ocr_par' dir='ltr' id='par_1_98' title="bbox 563 5181 2149 5256">
     <span class='ocr_line' id='line_1_98' title="bbox 563 5181 2149 5256; baseline 0.001 -20"><span class='ocrx_word' id='word_1_764' title='bbox 563 5182 696 5239; x_wconf 90' lang='lat' dir='ltr'><strong>tudo</strong></span> <span class='ocrx_word' id='word_1_765' title='bbox 724 5183 870 5239; x_wconf 87' lang='lat' dir='ltr'><strong>Deus</strong></span> <span class='ocrx_word' id='word_1_766' title='bbox 897 5191 1020 5251; x_wconf 90' lang='lat' dir='ltr'><strong>est,</strong></span> <span class='ocrx_word' id='word_1_767' title='bbox 1045 5190 1103 5238; x_wconf 90' lang='lat' dir='ltr'><strong>vt</strong></span> <span class='ocrx_word' id='word_1_768' title='bbox 1145 5183 1262 5254; x_wconf 92' lang='lat' dir='ltr'><strong>ipse</strong></span> <span class='ocrx_word' id='word_1_769' title='bbox 1290 5182 1535 5238; x_wconf 88' lang='lat' dir='ltr'><strong>clamans</strong></span> <span class='ocrx_word' id='word_1_770' title='bbox 1582 5183 1660 5237; x_wconf 91' lang='lat' dir='ltr'><strong>ait</strong></span> <span class='ocrx_word' id='word_1_771' title='bbox 1693 5197 1708 5236; x_wconf 90' lang='lat'><strong>:</strong></span> <span class='ocrx_word' id='word_1_772' title='bbox 1740 5181 2024 5252; x_wconf 72' lang='lat' dir='ltr'><strong>Con/Edita,</strong></span> <span class='ocrx_word' id='word_1_773' title='bbox 2055 5198 2149 5256; x_wconf 79' lang='lat' dir='ltr'><strong>ego</strong></span> 
     </span>
    </p>
   </div>
   <div class='ocr_carea' id='block_1_99' title="bbox 562 5275 2143 5349">
    <p class='ocr_par' dir='ltr' id='par_1_99' title="bbox 562 5275 2143 5349">
     <span class='ocr_line' id='line_1_99' title="bbox 562 5275 2143 5349; baseline 0.001 -19"><span class='ocrx_word' id='word_1_774' title='bbox 562 5276 666 5330; x_wconf 83' lang='lat' dir='ltr'><strong>vici</strong></span> <span class='ocrx_word' id='word_1_775' title='bbox 710 5275 967 5331; x_wconf 84' lang='lat' dir='ltr'><strong>mundum</strong></span> <span class='ocrx_word' id='word_1_776' title='bbox 1005 5275 1188 5349; x_wconf 84' lang='lat' dir='ltr'><strong>(Joan.</strong></span> <span class='ocrx_word' id='word_1_777' title='bbox 1224 5291 1337 5344; x_wconf 80' lang='lat' dir='ltr'><strong>xvr,</strong></span> <span class='ocrx_word' id='word_1_778' title='bbox 1368 5276 1481 5345; x_wconf 76' lang='grc'><strong>55).</strong></span> <span class='ocrx_word' id='word_1_779' title='bbox 1509 5277 1587 5330; x_wconf 89' lang='lat' dir='ltr'><strong>Ac</strong></span> <span class='ocrx_word' id='word_1_780' title='bbox 1611 5277 1658 5332; x_wconf 90' lang='lat' dir='ltr'><strong>si</strong></span> <span class='ocrx_word' id='word_1_781' title='bbox 1686 5284 1934 5346; x_wconf 88' lang='lat' dir='ltr'><strong>patenter</strong></span> <span class='ocrx_word' id='word_1_782' title='bbox 1959 5278 2143 5333; x_wconf 90' lang='lat' dir='ltr'><strong>dicat:</strong></span> 
     </span>
    </p>
   </div>
   <div class='ocr_carea' id='block_1_100' title="bbox 563 5368 2142 5437">
    <p class='ocr_par' dir='ltr' id='par_1_100' title="bbox 563 5368 2142 5437">
     <span class='ocr_line' id='line_1_100' title="bbox 563 5368 2142 5437; baseline 0.004 -14"><span class='ocrx_word' id='word_1_783' title='bbox 563 5383 671 5424; x_wconf 86' lang='lat' dir='ltr'><strong>non</strong></span> <span class='ocrx_word' id='word_1_784' title='bbox 702 5369 754 5424; x_wconf 93' lang='lat' dir='ltr'><strong>in</strong></span> <span class='ocrx_word' id='word_1_785' title='bbox 781 5369 980 5426; x_wconf 89' lang='lat' dir='ltr'><strong>vestris</strong></span> <span class='ocrx_word' id='word_1_786' title='bbox 1002 5368 1207 5425; x_wconf 88' lang='lat' dir='ltr'><strong>viribus</strong></span> <span class='ocrx_word' id='word_1_787' title='bbox 1226 5410 1240 5435; x_wconf 94' lang='lat'><strong>,</strong></span> <span class='ocrx_word' id='word_1_788' title='bbox 1291 5368 1386 5424; x_wconf 90' lang='lat' dir='ltr'><strong>sed</strong></span> <span class='ocrx_word' id='word_1_789' title='bbox 1418 5369 1472 5424; x_wconf 92' lang='lat' dir='ltr'><strong>in</strong></span> <span class='ocrx_word' id='word_1_790' title='bbox 1517 5384 1635 5424; x_wconf 88' lang='lat' dir='ltr'><strong>mea</strong></span> <span class='ocrx_word' id='word_1_791' title='bbox 1673 5369 1780 5425; x_wconf 89' lang='lat' dir='ltr'><strong>erit</strong></span> <span class='ocrx_word' id='word_1_792' title='bbox 1805 5368 2142 5437; x_wconf 87' lang='lat' dir='ltr'><strong>fortitudine,</strong></span> 
     </span>
    </p>
   </div>
   <div class='ocr_carea' id='block_1_101' title="bbox 560 5458 2140 5530">
    <p class='ocr_par' dir='ltr' id='par_1_101' title="bbox 560 5458 2140 5530">
     <span class='ocr_line' id='line_1_101' title="bbox 560 5458 2140 5530; baseline 0.003 -15"><span class='ocrx_word' id='word_1_793' title='bbox 560 5460 707 5530; x_wconf 86' lang='lat' dir='ltr'><strong>quod</strong></span> <span class='ocrx_word' id='word_1_794' title='bbox 736 5461 970 5517; x_wconf 79' lang='lat' dir='ltr'><strong>victores</strong></span> <span class='ocrx_word' id='word_1_795' title='bbox 995 5459 1170 5517; x_wconf 89' lang='lat' dir='ltr'><strong>eritis.</strong></span> <span class='ocrx_word' id='word_1_796' title='bbox 1195 5459 1348 5517; x_wconf 90' lang='lat' dir='ltr'><strong>Unde</strong></span> <span class='ocrx_word' id='word_1_797' title='bbox 1379 5460 1424 5516; x_wconf 91' lang='lat' dir='ltr'><strong>si</strong></span> <span class='ocrx_word' id='word_1_798' title='bbox 1456 5458 1687 5516; x_wconf 86' lang='lat' dir='ltr'><strong>deﬁcitis</strong></span> <span class='ocrx_word' id='word_1_799' title='bbox 1716 5501 1728 5525; x_wconf 93' lang='lat'><strong>,</strong></span> <span class='ocrx_word' id='word_1_800' title='bbox 1783 5471 1838 5517; x_wconf 89' lang='lat' dir='ltr'><strong>et</strong></span> <span class='ocrx_word' id='word_1_801' title='bbox 1881 5463 2140 5520; x_wconf 84' lang='lat' dir='ltr'><strong>tentatio-</strong></span> 
     </span>
    </p>
   </div>
   <div class='ocr_carea' id='block_1_102' title="bbox 637 5611 1039 5684">
    <p class='ocr_par' dir='ltr' id='par_1_102' title="bbox 637 5611 1039 5684">
     <span class='ocr_line' id='line_1_102' title="bbox 637 5611 1039 5684; baseline 0 -18"><span class='ocrx_word' id='word_1_802' title='bbox 637 5613 664 5684; x_wconf 62' lang='grc' dir='ltr'><em>ξ’</em></span> <span class='ocrx_word' id='word_1_803' title='bbox 694 5611 862 5684; x_wconf 65' lang='grc' dir='ltr'><strong>Εὐίιη</strong></span> <span class='ocrx_word' id='word_1_804' title='bbox 890 5629 1039 5684; x_wconf 87' lang='lat' dir='ltr'><strong>quos.</strong></span> 
     </span>
    </p>
   </div>
   <div class='ocr_carea' id='block_1_103' title="bbox 635 5682 1109 5748">
    <p class='ocr_par' dir='ltr' id='par_1_103' title="bbox 635 5682 1109 5748">
     <span class='ocr_line' id='line_1_103' title="bbox 635 5682 1109 5748; baseline 0.002 -12"><span class='ocrx_word' id='word_1_805' title='bbox 635 5682 662 5721; x_wconf 74' lang='grc' dir='ltr'><strong><em>ι’</em></strong></span> <span class='ocrx_word' id='word_1_806' title='bbox 701 5683 841 5738; x_wconf 83' lang='lat' dir='ltr'><strong>Edit.</strong></span> <span class='ocrx_word' id='word_1_807' title='bbox 854 5724 867 5748; x_wconf 94' lang='lat'><strong>,</strong></span> <span class='ocrx_word' id='word_1_808' title='bbox 895 5682 1109 5739; x_wconf 76' lang='lat' dir='ltr'><strong>noverit.</strong></span> 
     </span>
    </p>
   </div>
   <div class='ocr_carea' id='block_1_104' title="bbox 584 5752 1348 5823">
    <p class='ocr_par' dir='ltr' id='par_1_104' title="bbox 584 5752 1348 5823">
     <span class='ocr_line' id='line_1_104' title="bbox 584 5752 1348 5823; baseline 0.012 -22"><span class='ocrx_word' id='word_1_809' title='bbox 584 5786 596 5796; x_wconf 88' lang='lat'><strong>.</strong></span> <span class='ocrx_word' id='word_1_810' title='bbox 634 5761 656 5823; x_wconf 64' lang='grc' dir='ltr'><strong><em>εξ</em></strong></span> <span class='ocrx_word' id='word_1_811' title='bbox 689 5752 857 5823; x_wconf 34' lang='lat' dir='ltr'><strong>Edita</strong></span> <span class='ocrx_word' id='word_1_812' title='bbox 879 5771 994 5823; x_wconf 64' lang='lat' dir='ltr'><strong>quae</strong></span> <span class='ocrx_word' id='word_1_813' title='bbox 1028 5756 1074 5808; x_wconf 89' lang='lat' dir='ltr'><strong>si</strong></span> <span class='ocrx_word' id='word_1_814' title='bbox 1107 5770 1224 5809; x_wconf 81' lang='lat' dir='ltr'><strong>vero</strong></span> <span class='ocrx_word' id='word_1_815' title='bbox 1253 5767 1348 5810; x_wconf 82' lang='lat' dir='ltr'><strong>est.</strong></span> 
     </span>
    </p>
   </div>
   <div class='ocr_carea' id='block_1_105' title="bbox 629 5819 1424 5894">
    <p class='ocr_par' dir='ltr' id='par_1_105' title="bbox 629 5819 1424 5894">
     <span class='ocr_line' id='line_1_105' title="bbox 629 5819 1424 5894; baseline 0.003 -18"><span class='ocrx_word' id='word_1_816' title='bbox 629 5819 655 5858; x_wconf 74' lang='grc' dir='ltr'><strong><em>ἀ</em></strong></span> <span class='ocrx_word' id='word_1_817' title='bbox 687 5821 855 5890; x_wconf 73' lang='grc' dir='ltr'><strong>Εᾶὶι.,</strong></span> <span class='ocrx_word' id='word_1_818' title='bbox 882 5819 997 5894; x_wconf 62' lang='grc' dir='ltr'><strong>ῥοιαί</strong></span> <span class='ocrx_word' id='word_1_819' title='bbox 1022 5825 1290 5882; x_wconf 70' lang='grc' dir='ltr'><strong>ηοὸὸοε·ηιη</strong></span> <span class='ocrx_word' id='word_1_820' title='bbox 1331 5836 1424 5882; x_wconf 79' lang='lat' dir='ltr'><strong>est.</strong></span> 
     </span>
    </p>
   </div>
   <div class='ocr_carea' id='block_1_106' title="bbox 2259 4617 3852 4686">
    <p class='ocr_par' dir='ltr' id='par_1_106' title="bbox 2259 4617 3852 4686">
     <span class='ocr_line' id='line_1_106' title="bbox 2259 4617 3852 4686; baseline 0.003 -14"><span class='ocrx_word' id='word_1_821' title='bbox 2259 4617 2406 4674; x_wconf 88' lang='lat' dir='ltr'><strong>vitiis</strong></span> <span class='ocrx_word' id='word_1_822' title='bbox 2451 4621 2846 4686; x_wconf 90' lang='lat' dir='ltr'><strong>succumbere;</strong></span> <span class='ocrx_word' id='word_1_823' title='bbox 2894 4621 2990 4676; x_wconf 90' lang='lat' dir='ltr'><strong>sed</strong></span> <span class='ocrx_word' id='word_1_824' title='bbox 3021 4630 3140 4680; x_wconf 92' lang='lat' dir='ltr'><strong>esto</strong></span> <span class='ocrx_word' id='word_1_825' title='bbox 3183 4622 3417 4678; x_wconf 86' lang='lat' dir='ltr'><strong>invictus</strong></span> <span class='ocrx_word' id='word_1_826' title='bbox 3465 4631 3655 4679; x_wconf 88' lang='lat' dir='ltr'><strong>mente</strong></span> <span class='ocrx_word' id='word_1_827' title='bbox 3699 4623 3852 4680; x_wconf 90' lang='lat' dir='ltr'><strong>ﬁdei.</strong></span> 
     </span>
    </p>
   </div>
   <div class='ocr_carea' id='block_1_107' title="bbox 2257 4711 3851 4774">
    <p class='ocr_par' dir='ltr' id='par_1_107' title="bbox 2257 4711 3851 4774">
     <span class='ocr_line' id='line_1_107' title="bbox 2257 4711 3851 4774; baseline 0.004 -7"><span class='ocrx_word' id='word_1_828' title='bbox 2257 4711 2488 4769; x_wconf 88' lang='lat' dir='ltr'><strong>Gressus</strong></span> <span class='ocrx_word' id='word_1_829' title='bbox 2517 4721 2638 4770; x_wconf 89' lang='lat' dir='ltr'><strong>tuos</strong></span> <span class='ocrx_word' id='word_1_830' title='bbox 2667 4730 2776 4770; x_wconf 90' lang='lat' dir='ltr'><strong>non</strong></span> <span class='ocrx_word' id='word_1_831' title='bbox 2805 4717 3052 4772; x_wconf 88' lang='lat' dir='ltr'><strong>retrahat</strong></span> <span class='ocrx_word' id='word_1_832' title='bbox 3095 4716 3348 4773; x_wconf 88' lang='lat' dir='ltr'><strong>inimicus</strong></span> <span class='ocrx_word' id='word_1_833' title='bbox 3386 4715 3703 4774; x_wconf 86' lang='lat' dir='ltr'><strong>festinantis</strong></span> <span class='ocrx_word' id='word_1_834' title='bbox 3729 4718 3851 4773; x_wconf 86' lang='lat' dir='ltr'><strong>ani-</strong></span> 
     </span>
    </p>
   </div>
   <div class='ocr_carea' id='block_1_108' title="bbox 2255 4807 3858 4881">
    <p class='ocr_par' dir='ltr' id='par_1_108' title="bbox 2255 4807 3858 4881">
     <span class='ocr_line' id='line_1_108' title="bbox 2255 4807 3858 4881; baseline 0.004 -19"><span class='ocrx_word' id='word_1_835' title='bbox 2255 4823 2378 4875; x_wconf 71' lang='lat' dir='ltr'><strong>mre,</strong></span> <span class='ocrx_word' id='word_1_836' title='bbox 2419 4807 2553 4865; x_wconf 91' lang='lat' dir='ltr'><strong>ﬁdes</strong></span> <span class='ocrx_word' id='word_1_837' title='bbox 2603 4818 2751 4865; x_wconf 87' lang='lat' dir='ltr'><strong>certa</strong></span> <span class='ocrx_word' id='word_1_838' title='bbox 2794 4811 3058 4881; x_wconf 89' lang='lat' dir='ltr'><strong>perducat</strong></span> <span class='ocrx_word' id='word_1_839' title='bbox 3091 4813 3160 4868; x_wconf 91' lang='lat' dir='ltr'><strong>ad</strong></span> <span class='ocrx_word' id='word_1_840' title='bbox 3206 4813 3398 4869; x_wconf 90' lang='lat' dir='ltr'><strong>Deum.</strong></span> <span class='ocrx_word' id='word_1_841' title='bbox 3435 4812 3553 4868; x_wconf 82' lang='lat' dir='ltr'><strong>Non</strong></span> <span class='ocrx_word' id='word_1_842' title='bbox 3598 4814 3750 4868; x_wconf 90' lang='lat' dir='ltr'><strong>enim</strong></span> <span class='ocrx_word' id='word_1_843' title='bbox 3793 4829 3858 4868; x_wconf 90' lang='lat' dir='ltr'><strong>es</strong></span> 
     </span>
    </p>
   </div>
   <div class='ocr_carea' id='block_1_109' title="bbox 2258 4899 3856 4978">
    <p class='ocr_par' dir='ltr' id='par_1_109' title="bbox 2258 4899 3856 4978">
     <span class='ocr_line' id='line_1_109' title="bbox 2258 4899 3856 4978; baseline 0.005 -25"><span class='ocrx_word' id='word_1_844' title='bbox 2258 4900 2451 4968; x_wconf 88' lang='lat' dir='ltr'><strong>victus,</strong></span> <span class='ocrx_word' id='word_1_845' title='bbox 2482 4899 2652 4956; x_wconf 91' lang='lat' dir='ltr'><strong>donec</strong></span> <span class='ocrx_word' id='word_1_846' title='bbox 2680 4911 2873 4971; x_wconf 89' lang='lat' dir='ltr'><strong>sponte</strong></span> <span class='ocrx_word' id='word_1_847' title='bbox 2912 4901 3128 4972; x_wconf 88' lang='lat' dir='ltr'><strong>jaceas;</strong></span> <span class='ocrx_word' id='word_1_848' title='bbox 3175 4905 3270 4960; x_wconf 90' lang='lat' dir='ltr'><strong>sed</strong></span> <span class='ocrx_word' id='word_1_849' title='bbox 3313 4903 3684 4978; x_wconf 87' lang='lat' dir='ltr'><strong>congrederis,</strong></span> <span class='ocrx_word' id='word_1_850' title='bbox 3719 4905 3856 4961; x_wconf 89' lang='lat' dir='ltr'><strong>dum</strong></span> 
     </span>
    </p>
   </div>
   <div class='ocr_carea' id='block_1_110' title="bbox 2255 4991 3856 5069">
    <p class='ocr_par' dir='ltr' id='par_1_110' title="bbox 2255 4991 3856 5069">
     <span class='ocr_line' id='line_1_110' title="bbox 2255 4991 3856 5069; baseline 0.005 -25"><span class='ocrx_word' id='word_1_851' title='bbox 2255 4991 2472 5048; x_wconf 87' lang='lat' dir='ltr'><strong>vincere</strong></span> <span class='ocrx_word' id='word_1_852' title='bbox 2491 4991 2668 5048; x_wconf 91' lang='lat' dir='ltr'><strong>adhuc</strong></span> <span class='ocrx_word' id='word_1_853' title='bbox 2689 4993 2718 5033; x_wconf 67' lang='grc' dir='ltr'><strong>ιι</strong></span> <span class='ocrx_word' id='word_1_854' title='bbox 2738 5009 2838 5064; x_wconf 91' lang='lat' dir='ltr'><strong>per</strong></span> <span class='ocrx_word' id='word_1_855' title='bbox 2855 4993 3018 5052; x_wconf 90' lang='lat' dir='ltr'><strong>ﬁdem</strong></span> <span class='ocrx_word' id='word_1_856' title='bbox 3040 4997 3268 5068; x_wconf 87' lang='lat' dir='ltr'><strong>appetis.</strong></span> <span class='ocrx_word' id='word_1_857' title='bbox 3298 4995 3455 5053; x_wconf 82' lang='lat' dir='ltr'><strong>Nulla</strong></span> <span class='ocrx_word' id='word_1_858' title='bbox 3481 4998 3652 5069; x_wconf 83' lang='lat' dir='ltr'><strong>igitur</strong></span> <span class='ocrx_word' id='word_1_859' title='bbox 3673 4999 3856 5055; x_wconf 84' lang='lat' dir='ltr'><strong>virtus</strong></span> 
     </span>
    </p>
   </div>
   <div class='ocr_carea' id='block_1_111' title="bbox 2256 5082 3849 5160">
    <p class='ocr_par' dir='ltr' id='par_1_111' title="bbox 2256 5082 3849 5160">
     <span class='ocr_line' id='line_1_111' title="bbox 2256 5082 3849 5160; baseline 0.006 -22"><span class='ocrx_word' id='word_1_860' title='bbox 2256 5083 2372 5138; x_wconf 86' lang='lat' dir='ltr'><strong>sine</strong></span> <span class='ocrx_word' id='word_1_861' title='bbox 2430 5082 2537 5140; x_wconf 91' lang='lat' dir='ltr'><strong>ﬁde</strong></span> <span class='ocrx_word' id='word_1_862' title='bbox 2591 5093 2827 5158; x_wconf 89' lang='lat' dir='ltr'><strong>pugnat;</strong></span> <span class='ocrx_word' id='word_1_863' title='bbox 2870 5087 3129 5158; x_wconf 86' lang='lat' dir='ltr'><strong>quoniam</strong></span> <span class='ocrx_word' id='word_1_864' title='bbox 3171 5089 3312 5160; x_wconf 84' lang='lat' dir='ltr'><strong>quod</strong></span> <span class='ocrx_word' id='word_1_865' title='bbox 3347 5106 3454 5144; x_wconf 74' lang='lat' dir='ltr'><strong>non</strong></span> <span class='ocrx_word' id='word_1_866' title='bbox 3487 5098 3566 5146; x_wconf 81' lang='lat' dir='ltr'><strong>est</strong></span> <span class='ocrx_word' id='word_1_867' title='bbox 3601 5105 3670 5145; x_wconf 80' lang='lat' dir='ltr'><strong>ea:</strong></span> <span class='ocrx_word' id='word_1_868' title='bbox 3698 5089 3849 5158; x_wconf 72' lang='lat' dir='ltr'><strong>ﬁde,</strong></span> 
     </span>
    </p>
   </div>
   <div class='ocr_carea' id='block_1_112' title="bbox 2250 5177 3857 5253">
    <p class='ocr_par' dir='ltr' id='par_1_112' title="bbox 2250 5177 3857 5253">
     <span class='ocr_line' id='line_1_112' title="bbox 2250 5177 3857 5253; baseline 0.004 -23"><span class='ocrx_word' id='word_1_869' title='bbox 2250 5184 2520 5246; x_wconf 85' lang='lat' dir='ltr'><strong>peccatum</strong></span> <span class='ocrx_word' id='word_1_870' title='bbox 2563 5186 2637 5231; x_wconf 88' lang='lat' dir='ltr'><strong>est</strong></span> <span class='ocrx_word' id='word_1_871' title='bbox 2680 5177 2852 5248; x_wconf 79' lang='lat' dir='ltr'><strong>(Rom.</strong></span> <span class='ocrx_word' id='word_1_872' title='bbox 2884 5195 2997 5248; x_wconf 72' lang='lat' dir='ltr'><strong>xxv,</strong></span> <span class='ocrx_word' id='word_1_873' title='bbox 3035 5179 3146 5253; x_wconf 77' lang='grc'><strong>15).</strong></span> <span class='ocrx_word' id='word_1_874' title='bbox 3197 5179 3268 5236; x_wconf 87' lang='lat' dir='ltr'><strong>Et</strong></span> <span class='ocrx_word' id='word_1_875' title='bbox 3321 5180 3485 5247; x_wconf 88' lang='lat' dir='ltr'><strong>ideo,</strong></span> <span class='ocrx_word' id='word_1_876' title='bbox 3525 5181 3857 5253; x_wconf 82' lang='lat' dir='ltr'><strong>quantisper</strong></span> 
     </span>
    </p>
   </div>
   <div class='ocr_carea' id='block_1_113' title="bbox 2250 5264 3854 5340">
    <p class='ocr_par' dir='ltr' id='par_1_113' title="bbox 2250 5264 3854 5340">
     <span class='ocr_line' id='line_1_113' title="bbox 2250 5264 3854 5340; baseline 0.005 -21"><span class='ocrx_word' id='word_1_877' title='bbox 2250 5264 2425 5322; x_wconf 85' lang='lat' dir='ltr'><strong>fracta</strong></span> <span class='ocrx_word' id='word_1_878' title='bbox 2469 5266 2674 5334; x_wconf 89' lang='lat' dir='ltr'><strong>fuerit,</strong></span> <span class='ocrx_word' id='word_1_879' title='bbox 2720 5268 2978 5339; x_wconf 63' lang='lat' dir='ltr'><strong>quaelibet</strong></span> <span class='ocrx_word' id='word_1_880' title='bbox 3002 5285 3155 5328; x_wconf 88' lang='lat' dir='ltr'><strong>arma</strong></span> <span class='ocrx_word' id='word_1_881' title='bbox 3189 5270 3314 5327; x_wconf 91' lang='lat' dir='ltr'><strong>ﬁdei</strong></span> <span class='ocrx_word' id='word_1_882' title='bbox 3353 5279 3626 5340; x_wconf 91' lang='lat' dir='ltr'><strong>resumat,</strong></span> <span class='ocrx_word' id='word_1_883' title='bbox 3652 5272 3854 5329; x_wconf 82' lang='lat' dir='ltr'><strong>eadem</strong></span> 
     </span>
    </p>
   </div>
   <div class='ocr_carea' id='block_1_114' title="bbox 2251 5356 3853 5437">
    <p class='ocr_par' dir='ltr' id='par_1_114' title="bbox 2251 5356 3853 5437">
     <span class='ocr_line' id='line_1_114' title="bbox 2251 5356 3853 5437; baseline 0.005 -25"><span class='ocrx_word' id='word_1_884' title='bbox 2251 5356 2384 5414; x_wconf 90' lang='lat' dir='ltr'><strong>ﬁdes</strong></span> <span class='ocrx_word' id='word_1_885' title='bbox 2416 5374 2542 5415; x_wconf 84' lang='lat' dir='ltr'><strong>mox</strong></span> <span class='ocrx_word' id='word_1_886' title='bbox 2569 5360 2943 5428; x_wconf 88' lang='lat' dir='ltr'><strong>convalescat;</strong></span> <span class='ocrx_word' id='word_1_887' title='bbox 2973 5363 3228 5434; x_wconf 91' lang='lat' dir='ltr'><strong>quoniam</strong></span> <span class='ocrx_word' id='word_1_888' title='bbox 3259 5364 3374 5435; x_wconf 87' lang='lat' dir='ltr'><strong>ipsa</strong></span> <span class='ocrx_word' id='word_1_889' title='bbox 3404 5373 3489 5421; x_wconf 92' lang='lat' dir='ltr'><strong>est</strong></span> <span class='ocrx_word' id='word_1_890' title='bbox 3517 5406 3534 5432; x_wconf 95' lang='lat'><strong>,</strong></span> <span class='ocrx_word' id='word_1_891' title='bbox 3578 5379 3702 5436; x_wconf 66' lang='lat' dir='ltr'><strong>quae</strong></span> <span class='ocrx_word' id='word_1_892' title='bbox 3730 5365 3853 5437; x_wconf 79' lang='lat' dir='ltr'><strong>pri-</strong></span> 
     </span>
    </p>
   </div>
   <div class='ocr_carea' id='block_1_115' title="bbox 2253 5453 3856 5528">
    <p class='ocr_par' dir='ltr' id='par_1_115' title="bbox 2253 5453 3856 5528">
     <span class='ocr_line' id='line_1_115' title="bbox 2253 5453 3856 5528; baseline 0.005 -23"><span class='ocrx_word' id='word_1_893' title='bbox 2253 5459 2399 5506; x_wconf 88' lang='lat' dir='ltr'><strong>mum</strong></span> <span class='ocrx_word' id='word_1_894' title='bbox 2431 5462 2656 5508; x_wconf 72' lang='lat' dir='ltr'><strong>caeteras</strong></span> <span class='ocrx_word' id='word_1_895' title='bbox 2683 5453 2753 5509; x_wconf 92' lang='lat' dir='ltr'><strong>ad</strong></span> <span class='ocrx_word' id='word_1_896' title='bbox 2777 5468 3028 5526; x_wconf 87' lang='lat' dir='ltr'><strong>campum</strong></span> <span class='ocrx_word' id='word_1_897' title='bbox 3054 5455 3307 5528; x_wconf 89' lang='lat' dir='ltr'><strong>producit</strong></span> <span class='ocrx_word' id='word_1_898' title='bbox 3333 5457 3675 5514; x_wconf 81' lang='lat' dir='ltr'><strong>certaminis.</strong></span> <span class='ocrx_word' id='word_1_899' title='bbox 3723 5456 3856 5528; x_wconf 76' lang='lat' dir='ltr'><strong>ipsa</strong></span> 
     </span>
    </p>
   </div>
   <div class='ocr_carea' id='block_1_116' title="bbox 2330 5610 3005 5684">
    <p class='ocr_par' dir='ltr' id='par_1_116' title="bbox 2330 5610 3005 5684">
     <span class='ocr_line' id='line_1_116' title="bbox 2330 5610 3005 5684; baseline 0 -14"><span class='ocrx_word' id='word_1_900' title='bbox 2330 5624 2351 5684; x_wconf 70' lang='lat' dir='ltr'><strong>&#39;f</strong></span> <span class='ocrx_word' id='word_1_901' title='bbox 2383 5610 2552 5684; x_wconf 48' lang='lat' dir='ltr'><strong>ﬁdit”</strong></span> <span class='ocrx_word' id='word_1_902' title='bbox 2579 5629 2739 5684; x_wconf 83' lang='lat' dir='ltr'><strong>quant</strong></span> <span class='ocrx_word' id='word_1_903' title='bbox 2759 5613 3005 5670; x_wconf 85' lang='lat' dir='ltr'><strong>labimur.</strong></span> 
     </span>
    </p>
   </div>
   <div class='ocr_carea' id='block_1_117' title="bbox 2330 5681 2849 5753">
    <p class='ocr_par' dir='ltr' id='par_1_117' title="bbox 2330 5681 2849 5753">
     <span class='ocr_line' id='line_1_117' title="bbox 2330 5681 2849 5753; baseline 0.012 -18"><span class='ocrx_word' id='word_1_904' title='bbox 2330 5681 2349 5720; x_wconf 71' lang='grc' dir='ltr'>ί</span> <span class='ocrx_word' id='word_1_905' title='bbox 2382 5681 2523 5753; x_wconf 81' lang='lat' dir='ltr'><strong>Edit.</strong></span> <span class='ocrx_word' id='word_1_906' title='bbox 2535 5723 2548 5747; x_wconf 95' lang='lat'><strong>,</strong></span> <span class='ocrx_word' id='word_1_907' title='bbox 2571 5681 2849 5753; x_wconf 83' lang='lat' dir='ltr'><strong>desiperes.</strong></span> 
     </span>
    </p>
   </div>
   <div class='ocr_carea' id='block_1_118' title="bbox 2328 5752 2870 5815">
    <p class='ocr_par' dir='ltr' id='par_1_118' title="bbox 2328 5752 2870 5815">
     <span class='ocr_line' id='line_1_118' title="bbox 2328 5752 2870 5815; baseline 0.011 -10"><span class='ocrx_word' id='word_1_908' title='bbox 2328 5755 2355 5794; x_wconf 74' lang='grc' dir='ltr'><strong><em>ε</em></strong></span> <span class='ocrx_word' id='word_1_909' title='bbox 2372 5752 2514 5806; x_wconf 83' lang='lat' dir='ltr'><strong>Edit.</strong></span> <span class='ocrx_word' id='word_1_910' title='bbox 2527 5793 2540 5815; x_wconf 94' lang='lat'><strong>,</strong></span> <span class='ocrx_word' id='word_1_911' title='bbox 2580 5752 2870 5811; x_wconf 81' lang='lat' dir='ltr'><strong>recesseris.</strong></span> 
     </span>
    </p>
   </div>
   <div class='ocr_carea' id='block_1_119' title="bbox 2323 5821 3010 5884">
    <p class='ocr_par' dir='ltr' id='par_1_119' title="bbox 2323 5821 3010 5884">
     <span class='ocr_line' id='line_1_119' title="bbox 2323 5821 3010 5884; baseline 0.004 -8"><span class='ocrx_word' id='word_1_912' title='bbox 2323 5823 2346 5862; x_wconf 64' lang='grc' dir='ltr'>δ</span> <span class='ocrx_word' id='word_1_913' title='bbox 2379 5821 2436 5877; x_wconf 89' lang='lat' dir='ltr'><strong>In</strong></span> <span class='ocrx_word' id='word_1_914' title='bbox 2461 5823 2619 5882; x_wconf 77' lang='lat' dir='ltr'><strong>editis</strong></span> <span class='ocrx_word' id='word_1_915' title='bbox 2646 5825 2797 5884; x_wconf 70' lang='lat' dir='ltr'><strong>det&#39;sl</strong></span> <span class='ocrx_word' id='word_1_916' title='bbox 2823 5830 3010 5883; x_wconf 64' lang='lat' dir='ltr'><strong>tul/tuti.</strong></span> 
     </span>
    </p>
   </div>
  </div>
