4148 6344
1309 380 1395 435 DE
1434 378 1608 443 FIDE,
1651 377 1778 432 SPE
1817 375 1906 432 ET
1938 342 2364 432 .CHARITATE.
2405 401 2474 412 —
2512 370 2640 426 LIB.
2676 369 2716 424 l.

383 505 601 579 quidem
621 504 770 576 prior
791 503 924 574 petit
943 510 1280 572 campum,et
1300 500 1367 556 ad
1387 511 1612 570 agonem
1634 502 1958 568 pugnatura,
1986 493 2038 554 Α
2067 485 2387 579 repudiavit.
2422 485 2802 579 Hincquoque
2836 483 3071 579 Paulus:
3106 483 3364 579 Quoniam
3389 522 3402 546 ,
3446 482 3640 579 inquit,

381 606 569 657 exerta
586 595 846 662 brachiis,
872 602 928 651 et
948 592 1091 649 nuda
1116 591 1360 648 humeris
1379 589 1637 661 praecedit
1659 586 1958 659 intrepida:

384 693 459 748 ita
485 697 545 746 ut
570 703 674 744 nec
702 687 930 743 telorum
974 682 1310 748 meminerit,
1338 695 1438 737 nec
1463 693 1736 736 armorum
1762 675 1961 734 suffra-

382 782 500 856 gia;
530 779 626 837 sed
655 777 830 834 ﬁdens
857 783 1076 846 pectore
1100 815 1116 841 ,
1170 787 1358 829 omnes
1387 771 1579 828 animae
1611 770 1841 826 virtutes
1869 781 1962 823 ac-

383 872 566 931 cendit
580 870 647 926 ad
664 867 947 925 victoriam
964 882 979 932 ;
997 864 1194 936 quibus
1209 861 1425 920 suffulta
1435 861 1712 918 Christum
1735 860 1965 928 desuper

383 973 648 1024 astantem
679 959 903 1032 aspicit,
933 966 989 1015 et
1026 959 1353 1014 clamantem
1382 973 1396 1010 :
1428 953 1723 1024 Conﬁdite,
1749 968 1842 1024 ego
1868 951 1970 1006 vici

381 1056 635 1113 mundum
659 1051 841 1126 (Joan.
865 1066 981 1116 xvr,
1008 1050 1122 1122 55).
1155 1049 1310 1106 Unde
1337 1048 1384 1104 si
1423 1048 1566 1104 nuda
1605 1045 1858 1102 humanis
1886 1044 1968 1099 vi-

384 1154 535 1209 ribus
561 1163 776 1220 semper
810 1160 837 1189 ι
863 1147 961 1203 Dei
1006 1153 1191 1201 tuetur
1233 1143 1450 1198 auxiliis
1497 1159 1509 1195 :
1544 1150 1688 1197 etut
1725 1138 1967 1212 apertius

385 1248 579 1310 fatear,
621 1241 754 1298 nulli
787 1254 1027 1310 unquam
1058 1237 1285 1294 victoria
1316 1234 1506 1300 defuit,
1547 1233 1649 1290 nisi
1677 1233 1765 1288 cui
1792 1240 1963 1297 tanta,

384 1336 469 1391 vel
520 1334 646 1390 talis
695 1332 830 1388 ﬁdes
872 1331 1128 1386 vitiorum
1176 1326 1406 1398 impulsu
1449 1322 1680 1390 defecit;
1737 1331 1793 1377 et
1845 1319 1968 1376 ideo

386 1442 599 1499 semper
645 1423 1036 1482 clamandum:
1073 1421 1324 1486 Domine,
1362 1419 1566 1489 adauge
1616 1416 1764 1472 nobis
1807 1415 1966 1484 ﬁdem

387 1517 536 1587 (Luc.
568 1532 682 1583 11v,
703 1514 780 1586 4).

987 1648 1215 1706 CAPUT
1249 1647 1386 1703 Xlll.

389 1764 540 1830 Quod
567 1764 782 1836 prapria
807 1762 1181 1901 sit'unicui’qze
1206 1777 1325 1825 sua,
1361 1757 1598 1830 quamvis
1618 1758 1684 1811 sit
1712 1755 1965 1822 omnium,

1155 1848 1228 1886 es.

1155 1848 1228 1886 £8.

458 1973 510 2026 l.
559 1970 820 2038 Quamvis
871 1967 1164 2041 Apostolus
1207 1965 1390 2022 dicat:
1426 1961 1546 2018 Una
1593 1961 1760 2031 ﬁdes,
1803 1975 1967 2014 unum

385 2080 596 2136 corpus,
619 2078 783 2117 unum
806 2061 1063 2132 baptisma
1097 2058 1353 2130 (ΕρΙι.ιν,
1375 2055 1454 2127 5),
1483 2063 1685 2119 tamen,
1719 2058 1778 2105 ut
1805 2062 1968 2120 supra

387 2154 518 2220 disi,
543 2161 767 2224 propter
794 2149 1154 2208 differentiam
1183 2149 1468 2212 donorum,
1492 2143 1742 2217 specialis
1770 2151 1825 2198 et
1844 2155 1972 2211 pro-

385 2247 503 2318 pria
530 2244 763 2302 habetur
794 2245 849 2300 in
878 2242 1123 2315 singulis.
1154 2241 1292 2297 Hinc
1323 2240 1506 2309 itaque
1531 2237 1587 2292 in
1625 2235 1731 2290 alio
1755 2232 1972 2288 modica

388 2339 828 2411 reprehenditur,
857 2337 915 2393 in
956 2336 1064 2392 alio
1096 2349 1229 2391 vero
1265 2346 1462 2404 magna
1487 2329 1759 2386 laudatur.
1793 2326 1861 2380 Et
1886 2334 1970 2380 ta-

387 2446 512 2487 men
537 2447 642 2487 una
669 2431 967 2502 eademque
994 2429 1049 2484 in
1079 2426 1329 2484 omnibus
1351 2423 1475 2494 jure
1495 2422 1753 2486 creditur,
1779 2435 1845 2476 ex
1866 2431 1971 2488 qua

391 2539 556 2580 unum
583 2535 781 2595 corpus
807 2523 860 2577 in
886 2520 1104 2577 Christo
1130 2520 1160 2560 ι)
1189 2517 1472 2582 efﬁcimur,
1521 2529 1621 2588 per
1658 2526 1822 2584 quam
1864 2524 1974 2565 uno

388 2618 658 2689 baptismo
687 2628 1106 2678 consecramur,
1154 2620 1212 2666 et
1254 2610 1308 2666 in
1362 2624 1470 2664 una
1526 2622 1622 2678 spe
1674 2603 1973 2660 vocationis

389 2721 610 2779 nostrae,
633 2725 742 2766 una
763 2718 822 2766 et
840 2708 956 2766 sola
973 2706 1112 2763 ﬁdes
1133 2714 1217 2761 est
1235 2720 1340 2775 qua
1365 2701 1718 2759 renascimur.
1744 2695 1974 2753 Verum-

393 2819 571 2864 tamen
615 2816 839 2880 propter
881 2804 1110 2877 gratiam
1148 2804 1415 2858 donorum
1437 2799 1657 2871 propria
1685 2795 1974 2866 unicuique

391 2899 638 2970 largitur,
667 2905 722 2953 et
747 2897 816 2953 ad
840 2909 1150 2952 mensuram
1180 2893 1350 2963 ipsius
1375 2891 1497 2947 ﬁdei
1525 2931 1540 2955 ,
1567 2897 1705 2945 teste
1729 2884 1974 2958 apostolo

390 2990 557 3046 Paulo
581 3031 597 3056 ,
628 2998 824 3046 caetera
871 2987 1264 3044 charismatum
1305 2983 1447 3039 dona
1486 2989 1836 3054 praestantur.
1878 2978 1975 3035 Est

391 3083 536 3138 enim
558 3081 827 3137 initiatrix
855 3078 1100 3136 omnium
1127 3077 1431 3141 virtutum,
1463 3082 1519 3130 et
1546 3073 1672 3129 ideo
1700 3071 1852 3142 prior
1884 3068 1974 3124 illa

393 3193 490 3249 per
517 3175 781 3247 Spiritum
810 3180 1059 3231 sanctum
1087 3172 1267 3236 datur,
1297 3178 1359 3224 ut
1397 3168 1620 3238 reliqua:
1652 3166 1880 3220 virtutes
1906 3161 1975 3218 ad

394 3271 513 3341 ejus
543 3284 858 3326 mensuram
889 3266 1116 3338 singulis
1145 3264 1554 3338 dispertiantur.
1590 3260 1745 3318 Unde
1775 3261 1974 3332 ubique

392 3362 544 3433 prius
591 3360 726 3417 ﬁdes
781 3367 874 3416 aut
921 3359 1238 3430 requiritur.
1297 3366 1393 3412 aut
1438 3355 1615 3411 datur.
1660 3352 1980 3425 Requiritur

394 3461 595 3518 autem,
621 3468 746 3509 cum
773 3451 984 3506 Martha
1021 3450 1389 3520 interrogatur
1414 3465 1428 3502 :
1463 3444 1648 3502 Credis
1674 3447 1771 3500 hoc
1795 3446 1819 3500 ?
1840 3444 1977 3500 Tum

395 3545 483 3600 illa
517 3565 532 3600 :
565 3543 736 3600 Credo
773 3545 952 3614 utique
978 3583 993 3609 ,
1045 3541 1268 3596 Domine
1293 3582 1308 3607 ,
1354 3541 1481 3611 quia
1529 3548 1587 3594 tu
1633 3555 1687 3593 es
1735 3536 1978 3592 Christus

396 3635 571 3691 Filius
601 3635 700 3690 Dei
731 3635 850 3702 vivi,
880 3635 972 3704 qui
1000 3634 1056 3688 in
1081 3633 1218 3687 hunc
1254 3633 1514 3687 mundum
1564 3631 1747 3686 venisti
1795 3629 1974 3701 (Joan.

397 3746 508 3796 xvr,
546 3729 661 3800 27).
690 3727 822 3784 Post
841 3726 996 3796 cujus
1023 3726 1208 3795 itaque
1236 3724 1394 3780 ﬁdem
1436 3731 1563 3778 mox
1608 3723 1850 3777 Lazarus
1895 3735 1984 3776 re-

395 3819 705 3875 suscitatur.
721 3818 790 3874 Et
810 3817 939 3872 alibi
952 3832 1077 3872 cum
1107 3815 1325 3887 quidam
1347 3814 1675 3887 paralyticos
1695 3829 1728 3868 a
1748 3821 1984 3883 quatuor

397 3913 650 3978 ferretur,
687 3909 882 3965 Videas
902 3907 1061 3965 Iesus
1089 3909 1246 3979 ﬁdem
1273 3906 1508 3974 illorum,
1545 3907 1623 3961 ait
1647 3905 1982 3977 evangelista

397 4001 614 4073 (Matth.
646 4017 720 4067 ιιι,
745 4001 828 4074 2),
865 4001 958 4072 qui
998 3998 1317 4057 efferebant.
1364 3998 1519 4067 Quod
1559 3997 1692 4054 satis
1733 3996 1984 4052 conside-

397 4092 648 4160 randum,
673 4092 802 4164 quia
817 4093 1177 4163 quodcunque
1198 4090 1438 4161 gerimus
1461 4105 1530 4146 ex
1554 4089 1679 4156 ﬁde,
1703 4097 1979 4161 pensatur.

398 4182 553 4240 Unde
579 4183 842 4240 Dominus
871 4183 928 4239 in
963 4182 1244 4246 Levitico,
1292 4197 1418 4237 cum
1467 4181 1538 4238 de
1584 4181 1870 4238 sacriﬁciis
1912 4182 1986 4238 lo-

396 4282 696 4346 queretur:
731 4272 921 4340 Touet,
968 4273 1168 4344 inquit,
1215 4273 1462 4329 sacerdos
1485 4273 1744 4346 pugillum
1775 4272 1985 4345 plenum

398 4367 573 4422 simila
601 4365 747 4440 (Lev.
774 4383 853 4433 vt,
894 4365 1010 4437 15).
1042 4366 1185 4438 Ergo
1214 4381 1313 4437 per
1349 4367 1609 4438 pugillum
1641 4367 1776 4424 ﬁdes
1805 4369 1986 4438 expri-

397 4461 586 4529 mitur,
611 4468 675 4516 ut
707 4459 1079 4532 unusquisque
1127 4469 1337 4515 tantum
1363 4460 1558 4517 oﬁ'erat
1586 4462 1696 4516 Deo
1723 4469 1984 4532 quantum

2063 594 2126 633 ex
2151 576 2378 648 maligno
2407 584 2520 631 erat
2553 573 2621 648 (I
2644 574 2802 629 Joan.
2837 589 2917 638 ιιι,
2952 572 3040 643 i2)
3060 615 3073 637 ,
3107 573 3289 643 utique
3320 587 3386 628 ex
3410 571 3644 643 maligno

2065 671 2267 726 animo.
2307 669 2377 725 Et
2401 669 2524 726 ideo
2565 669 2707 740 apud
2737 667 2936 733 Deum,
2968 668 3058 738 qui
3089 667 3252 724 corda
3283 667 3500 738 inspicit
3527 668 3642 722 sin-

2065 762 2313 834 gulorum
2342 803 2358 828 ,
2419 760 2624 816 nullam
2676 758 2860 814 retulit
2894 759 3164 816 mercedis
3220 759 3450 815 laudem.
3491 758 3646 816 Unde

2065 857 2265 913 Paulus
2297 875 2310 913 :
2345 854 2470 911 Non
2490 855 2580 928 qui
2609 855 2664 909 in
2692 854 2968 924 manifesto
2999 854 3338 909 circumcisus
3377 861 3452 908 est
3477 893 3492 919 ,
3534 853 3646 918 ait,

2066 951 2155 1006 sed
2205 951 2295 1020 qui
2343 950 2402 1003 in
2455 947 2657 1002 occulto
2706 946 2928 1002 Judwus
2967 945 3146 1018 (Rom.
3190 961 3264 1012 ιι,
3295 943 3432 1016 28);
3474 952 3528 1001 et
3583 943 3648 1001 de

2065 1043 2342 1099 Abraham
2373 1059 2388 1096 :
2422 1039 2486 1096 Si
2509 1041 2647 1095 enim
2672 1055 2737 1093 ea:
2762 1038 3002 1109 operibus
3018 1038 3348 1109 justiﬁcatus
3371 1048 3470 1103 est,
3495 1037 3650 1091 habet

2066 1131 2330 1204 gloriam;
2373 1132 2464 1186 sed
2499 1147 2602 1185 non
2627 1129 2766 1201 apud
2807 1129 2976 1184 Deum
3019 1127 3199 1201 (Rom.
3249 1145 3325 1196 tv,
3375 1128 3452 1201 2).
3497 1128 3654 1184 Patet

2068 1224 2232 1296 igitur
2261 1239 2328 1279 ex
2359 1223 2640 1286 omnibus,
2693 1221 2835 1292 quod
2883 1220 3095 1276 occulta
3139 1221 3321 1277 cordis
3374 1220 3542 1276 solius
3569 1228 3654 1275 est

2067 1316 2162 1371 Dei
2193 1331 2374 1372 nosse.
2410 1315 2618 1372 Idcirco
2653 1316 2768 1386 ipse
2799 1329 2895 1385 per
2930 1328 2990 1370 se
3018 1314 3280 1385 praevidet
3320 1315 3378 1371 in
3401 1330 3652 1386 unoquo-

2068 1423 2173 1478 que
2199 1406 2323 1463 ﬁdei
2353 1406 2604 1464 affectum
2633 1415 2690 1462 et
2715 1407 3072 1462 intentionem
3100 1407 3296 1472 cordis,
3342 1416 3403 1462 ut
3435 1407 3652 1470 exinde,

2067 1503 2209 1573 quod
2254 1502 2422 1558 solius
2466 1502 2562 1557 Dei
2610 1509 2694 1556 est
2725 1516 2902 1566 nosse,
2932 1501 3142 1557 scilicet
3181 1516 3249 1556 ex
3277 1501 3385 1557 fide
3408 1541 3425 1567 ,
3459 1499 3658 1556 habeat

2069 1594 2436 1664 unusquisque
2487 1594 2634 1649 intus
2681 1592 2907 1664 gloriam
2950 1593 3091 1666 apud
3120 1593 3291 1648 Deum
3330 1592 3527 1662 solum,
3559 1593 3653 1663 qui

2067 1686 2278 1742 occulta
2309 1685 2432 1742 ﬁdei
2459 1686 2606 1742 solus
2633 1686 2940 1756 conspicit,
2971 1695 3026 1741 et
3053 1686 3368 1756 qualitatem
3399 1701 3653 1757 compro-

2068 1775 2164 1831 bat
2215 1776 2384 1845 ipsius
2425 1791 2488 1831 ac
2531 1776 2910 1846 quantitatem.
2942 1775 3058 1831 Non
3104 1777 3250 1830 enim
3298 1776 3353 1830 in
3402 1776 3658 1831 omnibus

1995 1855 2046 1916 B
2071 1867 2318 1937 aequalis,
2348 1867 2445 1922 sed
2481 1882 2588 1921 una
2621 1875 2707 1922 est
2737 1866 2888 1922 ﬁdes.
2919 1865 3038 1922 Una
3066 1867 3349 1932 videlicet,
3373 1867 3498 1938 quia
3522 1881 3656 1922 non-

2070 1961 2175 2017 nisi
2200 1975 2342 2016 unns
2366 1967 2451 2015 est
2479 1959 2644 2024 Deus,
2677 1958 2774 2014 sed
2822 1973 2930 2013 non
2977 1957 3220 2028 aequalis,
3252 1959 3378 2029 quia
3406 1974 3513 2013 non
3540 1973 3659 2014 om-

2072 2053 2231 2116 nibus
2259 2051 2499 2123 perfecta
2533 2059 2620 2107 est
2650 2050 2804 2106 ﬁdes.
2857 2049 3108 2106 Profecto
3139 2050 3194 2105 in
3224 2065 3335 2106 uno
3358 2051 3660 2120 eodemque

2073 2145 2292 2201 homine
2320 2144 2612 2215 aliquando
2639 2157 2705 2198 ex
2735 2151 2892 2214 parte
2910 2183 2925 2208 ,
2955 2142 3248 2213 aliquando
3274 2141 3517 2213 perfecta
3552 2151 3658 2210 est,

2074 2238 2374 2303 intentum,
2431 2243 2492 2292 ut
2519 2236 2839 2307 plerumque
2875 2234 3043 2290 multa
3071 2251 3136 2290 ex
3165 2233 3271 2290 ﬁde
3297 2234 3534 2291 habeat:
3563 2234 3660 2291 sed

2073 2327 2304 2384 necdum
2333 2327 2388 2382 in
2414 2341 2478 2382 ea
2511 2326 2645 2381 vivit
2671 2325 2872 2395 justus.
2904 2323 3117 2392 Justus,
3167 2325 3365 2395 inquit,
3414 2341 3561 2380 meus
3596 2341 3662 2379 ex

2072 2419 2176 2488 ﬁde
2205 2434 2323 2473 mea
2365 2419 2509 2474 vivit.
2537 2417 2680 2490 Ergo
2719 2418 2964 2488 quisquis
3012 2432 3080 2472 ex
3133 2417 3238 2474 ﬁde
3271 2417 3476 2474 Christi
3504 2417 3660 2485 vivit,

2077 2517 2219 2564 totus
2249 2508 2358 2563 Deo
2387 2507 2561 2574 vivit,
2608 2507 2766 2563 sicuti
2791 2508 2883 2577 qui
2915 2507 3129 2563 dicebat
3169 2521 3185 2561 :
3234 2505 3362 2562 Vivo
3395 2509 3515 2579 jam
3557 2524 3662 2562 non

2073 2616 2166 2670 ego
2195 2639 2212 2666 ,
2263 2599 2384 2654 vivit
2419 2614 2536 2652 vero
2589 2599 2645 2653 in
2679 2615 2761 2652 me
2790 2596 3031 2654 Christus
3067 2597 3213 2672 (Gal.
3252 2615 3314 2665 ιι,
3361 2598 3476 2671 20).
3506 2598 3664 2668 Quod

2074 2693 2305 2748 scientes
2354 2691 2582 2763 apostoli
2620 2691 2872 2747 dicebant
2907 2710 2921 2745 :
2962 2691 3213 2759 Domine,
3265 2693 3472 2765 adauge
3512 2692 3662 2748 nobis

2073 2784 2252 2855 ﬁdem.
2282 2783 2419 2839 Nam
2442 2783 2535 2854 qui
2575 2783 2734 2840 ﬁdem
2778 2783 2879 2839 sibi
2909 2785 3094 2857 augeri
3121 2793 3400 2856 exoptant,
3421 2782 3535 2854 jam
3560 2783 3662 2840 ali-

2075 2891 2239 2948 quam
2270 2876 2432 2932 ﬁdem
2465 2875 2687 2943 habent,
2711 2883 2766 2931 et
2797 2891 2864 2932 ex
2886 2875 2992 2934 ﬁde
3011 2885 3226 2948 rogant,
3267 2885 3326 2931 ut
3355 2891 3420 2932 ex
3451 2875 3666 2948 integro

2076 2969 2131 3024 in
2161 2967 2267 3025 ﬁde
2294 2970 2499 3025 vivant.

2148 3087 2206 3141 2.
2235 3085 2470 3157 Propter
2494 3088 2640 3157 quod
2679 3100 2841 3143 nemo
2879 3087 2984 3143 sibi
3039 3087 3332 3159 applaudat
3357 3128 3372 3154 ,
3428 3102 3557 3145 mox
3609 3095 3672 3142 ut

2001 3215 2047 3280 ο
2079 3178 2357 3249 quippiam
2386 3179 2453 3234 de
2478 3179 2589 3234 Deo
2612 3179 2930 3246 crediderit,
2971 3189 3027 3235 et
3055 3179 3257 3251 aliquid
3296 3197 3362 3236 ex
3391 3180 3495 3236 ﬁde
3521 3181 3666 3237 fece-

2082 3273 2186 3339 rit;
2243 3273 2338 3329 sed
2382 3273 2688 3329 consideret
2721 3273 2781 3328 si
2831 3272 2947 3342 jam
3001 3280 3146 3328 totus
3208 3287 3276 3328 ex
3323 3273 3430 3328 ﬁde
3476 3273 3609 3326 vivit
3651 3290 3665 3326 :

2081 3363 2278 3420 deinde
2307 3363 2354 3418 si
2388 3362 2522 3420 ﬁdes
2559 3364 2680 3435 ejus
2705 3363 2761 3418 in
2797 3363 3335 3420 charitate'radicata
3362 3374 3419 3419 et
3444 3363 3668 3426 fundata

2082 3455 2284 3521 fuerit;
2320 3463 2382 3510 ut
2421 3454 2492 3511 sit
2541 3454 2631 3510 illa
2680 3470 2802 3526 quae
2849 3469 2948 3526 per
2997 3454 3342 3511 dilectionem
3387 3463 3670 3524 operatur.

2080 3545 2336 3618 Alioquin
2375 3546 2422 3602 si
2464 3546 2736 3613 habuerit,
2762 3547 2920 3618 juxta
2947 3545 3264 3618 Apostolum
3291 3587 3307 3612 ,
3353 3560 3573 3601 omnem
3601 3544 3670 3598 ﬁ-

2083 3639 2204 3694 dem
2228 3680 2245 3707 ,
2289 3639 2364 3695 ita
2409 3647 2470 3694 ut
2517 3647 2729 3696 montes
2767 3639 3082 3705 transferat,
3119 3640 3444 3696 charitatem
3484 3646 3670 3696 autem

2082 3744 2192 3786 non
2225 3730 2477 3786 habuerit
2502 3771 2517 3796 ,
2548 3730 2684 3786 nihil
2711 3731 2762 3786 ei
2788 3731 3011 3802 prodest
3042 3731 3090 3800 (l
3129 3730 3253 3786 Cor.
3279 3747 3402 3798 xm,
3429 3728 3507 3802 2).
3539 3729 3672 3798 Quae

2084 3823 2342 3878 nimirum
2374 3822 2506 3879 ﬁdes
2536 3823 2592 3878 in
2637 3822 2932 3896 Evangelio
2958 3838 3128 3894 grano
3153 3824 3358 3895 sinapis
3385 3837 3668 3894 compara-

2085 3922 2174 3968 tur
2195 3912 2414 3985 (Matth.
2439 3929 2574 3981 χιιι,
2601 3913 2690 3984 19)
2707 3954 2724 3980 ,
2746 3913 2850 3969 etsi
2882 3923 3032 3969 tanta
3061 3929 3220 3984 posse
3242 3914 3490 3971 videatur
3509 3955 3524 3981 ,
3551 3931 3667 3972 ma-

2084 4021 2190 4077 gna
2220 4007 2437 4076 quidem
2459 4014 2660 4078 potest,
2687 4006 2814 4076 quia
2852 4021 2918 4062 ex
2949 4021 3144 4078 magno
3187 4015 3514 4077 potestatem
3552 4024 3670 4063 ma-

2085 4113 2248 4166 gnam
2293 4098 2515 4167 accepit
2543 4115 2556 4152 :
2586 4097 2743 4152 Dedit
2778 4098 2853 4152 eis
2886 4106 3193 4171 potestatem
3234 4098 3376 4168 ﬁlias
3412 4099 3513 4154 Dei
3552 4099 3674 4170 ﬁeri

2085 4189 2271 4264 (Joan.
2296 4206 2334 4256 ι,
2360 4189 2473 4264 i2).
2513 4189 2620 4246 Sed
2657 4190 2735 4256 hi,
2786 4190 2881 4261 qui
2906 4193 3283 4248 tantummodo
3319 4202 3531 4250 montes
3557 4193 3714 4250 sine'

2087 4283 2354 4338 charitate
2397 4281 2755 4347 transferunt,
2786 4291 2842 4337 et
2871 4281 3138 4338 daemonia
3166 4282 3455 4354 repellunt,
3505 4285 3674 4339 virtu.

2086 4381 2276 4444 tesque
2303 4372 2503 4429 multas
2545 4371 2774 4438 faciunt,
2804 4372 2931 4428 licet
2957 4373 3325 4429 omnimodam
3361 4374 3526 4429 ﬁdem
3571 4374 3672 4429 ha—

2087 4467 2253 4524 beant
2279 4469 2334 4523 in
2356 4466 2631 4522 credendo
2654 4505 2669 4531 ,
2711 4465 2839 4534 quia
2873 4467 3103 4522 necdum
3136 4466 3343 4522 viscera
3371 4478 3498 4523 sunt
3543 4469 3676 4525 dile-

399 4553 534 4610 ﬁdes
584 4552 748 4626 capit.
781 4551 1048 4609 Aﬂ‘ectum
1073 4568 1311 4623 namque
1347 4552 1472 4609 ﬁdei
1521 4553 1736 4610 divinus
1778 4555 1984 4614 arbiter
2007 4569 2062 4629 ι)
2087 4558 2285 4614 ctionis
2315 4555 2535 4621 Christi,
2565 4556 2963 4626 degenerantur
2990 4571 3022 4611 a
3052 4555 3292 4625 Christo,
3337 4568 3394 4614 et
3440 4561 3672 4616 necdum

401 4647 548 4702 intus
570 4647 627 4701 in
653 4646 868 4703 occulto
891 4646 1043 4717 prius
1069 4646 1366 4709 examinat,
1398 4652 1456 4700 et
1483 4653 1612 4700 tunc
1632 4660 1701 4700 ex
1728 4660 1793 4701 ea
1820 4661 1984 4716 opera

400 4747 737 4810 compensat.
770 4737 946 4810 Opera
993 4739 1234 4810 quippec
1269 4737 1450 4808 palam
1497 4747 1624 4793 sunt
1665 4746 1838 4810 gesta,
1889 4739 1985 4795 sed

401 4827 536 4885 ﬁdes
565 4829 667 4886 soli
695 4830 806 4886 Deo
827 4839 995 4900 patet.
1026 4829 1151 4885 Ideo
1182 4828 1358 4900 inquit
1380 4828 1710 4901 evangelista
1737 4847 1750 4883 :
1791 4827 1986 4886 Videns

403 4919 561 4977 Iesus
593 4920 752 4991 ﬁdem
784 4922 1000 4978 illarum
1027 4923 1123 4994 qui
1157 4921 1459 4979 etferebant
1485 4936 1501 4976 :
1528 4922 1786 4993 quoniam
1829 4922 1986 4993 quid-

401 5013 534 5084 quid
560 5014 672 5071 Deo
701 5015 824 5072 sine
868 5023 1019 5071 recta
1048 5014 1154 5071 ﬁde
1182 5015 1432 5082 oﬁ‘ertur,
1484 5016 1660 5087 magis
1694 5016 1943 5088 displicet
1968 5059 1983 5083 ,

401 5103 544 5160 sicut.
569 5105 637 5162 de
661 5105 796 5163 Cain
821 5107 1018 5179 legitur
1044 5125 1059 5162 :
1099 5107 1254 5173 Quod
1302 5107 1525 5180 respexit
1548 5106 1693 5163 Deus
1717 5108 1785 5162 ad
1808 5106 1941 5163 Cain
1967 5151 1983 5175 ,

399 5207 452 5253 et
478 5199 549 5253 ad
573 5216 795 5256 munera
819 5201 934 5272 ejus
974 5217 1080 5256 non
1123 5203 1348 5273 respexit
1401 5199 1555 5274 (Gen.
1585 5217 1661 5269 IV,
1689 5202 1767 5273 5).
1813 5201 1993 5270 Quare

402 5296 586 5345 autem
634 5290 704 5346 ad
747 5306 977 5348 munera
1004 5306 1116 5348 non
1148 5292 1491 5362 respexerit,
1521 5289 1812 5347 manifesta
1844 5292 1986 5346 ratio

401 5390 508 5450 est,
538 5383 667 5454 quia
695 5399 821 5440 cum
865 5401 991 5440 eum
1024 5385 1177 5457 prius
1229 5386 1478 5451 intuitus,
1516 5386 1721 5456 reperit
1765 5385 1820 5440 in
1868 5383 1985 5454 ejus

403 5473 708 5531 intentione
757 5475 940 5532 cordis
961 5517 978 5543 ,
1028 5476 1173 5547 quod
1207 5491 1314 5532 non
1363 5484 1512 5532 tecta
1559 5475 1666 5532 ﬁde
1709 5474 1929 5532 oﬁ'erret
1968 5494 1983 5532 :

405 5565 612 5625 ideirco
637 5583 863 5625 munera
898 5569 1084 5640 ipsius,
1117 5571 1368 5640 quamvis
1420 5578 1570 5627 recte
1603 5570 1816 5636 oblata,
1863 5569 1988 5640 jure

476 5714 506 5745 ι
533 5703 702 5770 Editi,
731 5715 892 5760 semet
917 5719 1024 5760 non
1053 5704 1211 5761 male.

477 5773 507 5814 δ
529 5775 590 5830 ln
611 5776 771 5832 editis
790 5775 1126 5831 desideratur
1149 5777 1203 5836 in
1234 5775 1458 5834 Christo.

479 5854 504 5885 ο
533 5844 704 5919 ﬁdit,
729 5848 956 5916 quidem,

2087 4653 2302 4724 plenam
2341 4659 2705 4722 perceperunt
2745 4659 3069 4722 potestatem
3101 4651 3249 4721 ﬁdei,
3282 4663 3341 4708 ut
3367 4661 3550 4710 essent
3575 4653 3674 4711 ﬁlii

2089 4745 2206 4801 Dei.
2238 4744 2443 4800 Tamen
2485 4759 2762 4815 nunquam
2811 4745 2945 4801 adeo
3002 4761 3168 4802 vacua
3220 4754 3307 4802 est
3359 4746 3526 4813 ﬁdes;
3579 4749 3677 4805 sed

2088 4835 2266 4905 qualis
2293 4843 2350 4890 et
2374 4843 2578 4906 quanta
2624 4834 2791 4892 fuerit
2837 4835 2978 4907 ipsa,
3011 4835 3136 4891 talis
3169 4843 3226 4891 et
3270 4844 3424 4893 tanta
3473 4837 3675 4909 ubique

2089 4923 2116 4964 ἀ
2146 4935 2387 4995 potestas
2436 4925 2554 4996 ejus
2603 4924 2838 4981 refertur
2864 4965 2879 4991 ,
2929 4926 3014 4980 cui
3063 4939 3188 4981 cum
3216 4925 3413 4982 desunt
3459 4927 3676 4984 viscera

2091 5016 2313 5083 amoris,
2345 5016 2496 5072 deest
2521 5026 2576 5070 et
2599 5024 2842 5086 potestas
2866 5015 3200 5086 adoptionis;
3219 5017 3476 5086 quoniam
3494 5018 3677 5076 omnis

2091 5107 2303 5178 adoptio
2334 5116 2390 5164 et
2432 5109 2734 5178 paternitas
2762 5105 3048 5164 charitatis
3074 5121 3265 5165 amore
3306 5107 3467 5180 plena
3502 5116 3674 5178 sunt,

2090 5209 2146 5258 et
2174 5201 2289 5258 sola
2325 5202 2610 5258 dilectione
2655 5202 2759 5258 sibi
2806 5200 2870 5256 ad
2917 5200 3149 5256 invicem
3199 5200 3670 5258 conviscerantur.

2091 5297 2230 5354 Hinc
2261 5311 2475 5368 quoque
2515 5295 2850 5366 imploranda
2883 5302 2968 5350 est
2997 5308 3213 5364 semper
3245 5293 3337 5349 illa
3363 5334 3382 5361 ,
3414 5309 3536 5366 qua
3573 5307 3676 5366 per

2091 5386 2433 5443 dilectionem
2479 5393 2757 5456 operatur,
2787 5393 2848 5439 ut
2887 5385 2932 5440 si
2975 5383 3182 5455 integra
3228 5394 3285 5440 et
3316 5399 3447 5440 vera
3488 5384 3626 5442 ﬁdes
3654 5425 3672 5454 ,

2094 5482 2236 5539 sicut
2258 5481 2312 5536 in
2337 5480 2624 5552 credendo,
2655 5481 2730 5534 ita
2760 5487 2815 5535 et
2847 5479 2904 5534 in
2935 5479 3176 5549 agendo,
3209 5481 3463 5548 amando,
3492 5482 3670 5537 virtu-

2093 5584 2208 5631 tum
2248 5574 2502 5644 operibus
2543 5570 2868 5637 insudando,
2899 5578 3109 5626 tantum
3135 5577 3196 5627 ut
3221 5571 3668 5644 habeatgloriatn

2161 5709 2190 5750 ἀ
2218 5708 2278 5764 In
2298 5707 2428 5763 edit.
2459 5708 2578 5764 haec
2601 5705 2997 5772 desiderantur,
3027 5714 3255 5778 potestas
3279 5707 3392 5777 ejus
3423 5711 3670 5778 refertur,

2092 5781 2177 5838 cui
2196 5795 2315 5834 cum
2343 5795 2439 5840 sua
2478 5779 2662 5840 desunt
2691 5779 2890 5837 viscera
2919 5777 3137 5844 amoris,
3157 5776 3322 5847 deest,
3345 5787 3452 5849 etc.
