4148 6344
526 388 660 445 “27

1374 380 1427 438 S.
1464 379 1819 438 PASCHASH
1856 324 2202 436 RADBERTi
2240 378 2528 436 ABBATIS
2566 378 3011 437 CORBElENSlS

3658 377 3798 435 1428

526 507 664 578 apud
705 506 895 565 Deum,
926 504 1064 574 apud
1090 516 1250 573 quem
1278 514 1493 570 semper
1515 499 1658 554 nuda
1685 507 1741 554 et
1765 507 1950 571 aperta
1979 512 2104 554 ver-
2138 497 2185 556 Δ
2211 509 2318 565 que
2367 511 2536 565 grano
2588 495 2822 567 sinapis;
2872 510 3031 552 nemo
3079 504 3259 552 tamen
3306 497 3399 567 qui
3433 510 3564 551 sane
3594 496 3793 563 credit,

526 609 691 655 satur.
723 598 838 670 Ipsa
862 606 945 652 est
966 596 1110 650 enim
1133 593 1524 663 sperandorum
1548 593 1872 659 substantia,
1901 602 1956 648 et
1985 591 2108 647 ideo

529 700 703 747 totum
734 690 891 745 debet
918 687 971 742 in
1014 701 1073 742 se
1113 700 1321 757 gerere,
1351 684 1613 756 quidquid
1636 685 1689 740 in
1713 684 1894 745 futuro
1923 699 2114 755 spera-

526 792 634 838 tur.
668 779 921 851 Alioquin
950 779 995 834 si
1021 777 1162 833 aliud
1209 777 1262 831 in
1308 792 1368 831 se
1420 784 1608 847 gerat,
1660 793 1768 833 non
1798 786 1880 833 est
1905 775 2108 833 Christi

526 872 663 929 ﬁdes
684 914 698 937 ,
728 887 840 928 non
869 879 954 926 est
993 870 1383 941 sperandorum
1424 867 1725 925 substantia
1752 882 1767 935 ;
1799 870 1923 939 quia
1952 870 2110 941 quid-

526 970 655 1041 quid
686 970 739 1025 in
767 969 987 1026 Christo
1016 979 1117 1034 est,
1166 967 1269 1023 hoc
1295 975 1466 1022 totum
1499 977 1647 1022 recte
1699 982 1978 1037 speramus
2004 1007 2018 1031 ,
2066 966 2110 1020 si

526 1068 673 1117 recte
700 1061 991 1116 credimus.
1026 1058 1179 1116 Unde
1205 1074 1440 1130 semper,
1481 1067 1539 1113 ut
1568 1057 1702 1124 dixi,
1735 1057 2025 1123 orandum,
2052 1065 2113 1112 nt

525 1162 677 1210 recte
704 1156 1021 1219 credamus;
1046 1160 1100 1208 et
1128 1154 1171 1210 si
1202 1152 1329 1224 quid
1360 1155 1413 1208 in
1445 1152 1603 1209 nobis
1624 1152 1804 1208 minus
1823 1160 1969 1206 esset
1990 1166 2110 1207 cre-

527 1246 712 1313 dendi,
736 1247 923 1317 utique
947 1245 1357 1317 supplicandum
1386 1263 1506 1301 cum
1531 1245 1789 1317 apostolis
1821 1264 1834 1301 :
1869 1246 2107 1313 Domine,

528 1337 733 1409 adauge
766 1338 912 1393 nobis
941 1326 1120 1406 ﬁdem,
1164 1352 1444 1409 quousque
1482 1338 1662 1393 omnia
1707 1351 1806 1408 per
1835 1335 2111 1393 Christum

527 1428 639 1484 sint
663 1428 938 1501 possibilia
961 1426 1306 1484 credentibus
1334 1429 1508 1485 nobis.
1552 1427 1658 1484 Per
1699 1426 1974 1484 Christum
2016 1436 2112 1483 au-

524 1523 656 1583 tem,
686 1517 826 1588 apud
856 1533 1015 1588 quem
1046 1533 1278 1590 semper,
1308 1526 1363 1574 et
1390 1519 1444 1573 in
1477 1535 1583 1590 quo
1611 1517 1745 1574 ﬁdes
1771 1532 1899 1574 vera
1925 1532 2110 1573 versa-

524 1615 634 1673 tur,
660 1607 805 1679 apud
820 1621 982 1678 quem
1006 1608 1233 1679 gloriam
1260 1607 1530 1664 indefessa
1561 1607 1810 1678 requirit,
1842 1615 1899 1663 et
1919 1607 2101 1673 habet;

521 1715 587 1757 eo
615 1702 757 1770 quod
776 1700 955 1757 omnis
972 1701 1143 1773 gloria
1165 1699 1281 1770 ejus
1305 1700 1375 1756 ab
1398 1701 1577 1767 intus;
1603 1700 1735 1756 foris
1758 1714 1889 1757 vero
1910 1709 2105 1756 cuncta

520 1806 642 1862 quae
689 1791 827 1849 ﬁunt
871 1795 1065 1851 devota
1120 1795 1440 1850 contemnit.
1472 1793 1621 1849 lntus
1658 1802 1840 1850 autem
1887 1792 2019 1865 legit
2053 1800 2109 1847 et

2216 588 2463 644 dubitare
2499 589 2657 645 debet
2694 589 2838 660 quod
2875 590 2992 645 hac
3024 589 3099 645 ita
3137 589 3277 655 sint,
3334 598 3393 643 ut
3436 589 3652 646 Veritas
3702 602 3801 645 re-

2214 680 2480 751 promisit.
2514 678 2620 736 Sed
2649 694 2753 737 non
2782 680 3014 737 omnium
3038 690 3115 736 est
3139 682 3289 751 fides.
3321 680 3455 736 Nam
3486 690 3541 738 et
3567 682 3806 753 Aposto-

2216 768 2300 826 lus
2324 770 2465 826 inter
2487 778 2687 827 czetera
2712 771 2807 826 Dei
2828 772 2968 827 dona
2986 780 3150 843 atque
3167 771 3402 843 Spiritus
3430 773 3603 827 sancti
3626 773 3762 829 dicit
3785 794 3800 829 :

2216 861 2383 917 Alteri
2421 863 2582 916 datur
2609 863 2741 933 ﬁdes
2791 862 2848 917 in
2886 863 3067 918 eodem
3117 862 3321 935 Spiritu
3372 862 3456 935 (11
3502 863 3628 919 Cor.
3672 868 3801 935 xu).

2215 951 2357 1020 Quid
2390 953 2587 1021 putas?
2632 953 2874 1025 nunquid
2921 962 2978 1009 et
3029 953 3281 1010 omnibus
3325 966 3433 1011 non
3479 956 3657 1022 datur,
3708 958 3809 1028 qui

2215 1053 2310 1099 aut
2337 1055 2362 1084 ο
2388 1058 2696 1101 sermonem
2724 1048 2966 1102 scientia:
3001 1047 3083 1103 vel
3110 1047 3411 1118 sapientiae,
3444 1056 3536 1102 aut
3566 1050 3806 1120 gratiam

2214 1138 2510 1194 sanitatum
2530 1180 2543 1204 ,
2573 1147 2665 1193 aut
2694 1141 3063 1210 prophetiam,
3104 1148 3197 1195 aut
3231 1148 3429 1211 genera
3467 1140 3807 1212 linguarum,

2213 1238 2269 1284 et
2299 1238 2495 1285 czetera
2514 1229 2821 1301 huiusmodi
2853 1230 2872 1270 ί
2905 1241 3295 1302 perceperunt;
3321 1247 3442 1288 cum
3472 1234 3591 1289 haec
3619 1234 3810 1288 omnia

2206 1320 2359 1391 juxta
2392 1325 2639 1380 eumdem
2662 1323 2986 1394 apostolum,
3018 1326 3309 1396 unicuique
3331 1328 3626 1382 secundum
3649 1342 3812 1383 men-

2213 1428 2396 1468 suram
2433 1415 2557 1469 ﬁdei
2589 1416 3013 1485 dispertiantur?
3039 1418 3224 1488 utique
3253 1419 3409 1473 datur
3438 1419 3523 1474 his
3551 1421 3813 1477 omnibus

2212 1505 2361 1576 prior
2380 1506 2535 1573 ﬁdes,
2550 1508 2641 1577 qui
2662 1510 2895 1579 gratiam
2918 1508 3151 1580 Spiritus
3171 1511 3346 1566 sancti
3362 1511 3599 1583 aliquam
3629 1514 3817 1585 perci-

2212 1594 2397 1664 piunt;
2447 1597 2540 1652 sed
2579 1606 2705 1652 sunt
2745 1598 2934 1670 aliqui,
2960 1600 3055 1671 qui
3080 1610 3140 1656 ut
3178 1601 3255 1656 illi
3284 1602 3337 1657 in
3371 1604 3678 1674 sapientia,
3725 1605 3815 1662 vel

2211 1690 2455 1756 scientia,
2489 1692 2572 1747 vel
2605 1694 2777 1765 gratia
2808 1694 3122 1763 sanitatum,
3152 1696 3240 1751 vel
3259 1698 3542 1769 prophetia
3566 1699 3809 1770 pollent;

2211 1784 2287 1840 ita
2310 1795 2365 1840 et
2389 1786 2489 1857 ipsi
2506 1786 2627 1844 ﬁdei
2650 1789 2849 1845 virtute
2868 1789 3205 1860 praicellunt,
3224 1799 3284 1845 ut
3316 1808 3478 1863 quam
3509 1794 3812 1865 plurimum

522 1896 664 1951 orat,
702 1885 849 1942 intus
872 1894 1132 1957 operatur
1151 1896 1205 1942 et
1232 1886 1406 1957 diligit
1435 1928 1449 1952 ,
1502 1887 1648 1942 intus
1677 1900 1771 1941 sua
1810 1893 2104 1957 congregat
2134 1885 2182 1946 Β
2206 1888 2437 1949 possmt,
2470 1882 2574 1937 etsi
2597 1884 2793 1955 cuique
2812 1900 2908 1938 sua
2933 1885 3003 1939 sit
3030 1884 3184 1939 ﬁdes.
3209 1884 3266 1939 in
3285 1901 3389 1956 qua
3410 1887 3672 1942 nimirum
3702 1889 3813 1945 ﬁde

520 1976 784 2031 virtutum
836 1992 1036 2047 Opera;
1080 1979 1255 2043 intus,
1289 1979 1536 2049 quamvis
1577 1977 1708 2033 foris
1744 1986 1965 2050 pugnet,
2023 1991 2108 2033 se-

522 2084 656 2126 cura
684 2068 917 2140 quiescit
947 2087 957 2123 τ
984 2068 1118 2125 t‘oris
1144 2070 1363 2140 quidem
1380 2079 1601 2141 pugnat,
1618 2069 1712 2125 sed
1736 2069 1881 2125 intus
1904 2068 2102 2124 vincit:

520 2160 577 2217 in
603 2177 710 2232 quo
740 2168 824 2218 est
854 2161 999 2218 intus
1036 2163 1321 2234 impetrat;
1348 2161 1495 2218 intus
1526 2163 1810 2234 impetrata
1840 2168 2104 2233 reportat.

518 2254 600 2308 Ad
626 2254 731 2312 hoc
760 2268 890 2329 ergo
918 2256 1029 2327 agit
1064 2255 1215 2321 foris,
1258 2264 1319 2311 ut
1346 2255 1492 2309 intus
1516 2255 1583 2309 ad
1615 2266 1674 2310 se
1699 2255 1879 2310 omnia
1903 2254 2102 2319 trahat,

516 2349 609 2404 ubi
654 2362 750 2405 sua
795 2356 879 2404 est
924 2348 1212 2414 confessio,
1256 2357 1311 2403 et
1349 2350 1528 2406 omnis
1575 2347 1939 2419 pulchritudo,
1984 2361 2106 2402 san-

516 2438 699 2505 ctitas,
730 2447 785 2495 et
810 2438 1210 2511 magniﬁcentia
1240 2439 1297 2494 in
1336 2439 1767 2495 sanctiﬁcatione
1799 2438 1937 2511 ejus.
1971 2437 2104 2508 Quae

516 2544 624 2587 non
648 2531 823 2587 solum
843 2545 944 2602 pro
972 2546 1031 2588 se
1053 2532 1185 2600 agit,
1215 2545 1404 2587 verum
1429 2531 1593 2588 etiam
1618 2544 1716 2604 pro
1745 2531 1888 2598 aliis,
1908 2531 2106 2603 quibus

516 2625 699 2689 deest,
748 2624 980 2680 multum
1050 2624 1342 2681 intervenit
1387 2644 1400 2679 :
1459 2624 1865 2680 interveniendo
1919 2632 2104 2681 autem

516 2732 680 2793 quam
711 2732 855 2791 saepe
882 2718 1173 2790 praestandi
1213 2730 1433 2790 compos
1472 2728 1498 2760 ι
1540 2713 1791 2774 elﬁcitur.
1838 2715 1977 2777 Hinc
2021 2727 2104 2773 est

515 2809 660 2881 quod
681 2809 737 2865 in
759 2807 1053 2881 Evangelio
1092 2808 1290 2882 legitur
1324 2826 1337 2865 :
1370 2807 1497 2864 Fiat
1518 2809 1611 2864 tibi
1635 2811 1768 2864 sicut
1790 2806 2098 2880 vis(Matth.

514 2916 619 2968 xv,
650 2898 776 2973 28);
810 2910 904 2957 et:
940 2898 1102 2957 Fides
1124 2910 1215 2956 tua
1249 2908 1300 2957 te
1334 2901 1536 2957 saluum
1559 2902 1680 2972 fecit
1706 2900 1900 2973 (Marc.
1926 2912 1983 2969 x,
2009 2901 2101 2971 52)

512 2992 832 3063 frequenter
879 2992 1114 3048 auditur.
1168 2992 1385 3050 Necnon
1414 3003 1469 3049 et
1491 2993 1636 3049 aliud
1675 3012 1689 3048 :
1722 2992 1916 3049 Videas
1947 2993 2102 3053 Iesus

512 3086 674 3156 ﬁdem
702 3084 941 3153 illorum,
980 3089 1076 3157 qui
1103 3085 1402 3143 eﬁ‘erebant
1421 3128 1436 3151 ,
1488 3085 1564 3140 ait
1590 3086 1890 3158 paralytico
1920 3104 1933 3139 :
1964 3084 2103 3140 Con-

512 3178 641 3248 ﬁdo,
671 3177 775 3250 ﬁli,
801 3178 1141 3235 remittuntur
1168 3178 1262 3233 tibi
1284 3188 1499 3251 peccata
1541 3187 1633 3232 tua
1669 3177 1884 3249 (Matth.
1914 3192 1991 3244 Ix,
2018 3176 2098 3249 I).

514 3268 762 3341 Namque
788 3285 918 3327 ecce
946 3269 1091 3325 ﬁlius
1114 3268 1378 3325 Altissimi
1425 3284 1493 3325 ex
1540 3267 1645 3324 ﬁde
1690 3268 1953 3336 aliorum,
2005 3268 2098 3340 qui
2129 3251 2174 3317 C

509 3370 632 3418 erat
660 3361 688 3402 δ
713 3369 873 3417 antea
913 3361 1173 3433 gehennai
1201 3358 1364 3426 ﬁlius,
1411 3369 1677 3432 aegrotum
1719 3357 1955 3425 liberat,
2007 3355 2100 3413 ubi

511 3454 654 3510 mira
672 3454 1004 3525 dispensatio
1023 3452 1149 3509 ﬁdei
1168 3453 1432 3523 aperitur,
1446 3461 1711 3524 quantum
1734 3452 1789 3506 in
1809 3467 1878 3508 eo
1900 3451 2097 3518 valeat,

509 3547 667 3619 cujus
685 3555 775 3604 est
818 3546 987 3613 ﬁdes,
1031 3560 1157 3617 qua
1192 3552 1400 3605 tantum
1448 3558 1547 3615 pro
1577 3542 1751 3600 altero
1796 3542 1967 3601 valuit
1996 3545 2100 3599 im-

507 3647 746 3711 petrare.
772 3638 911 3695 Hinc
939 3638 1117 3694 etiam
1133 3636 1228 3691 Dei
1260 3634 1522 3703 Ecclesia,
1552 3637 1679 3691 dum
1708 3636 1775 3689 ad
1805 3649 2095 3691 renascen-

508 3735 641 3793 dum
695 3732 792 3788 ﬁlii
839 3729 1188 3795 delbruntur,
1229 3742 1459 3800 quorum
1497 3742 1607 3783 non
1644 3726 1767 3782 dico
1794 3724 1956 3791 ﬁdes;
2004 3725 2098 3781 sed

510 3824 660 3881 nulla
681 3832 767 3881 est
786 3823 926 3879 ratio
948 3821 1034 3877 vel
1064 3835 1281 3887 sensus,
1308 3829 1367 3876 ut
1388 3820 1599 3892 possint
1623 3818 1846 3875 credere
1874 3836 1887 3873 :
1915 3827 2098 3873 tamen

510 3918 708 3984 credit,
738 3915 885 3989 quod
912 3915 1144 3971 aliorum
1185 3914 1290 3971 ﬁde
1319 3914 1617 3970 salvantur.
1650 3912 1718 3968 Et
1740 3912 1786 3968 si
1808 3912 1946 3967 bene
1972 3926 2096 3981 per-

508 4009 721 4078 pendis,
750 4006 885 4063 nihil
911 4006 1104 4063 salutis
1131 4005 1255 4064 sine
1274 4005 1381 4061 ﬁde
1402 4012 1711 4075 praestatur.

579 4100 635 4157 δ.
673 4100 769 4156 Est
792 4110 995 4165 tanien,
1025 4102 1168 4167 sicut
1194 4100 1327 4165 dixi,
1356 4100 1565 4156 modica
1599 4100 1652 4153 in
1682 4096 1976 4169 aliquibus,
2010 4106 2094 4152 est

506 4202 563 4249 et
583 4208 776 4263 magna
799 4194 853 4248 in
876 4193 1149 4249 nonnullis
1173 4210 1186 4246 :
1213 4194 1470 4265 apostolis
1494 4191 1867 4249 dubitantibus
1890 4192 2093 4248 etenim

506 4290 707 4345 dicitur
738 4306 751 4343 :
796 4299 820 4329 ι
856 4290 997 4356 Quid
1038 4290 1209 4347 timidi
1253 4292 1396 4358 estis,
1429 4292 1647 4347 modica:
1669 4291 1793 4361 ﬁdei
1814 4291 1841 4346 2
1869 4289 2084 4365 (Matth.

505 4397 622 4447 vnt,
649 4382 762 4455 ΞΟ).
804 4383 1062 4439 Centurio
1084 4400 1213 4441 vero
1241 4383 1491 4441 laudatur
1516 4384 1659 4455 quod
1690 4398 1799 4440 non
1829 4383 2094 4439 invenerit

501 4486 711 4533 tantam
761 4478 921 4534 ﬁdem
972 4479 1025 4533 in
1081 4478 1245 4535 Israel
1302 4478 1512 4552 (Ibid.,
1572 4478 1699 4550 10).
1762 4476 1983 4533 Necnon
2039 4486 2092 4532 et

2212 1970 2316 2027 hoc
2361 1973 2413 2026 in
2459 1978 2704 2044 tempore
2735 1975 2979 2031 nonnulli
3020 1974 3142 2046 plus
3172 1975 3413 2043 fervent,
3444 1979 3812 2051 adimplentes

2210 2077 2480 2138 praecepta
2509 2069 2731 2140 agenda:
2763 2070 2909 2135 vitaz,
2935 2078 2989 2124 et
3008 2070 3283 2128 calcantes
3308 2086 3369 2128 ea
3390 2087 3509 2142 quae
3529 2075 3813 2130 contraria

2210 2169 2336 2215 sunt
2377 2157 2577 2215 saluti:
2613 2159 2856 2216 nonnulli
2901 2174 3028 2216 vero
3066 2162 3144 2218 sic
3174 2146 3422 2219 ctelestia
3445 2162 3812 2234 meditantur,

2208 2257 2269 2304 ut
2292 2257 2507 2305 terrena
2532 2264 2638 2305 non
2668 2250 3000 2323 relinquant,
3025 2266 3162 2324 quos
3183 2255 3229 2310 si
3257 2256 3597 2327 requisieris,
3615 2275 3814 2315 omnes

2208 2345 2415 2414 pariter
2445 2359 2503 2401 se
2532 2342 2756 2401 credere
2793 2345 3119 2402 conﬁtentur
3147 2358 3311 2403 unum
3342 2350 3506 2405 Deum
3552 2348 3811 2421 Patrem,

2208 2445 2265 2491 et
2306 2436 2535 2501 Filium,
2584 2447 2639 2492 et
2690 2434 2954 2508 Spiritum
3003 2444 3284 2508 sanctum;
3332 2442 3426 2498 sed
3456 2457 3650 2498 eorum
3697 2461 3813 2501 non

2208 2531 2433 2604 arqualis
2494 2540 2577 2589 est
2619 2534 2859 2590 omniUm
2912 2534 3077 2602 ﬁdes;
3107 2544 3164 2593 et
3212 2536 3333 2593 ideo
3374 2536 3531 2595 nobis
3568 2540 3812 2615 proximi

2208 2623 2344 2680 ﬁdes
2367 2640 2474 2685 non
2496 2640 2563 2681 ex
2590 2641 2721 2683 voce
2752 2634 2986 2695 tantum,
3015 2628 3109 2685 sed
3130 2644 3197 2685 ex
3223 2630 3477 2705 operibus
3506 2640 3808 2711 pensatur;

2209 2717 2466 2786 quoniam
2513 2727 2775 2790 quantum
2830 2719 2886 2774 in
2934 2733 2999 2776 eo
3047 2719 3201 2787 vivit,
3259 2728 3470 2778 tantum
3519 2731 3615 2779 aut
3662 2724 3814 2781 bona

2207 2807 2460 2876 volendo,
2508 2818 2600 2864 aut
2631 2810 2735 2881 piis
2771 2808 3043 2883 justisque
3078 2812 3336 2884 operibus
3381 2812 3688 2872 insistendo
3738 2815 3812 2871 ad

2207 2913 2272 2955 ea
2308 2915 2428 2974 quae
2456 2915 2566 2956 non
2595 2900 2852 2987 videntur
2881 2902 3137 2960 ardenter
3176 2905 3375 2971 currit;
3409 2914 3671 2977 tantoque
3707 2923 3815 2979 po-

2208 2993 2411 3050 tentior
2452 2994 2521 3050 ad
2562 2994 2854 3068 agendum,
2904 3004 3110 3069 quanto
3139 2997 3383 3055 devotior
3411 3000 3556 3056 circa
3605 3000 3810 3071 Deum,

2208 3097 2263 3144 et
2294 3098 2444 3145 tanto
2466 3090 2698 3147 validior
2719 3106 2839 3162 quae
2864 3092 3139 3149 contraria
3163 3100 3290 3150 sunt
3315 3094 3382 3149 ad
3413 3096 3807 3166 resistendum,

2208 3190 2411 3252 quanto
2436 3192 2756 3239 caeterarnm
2784 3183 3045 3240 virtutum
3082 3185 3456 3243 instrumentis
3480 3197 3711 3252 armata,
3748 3197 3813 3245 et

2205 3273 2405 3330 conﬁsa
2438 3273 2598 3330 fuerit
2629 3275 2681 3331 in
2726 3274 2918 3332 Deum.
2956 3274 3022 3332 Et
3057 3292 3165 3332 nou
3197 3276 3320 3334 dico
3343 3278 3479 3351 quod
3503 3278 3804 3349 inrequalis

2206 3382 2313 3421 una
2340 3366 2661 3438 eademque,
2699 3380 2886 3422 verum
2914 3380 3014 3424 nec
3041 3367 3095 3425 in
3118 3384 3226 3425 uno
3250 3370 3539 3443 eodemque
3566 3371 3805 3428 homine

2203 3472 2417 3527 semper
2432 3456 2655 3527 :equalls
2670 3472 2790 3514 esse
2813 3458 3103 3529 probatur;
3141 3461 3311 3516 altera
3336 3463 3477 3517 cnim
3505 3461 3606 3519 fuit
3625 3462 3681 3517 in
3694 3461 3778 3520 Pe

2203 3556 2307 3614 tro,
2339 3548 2557 3620 quando
2586 3549 2950 3622 interrogatus
2973 3549 3318 3622 (Matttht,
3356 3552 3485 3622 {5):
3518 3550 3623 3609 Vos
3645 3572 3803 3629 quem

2201 3656 2282 3694 me
2305 3656 2412 3695 esse
2433 3641 2651 3698 dicitis?
2675 3643 2919 3703 dicebat:
2942 3642 3018 3699 Tu
3041 3660 3093 3700 es
3109 3642 3348 3702 Christus
3364 3644 3541 3703 Filius
3555 3648 3654 3704 Dei
3678 3651 3782 3705 rivi

2199 3732 2404 3801 Altera,
2420 3738 2635 3807 quando
2653 3738 2722 3794 ab
2735 3738 2926 3795 ancilla
2944 3740 3235 3819 requisitus
3259 3742 3475 3815 negavit
3495 3763 3507 3797 ε
3526 3744 3652 3800 Νοη
3680 3762 3803 3800 nos:

2199 3827 2458 3883 hominem
2481 3828 2697 3901 (Matth.
2720 3846 2868 3900 xm,
2885 3831 3009 3904 72);
3037 3830 3134 3889 sed
3158 3838 3212 3889 ei
3234 3832 3496 3895 Dominus
3519 3856 3532 3890 :
3562 3834 3678 3908 Ego
3702 3853 3803 3910 pro

2199 3928 2246 3971 te
2273 3921 2469 3990 rogavi,
2504 3918 2680 3988 Petre,
2705 3936 2767 3976 ne
2792 3920 3003 3992 deﬁciat
3032 3922 3163 3992 fides
3191 3930 3282 3978 tua
3310 3941 3327 3979 :
3352 3930 3398 3980 et
3422 3934 3479 3979 tu
3505 3924 3804 4005 aliquando

2198 4026 2475 4065 conversus
2505 4012 2757 4081 conﬁrma
2786 4012 2977 4082 fratres
3001 4022 3116 4069 tuos
3139 4012 3289 4093 (Luc.
3316 4032 3450 4082 χιιι,
3484 4015 3598 4089 32).
3632 4014 3800 4085 Puto,

2198 4102 2414 4173 quando
2437 4102 2666 4158 necdum
2689 4118 2983 4160 conversus
3003 4114 3120 4162 erat
3145 4105 3382 4176 perfecte
3408 4107 3435 4147 ε
3462 4105 3639 4169 ﬁdelis
3663 4125 3803 4171 non-

2198 4195 2325 4251 dum
2352 4200 2501 4262 erat,
2541 4191 2596 4252 ét
2636 4198 2723 4252 cui
2754 4206 3045 4269 praestatur
3087 4198 3203 4279 ejus
3252 4195 3385 4256 ﬁdes
3434 4216 3503 4257 ne
3547 4192 3797 4268 deﬁciat,

2198 4290 2378 4361 aliqua
2421 4289 2554 4346 ﬁdes
2588 4290 2830 4362 prol‘edo
2867 4300 3017 4357 erat;
3050 4290 3145 4349 sed
3177 4290 3369 4355 timore
3396 4308 3621 4364 pressus
3654 4292 3799 4351 male

2194 4384 2433 4455 negavit,
2480 4383 2622 4453 quod
2670 4382 2815 4439 intus
2845 4383 2897 4438 in
2931 4378 3267 4438 conscientia
3303 4384 3518 4440 occulte
3551 4388 3788 4457 pressit;

2196 4476 2290 4532 sed
2322 4475 2442 4531 talis
2484 4474 2617 4531 ﬁdes
2653 4475 2818 4531 etiam
2849 4474 2917 4530 ab
2945 4474 3092 4530 intus
3118 4475 3342 4555 periret,
3373 4477 3479 4535 nisi
3506 4478 3792 4557 quamcito

501 4569 673 4625 Maria
714 4570 889 4625 solum
940 4573 1064 4641 quia
1109 4550 1341 4627 credidit
1387 4571 1546 4627 beata
1596 4568 1941 4642 przedicatur.
1997 4568 2088 4623 Ait
2116 4631 2162 4642 _
2194 4578 2313 4621 eam
2344 4566 2520 4636 pietas
2552 4580 2649 4621 suo
2673 4576 2891 4637 aspectu
2925 4550 3259 4622 refunderet.
3293 4565 3396 4635 Qui
3437 4550 3630 4636 postea
3661 4584 3795 4622 con-

499 4662 647 4718 enim
674 4677 691 4717 ε
718 4660 906 4728 Beata,
951 4631 1070 4734 quia
1097 4663 1388 4729 credidisti,
1415 4631 1762 4733 perﬁciuntur
1803 4661 1859 4716 in
1890 4669 1941 4714 te
1968 4676 2087 4732 qua
2116 4631 2170 4693 D
2192 4631 2381 4716 versus
2406 4702 2420 4725 ,
2467 4659 2631 4714 etiam
2671 4631 2813 4714 inter
2844 4658 3093 4723 verbera,
3135 4666 3190 4714 et
3231 4658 3299 4713 ad
3318 4631 3575 4715 imortem
3616 4676 3793 4732 usque

500 4754 649 4808 dicta
684 4761 806 4808 sunt
836 4753 930 4807 tibi
963 4753 1029 4807 ab
1073 4752 1258 4824 angelo
1287 4751 1440 4825 (Luc.
1473 4769 1514 4819 ι,
1560 4753 1671 4826 46).
1705 4752 1773 4808 Ει
1800 4753 2000 4807 mirum
2042 4750 2087 4807 si
2191 4753 2494 4827 intrepidus
2541 4750 2848 4809 conﬁtetur.
2896 4752 3043 4825 Ergo
3086 4758 3141 4815 et
3181 4752 3398 4818 caeteri,
3435 4752 3563 4815 dum
3609 4755 3790 4811 adhuc

499 4857 613 4899 non
641 4842 715 4899 ita
745 4844 799 4898 in
837 4844 1093 4901 omnibus
1139 4843 1231 4914 qui
1276 4841 1517 4916 perfecte
1543 4844 1790 4907 credunt,
1833 4850 1889 4898 et
1921 4841 2085 4912 perﬁ-
2193 4843 2545 4900 conﬁrmandi
2592 4852 2770 4910 erant,
2820 4843 3053 4899 necdum
3088 4843 3142 4898 in'
3191 4840 3293 4898 ﬁde
3332 4841 3558 4915 perfecti
3605 4855 3787 4903 erant.

501 4937 718 4991 cuntur
767 4944 825 4992 et
871 4944 1206 5008 prazstantur
1247 4950 1368 5007 «tute
1413 4946 1562 4992 recte
1610 4951 1708 5007 per
1761 4935 2083 4990 charitatem
2192 4935 2259 4991 Et
2282 4934 2403 4991 ideo
2442 4950 2600 4991 nemo
2638 4948 2697 4990 se
2723 4934 2751 4975 ιι
2784 4934 3074 5006 applaudat
3105 4932 3343 5013 perfecte
3382 4934 3626 5002 ﬁdelem,
3660 4953 3787 4992 mox

498 5028 625 5085 ﬁdei
652 5039 910 5101 optantur
944 5039 1001 5085 et
1029 5037 1363 5101 quaeruntur.
1398 5029 1550 5087 Unde
1574 5027 1874 5084 Dominus:
1908 5024 1967 5083 Si
1989 5027 2085 5081 lia.

496 5123 718 5179 asseritis
743 5122 921 5195 ﬁdem,
949 5124 1159 5194 inquit,
1185 5123 1323 5179 velut
1359 5138 1583 5195 granum
1612 5123 1829 5192 sinapis,
1865 5131 1912 5176 et
1938 5121 2086 5175 dia-e-

495 5211 611 5267 ruis
639 5215 807 5269 monti
831 5215 954 5269 huic
983 5229 1000 5267 :
1034 5213 1182 5269 Tolle
1224 5223 1273 5269 te
1312 5214 1456 5279 hinc,
1485 5225 1534 5268 et
1554 5214 1701 5267 mitte
1742 5222 1790 5267 te
1814 5213 1870 5266 in
1916 5229 2082 5278 mare,

2191 5039 2248 5085 ut
2290 5029 2607 5100 quantisper
2630 5028 2855 5102 coeperit
2888 5029 2904 5069 ί
2938 5026 3182 5096 credere,
3220 5029 3391 5089 donec
3415 5029 3697 5087 Christum
3733 5043 3784 5086 et

2190 5122 2451 5193 Spiritum
2484 5130 2730 5177 sanctum
2764 5120 2816 5176 in
2848 5136 2908 5176 se
2944 5120 3195 5176 habitare
3225 5121 3423 5176 sentiat
3451 5137 3550 5197 per
3595 5121 3783 5177 ﬁdem.

2188 5210 2345 5269 Unde
2376 5211 2652 5284 apostolus
2691 5211 2891 5267 Paulus
2928 5229 2939 5265 :
2971 5208 3178 5277 Flecto,
3219 5211 3413 5291 inquit,
3444 5228 3620 5281 genua
3666 5229 3785 5265 mea

493 5303 794 5376 nam»
823 5305 1040 5376 (Matth.
1076 5322 1212 5373 xvn,
1260 5305 1371 5377 i9).
1418 5304 1807 5361 Verumtamen
1847 5304 2024 5376 quivis
2051 5301 2080 5343 δ
2187 5306 2256 5360 ad
2300 5302 2513 5360 Patrem
2554 5303 2770 5359 Domini
2811 5304 2910 5359 mei
2936 5302 3068 5359 Jesu
3110 5300 3308 5358 Christi
3331 5346 3345 5369 ,
3396 5313 3454 5357 ut
3501 5302 3587 5363 det
3640 5303 3785 5359 vobis

497 5396 571 5452 de
590 5395 835 5467 quolibet
855 5406 1040 5455 monte
1073 5396 1278 5454 dictum
1306 5396 1557 5469 accipiat,
1589 5395 1675 5451 vel
1701 5396 1768 5452 de
1797 5396 2082 5467 cujuscun-
2185 5396 2405 5452 divitias
2445 5394 2629 5468 gloria:
2666 5408 2800 5463 saw,
2836 5395 3079 5451 virtutem
3115 5393 3449 5451 corroborari
3479 5400 3577 5470 per
3608 5392 3786 5475 Spiri-

2260 5581 2286 5610 ο
2324 5569 2489 5636 Edit.,
2519 5570 2608 5636 qui
2633 5576 2826 5623 autem.

2263 5640 2283 5679 ί
2325 5640 2490 5707 Edit.,
2523 5640 2703 5712 hujus.

2263 5715 2288 5752 ε
2328 5712 2492 5784 Edit.,
2522 5708 2769 5784 perfecto,
2795 5709 2891 5784 sed
2923 5724 3116 5767 means
3143 5708 3383 5784 perfecte.

2258 5785 2287 5824 ιι
2327 5782 2489 5848 Editi,
2518 5782 2638 5848 sibi,
2664 5783 2763 5840 sed
2787 5782 2980 5840 melius
3008 5799 3079 5838 se.

2265 5856 2281 5897 ί
2325 5854 2467 5911 Edit.
2516 5854 2684 5928 οωριι.

568 5589 600 5650 9
634 5577 803 5650 ραι..
829 5591 1037 5650 compos
1060 5579 1229 5650 eﬂoit.

569 5647 601 5687 δ
636 5648 802 5713 Edit.,
849 5646 954 5718 qui
993 5646 1141 5704 erant
1189 5658 1342 5704 antea
1389 5648 1635 5718 gehennte
1669 5646 1799 5718 filii,
1840 5662 1951 5713 non
2002 5646 2076 5702 ita

572 5665 601 5687 υ
636 5665 802 5713 nam,
849 5665 939 5718 qut
993 5665 1141 5704 erant
1189 5665 1342 5704 antea
1422 5665 1635 5711 caenare
1669 5665 1789 5717 pm,
1840 5665 1945 5705 non

496 5718 1195 5843 benedql‘ioqdu‘icrasnbdere
1219 5665 1459 5785 debergt,
1493 5726 1716 5799 cegrotos
1741 5717 1945 5774 liberat.

566 5827 596 5901 ι
634 5827 801 5928 ἓδὲἰζζ
822 5827 1030 5931 Eii-£35..
