4148 6344
331 402 472 460 1429

1259 392 1345 454 DE
1382 392 1562 461 FIDE,
1604 388 1733 452 SPE
1767 392 1857 449 ΕΤ
1898 382 2316 448 CHARITATE.
2359 421 2426 433 —
2465 390 2592 447 LIB.
2634 388 2674 445 i.

3456 352 3595 447 uso

331 530 440 577 tum
463 518 578 590 ejus
622 518 677 571 in
718 516 1017 570 interiorem
1057 514 1339 580 hominem,
1372 514 1610 568 habitare
1639 509 1908 566 Christum
1937 502 1989 570 Α
2015 507 2091 562 De
2120 506 2495 577 praesentibus,
2527 520 2649 560 cum
2679 518 2742 559 ea
2768 518 2888 575 quae
2925 514 3069 560 nunc
3114 503 3256 562 ultra
3285 497 3595 576 hujus'vita:

328 628 419 683 per
456 610 615 681 ﬁdem
656 609 711 663 in
751 606 995 663 cordibus
1036 606 1216 662 vestris
1240 618 1259 657 :
1290 607 1345 659 in
1387 604 1641 659 charitate
1687 602 1912 658 radicati

328 712 376 757 et
423 700 666 772 fundati,
711 709 768 754 ut
800 700 1011 770 possitis
1035 697 1466 770 comprehendere
1510 712 1628 750 cum
1673 693 1912 751 omnibus

327 794 562 862 sanctis,
601 810 719 865 qua:
756 792 823 848 sit
868 792 1132 857 latitudo,
1187 790 1477 862 longitudo,
1526 789 1819 846 sublimitas
1865 798 1913 845 et

326 884 669 958 profundum.
708 882 854 939 Scire
900 883 1057 937 etiam
1095 880 1560 953 supereminentem
1603 880 1912 935 charitatem

329 976 557 1041 Christi,
598 973 1026 1044 ut'impleamini
1059 974 1117 1028 in
1146 989 1347 1028 omnem
1394 971 1767 1042 plenitudinem
1814 969 1914 1025 Dei

329 1066 551 1139 (Ephes.
592 1080 676 1133 ιιι,
704 1062 909 1136 14-19).
937 1063 1096 1129 Ecce,
1134 1064 1179 1119 si
1209 1061 1384 1119 ﬁdelis
1424 1078 1502 1129 es,
1529 1063 1642 1134 jam
1673 1063 1740 1118 ad
1782 1062 1910 1133 quid

329 1150 654 1213 tendendum
680 1197 695 1222 ,
725 1164 783 1210 ut
815 1154 987 1211 ﬁdelis
1018 1166 1355 1224 permaneas.
1389 1150 1527 1211 Hine
1555 1166 1769 1226 quoque
1807 1150 1911 1210 Do-

326 1251 508 1307 minus
550 1248 605 1305 in
636 1248 955 1323 Apocalypsi
1002 1245 1247 1313 Joannis,
1294 1248 1568 1315 Ecclesiae,
1612 1247 1777 1314 Esto,
1809 1246 1905 1315 ait,

326 1341 497 1407 ﬁdelis
528 1354 691 1411 usque
735 1338 805 1395 ad
852 1350 1102 1405 mortem,
1133 1347 1182 1394 et
1220 1338 1354 1394 dabo
1381 1338 1475 1393 tibi
1501 1340 1651 1395 edere
1676 1340 1740 1394 de
1766 1332 1908 1410 ligno

325 1432 444 1487 sine
474 1428 658 1502 (Apoc.
691 1444 752 1495 ιι,
786 1426 895 1502 i0).
944 1422 1327 1486 Consummata
1361 1429 1526 1502 igitur
1566 1428 1700 1485 ﬁdes
1738 1442 1909 1498 usque

326 1522 392 1578 ad
441 1529 672 1578 mortem
719 1518 997 1593 pertingit,
1053 1520 1141 1576 cui
1183 1520 1330 1577 nulla
1364 1529 1592 1593 possunt
1639 1516 1907 1577 obsistere

328 1618 519 1675 blanda
547 1617 632 1674 vel
660 1630 883 1690 aspera;
913 1617 1180 1689 siquidem
1209 1634 1309 1674 nec
1346 1632 1511 1685 mors,
1549 1632 1668 1688 quae
1697 1614 1907 1672 cunctis

326 1712 571 1783 asperior
594 1712 831 1777 Videtur,
866 1712 1040 1768 donec
1065 1727 1128 1767 ea
1151 1727 1270 1783 qua:
1297 1727 1405 1767 non
1436 1711 1691 1766 videntur
1716 1722 1907 1782 appre-

324 1803 559 1869 hendat,
614 1798 681 1858 ad
733 1806 853 1874 quae
899 1814 926 1845 α
978 1818 1141 1859 ιιειιιο
1189 1801 1293 1859 nisi
1338 1818 1437 1873 per
1484 1811 1714 1858 mortem
1759 1802 1908 1858 venit

2018 596 2211 655 Saecula
2242 608 2386 663 sunt,
2415 610 2581 652 unum
2618 596 2841 663 scilicet,
2892 597 3596 669 eamdemque-permanen-

2016 696 2124 746 tem
2162 691 2329 747 Deum
2358 705 2480 747 esse
2507 689 2774 759 intelligit,
2806 705 2904 762 per
2930 700 3094 762 quem
3138 692 3343 748 munia.
3384 691 3463 750 De
3506 692 3594 750 lu-

2018 786 2150 841 turis
2180 801 2327 851 vero,
2365 802 2487 843 eum
2535 801 2600 841 ea
2645 801 2765 857 qua:
2811 786 2954 843 ultra
2998 786 3158 858 hujus
3202 785 3383 857 surculi
3427 785 3595 845 ﬁnem

2014 877 2370 946 prmtendunt,
2406 876 2624 932 Patrem
2663 876 2917 933 videlicet
2947 888 3003 933 et
3025 876 3245 943 Filium,
3279 886 3442 951 atque
3468 878 3595 952 Spi-

2015 967 2177 1022 ritum
2205 976 2471 1035 sanctum,
2504 983 2669 1023 unum
2704 971 2873 1025 Deum
2920 970 2973 1024 in
3020 968 3289 1025 Trinitate
3329 972 3449 1027 sine
3487 972 3597 1030 ﬁne

2012 1074 2334 1131 permanere
2369 1076 2474 1116 non
2505 1060 2733 1128 dubitat,
2757 1077 2879 1116 cum
2907 1077 3014 1132 quo
3041 1061 3239 1117 omnia.
3262 1062 3330 1118 Et
3349 1064 3464 1119 haec
3487 1073 3593 1134 est,

2012 1152 2258 1223 inquam,
2282 1152 2508 1208 altitudo
2530 1152 2863 1219 divitiarum,
2886 1153 2941 1207 iu
2962 1168 3126 1223 quam
3149 1153 3322 1209 credit
3334 1154 3598 1221 ﬁdes,sed

2012 1246 2138 1317 quia
2163 1246 2742 1319 inc’ompreheusibiles
2775 1248 2876 1303 viae
2900 1247 3015 1317 ejus
3046 1258 3190 1315 sunt,
3246 1249 3450 1307 idcirco
3478 1249 3596 1306 sine

2010 1339 2115 1393 ulla
2148 1336 2517 1410 disputatione
2542 1342 2597 1394 et
2622 1336 3011 1395 retractatione
3038 1339 3106 1396 de
3130 1338 3350 1397 Christo
3385 1342 3597 1413 integra

2010 1436 2066 1487 et
2093 1431 2414 1487 inconcussa
2442 1445 2657 1503 semper
2680 1446 2802 1486 cum
2827 1432 2962 1502 ipso,
2989 1429 3161 1489 donec
3186 1432 3241 1488 in
3267 1433 3355 1488 via
3385 1446 3595 1503 sumus,

2008 1528 2063 1577 et
2088 1537 2150 1577 ea
2173 1536 2278 1577 non
2306 1523 2556 1578 videntur
2580 1538 2702 1593 qua:
2723 1522 3041 1589 creduntur,
3066 1536 3195 1580 vera
3224 1531 3409 1581 manet
3436 1524 3589 1582 ﬁdes.

2007 1613 2293 1673 Credimus
2318 1615 2462 1672 enim
2494 1632 2619 1673 eum
2653 1627 2946 1683 mortuum,
2977 1618 3121 1689 quod
3142 1615 3255 1688 iam
3284 1616 3550 1688 pmteﬁit
3575 1632 3593 1673 :
3614 1648 3630 1658 -

2008 1705 2289 1777 ipsumque
2316 1705 2587 1765 credimus
2628 1724 2771 1765 nunc
2822 1710 3011 1767 sedere
3053 1708 3120 1765 ad
3168 1710 3446 1766 dexteram
3487 1709 3593 1767 Pa-

2008 1796 2136 1863 tris;
2156 1800 2297 1869 quod
2324 1801 2605 1871 prmsentis
2630 1810 2713 1857 est
2743 1811 2838 1857 :et
2869 1811 3153 1858 venturum
3185 1802 3252 1858 ad
3274 1802 3596 1874 iudicandos

323 1908 593 1966 unquam;
633 1892 689 1950 et
713 1868 857 1961 ideo,
888 1910 1050 1967 quam
1078 1893 1217 1952 bene
1258 1868 1392 1950 ﬁdes
1429 1895 1591 1949 etiam
1638 1896 1738 1950 ‘n’ec
1762 1908 1907 1950 mor-
1936 1868 1983 1947 Β
2011 1868 2243 1945 νίνοείει
2276 1868 2538 1956 mortuos,
2570 1894 2712 1962 quod
2742 1892 2983 1948 futurum
3007 1902 3108 1950 est.
3135 1892 3242 1950 Sed
3268 1868 3313 1950 si
3335 1894 3596 1966 quaeritur

324 1992 434 2041 tem
464 1985 619 2043 ti‘met
651 2002 664 2041 :
698 1982 935 2057 alioquin
966 1985 1011 2041 si
1039 1985 1172 2042 ﬁdes
1202 1993 1579 2059 argumentum
1606 1994 1690 2043 εει
1716 1994 1906 2043 eorum

323 2092 443 2150 qua:
490 2093 599 2134 non
649 2076 913 2142 videntur,
953 2087 1008 2133 et
1054 2078 1119 2133 ad
1173 2092 1234 2133 ea
1278 2078 1465 2134 venire
1512 2078 1734 2149 festinat
1786 2088 1906 2152 quae

322 2172 538 2228 nonnisi
588 2181 710 2243 post
753 2178 982 2237 mortem
1031 2172 1489 2244 comprehendere
1524 2153 1670 2229 vaIEt
1709 2193 1723 2229 :
1767 2191 1905 2246 quo-

324 2264 485 2321 modo
525 2262 658 2320 ﬁdes
683 2270 785 2331 est,
816 2264 860 2320 si
887 2270 1115 2321 mortem
1157 2264 1381 2321 timeat?
1405 2265 1559 2335 Quod
1594 2266 1640 2322 si
1664 2266 1693 2307 δ
1728 2264 1907 2338 justus

323 2368 391 2413 ex
423 2357 526 2414 ﬁde
552 2357 703 2424 vivit,
736 2356 911 2431 qualis
952 2366 1036 2414 est
1079 2358 1271 2427 virtus,
1296 2376 1416 2431 quae
1444 2371 1465 2399 ε
1502 2356 1612 2416 vita
1638 2359 1771 2434 justi
1802 2372 1904 2430 est,

324 2460 380 2511 et
423 2453 662 2509 viviﬁcat
708 2453 773 2509 ad
816 2453 1013 2521 vitam,
1054 2461 1114 2509 ut
1162 2463 1391 2510 mortem
1439 2456 1673 2526 paveat?
1723 2455 1908 2512 Timor

325 2545 469 2600 enim
496 2545 688 2601 mortis
711 2546 776 2601 de
797 2558 956 2617 poena
982 2546 1187 2618 peccati
1218 2554 1324 2613 est,
1350 2554 1405 2602 et
1440 2536 1559 2603 ideo
1582 2542 1768 2621 justus
1792 2547 1908 2618 jam

324 2636 431 2693 ﬁde
475 2637 666 2695 vivens
712 2637 901 2695 timere
928 2650 1033 2696 non
1070 2638 1262 2708 debet;
1305 2640 1433 2711 quia
1474 2640 1616 2700 sicut
1663 2641 1909 2701 Christus

326 2729 461 2797 vita,
491 2740 721 2787 mortem
751 2741 922 2787 morte
953 2733 1214 2802 peremit;
1253 2733 1327 2788 ita
1364 2742 1419 2789 et
1460 2733 1595 2789 ﬁdes
1621 2728 1727 2789 vita
1751 2733 1906 2808 justi,

326 2836 428 2894 per
469 2832 699 2879 mortem
744 2824 811 2879 de
866 2833 1039 2881 morte
1084 2825 1155 2881 ad
1201 2824 1368 2881 vitam
1419 2825 1659 2881 transit:
1694 2833 1755 2881 ut
1795 2818 1907 2895 jam

319 2914 501 2987 justus
550 2932 659 2972 non
711 2931 778 2974 ex
825 2917 960 2984 ﬁde,
993 2917 1088 2974 sed
1125 2934 1192 2974 ex
1237 2918 1348 2975 vita
1398 2919 1759 2994 sempiterna,
1789 2936 1910 2992 quae

328 3023 472 3066 nunc
497 3008 551 3066 in
576 3008 682 3066 ﬁde
709 3020 817 3079 est,
847 3010 1230 3067 immortaliter
1256 3012 1421 3068 vivat.

920 3144 1147 3205 CAPUT
1185 3145 1324 3204 XIV.

2009 1979 2320 2037 Christiano
2340 1983 2468 2053 quid
2483 1983 2849 2038 credendum?
2865 1982 2993 2039 licet
3008 1984 3076 2039 ab
3096 1998 3204 2038 uno
3218 1983 3328 2039 Deo
3337 1983 3459 2056 iure
3477 1998 3594 2041 om-

2009 2074 2098 2130 nia
2121 2080 2302 2130 creata
2327 2082 2468 2140 Sunt,
2486 2090 2593 2132 non
2626 2085 2807 2131 tamen
2835 2090 3018 2132 rerum
3040 2082 3232 2132 natura
3254 2076 3328 2131 ita
3348 2076 3594 2133 rimanda

2010 2174 2132 2234 est,
2181 2169 2632 2239 quemadmodum
2679 2168 2746 2226 ab
2795 2170 2876 2228 eis
2931 2184 3067 2242 quos
3116 2170 3369 2243 physicos
3420 2170 3595 2228 (ἓπεί

2009 2267 2222 2315 vocant.
2275 2258 2391 2316 Non
2422 2261 2605 2332 itaque
2648 2262 2996 2319 metuendum
3016 2305 3030 2329 ,
3061 2278 3127 2319 ne
3157 2262 3336 2334 aliquo
3359 2263 3389 2304 δ
3417 2264 3598 2321 deviet

2010 2362 2236 2407 numero
2294 2351 2684 2408 elementorum
2714 2395 2729 2419 ,
2781 2344 2847 2409 de
2893 2360 3042 2409 motu
3092 2362 3255 2424 atque
3307 2352 3499 2410 ordine
3542 2363 3599 2412 et

2011 2438 2313 2496 defectibus
2341 2440 2602 2508 siderum,
2637 2440 2704 2497 de
2746 2442 2915 2515 ﬁgura
2949 2443 3094 2511 coeli,
3124 2445 3190 2501 de
3217 2442 3505 2517 generibus
3539 2454 3597 2503 et

2010 2529 2220 2586 naturis
2241 2531 2551 2587 animalium
2586 2552 2598 2586 :
2631 2548 2804 2604 neque
2829 2533 3249 2591 existimandum
3271 2534 3596 2592 Christianas

2011 2620 2135 2676 ﬁdei
2174 2620 2379 2692 aliquid
2416 2624 2628 2691 obesse,
2677 2624 2723 2681 Si
2762 2624 3036 2697 quippiam
3084 2626 3391 2697 ignoramus
3430 2626 3591 2683 fruti-

2011 2724 2134 2770 enm
2163 2726 2207 2781 ο,
2242 2715 2499 2791 lapidum,
2530 2710 2778 2785 foniium,
2808 2714 3088 2775 ﬂuminum
3118 2729 3173 2776 et
3197 2721 3491 2789 montium;
3527 2722 3594 2779 de

2011 2807 2199 2879 spatiis
2247 2822 2462 2880 quoque
2513 2810 2751 2867 locorum
2812 2826 2876 2868 ac
2928 2819 3260 2885 temporum,
3310 2814 3378 2870 de
3427 2813 3597 2888 signis

2011 2900 2405 2957 imminentium
2451 2900 2855 2975 tempestatum,
2884 2908 2939 2960 et
2979 2903 3084 2959 alia
3126 2904 3352 2962 scientia
3401 2904 3468 2961 de
3512 2907 3597 2963 his

2011 2990 2175 3049 rebus
2204 3008 2339 3064 quas
2377 2992 2453 3049 illi
2498 2994 2848 3063 invenerunt,
2879 2995 2963 3053 vel
3001 2994 3244 3053 invenire
3273 3012 3331 3055 se
3368 2997 3598 3071 promit-

2012 3094 2150 3142 tunt.
2181 3086 2315 3143 Nam
2358 3097 2412 3144 et
2436 3089 2539 3160 ipsi
2569 3102 2676 3146 non
2706 3088 2887 3147 omnia
2921 3098 3259 3162 repererunt,
3288 3088 3415 3149 licet
3453 3106 3597 3163 quaa-

2013 3178 2136 3235 dam
2164 3178 2398 3236 humana
2429 3181 2741 3251 conjectura
2762 3184 3171 3256 investigantes,
3199 3186 3446 3255 quaedam
3469 3198 3599 3241 vero

334 3255 493 3326 Quod
518 3258 651 3329 ﬁdes
678 3267 814 3316 recte
835 3259 981 3316 circa
1011 3261 1115 3316 tria
1139 3269 1379 3318 vertatur
1401 3242 1660 3333 tmpore,
1691 3268 1741 3317 el
1768 3259 1909 3316 ωιτη
1938 3260 1983 3326 C
2016 3271 2279 3328 historica
2310 3242 2646 3344 experientia
2695 3242 3115 3350 cognoscentes,
3138 3242 3295 3349 plura
3325 3292 3455 3334 vero
3498 3292 3597 3334 sua

961 3352 1035 3405 ad
1063 3359 1284 3409 aeterna.

401 3458 452 3516 i.
482 3456 732 3517 Profecto
775 3458 909 3518 ﬁdes
950 3476 1057 3517 non
1107 3462 1287 3519 minus
1318 3460 1399 3520 'de
1425 3464 1715 3537 praeteritis
1742 3466 1913 3522 credit

330 3566 492 3623 quam
518 3551 583 3608 de
600 3544 954 3624 pimsentibus
976 3560 1032 3608 et
1049 3552 1263 3611 ﬁtturis.
1292 3551 1449 3627 Fide,
1488 3555 1667 3628 inquit
1687 3553 1908 3625 Paulus,

327 3642 668 3715 intelligimtts
713 3644 965 3717 adaptata
986 3662 1108 3721 esse
1154 3645 1349 3701 swcula
1398 3646 1547 3702 verba
1580 3645 1698 3717 Dei,
1750 3657 1807 3703 ut
1849 3665 1913 3703 ex

328 3734 676 3791 inuisibilibus
713 3736 937 3792 visibilia
963 3737 1146 3808 ﬁerent
1192 3735 1379 3809 (Hebr.
1412 3752 1489 3803 st,
1527 3737 1603 3810 5).
1649 3737 1779 3808 Quae
1820 3741 1912 3810 qui

330 3843 439 3885 non
463 3827 658 3896 credit,
682 3828 911 3886 inﬁdelis
937 3829 1218 3902 probatur.
1243 3829 1309 3886 Et
1330 3829 1446 3887 haec
1471 3838 1557 3886 est
1578 3829 1733 3897 ﬁdes,
1749 3846 1912 3902 quam

332 3923 490 3979 docet
516 3921 751 3993 Spiritus
778 3922 990 3980 divinus
1017 3938 1114 3995 per
1149 3916 1391 3997 Moysen,
1419 3920 1603 3980 dicens
1631 3941 1646 3981 :
1671 3924 1737 3980 In
1764 3925 1909 3996 prin-

332 4014 467 4086 cipio
510 4014 632 4085 fecit
670 4013 811 4070 Deus
856 4015 1041 4071 coelum
1067 4026 1115 4071 et
1144 4022 1339 4072 terram
1383 4012 1534 4090 (Cen.
1566 4034 1604 4083 ι,
1635 4017 1721 4091 1),
1753 4016 1806 4073 id
1834 4026 1917 4074 est

333 4111 709 4160 creaturarum
751 4103 934 4161 omnia
972 4120 1091 4176 qua:
1140 4115 1265 4162 sunt
1315 4105 1368 4163 in
1413 4106 1552 4163 cmlo
1577 4117 1631 4163 et
1659 4108 1712 4163 in
1746 4114 1909 4165 terra.

333 4197 488 4254 Unde
537 4205 705 4254 restat
751 4196 896 4254 aliud
950 4198 1083 4255 nihil
1134 4215 1286 4268 esse,
1342 4216 1505 4272 quam
1533 4218 1698 4257 unum
1743 4202 1913 4259 Deum

333 4296 492 4361 quem
547 4289 721 4347 credit
765 4287 926 4360 ﬁdes;
982 4300 1038 4348 et
1082 4306 1147 4349 ea
1196 4309 1315 4366 quas
1355 4301 1481 4351 sunt
1527 4295 1594 4351 ab
1637 4310 1743 4351 uno
1783 4292 1913 4362 Deo,

330 4379 650 4437 Creatorem
676 4381 925 4439 videlicet
958 4392 1013 4440 et
1041 4393 1365 4442 creaturam.
1398 4383 1677 4458 Siquidem
1702 4394 1914 4443 creato—

335 4474 449 4527 rem
477 4480 605 4527 ante
626 4476 859 4539 omnem,
896 4480 952 4529 et
995 4482 1155 4545 supra
1186 4486 1422 4542 omnem,
1450 4484 1506 4532 et
1530 4475 1670 4530 ultra
1703 4490 1914 4531 omnem

254 4566 257 4567 ⁷
336 4563 687 4620 "creationem.
717 4562 857 4622 Ante
885 4576 1120 4632 omnem,
1164 4565 1291 4638 quia
1332 4568 1447 4638 ipse
1487 4564 1604 4621 sine
1636 4567 1788 4622 initio
1811 4575 1913 4633 est,
1952 4624 1961 4638 ν,

2012 3365 2265 3436 opinione
2316 3365 2721 3439 conﬁngentes,
2770 3364 3073 3424 ediderunt.
3126 3367 3269 3425 Satis
3316 3378 3400 3425 est
3450 3368 3592 3425 enim

2013 3455 2324 3513 Christiano
2347 3472 2531 3514 rerum
2558 3466 2860 3515 creatarum
2883 3474 3099 3527 causas,
3133 3459 3248 3518 sive
3274 3460 3597 3528 caelestium,

2017 3552 2131 3606 sive
2178 3550 2543 3618 terrestrium,
2572 3551 2686 3608 sive
2714 3551 3027 3619 visibilium,
3077 3552 3192 3611 sive
3224 3551 3596 3619 invisibilium,

2014 3638 2336 3713 intelligere,
2369 3657 2474 3696 non
2502 3642 2606 3697 nisi
2641 3642 2886 3698 bonitate
2916 3643 3181 3699 creatoris
3209 3642 3304 3699 Dei
3331 3642 3597 3709 existere;

2015 3734 2326 3805 nullamque
2354 3748 2475 3791 esse
2509 3744 2776 3801 naturam,
2809 3750 2929 3807 qua:
2957 3742 3063 3791 non
3108 3744 3203 3791 aut
3241 3735 3357 3808 ipse
3385 3736 3473 3801 sit,
3511 3744 3602 3790 aut

2018 3825 2085 3881 ab
2118 3826 2265 3896 ipso;
2296 3824 2582 3897 ipsumque
2605 3840 2727 3882 esse
2754 3824 3101 3894 Trinitatem,
3125 3825 3344 3883 Patrem
3372 3826 3599 3894 scilicet,

2014 3929 2070 3974 et
2100 3918 2298 3976 Filium
2325 3934 2356 3975 a
2387 3920 2548 3976 Patre
2573 3919 2837 3992 genitum,
2868 3928 2923 3975 et
2950 3912 3210 3991 Spiritum
3241 3924 3489 3976 sanetum
3530 3919 3598 3976 ab

2015 3998 2245 4084 utroque
2286 4013 2669 4084 procedentem
2694 4054 2708 4078 ,
2758 4024 2925 4068 unum
2970 4010 3139 4067 Deum
3162 4052 3176 4079 ,
3203 4028 3233 4067 a
3280 4025 3387 4082 quo
3417 4016 3601 4067 creata

2017 4111 2145 4161 sunt
2172 4106 2387 4173 omnia;
2418 4120 2517 4161 nec
2560 4119 2793 4171 summe,
2822 4121 2923 4160 nec
2947 4103 3243 4176 aequaliter,
3271 4114 3371 4161 nec
3398 4102 3598 4160 immu-

2017 4197 2257 4254 tabiliter
2283 4198 2458 4262 bona;
2491 4198 2584 4253 sed
2619 4206 2797 4252 tamen
2819 4192 2959 4253 bona
2983 4197 3148 4253 etiam
3176 4196 3411 4270 singula,
3442 4197 3603 4254 simul
3668 4233 3672 4236 ‹

2017 4305 2147 4346 vero
2174 4294 2426 4345 universa
2456 4289 2611 4346 valde
2638 4291 2796 4346 bona.

2087 4383 2142 4437 2.
2184 4381 2316 4437 Eam
2344 4380 2505 4454 igitur
2531 4382 2699 4438 solam
2736 4377 3067 4452 appellamus
3102 4381 3286 4449 ﬁdem,
3315 4396 3479 4453 quam
3518 4384 3599 4441 di-

2017 4474 2144 4529 vina
2171 4473 2385 4545 eloquia
2416 4472 2744 4537 docuerunt,
2788 4476 2974 4526 earum
3021 4470 3230 4529 scilicet
3268 4487 3448 4529 rerum
3479 4488 3599 4544 quae

2020 4572 2125 4620 non
2171 4562 2442 4631 videntur,
2473 4578 2583 4618 non
2623 4576 2742 4633 qum
2784 4561 3007 4618 omnino
3038 4558 3326 4630 videntur;
3376 4571 3431 4618 et
3470 4562 3515 4618 si
3548 4563 3604 4619 in

335 4651 389 4712 et
417 4650 669 4712 creatura
710 4658 887 4713 omnis
917 4656 985 4713 ab
1012 4658 1129 4729 ipso
1156 4666 1257 4715 est.
1305 4637 1479 4729 Supra
1507 4656 1722 4713 omnem
1744 4700 1757 4724 ,
1788 4659 1912 4728 quia
1944 4637 1993 4701 Ῑ)
2019 4650 2342 4724 quibusdam
2390 4652 2549 4707 ﬁdem
2594 4666 2625 4707 a
2674 4654 2951 4709 contrario
2990 4654 3211 4721 damus,
3236 4654 3452 4725 quando
3492 4668 3602 4709 non

337 4746 451 4820 ipse
470 4746 742 4822 patentior
763 4759 924 4822 atque
945 4750 1230 4817 excelsior,
1254 4758 1310 4808 et
1327 4758 1577 4806 creatura
1598 4766 1695 4822 per
1719 4751 1907 4820 ipSum,

337 4850 369 4895 a
408 4855 516 4911 quo
555 4841 760 4914 regitur
790 4847 843 4897 et
890 4842 1241 4914 gubernatur,
1295 4848 1355 4897 ut
1389 4843 1501 4911 sit,
1541 4843 1761 4899 omnino
1806 4846 1909 4897 est.

336 4924 490 4989 Ultra
520 4930 662 4989 enim
692 4942 934 5004 prorsus,
976 4934 1229 5004 quoniam
1260 4934 1376 4990 sine
1402 4933 1508 4991 ﬁne
1532 4943 1635 5001 est,
1662 4942 1716 4991 et
1756 4947 1912 4990 erea-

339 5026 459 5079 tura
505 5023 647 5080 infra
675 5022 851 5097 ipsum
894 5026 1119 5094 ﬁniens,
1155 5034 1214 5082 ut
1257 5032 1379 5084 cum“
1411 5026 1527 5097 ipso
1563 5028 1652 5093 sit,
1699 5042 1824 5083 vere
1860 5036 1915 5083 et

340 5113 705 5172 indubitanter
731 5118 833 5174 est.
860 5116 1063 5173 idcirco
1090 5116 1224 5173 nihil
1255 5122 1408 5174 extra
1443 5117 1649 5191 ipsum;
1681 5120 1773 5174 sed
1802 5116 1916 5189 ipse

341 5206 466 5263 ante
510 5206 711 5274 omnia,
745 5218 799 5264 et
827 5223 987 5280 supra
1016 5209 1222 5275 omnia,
1254 5217 1310 5264 et
1348 5206 1491 5265 ultra
1516 5211 1697 5265 omnia
1730 5210 1915 5283 utique

339 5292 441 5353 est.“
483 5296 620 5354 Hinc
658 5310 786 5370 ergo
834 5307 1048 5355 constat
1092 5298 1251 5355 ﬁdem
1296 5286 1363 5355 de
1407 5301 1695 5372 praeteritis
1733 5312 1913 5373 agere,

337 5390 550 5446 necnon
575 5397 630 5446 et
654 5389 721 5447 de
739 5388 1097 5462 praesentibus
1118 5400 1173 5447 et
1197 5380 1498 5447 delatoris.
1529 5384 1604 5446 De
1632 5390 1919 5463 praeteritis

341 5482 580 5554 quidem,
613 5483 739 5539 dum
764 5498 827 5539 ea
856 5485 1028 5539 credit
1056 5494 1175 5556 quae
1201 5493 1324 5540 ante
1348 5484 1545 5540 szecu'la
1576 5492 1720 5552 sunt,
1752 5498 1917 5539 unum

340 5572 513 5631 Deum
544 5575 598 5631 in
630 5575 801 5633 tribus
828 5575 1127 5633 subsistere
1169 5575 1444 5648 personis,
1477 5586 1541 5632 ex
1574 5586 1681 5647 quo
1714 5574 1915 5632 omnia.

414 5721 443 5785 fl
480 5708 649 5785 Edim
680 5710 942 5785 adquam
985 5711 1085 5766 nisi
1115 5725 1207 5785 per
1228 5718 1448 5768 mortem
1471 5711 1603 5767 venit
1628 5708 1917 5783 nunquam.

416 5777 445 5819 ι)
480 5775 645 5853 ﬁdit.,
673 5775 805 5853 quid
827 5784 891 5837 si.

419 5859 443 5890 ο
483 5849 650 5920 Edit.,
674 5849 799 5927 qua.

2023 4746 2255 4800 absurde
2306 4743 2577 4799 interdum
2629 4744 2859 4802 dicimus
2905 4744 3109 4818 aliquid
3160 4758 3260 4802 nos
3305 4744 3506 4802 vidisse
3549 4756 3605 4802 et

2023 4839 2347 4907 credidisse;
2377 4848 2749 4896 verumtamen
2780 4837 2914 4896 ﬁdes
2940 4844 3137 4897 nostra!
3161 4837 3434 4911 religionis
3458 4852 3598 4894 nun-

2021 4946 2182 5003 quam
2212 4932 2328 4987 sine
2350 4947 2444 5003 spe
2464 4939 2568 4999 est,
2593 4945 2871 5003 nunquam
2891 4931 3008 4987 sine
3031 4936 3253 4994 amore;
3283 4938 3459 5000 neque
3478 4938 3602 5002 spes

2022 5032 2113 5080 aitt
2141 5023 2379 5081 charitas
2427 5024 2544 5081 sine
2584 5022 2687 5081 ﬁde
2727 5042 2742 5078 :
2789 5024 2931 5079 unde
2964 5023 3095 5078 ﬁdes
3123 5020 3190 5077 de
3222 5021 3599 5090 invisibilibus,

2023 5116 2162 5172 sicut
2188 5126 2243 5172 et
2262 5131 2407 5187 spes,
2423 5117 2489 5172 de
2509 5131 2616 5188 qua
2630 5115 2918 5188 Apostolus
2941 5115 3017 5170 ait
3042 5128 3059 5167 τ
3082 5111 3210 5185 Spes
3229 5124 3349 5185 quae
3371 5114 3600 5182 videtur,

2016 5225 2120 5264 non
2170 5219 2245 5264 est
2291 5225 2426 5281 spes.
2463 5208 2618 5278 Quod
2660 5211 2796 5265 enim
2824 5209 2959 5264 videt
2986 5206 3125 5279 quis,
3148 5206 3275 5279 quid
3301 5207 3517 5278 sperat?
3542 5204 3605 5263 Si

2018 5311 2193 5355 autem
2236 5299 2377 5373 quod
2406 5318 2508 5355 non
2552 5298 2782 5355 videmus
2825 5312 3113 5369 speramus,
3156 5306 3250 5369 per
3292 5298 3603 5369 patientiam

2019 5398 2378 5463 exspectamus
2433 5391 2603 5464 (Rom.
2652 5402 2770 5456 VIII,
2810 5384 2931 5461 ‘24).
2971 5388 3115 5463 Ergo
3150 5392 3215 5446 ea
3261 5390 3384 5461 qua!
3426 5389 3604 5448 adhuc

2021 5506 2322 5562 speramus,
2360 5486 2472 5557 jam
2502 5485 2772 5541 credimus
2794 5526 2810 5553 ,
2856 5482 2913 5541 et
2952 5480 3285 5557 qutecunque
3310 5482 3599 5550 Credimus,

2020 5584 2263 5655 profecto
2294 5588 2596 5654 speramus,
2631 5586 2910 5650 Sperantes
2942 5584 3123 5636 autem
3151 5592 3418 5635 amamus.
3446 5572 3602 5636 Unde

2092 5715 2119 5756 ἀ
2152 5715 2329 5793 Erl-it”
2353 5712 2568 5793 aliquis.

2100 5798 2123 5826 θ
2151 5778 2319 5853 ﬁdit,
2343 5778 2637 5857 fructuum.
