4104 6340
588 339 722 415 usi
1421 349 1476 403 s.
1516 345 1872 403 rascuasu
1907 342 2253 403 mnsam:
2283 345 2574 402 ABBATIS
2611 341 3056 402 COBBEIENSIS
3721 343 3862 399 uss

586 471 721 528 ﬁdes
768 464 1052 523 invisibilia
1095 462 1525 533 comprehendit,
1552 461 1722 516 Deum
1761 460 1971 516 scilicet
1997 473 2159 530 supra
2185 460 2241 522 Α
2263 457 2526 524 baberent
2553 457 2914 523 harmoniam,
2943 464 3000 511 et
3017 455 3200 513 omnia
3249 463 3359 512 tam
3387 459 3744 514 concorditer
3785 463 3858 516 ad

585 559 790 624 omnia,
823 567 878 612 et
901 557 1046 612 circa
1079 554 1284 620 omnia,
1313 563 1476 624 atque
1520 552 1665 608 intra
1715 553 1919 617 omnia,
1962 550 2161 622 ubique

589 660 762 706 totum
791 659 847 704 et
873 647 1283 717 sempiternum.
1321 646 1638 702 Creaturam
1666 658 1799 700 vero
1835 657 2050 699 omnem
2091 643 2162 699 ab

587 743 704 812 ipso
727 749 948 796 auctore
973 738 1085 794 Deo
1105 738 1407 803 conditam;
1437 751 1598 806 quam
1625 750 1756 792 sane
1785 744 2090 791 creaturam
2129 751 2162 791 a

587 832 844 888 Creatore
871 817 1194 896 seCernens,
1237 829 1412 884 solum
1448 829 1614 884 Deum
1649 836 1874 898 propter
1925 827 2163 898 seipsum

587 925 780 990 credit,
832 931 1036 993 sperat,
1090 931 1252 992 atque
1297 929 1462 976 amat.
1513 920 1582 974 Et
1627 919 1742 975 haec
1791 928 1896 985 est,
1939 927 2000 973 ut
2027 919 2160 984 dixi,

586 1015 909 1071 Christianae
938 1029 1139 1068 normae
1163 1013 1316 1077 ﬁdes,
1347 1027 1467 1082 quae
1511 1011 1806 1066 secundum
1845 1009 2162 1080 Apostolum

583 1123 684 1179 per
705 1106 1048 1161 dilectionem
1077 1117 1331 1175 operatur
1363 1123 1377 1157 :
1411 1103 1648 1175 alioquin
1687 1103 1793 1158 nisi
1828 1103 2018 1159 credas
2043 1102 2161 1172 pri-

585 1215 758 1266 mum,
783 1215 884 1255 nec
899 1199 1208 1269 babesquid
1231 1213 1436 1268 speres,
1458 1197 1545 1252 vel
1563 1197 1691 1268 quid
1712 1211 1881 1262 ames,
1903 1196 2045 1252 sicut
2063 1211 2164 1251 nec

587 1293 719 1363 quid
738 1293 978 1358 invoces,
992 1291 1182 1348 etideo
1194 1290 1327 1346 ﬁdes
1348 1289 1642 1345 credulitas
1665 1297 1749 1344 est
1771 1289 1824 1342 in
1846 1288 2036 1354 Deum,
2052 1289 2163 1343 imo

587 1384 912 1448 substantia,
941 1397 1100 1452 quam
1123 1396 1343 1452 sperare
1370 1387 1426 1436 et
1446 1395 1632 1435 amare
1652 1387 1872 1450 propter
1901 1378 2159 1449 seipsum,

539 1495 541 1498 ‘
587 1477 712 1546 quia
745 1490 1011 1530 summum
1039 1475 1240 1529 bonum
1269 1481 1372 1538 est,
1399 1479 1630 1546 oportet.
1651 1471 1811 1526 Fides
1839 1479 1941 1536 est,
1965 1470 2159 1540 inquit,

585 1567 972 1636 sperandorum
1001 1566 1340 1631 substantia;
1397 1565 1522 1634 quia
1547 1562 1788 1634 profecto
1831 1571 2031 1633 quanta
2077 1570 2164 1620 est

585 1660 718 1716 ﬁdes
749 1660 802 1714 in
829 1659 1005 1724 nobis,
1035 1673 1156 1728 quae
1197 1673 1297 1728 per
1325 1656 1666 1712 dilectionem
1697 1663 1974 1726 operatur,
2010 1663 2162 1710 tanta

582 1758 636 1802 et
677 1765 799 1819 spes
827 1765 949 1804 esse
977 1749 1154 1804 debet.
1179 1747 1294 1802 Nisi
1318 1759 1344 1788 ει
1373 1747 1515 1802 ultra
1564 1762 1865 1818 speremus,
1895 1756 1989 1802 aut
2014 1747 2160 1803 aliud

2261 549 2522 604 unitatem
2548 548 2848 605 tenderent.
2871 547 2931 603 In
2952 547 3100 604 nullo
3122 549 3270 605 enim
3281 549 3574 616 dissident,
3598 567 3668 606 ne
3690 568 3860 609 unum

2262 637 2520 696 efﬁciant.
2551 639 2702 707 Quae,
2731 639 2779 696 si
2808 649 2994 696 essent
3030 640 3106 696 dii
3131 640 3306 708 multi,
3346 651 3409 697 ut
3442 643 3730 715 gentilitas
3761 647 3860 702 de-

2263 729 2378 785 lusa
2398 731 2679 796 mentitur,
2707 739 2813 786 tam
2841 731 3116 787 contraria
3142 747 3324 788 rerum
3350 733 3649 801 elementa,
3681 747 3740 792 et
3767 754 3863 792 na-

2263 831 2504 877 turarum
2530 823 2980 895 negotiorumque
3004 824 3290 882 diversitas
3312 825 3443 882 olim
3463 829 3672 884 saeculo
3695 829 3862 886 ﬁnem

2263 913 2581 984 imponeret,
2638 916 2944 986 praesertim
2975 932 3099 972 cum
3153 927 3208 972 et
3239 918 3342 989 ipsi
3377 919 3520 974 inter
3546 935 3630 986 se,
3669 931 3735 976 ut
3764 923 3862 992 ipsi

2263 1003 2498 1076 ﬁngunt,
2530 1005 2730 1062 diversi
2759 1006 3022 1074 moribus,
3056 1014 3112 1062 et
3144 1008 3387 1078 potentia
3418 1011 3689 1065 contrarii
3719 1025 3860 1081 pra-

2263 1097 2530 1152 dicantur.
2551 1095 2705 1152 Nunc
2726 1106 2906 1154 autem
2921 1099 3049 1154 dum
3076 1100 3238 1156 simul
3259 1101 3442 1156 omnia
3461 1103 3678 1169 mundi,
3698 1119 3864 1160 unam

2263 1184 2494 1241 hominis
2547 1187 2764 1257 pariunt
2811 1188 3129 1256 utilitatem,
3161 1199 3218 1245 et
3256 1191 3544 1263 multiplex
3576 1209 3770 1250 rerum
3799 1211 3864 1252 ac

2264 1287 2568 1348 temporum
2593 1281 2849 1347 varietas,
2881 1297 3046 1336 unam
3075 1281 3241 1338 eﬁicit
3285 1284 3506 1356 ubique,
3544 1287 3682 1342 etin
3713 1290 3863 1343 omni

2263 1380 2507 1442 tempore
2534 1371 2714 1428 saeculi
2743 1376 3175 1441 consonantiam,
3207 1387 3264 1434 et
3307 1377 3519 1435 fructus
3571 1381 3704 1437 vita
3756 1383 3861 1436 bu-

2263 1477 2436 1518 manae
2464 1463 2672 1535 singula
2712 1465 2956 1521 tribuunt
2983 1466 3288 1524 ubertatem
3314 1483 3329 1522 :
3363 1479 3521 1541 patet
3535 1474 3692 1544 quod
3721 1491 3863 1530 unus

2264 1555 2334 1611 sit
2357 1553 2726 1625 Omnipotens,
2743 1557 2811 1611 ad
2831 1557 2986 1628 cujus
2997 1559 3332 1616 voluntatem
3351 1561 3469 1619 haec
3484 1565 3674 1620 omnia
3703 1566 3860 1630 ﬁunt,

2262 1655 2318 1702 et
2358 1648 2414 1702 in
2469 1646 2622 1717 cujus
2669 1648 2937 1718 sapientia
2977 1661 3376 1722 praeparantur,
3423 1669 3494 1710 ne
3521 1655 3598 1710 ab
3624 1657 3859 1713 invicem

2261 1736 2630 1808 prolabantur,
2664 1739 2761 1794 sed
2805 1739 2964 1794 simul
2993 1742 3175 1796 omnia
3219 1744 3407 1800 usibus
3434 1747 3568 1802 vitae
3601 1749 3860 1806 humana:

581 1844 700 1897 sine
727 1843 1026 1898 substantia
1076 1843 1189 1912 spei
1240 1855 1460 1913 sperare
1505 1842 1786 1896 videamur
1811 1851 1904 1896 aut
1948 1857 2154 1898 amare.
2185 1825 2236 1886 Β
2261 1830 2603 1888 concorditer
2623 1831 2883 1887 ὃθΐνῖθηῐ·
2914 1831 3044 1899 Ωιιαέ
3067 1835 3318 1904 αυλωνίε
3336 1835 3573 1894 νίείῧίιίε
3603 1841 3742 1906 δίων
3777 1852 3859 1896 ιε-

583 1933 678 1990 Sic
706 1936 886 2003 itaque
918 1943 975 1989 et
1003 1935 1057 1989 in
1086 1935 1334 1990 oratione
1363 1933 1497 1989 ﬁdes
1516 1933 1709 2000 credit,
1753 1949 1876 2004 spes
1903 1943 1959 1990 et
1985 1935 2163 1990 chari-

585 2038 669 2084 tas
693 2037 883 2094 orant;
924 2029 1018 2082 sed
1046 2029 1170 2097 quia
1208 2027 1325 2082 sine
1370 2026 1475 2081 ﬁde
1505 2026 1620 2082 fore
1669 2034 1968 2097 nequeunt,
1997 2029 2163 2084 etiam

583 2128 640 2174 et
669 2119 802 2174 ﬁdes
830 2127 971 2174 orat.
1017 2117 1166 2172 Alias
1217 2126 1397 2172 autem
1441 2132 1619 2184 orare,
1651 2117 1736 2172 vel
1765 2118 2036 2184 invocare,
2079 2117 2165 2174 vel

583 2227 822 2283 sperare,
839 2211 923 2266 vel
945 2225 1129 2266 amare
1149 2209 1496 2265 invisibilium
1519 2224 1626 2264 non
1647 2223 1932 2278 possumus
1952 2224 2158 2277 eorum,

582 2301 638 2356 in
692 2314 814 2372 quze
857 2317 965 2357 non
988 2300 1289 2366 credimus;
1322 2308 1378 2355 et
1401 2299 1522 2355 ideo
1569 2297 1904 2370 imploranda
1933 2309 2016 2355 est
2041 2317 2162 2356 ma-

581 2405 685 2462 gna
717 2389 872 2455 ﬁdes,
895 2390 924 2430 b
950 2397 1009 2444 ut
1035 2389 1106 2444 sit
1129 2397 1182 2444 et
1207 2403 1398 2460 magna
1423 2402 1548 2460 spes
1569 2397 1730 2459 atque
1750 2390 2008 2446 cliaritas.
2033 2390 2164 2458 Quae

581 2483 707 2538 licet
745 2483 920 2540 tribus
946 2491 1246 2549 moveatur,
1278 2491 1336 2537 ut
1369 2482 1568 2554 protuli
1599 2493 1645 2549 ο,
1678 2483 2028 2553 temporibus,
2069 2501 2166 2541 ex-

583 2583 667 2628 tra
691 2589 852 2630 onme
870 2583 1081 2644 tempus
1105 2574 1275 2628 Deum
1313 2573 1705 2644 sempiternum
1735 2574 2029 2631 conﬁtetur
2053 2576 2174 2632 Pa-~

583 2672 741 2728 trem,
771 2673 828 2720 et
851 2665 1070 2731 Filium,
1099 2672 1260 2735 atque
1291 2663 1551 2735 Spiritum
1573 2673 1840 2721 sanctum.
1889 2665 2008 2738 Ipsa
2035 2683 2166 2727 vero

581 2755 704 2814 ideo
739 2757 824 2812 bis
868 2757 1104 2813 afﬁcitur
1132 2756 1486 2828 temporibus,
1509 2757 1766 2828 quoniam
1791 2759 1892 2814 sub
1915 2769 2162 2832 tempore

581 2851 779 2919 agitur,
813 2858 874 2905 ut
895 2851 961 2905 ad
985 2864 1048 2906 ea
1097 2851 1270 2908 ﬁdelis
1294 2851 1522 2921 quisque
1545 2851 1844 2923 pertingat,
1869 2869 1990 2924 qua:
2020 2871 2168 2912 sem-

581 2957 680 3012 per
725 2941 916 2996 eadem
954 2949 1081 2996 sunt
1125 2949 1180 2996 et
1207 2941 1554 3010 sempiterna.
1609 2940 1728 2998 Non
1767 2943 1895 3012 quia
1924 2945 1980 2999 in
2002 2959 2167 3015 quem

584 3037 758 3092 credit
781 3036 914 3092 ﬁdes
933 3036 1004 3092 sit
1034 3037 1134 3092 sub
1156 3045 1430 3106 tempore;
1456 3035 1554 3092 sed
1583 3037 1708 3107 quia
1732 3052 1852 3107 quae
1885 3039 1954 3094 ab
1977 3052 2044 3095 eo
2073 3048 2169 3096 aut

2261 1937 2386 1978 men
2407 1921 2750 1979 invisibiliter
2771 1923 2918 1980 intus
2941 1934 3229 1981 moventur
3241 1925 3311 1981 ab
3334 1927 3605 1988 invisibili
3632 1931 3774 1999 Deo,
3802 1945 3863 1990 ut

2261 2029 2417 2070 mens
2443 2029 2538 2085 per
2569 2014 2624 2070 id
2651 2013 2721 2068 ad
2747 2029 2873 2070 eum
2899 2017 3104 2080 redeat,
3140 2032 3172 2070 a
3200 2033 3307 2088 quo
3337 2019 3465 2074 talia
3479 2030 3537 2078 et
3564 2031 3722 2078 tanta
3744 2027 3860 2080 sine

2262 2105 2465 2161 nostris
2479 2104 2615 2160 ﬁunt
2641 2106 2970 2175 aspectibus.
2999 2105 3152 2163 Unde
3176 2123 3275 2178 per
3297 2108 3458 2165 ﬁdem
3481 2113 3856 2184 ambulamus,

2262 2204 2444 2252 etnon
2471 2209 2570 2266 per
2598 2195 2852 2264 speciem,
2903 2198 3160 2266 quoniam
3201 2212 3268 2253 ea
3309 2214 3430 2270 qua
3453 2216 3566 2256 non
3595 2203 3858 2260 videntur

2263 2286 2370 2342 ﬁde
2389 2285 2718 2358 quaerimus:
2745 2299 2809 2340 ea
2830 2301 2959 2341 vero
2987 2303 3107 2358 quae
3126 2287 3394 2356 videntur,
3422 2305 3525 2346 nec
3551 2295 3855 2364 credimus,

2263 2392 2364 2434 nec
2386 2391 2688 2448 speramus,
2711 2375 2952 2446 profecto
2973 2379 3098 2448 quia
3122 2394 3191 2435 ex
3216 2381 3358 2436 dono
3377 2380 3472 2436 Dei
3493 2382 3585 2447 his
3607 2385 3852 2442 utimur:

2264 2470 2360 2524 sed
2387 2468 2697 2540 largitorem
2726 2467 2900 2524 adhuc
2926 2471 3261 2541 suspirantes
3284 2473 3637 2546 requirimus,
3665 2488 3727 2533 ut
3763 2482 3856 2552 qui

2267 2570 2416 2617 tanta
2437 2562 2604 2627 dedit,
2646 2576 2768 2633 quas
2814 2561 3085 2629 videntur,
3118 2565 3393 2636 'seipsum,
3422 2581 3588 2638 quem
3618 2573 3856 2630 necdum

2264 2654 2518 2722 vidimus,
2544 2652 2840 2710 clementer
2870 2654 3142 2726 _ostendat
3194 2657 3332 2724 suis,
3361 2666 3422 2713 ut
3449 2658 3699 2715 suﬁiciat
3753 2679 3853 2719 no-

2265 2745 2368 2804 bis.

2870 2815 3099 2875 CAPUT
3133 2816 3232 2875 XV

2482 2922 2563 2977 De
2587 2923 2724 2977 dono
2748 2923 2958 2990 gratiae,
3000 2931 3048 2977 et
3071 2925 3454 2994 perseverantia
3481 2928 3632 2997 ﬁdes.

2339 3039 2392 3094 1.
2417 3036 2585 3093 Nemo
2607 3037 3213 3110 igiturChristianorum
3237 3020 3332 3096 aut
3350 3043 3562 3099 initium
3588 3044 3742 3114 ﬁdei,
3764 3063 3854 3106 aut

582 3131 821 3194 fuemunt,
861 3136 954 3184 aut
978 3138 1146 3196 sunt,
1175 3136 1268 3183 aut
1285 3126 1465 3184 futura
1503 3136 1648 3194 sunt,
1681 3129 1905 3186 omnino
1946 3139 2072 3186 sunt
2111 3131 2164 3186 in
2197 3184 2236 3201 ﬂ
2268 3127 2657 3200 perfectionem
2689 3145 2749 3186 se
2777 3129 2979 3187 habere
3018 3131 3328 3201 existimet;
3375 3135 3471 3191 sed
3517 3137 3725 3194 donum
3759 3140 3856 3197 Dei

586 3233 847 3294 tempore,
871 3222 1042 3276 donec
1060 3227 1351 3276 evacuetur
1375 3228 1430 3276 et
1449 3219 1564 3290 ipsa
1581 3219 1737 3286 ﬁdes,
1769 3235 1890 3291 quae
1909 3221 2013 3293 piis
2035 3238 2165 3292 ope-
2192 3219 2236 3247 υ
2268 3235 2388 3278 esse
2411 3219 2568 3276 ﬁdem
2603 3235 2710 3292 quo
2737 3229 2934 3277 caetera
2963 3222 3234 3279 donentur
3264 3225 3405 3281 dona
3429 3229 3740 3286 certissime
3774 3233 3857 3288 in-

584 3316 736 3371 ribus
785 3329 928 3369 nunc
965 3312 1199 3369 credita
1250 3311 1476 3368 Domino
1524 3327 1645 3382 quae
1687 3321 1967 3384 geruntur.
2012 3312 2168 3369 Unde
2267 3311 2757 3384 telligat.Alioquin
2777 3314 2894 3384 quis
2915 3314 3060 3384 prior
3077 3315 3221 3370 dedit
3242 3317 3375 3383 ei,et
3395 3319 3706 3374 remouetur
3729 3322 3856 3378 illi!

587 3405 832 3476 quisquis
856 3419 935 3468 es,
961 3403 1008 3459 si
1034 3403 1263 3458 necdum
1290 3418 1352 3457 ea
1391 3417 1510 3473 quae
1533 3417 1640 3458 non
1663 3403 1914 3458 videntur
1941 3404 2167 3460 idoneus
2267 3404 2444 3477 (Rom.
2477 3421 2576 3472 xu,
2603 3403 2719 3477 55.)
2749 3405 2890 3478 Ergo
2918 3385 3170 3479 quoniam
3193 3422 3261 3464 ex
3285 3409 3427 3482 ipso,
3452 3421 3508 3466 et
3530 3427 3630 3483 per
3650 3413 3848 3485 ipsum,

587 3513 646 3552 es
666 3497 906 3561 credere,
941 3495 1136 3550 saltem
1162 3494 1415 3565 operibus
1438 3495 1635 3561 crede;
1676 3497 1930 3566 quoniam
1953 3499 2020 3552 ab
2051 3500 2168 3570 0pi-
2268 3506 2321 3553 et
2363 3498 2417 3552 in
2466 3498 2582 3568 ipso
2625 3505 2750 3553 sunt
2776 3499 2980 3566 omnia,
3025 3500 3147 3557 ideo
3169 3501 3381 3558 initium
3411 3502 3535 3560 ﬁdei
3556 3515 3762 3563 nostra
3785 3510 3851 3564 ab

585 3594 688 3647 ﬁcc
711 3592 913 3646 idcirco
937 3589 1281 3656 invisibiliter
1307 3589 1474 3644 verbo
1499 3589 1715 3644 virtutis
1741 3590 1971 3646 visibilia
2010 3592 2166 3660 ﬁunt,
2267 3590 2406 3660 ipso,
2437 3602 2631 3659 neque,
2663 3598 2724 3645 ut
2766 3589 2987 3661 quidam
3010 3592 3216 3658 volunt,
3246 3593 3350 3652 hoc
3376 3606 3629 3670 excepto,
3657 3610 3849 3658 cetera

589 3693 649 3739 ut
671 3699 734 3738 ex
764 3682 851 3738 his
879 3681 1168 3737 invisibilia
1193 3680 1649 3751 comprehendas;
1695 3689 2003 3736 acreatura
2049 3691 2168 3738 ete-
2267 3696 2366 3753 per
2385 3681 2590 3753 ipsum;
2617 3681 2795 3738 sedex
2813 3683 3048 3753 ipsoﬁde
3073 3686 3373 3756 initiantur,
3424 3699 3479 3746 et
3523 3706 3624 3762 per
3675 3694 3848 3764 ipsum

591 3776 703 3831 nim
729 3776 916 3831 mundi
943 3790 1038 3846 per
1067 3790 1128 3830 ea
1171 3789 1292 3844 quae
1310 3773 1451 3830 facta
1482 3783 1609 3829 sunt
1633 3773 1910 3830 intellecta
1957 3776 2171 3846 conspi-
2269 3781 2616 3846 augmentum
2634 3776 2918 3842 sumimus,
2941 3786 3002 3832 ut
3028 3777 3084 3834 in
3102 3778 3206 3835 ﬁde
3225 3794 3555 3850 crescamus,
3581 3785 3716 3842 etin
3739 3788 3852 3858 ipso

586 3871 836 3936 ciuntur;
877 3869 946 3926 ab
984 3870 1344 3926 invisibilibus
1366 3887 1496 3941 ergo
1529 3871 1763 3926 visibilia
1809 3883 2090 3945 reguntur,
2115 3880 2172 3928 et
2269 3868 2468 3923 donum
2491 3870 2909 3938 perseverantia?
2936 3871 3220 3938 sumimus.
3251 3882 3311 3928 ιιι
3338 3874 3392 3929 in
3417 3890 3525 3932 una
3554 3879 3854 3952 eademque

588 3963 712 4018 ideo
751 3963 930 4032 potius
968 3977 1182 4033 semper
1219 3962 1509 4018 invisibilia
1564 3971 1690 4018 sunt
1717 3963 1820 4018 ﬁde
1860 3965 2168 4034 quaerenda,
2269 3975 2706 4030 permaneamus.
2733 3961 2887 4019 Unde
2907 3962 3198 4034 Apostolus
3240 3983 3252 4021 :
3312 3964 3491 4034 Vobis,
3521 3969 3722 4040 inquit,
3755 3974 3849 4026 do-

588 4052 814 4122 quaesita
834 4067 964 4108 vero
993 4053 1244 4118 amanda,
1266 4062 1322 4108 et
1348 4054 1437 4123 pio
1460 4069 1643 4109 amore
1666 4054 1781 4110 sine
1804 4055 1910 4110 ﬁne
1921 4054 2166 4110 fruenda.
2271 4062 2453 4107 natum
2474 4063 2568 4117 est,
2594 4070 2699 4108 non
2721 4054 2890 4110 solum
2913 4065 2969 4109 ut
2995 4056 3220 4112 credatis
3250 4058 3305 4113 in
3322 4075 3478 4128 eum;
3498 4072 3678 4118 02mm
3698 4066 3851 4121 etiam

591 4142 848 4198 Novimus
875 4145 1017 4198 enim
1059 4159 1156 4214 pro
1200 4152 1372 4210 certo,
1401 4145 1545 4216 quod
1586 4145 1696 4202 ista
1743 4161 1866 4218 quae
1895 4147 2167 4215 videntur,
2272 4147 2330 4200 ut
2351 4145 2630 4216 patiamini
2651 4165 2746 4217 pro
2774 4164 2834 4202 eo
2863 4143 3029 4219 (Phn’.
3062 4165 3101 4214 ι,
3128 4146 3241 4223 29).
3268 4149 3572 4224 Utrumque
3589 4170 3723 4228 ergo
3761 4157 3852 4212 Dei

593 4251 699 4302 non
731 4236 845 4306 ipsa
871 4253 928 4292 se
959 4234 1171 4302 ﬁunt-1;
1214 4238 1309 4292 sed
1338 4244 1519 4291 tamen
1563 4237 1706 4292 facta
1747 4250 1873 4293 sunt
1897 4247 1952 4293 et
1981 4239 2170 4294 viden-
2273 4235 2472 4290 donum
2499 4237 2757 4302 insinuat,
2779 4237 2992 4294 initium
3015 4247 3178 4310 atque
3205 4240 3389 4308 ﬁnem,
3416 4257 3487 4298 ne
3525 4244 3572 4300 si
3595 4260 3670 4302 ex
3703 4247 3853 4302 nobis

591 4338 679 4385 tur
703 4348 716 4384 :
741 4344 847 4385 non
877 4329 1147 4398 quomodo
1175 4327 1334 4394 ﬁunt,
1360 4328 1456 4384 sed
1500 4329 1625 4398 quia
1660 4329 1880 4386 omnino
1907 4329 2170 4394 existunt,
2273 4326 2483 4381 initium
2511 4325 2811 4384 dixerimus
2840 4345 2938 4385 nos
2961 4330 3188 4398 habere,
3224 4333 3337 4403 jam
3362 4333 3762 4394 incrementum
3790 4339 3850 4393 ﬁ-

588 4428 644 4475 et
673 4419 814 4475 l'acta
840 4427 984 4474 sunt.
1026 4417 1320 4489 Propterea
1346 4417 1613 4474 credenda
1661 4424 1745 4473 est
1779 4417 2017 4488 potentia
2043 4417 2171 4472 Dci-
2274 4418 2360 4473 dei
2387 4433 2596 4474 merces
2623 4419 2695 4474 sit
2725 4419 2867 4475 initii
2908 4422 3105 4488 nostri,
3128 4432 3186 4479 et
3209 4440 3317 4480 non
3357 4427 3531 4497 gratia
3557 4427 3847 4500 largitoris.

588 4514 737 4579 tatis,
764 4522 818 4570 et
852 4513 1116 4584 sapientia
1137 4519 1299 4583 atque
1329 4511 1595 4577 voluntas,
1625 4509 1879 4595 quoniam
1909 4509 2170 4580 quidquid
2200 4546 2248 4608 υ
2274 4507 2406 4576 Quis
2437 4509 2582 4565 enim
2633 4525 2741 4566 non
2777 4511 2976 4578 videat,
3021 4513 3165 4582 quod
3189 4515 3340 4586 prius
3363 4516 3436 4571 sit
3453 4518 3726 4589 cogitare,
3747 4529 3850 4574 tum

587 4608 757 4663 voluit
787 4616 882 4662 aut
923 4607 1117 4677 potuit,
1169 4605 1225 4660 in
1267 4620 1363 4660 sua
1404 4604 1667 4675 sapientia
1712 4601 1837 4669 fuit,
1864 4600 1934 4658 ob
1959 4600 2012 4656 id
2035 4601 2170 4657 nihil
2202 4599 2238 4608 “’
2277 4600 2493 4656 demum
2514 4600 2772 4658 credere?
2800 4599 3069 4668 Quoniam
3095 4603 3274 4660 nullus
3299 4606 3473 4662 credit
3492 4607 3728 4680 aliquid,
3755 4610 3850 4666 nisi

586 4698 1011 4770 reprehensibile
1059 4695 1219 4762 fecit;
1291 4711 1421 4766 ergo
1482 4705 1543 4750 ut
1597 4693 1784 4750 habuit
1835 4708 1943 4749 non
1995 4690 2170 4761 majus
2276 4691 2429 4763 prius
2451 4691 2793 4762 cogitaverit,
2815 4691 2947 4748 illud
2979 4693 3304 4750 credendum
3331 4707 3445 4764 eSt;
3468 4700 3726 4768 quamvis
3746 4716 3853 4756 cre-

585 4807 764 4864 posse,
815 4805 980 4862 quam
1029 4787 1186 4854 velle,
1233 4801 1408 4858 neque
1452 4786 1630 4856 ipsum
1669 4783 1806 4840 velle
1861 4783 1983 4854 plus
2004 4796 2169 4853 quam
2276 4781 2406 4838 dere
2435 4781 2570 4836 nihil
2591 4781 2738 4838 aliud
2783 4782 2874 4848 sit,
2898 4797 3062 4852 quam
3091 4798 3215 4839 cum
3255 4799 3478 4842 assensu
3518 4790 3852 4846 auctoritatis

584 4899 762 4956 posse,
807 4882 881 4938 ita
911 4896 1012 4937 nec
1054 4880 1192 4936 velle
1230 4889 1323 4934 aut
1363 4893 1523 4949 posse
1549 4876 1724 4948 majus
1749 4891 1911 4946 quam
1956 4888 2164 4945 sapere.
2276 4887 2341 4929 ea
2369 4887 2488 4942 qua:
2511 4885 2619 4927 non
2646 4871 2918 4939 videntur,
2941 4882 2998 4929 et
3015 4873 3129 4944 ipse
3167 4874 3370 4941 docuit,
3397 4876 3517 4933 sine
3539 4888 3852 4949 percuncta-

585 4976 724 5032 Hinc
770 4975 936 5047 igitur
979 4976 1035 5030 in
1067 4973 1184 5042 ejus
1226 4973 1502 5028 voluntate
1527 4970 1780 5026 universa
1809 4978 1934 5024 sunt
1971 4967 2166 5038 posita,
2277 4966 2424 5021 tione
2448 4965 2650 5022 certius
2680 4965 2920 5038 cogitare
2945 4983 2959 5020 :
2983 4965 3051 5022 Et
3080 4966 3125 5022 si
3155 4983 3264 5022 non
3284 4969 3506 5026 omnino
3544 4981 3570 5010 0
3603 4987 3854 5042 quacun-

587 5069 740 5139 cujus
759 5074 1080 5139 potestatem
1102 5065 1233 5120 nihil
1252 5063 1498 5128 excedit;
1525 5063 1619 5118 sed
1638 5061 1878 5132 potentia
1899 5076 2004 5130 qua
2025 5059 2169 5116 facta
2270 5072 2377 5128 que
2401 5058 2624 5130 cogitat,
2671 5057 2861 5126 credit,
2908 5066 3088 5116 tamen
3131 5074 3456 5132 quocunque
3493 5064 3695 5129 credit,
3747 5078 3853 5120 cre-

586 5168 734 5224 sunt,
763 5159 1131 5222 continentur,
1165 5157 1388 5228 ejusque
1433 5154 1719 5224 sapientia,
1766 5153 1820 5208 in
1872 5167 1977 5223 qua
2028 5151 2168 5208 facta
2269 5151 2448 5207 dendo
2469 5150 2694 5221 cogitat,
2725 5159 2779 5206 et
2801 5150 3090 5222 cogitando
3114 5153 3288 5210 credit
3307 5168 3393 5220 ea,
3421 5169 3545 5224 qua:
3581 5157 3853 5225 pertinent

588 5259 738 5317 sunt,
768 5257 1058 5320 reguntur;
1091 5263 1210 5318 quae
1259 5245 1421 5302 simul
1469 5244 1650 5298 omnia
1673 5258 1838 5298 unum
1869 5244 2036 5297 Deum
2075 5243 2170 5298 de-
2271 5243 2340 5299 ad
2385 5242 2703 5313 religionem
2738 5242 3016 5300 catholicae
3056 5243 3204 5310 ﬁdei,
3252 5245 3336 5300 vel
3387 5245 3670 5316 pietatem.
3725 5247 3852 5304 Hinc

587 5341 829 5406 clarant;
873 5339 1129 5410 quoniam
1161 5353 1226 5392 ex
1256 5335 1485 5392 diversis
1511 5341 1565 5388 et
1593 5333 1878 5388 contrariis
1921 5347 2061 5387 unus
2088 5340 2173 5388 est
2271 5349 2489 5407 quoque
2512 5333 2840 5404 Apostolus:
2867 5332 2992 5389 Non
3013 5336 3174 5390 simus
3188 5336 3362 5392 idonei
3381 5336 3614 5407 cogitare
3629 5337 3851 5408 aliquid,

588 5429 856 5487 mundus:
887 5430 980 5500 qui
1027 5427 1132 5483 nisi
1159 5434 1306 5484 esset
1332 5441 1494 5491 unus,
1522 5422 1674 5492 cujus
1700 5422 1926 5478 arbitrio
1963 5423 2163 5494 regitur

2275 5427 2429 5500 quasi
2441 5444 2522 5482 ex
2543 5427 2962 5498 nobismetipsis;
2988 5427 3078 5484 sed
3107 5428 3425 5497 sufﬁcientia
3452 5439 3634 5484 nostra
3661 5448 3730 5486 ea:
3749 5430 3851 5487 Deo

587 5530 644 5577 et
673 5520 935 5592 potentia,
966 5532 1243 5588 nunquam
1271 5524 1382 5572 tam
1404 5516 1619 5572 diversa
1631 5522 1688 5570 et
1706 5512 1979 5569 contraria
2002 5528 2168 5568 uuam
2274 5528 2348 5574 est
2377 5517 2465 5592 (II
2495 5517 2619 5573 Cor.
2645 5533 2727 5585 ιιι,
2756 5517 2835 5589 5).
2861 5515 3014 5585 Quod
3051 5517 3097 5574 si
3124 5519 3357 5588 cogitare
3383 5535 3491 5575 non
3523 5535 3717 5578 sumus
3739 5521 3852 5578 ido-

659 5663 691 5759 ἱ
713 5651 904 5789 {id
925 5666 1262 5789 desideratur
1285 5729 1340 5773 ut
1365 5719 1433 5773 sit
1453 5728 1502 5774 et
1531 5733 1725 5789 magna
1747 5732 1862 5787 spes
1886 5725 2062 5787 atque.

663 5798 688 5827 0
721 5786 888 5850 Edit.,
909 5787 1138 5855 prwtult'.
1561 5799 1565 5803 '
1624 5786 1630 5801 τ

2343 5649 2373 5690 ἀ
2397 5647 2564 5720 Edit.,
2595 5648 2818 5720 faciunt.

2352 5731 2378 5760 0
2404 5719 2570 5785 Edit.,
2590 5719 2758 5774 omnis
2783 5734 3121 5790 quacunque.
