4148 6344
307 390 445 448 M35
1231 381 1320 436 DE
1357 379 1534 448 FIDE,
1575 376 1703 435 SPE
1740 375 1829 432 ET
1865 374 1902 430 C

2008 373 2278 430 unus.
2315 405 2385 416 η-
2422 373 2548 432 LIB.
2587 376 2623 433 ι.
3428 373 3572 448 ttat

311 506 399 563 nei
415 546 432 572 ,
459 503 664 574 quanto
701 500 874 570 magis
914 513 1014 555 nec
1033 498 1274 554 credere.
1298 499 1498 554 Verum
1523 497 1689 568 igitur
1735 493 1886 550 sufﬁ-
1913 497 1965 557 Α
1991 507 2116 548 nem
2137 507 2309 564 usque
2325 502 2591 550 servetur.
2614 494 2768 562 Quod
2795 491 3066 563 sialiquid
3094 491 3352 546 virtutum
3377 489 3562 547 defue-

310 597 509 654 cientia
555 601 760 658 nostra,
803 606 911 662 qua
935 591 1161 648 credere
1189 591 1499 660 incipimus,
1543 605 1610 644 ex
1640 589 1751 644 Deo
1780 596 1884 644 est.
1927 610 1930 613 ·
1993 585 2100 652 rit;
2137 585 2380 641 edocetll
2424 584 2699 655 apostolus
2733 583 2988 650 Jacobus,
3018 581 3289 655 quomodo
3313 583 3569 651 impetre—

310 691 382 747 Et
405 688 547 746 sicut
567 701 728 744 nemo
747 684 849 741 sibi
869 682 1088 750 sufﬁcit,
1107 695 1167 738 ut
1197 683 1437 752 incipiat,
1462 682 1540 738 ita
1575 697 1677 738 nec
1718 680 1892 753 quod-
1991 690 2134 731 mus.
2165 672 2225 730 Si
2253 677 2389 748 quis,
2410 673 2603 745 inquit,
2625 674 2823 745 indiget
2842 674 3120 746 sapientia,
3142 671 3365 746 postulet
3385 671 3569 741 aDeo,

311 791 527 850 cunque
551 792 688 849 opus
709 777 910 832 bonum
932 789 999 831 ex
1029 790 1088 832 se
1114 774 1279 831 habet
1299 783 1361 830 ut
1386 775 1662 845 perﬁciat;
1688 773 1784 831 sed
1804 774 1892 829 in-
1991 765 2083 840 qui
2108 768 2200 822 dat
2227 767 2467 823 omnibus
2494 767 2793 838 afﬂuenter,
2824 778 2871 822 et
2905 783 3012 822 non
3039 768 3377 839 improperat,
3397 775 3446 822 et
3471 767 3569 822 da-

313 873 548 946 cipiendi
579 881 633 927 et
674 868 1053 942 perseverandi
1095 867 1418 924 sufﬁcientia
1443 876 1631 924 nostra
1667 883 1735 924 ex
1782 867 1895 923 Deo

315 979 420 1026 est.
455 965 658 1023 Verum
699 965 1055 1036 quodcunque
1099 962 1350 1033 promisit
1377 963 1541 1029 Deus,
1584 971 1779 1034 potens
1809 971 1896 1018 est

315 1070 374 1120 et
399 1063 599 1120 facere.
627 1056 884 1114 Promisit
903 1071 1031 1128 ergo
1052 1055 1214 1111 ﬁdem
1251 1056 1489 1128 gentium
1516 1055 1768 1121 Abrahae,
1788 1069 1895 1127 qua

317 1151 434 1224 ejus
450 1150 692 1208 haeredes
718 1155 901 1205 essent
923 1165 950 1202 ε.
969 1162 1128 1218 quam
1161 1161 1290 1202 sane
1323 1145 1482 1201 ﬁdem
1527 1145 1776 1217 gentibus
1802 1161 1899 1217 po-

318 1253 498 1300 tenter
535 1241 732 1306 eﬁ’ecit,
771 1247 832 1294 ut
859 1254 968 1294 non
1012 1252 1082 1293 ex
1124 1237 1379 1308 operibus
1427 1235 1694 1308 glorietur
1719 1236 1897 1292 omnis

317 1352 448 1394 caro
468 1349 494 1379 α
518 1350 702 1393 coram
726 1333 846 1400 illo;
867 1332 961 1388 sed
991 1347 1058 1386 ex
1083 1330 1273 1403 gratia,
1305 1345 1424 1401 qua:
1455 1337 1539 1384 est
1578 1329 1632 1383 in
1679 1327 1898 1384 Christo

317 1430 466 1495 Jesu,
516 1427 785 1491 salvetur;
819 1423 1057 1494 alioquin
1079 1421 1194 1493 jam
1221 1436 1328 1477 non
1370 1429 1456 1478 est
1483 1421 1659 1492 gratia
1688 1419 1793 1476 nisi
1827 1421 1901 1475 sit

317 1522 573 1594 gratuita.
604 1518 744 1585 Quid
769 1534 890 1588 ergo
911 1516 1087 1583 habes,
1107 1516 1246 1587 quod
1272 1532 1376 1570 non
1401 1515 1644 1586 accepisti
1687 1513 1741 1586 (Ι
1773 1513 1898 1569 Cor.

317 1630 392 1679 IV,
416 1614 506 1683 7)?
527 1620 676 1683 puta,
708 1609 870 1665 ﬁdem
894 1616 946 1664 te
972 1607 1172 1663 habere
1196 1606 1513 1677 suspicaris,
1540 1605 1694 1676 quasi
1721 1619 1789 1661 ex
1815 1612 1898 1660 te:

309 1707 422 1774 jam
448 1720 601 1776 ergo,
629 1704 674 1758 si
719 1703 793 1758 ita
833 1709 934 1766 est,
959 1699 1161 1770 aliquid
1189 1699 1375 1765 babes,
1422 1697 1565 1769 quod
1602 1713 1711 1753 non
1749 1712 1903 1753 acce-

1995 858 2137 914 bitur
2165 859 2232 914 ei.
2275 857 2514 914 Postulet
2547 868 2723 915 autem
2750 859 2806 914 in
2853 859 2958 929 ﬁde
2987 859 3120 914 nihil
3147 860 3396 916 htesitans
3421 858 3565 933 (Jac.

1996 966 2036 1017 ι,
2070 949 2216 1020 5ο6).
2249 949 2330 1006 Ex
2375 965 2482 1020 quo
2509 959 2678 1021 patet,
2733 951 2859 1006 dum
2888 951 3070 1006 omnia
3118 951 3380 1007 virtutum
3428 952 3570 1008 dona

1996 1040 2152 1098 nobis
2178 1041 2233 1096 in
2257 1039 2360 1096 ﬁde
2379 1034 2798 1112 sint'poscenda,
2821 1051 2876 1097 et
2895 1041 2966 1098 ad
2988 1056 3298 1098 mensuram
3319 1041 3445 1100 ﬁdei
3464 1043 3576 1100 dis-

1996 1133 2319 1205 pertiantur,
2369 1134 2513 1206 quod
2563 1135 2680 1205 ipsa
2705 1135 3004 1206 eademque
3030 1134 3164 1193 ﬁdes
3213 1151 3472 1208 magnum
3499 1137 3572 1193 sit

1999 1225 2095 1280 Dei
2118 1224 2341 1291 donum,
2368 1224 2497 1282 licet
2519 1226 2672 1298 prius
2693 1241 2801 1281 non
2827 1226 3137 1298 petentibus
3175 1227 3331 1283 nobis
3371 1227 3443 1283 sit
3470 1227 3574 1283 lan

1998 1316 2132 1388 gita,
2154 1316 2409 1388 quoniam
2434 1331 2594 1373 nemo
2620 1316 2737 1373 sine
2760 1317 3037 1374 voluntate
3061 1333 3158 1374 sua
3184 1324 3332 1374 recte
3358 1318 3530 1374 credit
3554 1334 3570 1383 ;

1999 1416 2056 1465 et
2082 1416 2263 1464 tamen
2289 1407 2536 1464 voluntas
2557 1409 2674 1481 ipsa
2711 1409 2964 1465 credendi
2987 1425 3020 1466 a
3049 1409 3280 1466 Domino
3302 1423 3576 1480 praepare-

2003 1507 2110 1554 tur.
2135 1498 2284 1555 Velle
2303 1499 2519 1570 quidem
2540 1508 2595 1555 et
2615 1500 2880 1571 perﬁcere
2896 1501 3065 1572 ipsius
3081 1509 3210 1557 sunt
3224 1500 3384 1567 dona,
3402 1511 3464 1555 ut
3482 1514 3576 1556 ne-

2000 1605 2092 1646 mo
2122 1591 2190 1646 de
2213 1604 2271 1646 se
2295 1589 2574 1662 glorietur,
2595 1591 2693 1647 sed
2716 1590 2772 1647 in
2793 1591 3047 1648 omnibus
3066 1591 3452 1648 misericordiae
3479 1589 3576 1646 Dei

2003 1696 2063 1738 se
2088 1682 2420 1748 committat;
2457 1682 2672 1753 quando
2702 1684 2920 1754 quidem
2966 1681 3120 1753 juxta
3145 1681 3272 1739 illud
3295 1680 3576 1754 propheti-

316 1772 475 1869 pisti;
504 1772 808 1866 prtesertim
830 1807 953 1848 cum
982 1791 1116 1846 ﬁdes
1141 1790 1423 1846 exordium
1459 1790 1699 1845 omnium
1738 1789 1902 1846 dono—

2005 1789 2127 1830 cum
2159 1774 2362 1830 David:
2391 1774 2762 1831 Misericordia
2809 1776 2923 1846 ejus
2965 1776 3243 1847 praeveniet
3286 1792 3368 1830 me
3397 1772 3577 1848 (Psal.

318 1863 438 1942 rum
469 1863 586 1952 Dei,
610 1887 731 1957 jure
760 1884 1049 1948 credatur;
1081 1890 1144 1937 ut
1166 1890 1251 1938 est
1269 1881 1399 1936 illud
1425 1877 1669 1952 Apostoli
1698 1899 1712 1935 :
1746 1879 1894 1936 Sicut

2004 1879 2150 1930 Lvtu,
2179 1865 2297 1936 ll);
2325 1873 2382 1921 et
2418 1865 2545 1920 alibi
2567 1881 2733 1922 orans
2759 1867 2908 1936 ipse:
2935 1864 3302 1922 Misericordia
3323 1864 3438 1934 ejus
3458 1864 3580 1919 sub-

318 1977 595 2048 unicuique
647 1976 788 2031 Deus
817 1976 1041 2046 partitus
1083 1981 1159 2029 est
1206 1990 1508 2030 mensuram
1537 1973 1662 2044 ﬁdei
1716 1972 1894 2046 (Rom.

318 2082 418 2133 xu,
444 2067 521 2138 5).
560 2065 714 2134 Quod
744 2065 774 2105 δ
797 2064 844 2120 si
864 2063 1001 2120 ﬁdes
1021 2079 1128 2119 non
1157 2071 1244 2120 est
1270 2079 1338 2119 ex
1365 2065 1496 2130 Deo,
1523 2065 1637 2136 jam
1661 2064 1896 2135 reliqua,

319 2173 439 2229 qua:
467 2158 535 2212 ad
564 2170 869 2211 mensuram
909 2154 1032 2210 ﬁdei
1075 2153 1479 2224 dispertiuntur,
1514 2154 1898 2209 retributiones

321 2258 447 2305 sunt
475 2248 622 2314 ﬁdei,
664 2256 718 2304 et
746 2262 853 2303 non
895 2248 1072 2303 dona:
1105 2246 1249 2302 mala
1275 2247 1440 2318 igitur
1471 2246 1592 2302 talis
1626 2247 1898 2319 gloriatio,

322 2338 443 2398 cum
488 2342 622 2397 nihil
664 2341 768 2396 nisi
819 2339 1130 2411 accipiendo
1181 2339 1380 2394 habere
1406 2354 1712 2410 possumus.
1744 2339 1901 2396 Unde

320 2434 640 2505 Apostolus:
671 2432 730 2488 Si
763 2442 956 2499 autem,
984 2431 1175 2502 inquit,
1208 2431 1470 2502 accepisti,
1500 2448 1595 2487 cur
1621 2431 1898 2504 gloriaris,

319 2530 468 2599 quasi
498 2543 602 2581 non
627 2525 924 2596 acceperis?
976 2523 1092 2580 Non
1123 2525 1264 2580 idem
1295 2524 1553 2580 donatum
1584 2523 1690 2578 sibi
1721 2523 1901 2580 excla-

321 2628 454 2686 mat,
494 2627 556 2674 ut
578 2616 748 2672 ﬁdelis
777 2623 954 2682 esset;
997 2616 1252 2686 quoniam
1298 2614 1540 2688 reliquiae
1565 2629 1663 2687 per
1689 2614 1904 2671 electio-

329 2728 454 2768 nem
481 2711 669 2782 gratia:
691 2710 854 2766 salva:
877 2710 1034 2775 ﬁunt,
1063 2717 1119 2764 et
1141 2723 1249 2764 non
1295 2724 1362 2764 ex
1386 2708 1704 2766 meritorum
1726 2708 1903 2779 operi-

323 2809 442 2864 lms.
474 2809 592 2879 lpse
618 2817 702 2863 est
727 2806 868 2863 enim
899 2806 1066 2872 Deus,
1092 2806 1182 2876 qui
1228 2814 1475 2876 operatur
1500 2803 1676 2860 omnia
1710 2805 1767 2858 in
1787 2819 1902 2858 om-

324 2902 473 2956 nibus
497 2901 546 2971 (I
571 2899 692 2956 Cor.
747 2915 894 2968 xxvi,
919 2898 993 2970 6).
1036 2897 1191 2967 Quod
1216 2908 1238 2937 ε
1275 2898 1322 2953 si
1370 2896 1574 2962 omnia,
1620 2895 1807 2966 utique
1849 2901 1905 2951 et

324 2994 506 3059 ﬁdem,
554 3007 654 3064 per
677 3007 840 3064 quam
870 3000 926 3046 et
953 2991 1058 3045 alia
1089 2990 1145 3044 in
1190 2988 1348 3044 nobis
1383 2989 1704 3044 adoriuntur
1731 2986 1904 3042 virtu-

324 3097 438 3141 tum
489 3087 631 3141 dona
668 3104 682 3141 :
719 3093 1004 3157 propterea
1056 3096 1217 3137 nemo
1261 3096 1320 3136 se
1368 3079 1396 3120 ά
1444 3079 1731 3152 applaudat
1769 3094 1800 3134 a
1847 3093 1906 3134 se

322 3179 594 3250 quidpiam
647 3177 863 3242 habere,
904 3176 1008 3231 nisi
1039 3174 1187 3240 vitia,
1237 3189 1306 3228 ne
1331 3172 1550 3245 gloriari
1604 3172 1658 3228 in
1689 3172 1906 3229 homine

1999 1967 2240 2028 sequetur
2275 1973 2356 2011 me
2385 1955 2558 2030 (Psal.
2584 1972 2726 2023 ml,
2753 1956 2844 2029 6);
2870 1965 2931 2011 ut
2977 1957 3033 2012 in
3066 1956 3234 2022 nullo,
3259 1956 3364 2012 nisi
3393 1956 3460 2012 de
3486 1955 3580 2012 illo

2000 2061 2422 2118 praesumamus;
2463 2047 2720 2118 quoniam
2767 2047 2872 2102 nisi
2918 2046 3126 2114 abillo,
3152 2045 3289 2102 nihil
3314 2055 3397 2103 est
3435 2045 3582 2118 quod

2000 2139 2281 2196 habemus.
2313 2139 2440 2196 Non
2472 2141 2610 2194 enim
2634 2137 2875 2206 volentis,
2925 2148 3017 2194 aut
3049 2139 3332 2206 currentis,
3367 2138 3457 2194 sed
3481 2138 3582 2194 mi-

1999 2232 2216 2286 serentis
2245 2239 2320 2286 est
2343 2230 2442 2286 Dei
2468 2229 2648 2302 (Rom.
2676 2247 2756 2297 ιχ,
2787 2230 2899 2303 16).
2923 2229 3292 2302 Prorsusquia
3317 2227 3580 2300 jamvelle

2001 2327 2056 2376 et
2077 2334 2298 2376 currere
2329 2335 2436 2375 non
2483 2318 2726 2391 aliquod,
2757 2321 2852 2376 sed
2885 2335 3084 2392 magna
3130 2328 3272 2378 sunt-
3291 2321 3434 2377 dona
3460 2319 3581 2389 Dei,

2000 2411 2294 2467 secundum
2313 2411 2600 2468 consilium
2619 2412 2912 2470 voluntatis
2924 2427 3052 2477 suae,
3077 2421 3134 2468 et
3152 2427 3261 2468 non
3282 2411 3578 2469 secundum

2001 2507 2256 2562 meritum
2279 2505 2576 2564 voluntatis
2610 2515 2830 2564 nostrae.
2877 2507 2996 2564 Non
3023 2507 3169 2564 enim
3195 2522 3294 2563 nos
3320 2505 3584 2579 elegimus

2001 2615 2150 2667 eum,
2193 2599 2290 2656 sed
2330 2600 2443 2672 ipse
2473 2615 2574 2657 nos
2593 2600 2776 2672 elegit,
2804 2608 2866 2656 ut
2887 2600 3155 2657 credendo
3201 2615 3329 2657 eum
3351 2599 3582 2673 eligere-

2002 2709 2160 2761 mus;
2189 2692 2320 2750 fecit
2339 2695 2489 2765 prius
2513 2694 2569 2750 in
2591 2694 2749 2750 nobis
2770 2692 2954 2761 ﬁdem,
2983 2708 3149 2765 quam
3168 2693 3493 2766 inspiravit,
3524 2703 3588 2751 ut

2001 2803 2100 2859 per
2122 2788 2369 2844 eamdem
2393 2789 2552 2845 ﬁdem
2574 2796 2792 2857 caetera,
2822 2803 2941 2860 quae
2965 2787 3136 2859 ipsius
3157 2796 3284 2844 sunt
3303 2786 3465 2855 bona,
3491 2801 3586 2858 pe-

2004 2879 2188 2946 tendo,
2235 2879 2546 2950 quarendo,
2596 2878 2859 2952 pulsando
2905 2879 3294 2952 acciperemus.
3344 2878 3415 2934 Et
3456 2878 3582 2934 ideo

2003 2985 2141 3042 quos
2167 2969 2348 3042 elegit,
2390 2986 2499 3027 non
2539 2985 2634 3028 eos
2678 2971 2900 3039 electos,
2939 2971 3036 3028 sed
3064 2985 3196 3028 vasa
3224 2971 3321 3026 ira:
3339 2969 3583 3026 invenit:

2003 3059 2136 3116 fecit
2156 3061 2302 3117 enim
2323 3076 2437 3129 eos,
2464 3069 2524 3117 ut
2545 3076 2671 3118 eum
2693 3061 2956 3134 eligerent
2971 3061 3263 3128 credendo,
3287 3075 3428 3133 quos
3453 3075 3590 3132 prae-

2006 3153 2164 3210 scivit
2191 3162 2248 3210 et
2273 3153 2683 3226 praedestinavit
2709 3163 2836 3210 ante
2857 3155 3044 3212 mundi
3065 3155 3509 3212 constitutionem
3533 3155 3588 3210 iu

321 3243 602 3338 videatur;
656 3271 751 3326 sed
797 3267 888 3340 qui
909 3266 1188 3339 gloriatur,
1228 3265 1283 3319 in
1306 3243 1529 3318 Domino
1552 3262 1807 3334 glorietur
1850 3259 1901 3334 (Ι
1929 3251 1975 3314 C
2003 3243 2240 3313 (Ἂπίεῑοο
2271 3256 2354 3340 ιιι-
2379 3264 2606 3340 cutim“?
2630 3248 2819 3340 εςηοιίι
2850 3248 3063 3340 ἱηίιιξίινί
3093 3257 3142 3303 ετ
3182 3247 3508 3340 ίηυηαᾷυίαιξ
3532 3248 3591 3303 θη

323 3361 447 3417 Car.
473 3379 510 3428 ι,
543 3360 666 3433 51);
701 3375 733 3414 a
759 3373 885 3430 quo,
913 3365 968 3412 et
989 3372 1085 3428 per
1111 3371 1296 3426 quem,
1329 3363 1383 3409 et
1412 3355 1466 3409 in
1493 3368 1600 3424 quo
1621 3353 1904 3417 habemus,

323 3469 430 3508 non
458 3453 632 3509 solum
670 3450 816 3522 quod
841 3448 1028 3504 ﬁdeles
1057 3462 1273 3513 sumus;
1305 3461 1492 3501 verum
1544 3445 1731 3511 etiam,
1763 3453 1822 3499 ut
1849 3443 1905 3498 in

323 3545 529 3600 eisdem
571 3543 692 3598 ﬁdei
739 3541 992 3612 operibus
1013 3551 1446 3610 permaneamus.
1483 3534 1727 3604 Denique
1755 3549 1907 3589 omne

323 3636 504 3689 datum
528 3635 796 3706 optimum,
825 3630 969 3701 quod
987 3629 1208 3685 estﬁdei
1229 3635 1655 3694 sacramentum,
1678 3633 1728 3680 et
1755 3640 1906 3680 omne

323 3731 503 3783 datum
529 3727 832 3798 perfectum,
863 3723 1069 3780 scilicet
1092 3725 1148 3778 in
1183 3734 1207 3761 ο
1235 3719 1474 3790 ejusdem
1501 3718 1757 3790 opteribus
1781 3731 1906 3788 per-

326 3821 575 3875 manendi
597 3818 787 3889 gratia,
825 3817 1098 3872 desursum
1126 3824 1224 3881 est,
1246 3813 1557 3869 descendens
1578 3829 1610 3866 a
1641 3808 1802 3864 Patre
1823 3809 1905 3863 lu-

327 3916 524 3968 minum
569 3909 710 3982 (Jac.
743 3926 784 3975 ι,
815 3907 923 3981 17).
959 3907 1112 3964 Unde
1155 3906 1398 3962 dicamus
1431 3919 1554 3960 cum
1600 3902 1904 3972 Propheta:

328 4002 452 4056 Non
480 4001 646 4064 nobis,
662 3999 904 4064 Domine,
929 4014 1031 4051 non
1054 3995 1197 4050 nobis
1212 4013 1232 4062 ;
1251 3995 1340 4048 sed
1364 3992 1562 4048 nomini
1585 4000 1675 4044 tuo
1699 3989 1769 4044 da
1788 3987 1905 4060 glo-

327 4096 460 4148 riam
511 4093 681 4164 (Psal.
730 4107 885 4157 cxm,
913 4091 1003 4160 9):
1035 4089 1288 4159 quoniam
1333 4085 1465 4141 nihil
1502 4099 1790 4156 possumus
1840 4097 1909 4138 ex

329 4187 502 4252 nobis,
535 4185 639 4240 nisi
670 4193 933 4255 quantum
956 4197 987 4237 a
1015 4181 1126 4236 Deo
1157 4180 1483 4250 accepimus.

402 4276 455 4329 2.
480 4275 800 4345 Accepimus
819 4289 948 4344 ergo
976 4272 1132 4327 ﬁdem
1161 4287 1226 4327 ex
1248 4271 1382 4337 Deo,
1407 4270 1452 4325 si
1479 4268 1619 4325 forte
1633 4283 1745 4340 jam
1775 4268 1908 4325 ﬁde-

329 4370 408 4424 les
438 4383 644 4434 sumus,
684 4375 740 4422 et
777 4367 896 4421 ideo
925 4364 1140 4420 Patrem
1174 4363 1344 4419 Deum
1369 4362 1391 4402 ι
1417 4376 1612 4419 vocare
1651 4361 1910 4418 audemus

328 4461 380 4514 in
409 4459 561 4515 cwlis
589 4478 603 4514 :
633 4457 810 4523 Dedit,
839 4455 1016 4527 inquit
1055 4453 1402 4525 evangelista,
1439 4461 1744 4523 potestatem
1770 4451 1908 4521 ﬁlios

331 4552 424 4605 Dei
450 4551 590 4620 ﬁeri,
616 4550 696 4604 his
717 4549 807 4620 qui
828 4547 1044 4601 credunt
1065 4547 1120 4599 in
1153 4545 1360 4598 nomine
1381 4543 1494 4614 ejus
1519 4541 1701 4613 (Joan.
1723 4559 1763 4608 ι,
1795 4541 1904 4614 12).

2009 3344 2283 3407 conspectu
2302 3336 2438 3407 ejus,
2464 3337 2520 3391 in
2546 3337 2803 3392 charitate
2820 3338 3202 3408 praedestinans
3224 3353 3318 3392 nos
3348 3338 3404 3392 in
3424 3337 3591 3408 adop-

2007 3425 2196 3480 tionem
2207 3424 2445 3494 ﬁliorum
2457 3425 2577 3493 Dei,
2593 3427 2879 3483 secundum
2889 3426 3143 3498 placitum
3160 3426 3441 3482 voluntatis
3453 3441 3586 3494 suae,

2004 3518 2062 3572 in
2081 3535 2186 3588 qua
2212 3519 2525 3588 gratiﬁcauit
2550 3535 2643 3575 nos
2685 3519 2741 3575 in
2769 3518 2957 3575 dilecto
2983 3518 3096 3590 ﬁlio
3121 3535 3218 3574 suo
3243 3518 3406 3592 (Eph.
3437 3535 3480 3587 ι,
3506 3519 3584 3590 4).

2006 3609 2175 3667 Nemo
2191 3611 2354 3682 igitur
2368 3611 2661 3681 applaudat
2673 3611 2798 3680 sibi,
2820 3612 2977 3683 quasi
2987 3627 3056 3669 ex
3076 3627 3159 3678 se,
3177 3612 3273 3669 sed
3288 3620 3461 3668 totum
3477 3611 3591 3668 Deo

2013 3704 2235 3771 tribuat,
2258 3704 2348 3774 qui
2373 3719 2474 3760 nos
2500 3712 2555 3760 et
2575 3704 2864 3776 praescivit,
2885 3715 2942 3762 et
2964 3705 3161 3782 elegit:
3186 3721 3294 3760 non
3311 3705 3452 3776 quod
3473 3703 3590 3777 jam

2009 3791 2188 3858 electi,
2219 3802 2313 3848 aut
2352 3794 2528 3849 sancti
2554 3808 2798 3850 essemus
2826 3794 2952 3851 ullis
2996 3794 3354 3851 existentibus
3380 3795 3591 3850 meritis

2007 3884 2385 3954 praesentibus,
2414 3884 2720 3955 praeteritis,
2750 3894 2843 3940 aut
2863 3883 3090 3952 futuris;
3119 3885 3213 3942 sed
3234 3885 3353 3956 ejus
3378 3885 3591 3941 miseri-

2009 3975 2215 4041 cordia,
2242 3975 2334 4045 qui
2363 3990 2580 4036 eramus
2617 3990 2747 4032 vasa
2783 3977 2900 4044 irae,
2930 3984 2992 4032 ut
3022 3991 3268 4033 essemus
3291 3977 3463 4033 sancti
3493 3991 3592 4048 per

2009 4061 2307 4130 Christum,
2339 4065 2632 4121 secundum
2655 4065 2917 4138 placitum
2937 4065 3230 4123 voluntatis
3250 4081 3384 4134 suae,
3400 4074 3457 4122 et
3477 4079 3588 4122 non

2010 4155 2308 4212 secundum
2330 4156 2582 4212 meritum
2604 4157 2898 4214 voluntatis
2922 4167 3142 4226 nostrae,
3174 4158 3226 4214 in
3248 4174 3345 4214 sua
3374 4159 3592 4229 quidem

2010 4263 2111 4305 nos
2127 4247 2452 4319 gratiﬁcavit
2466 4249 2769 4318 voluntate;
2795 4259 2857 4306 ut
2877 4251 3051 4323 gratia
3077 4249 3211 4308 salvi
3228 4249 3358 4306 facti
3382 4264 3589 4307 sumus.

2011 4339 2166 4396 Unde
2174 4339 2479 4421 Apostolus:
2495 4338 2679 4397 Gratia
2693 4341 2826 4397 salvi
2840 4341 2969 4412 facti
2979 4345 3101 4399 estis
3112 4360 3204 4416 per
3211 4344 3371 4413 ﬁdem
3382 4360 3405 4410 ,°
3425 4353 3474 4398 et
3495 4345 3594 4398 hoc

2012 4431 2208 4503 inquit,
2224 4450 2328 4488 non
2347 4450 2412 4488 ex
2434 4434 2592 4499 vobis,
2611 4434 2700 4489 sed
2717 4432 2813 4489 Dei
2833 4435 3031 4489 donum
3055 4444 3130 4490 est
3152 4433 3309 4507 (Eph.
3329 4448 3390 4500 ll,
3404 4432 3496 4504 8);
3536 4432 3591 4488 id

2011 4533 2096 4580 est
2121 4525 2262 4594 quod
2303 4539 2400 4595 per
2424 4523 2584 4579 ﬁdem
2624 4539 2656 4580 a
2691 4523 2866 4594 gratia
2888 4523 3177 4580 salvamur.
3219 4522 3356 4580 Hinc
3385 4523 3500 4594 ipse
3536 4522 3592 4578 in

327 4609 460 4713 ane
479 4609 608 4698 sane
649 4609 892 4714 potestas
916 4639 1050 4694 ﬁdes
1077 4646 1161 4693 est
1194 4651 1342 4700 vera,
1365 4609 1462 4706 per
1487 4609 1650 4705 quam
1682 4609 1906 4705 adopta-
1937 4609 1988 4668 D
2013 4615 2340 4714 Εξτθξὶξῇιίίξξ
2353 4613 2467 4668 Hoc
2488 4623 2704 4714 “WE”
2720 4614 2929 4714 θεῖν-ξιξ
2945 4615 3172 4714 ἦνξάαιίδ
3198 4616 3255 4714 ξπ
3274 4631 3412 4714 “(ms
3437 4630 3590 4686 quem

326 4751 448 4789 mur
476 4735 530 4789 in
554 4735 724 4789 Deum
750 4736 808 4787 ει
838 4732 933 4788 sed
955 4731 1078 4787 data
1099 4728 1302 4798 utique,
1323 4726 1467 4781 utsit
1483 4726 1691 4795 integra
1712 4725 1906 4796 gratia,

328 4842 433 4881 non
472 4841 682 4881 merces
707 4825 938 4879 reddita.
985 4819 1120 4875 Hinc
1145 4818 1272 4873 alibi
1299 4815 1592 4888 Apostolus
1624 4833 1636 4869 :
1673 4813 1909 4880 Quicun—

325 4934 424 4988 que
444 4917 631 4988 spiritu
655 4915 752 4970 Dei
772 4923 1001 4986 aguntur
1014 4912 1062 4967 ei
1077 4919 1198 4966 sunt
1220 4908 1319 4979 ﬁlii
1341 4908 1438 4963 Dei
1466 4906 1638 4980 (Rom.
1655 4922 1774 4972 vm,
1795 4905 1905 4978 14).

325 5010 404 5064 Ex
430 5025 539 5080 quo
566 5009 880 5073 notandum,
905 5005 1049 5076 quod
1080 5019 1186 5058 non
1217 5002 1388 5058 solum
1416 5008 1613 5057 nostra;
1633 4999 1910 5070 religionis

328 5103 462 5157 ﬁdes
485 5110 580 5156 aut
624 5115 809 5173 opera,
843 5113 1031 5154 verum
1080 5095 1203 5166 ipsi,
1255 5106 1316 5149 ut
1344 5102 1473 5149 sunt
1523 5091 1642 5158 ﬁlii,
1675 5097 1908 5161 aguntur

327 5195 420 5250 Dei
454 5195 668 5265 spiritu,
707 5209 775 5250 ne
805 5192 928 5248 ullis
971 5190 1073 5246 sibi
1120 5188 1449 5259 applaudant
1496 5185 1561 5241 de
1589 5184 1908 5239 meritorum

324 5287 599 5358 operibus.
625 5286 694 5341 Et
716 5286 839 5342 ideo
862 5280 1130 5354 poscenda
1151 5289 1235 5335 est
1252 5277 1403 5348 prior
1421 5275 1576 5342 ﬁdes,
1607 5288 1728 5344 quae
1748 5273 1909 5328 datur

327 5381 382 5436 in
408 5381 600 5436 eodem
631 5378 821 5450 spiritu
858 5392 873 5431 :
905 5377 1119 5432 demum
1150 5379 1210 5426 ut
1255 5383 1418 5439 opera
1444 5367 1565 5423 ﬁdei
1599 5381 1697 5437 per
1741 5363 1906 5421 dilec-

327 5471 528 5528 tionem
558 5477 886 5542 augeantur;
921 5474 1253 5538 postremum
1279 5463 1396 5532 ipsa
1418 5460 1715 5528 eademque
1750 5456 1817 5511 ad
1844 5455 1904 5510 ﬁ-

396 5597 430 5661 9
452 5585 693 5661 Εἱμβάἰιη
719 5584 870 5661 deest
897 5595 1040 5661 caro.

397 5658 428 5699 ιι
457 5657 626 5723 Edit.,
645 5657 771 5728 quia
791 5655 840 5728 si
872 5655 1068 5728 omnia.

402 5739 427 5769 θ
459 5729 625 5798 Edim,
649 5723 774 5798 quia
794 5724 840 5779 si
869 5723 1018 5792 ﬁdes.

400 5798 430 5839 «ι
461 5797 629 5864 Edit.,
658 5796 778 5852 sibi.

408 5881 431 5915 ο
459 5869 626 5935 Edit.,
655 5869 720 5920 de
743 5864 992 5938 ejusdem.

2009 4705 2149 4758 misit
2171 4705 2262 4760 ille
2281 4703 2340 4776 (1
2343 4722 2464 4760 οαη.
2489 4721 2561 4774 vr,
2581 4707 2694 4778 29).
2718 4704 2872 4774 Quod
2887 4706 2931 4762 si
2953 4707 3086 4764 ﬁdes
3101 4707 3593 4776 credentiumopus

2011 4797 2106 4852 Dei
2120 4805 2227 4864 est,
2248 4799 2372 4870 jure
2397 4798 2624 4856 dicimus
2638 4800 2928 4872 justiﬁcari
2942 4802 3213 4858 hominem
3225 4815 3324 4872 per
3341 4799 3524 4869 ﬁdem,
3537 4809 3594 4858 et

2009 4904 2117 4944 non
2146 4905 2214 4946 ex
2243 4891 2513 4961 operibus,
2535 4899 2598 4947 ut
2627 4906 2697 4948 ex
2722 4894 2839 4965 ipsa
2879 4893 2984 4950 ﬁde
3009 4901 3205 4949 caetera
3255 4906 3594 4964 consequan-

2010 4991 2098 5039 tur
2117 4984 2378 5040 virtutum
2399 4985 2562 5054 dona,
2595 4986 2650 5042 in
2677 4987 2877 5058 quibus
2897 4987 3041 5058 juste
3091 4986 3362 5054 vivamus,
3412 4994 3469 5041 et
3520 4985 3595 5041 sit

2012 5075 2308 5130 secundum
2332 5075 2560 5145 gratiam
2597 5076 2752 5146 juxta
2775 5077 3076 5150 apostolum
3103 5077 3260 5133 ﬁrma
3303 5076 3594 5149 promissio

2011 5181 2080 5222 ex
2100 5167 2224 5234 ﬁde,
2258 5182 2328 5224 ne
2354 5169 2481 5224 dum
2503 5170 2664 5226 homo
2690 5186 2799 5226 suae
2820 5157 3120 5224 inﬁrmitati
3141 5168 3261 5239 plus
3281 5169 3591 5235 committit,

2010 5273 2175 5327 quam
2204 5259 2446 5316 ﬁrmitati
2489 5262 2862 5331 promissionis
2889 5260 3008 5328 Dei,
3045 5259 3359 5330 prolabatur
3410 5263 3597 5317 incau-

2011 5359 2116 5408 tus.
2143 5351 2250 5409 Sed
2277 5352 2415 5408 forte
2452 5352 2521 5409 ad
2545 5353 2661 5408 haec
2704 5353 2900 5424 aliquis
2925 5369 2938 5408 :
2966 5353 3172 5410 incerta
3198 5362 3284 5410 est
3308 5353 3444 5410 mihi
3472 5353 3489 5393 ί
3525 5353 3595 5410 de

2011 5460 2100 5501 me
2128 5445 2223 5502 Dei
2246 5446 2518 5513 voluntas,
2547 5454 2730 5502 utrum
2769 5461 2857 5504 me
2886 5462 2984 5519 per
3009 5448 3241 5519 gratiam
3271 5463 3338 5506 ex
3360 5447 3466 5505 ﬁde
3496 5446 3599 5515 sal,

2089 5558 2109 5596 ί
2146 5558 2310 5623 Εᾱὶι..
2341 5557 2526 5612 a~Deo.

2089 5632 2115 5671 ⁸
2143 5629 2311 5694 Edit.,
2337 5628 2635 5685 Dominum.

2089 5703 2118 5742 ιι
2148 5699 2317 5762 Edit.,
2338 5700 2508 5753 docet.

2099 5774 2114 5813 ι
2142 5769 2200 5828 1η
2228 5769 2356 5833 edit.
2381 5769 2532 5828 deest
2560 5773 2707 5839 mihi.
