2074 3172
248 165 354 209 ἠδε

679 175 708 203 S.
729 173 907 204 PASCHASII
929 173 1108 202 RADBERTI
1123 174 1272 203 ABBA'I’IS
1289 174 1513 204 COBBEIIINSIS

1858 178 1870 205 Ι
1875 179 1932 207 ιδϐ

286 243 349 264 vam
359 234 424 264 velit
440 234 524 269 :quid
547 232 672 269 igitur‘lo
684 231 783 261 homo!
808 234 883 259 certa
907 238 941 258 ne
965 230 1013 257 tibi
1038 234 1081 259 est
1095 232 1121 263 Α
1133 231 1180 259 das
1202 235 1295 260 nostra
1311 231 1354 259 cui
1364 235 1393 260 et
1405 238 1419 258 a
1434 238 1488 266 quo
1507 231 1644 259 credimus
1661 241 1668 258 :
1689 240 1752 268 apes
1764 241 1883 269 quoque,
1904 226 1936 263 ει

285 282 354 309 dele
369 285 413 308 tua
427 278 570 307 voluntas?
597 277 719 313 nunquid
730 284 786 305 non
813 276 893 304 times
919 275 984 304 illud
1008 275 1079 310 quod

285 326 385 355 dicitur
402 334 409 353 :
428 324 481 358 Qui
498 328 561 357 stat,
576 323 660 352 videat
678 330 710 352 ne
731 321 830 349 cadat?
850 320 876 356 (I
904 319 966 349 Cor.
995 327 1023 354 ι,
1038 319 1079 356 2).

285 372 391 400 Incerta
410 374 452 398 est
465 369 567 399 etenim
581 369 614 397 de
626 373 651 396 te
665 368 713 396 tibi
727 372 773 396 tua
793 367 938 395 voluntas:
953 373 1004 394 cur
1024 373 1080 394 non

284 425 349 453 ergo
360 416 472 445 tirmiori
485 423 518 444 ac
534 414 682 451 potentiori
702 417 728 442 te
741 418 827 442 totum
852 412 1010 445 committis,
1032 411 1080 447 qui

284 465 338 501 iam
351 464 399 492 tibi
413 463 499 499 gratis
514 462 615 498 aliquid
626 461 756 490 donavit?
767 460 835 489 Nam
847 468 901 488 non
913 459 1000 489 solum
1011 459 1080 487 velle

285 516 313 541 et
322 511 444 544 credere.
462 517 588 540 euin'nec
600 509 684 537 velles
697 515 748 537 nec
762 507 899 540 crederes,
923 507 975 535 nisi
993 507 1080 535 dona-

285 562 328 586 ret
342 557 416 592 ipse;
432 563 527 585 verum
541 556 624 584 etiam
638 559 667 583 et
690 561 801 583 currere
829 553 963 582 concessit
983 552 1078 590 gratis.

284 602 390 631 Idcirco
403 602 499 630 melius
509 601 542 631 de
560 601 606 629 illo
621 600 758 629 conﬁdere
775 603 898 635 oportet,
912 599 975 634 quia
999 605 1080 633 neque

286 648 406 680 colentis,
419 656 501 682 neque
514 647 653 679 currentis,
668 646 714 674 sed
728 645 876 673 miserentis
893 649 931 672 est
943 644 1009 677 Dei;
1025 648 1081 672 tan-

288 698 343 722 tam
358 702 391 722 ne
408 693 600 722 conﬁdentiam
616 693 737 721 amittas.
762 692 850 727 Ipsius
872 695 914 719 est
937 691 1011 719 enim
1023 691 1079 726 jam

285 741 358 776 quod
373 741 505 772 volumus.
518 745 564 770 aut
576 741 723 773 currimus,
739 739 933 768 committenda
947 743 989 767 est
1005 739 1031 766 ei
1046 738 1079 765 ﬂ-

321 803 333 817 ιι
350 798 433 829 Edit.,
445 798 514 832 quod
542 798 685 824 niaximum
701 796 750 823 Dei
765 795 918 830 bene/ieiuni
944 795 978 822 sit
1003 794 1117 828 credere,

286 833 363 861 randi
376 838 424 867 est,
435 833 615 869 orundumqus
628 838 656 860 ut
669 832 701 859 ait
718 832 764 859 illa
780 832 856 867 ﬁdes,
871 836 925 859 etc.

1131 277 1252 305 charitas
1264 277 1292 305 in
1309 277 1363 311 illo,
1375 282 1403 305 et
1413 278 1502 305 nonin
1511 278 1590 306 nobis
1602 278 1716 307 solidius
1726 279 1933 314 conﬁrmanda;

1130 324 1261 358 quoniam
1272 328 1301 352 et
1311 324 1335 352 ai
1348 324 1487 360 quidpiam
1505 324 1629 357 facimus,
1644 325 1729 361 ipsius
1758 327 1829 355 dona
1854 333 1933 362 sunt,

1131 370 1196 400 dum
1207 370 1280 399 Deus
1303 378 1351 406 per
1362 372 1481 407 gratiam
1496 379 1573 400 suam
1590 379 1623 400 ex
1637 373 1691 400 ﬁde
1703 374 1779 409 prius
1800 379 1935 410 operatur

1133 418 1160 446 in
1168 418 1257 452 nobis,
1273 425 1305 446 ea
1318 423 1393 448 recte
1407 422 1437 446 ut
1449 418 1591 447 faciamus.
1605 419 1775 456 Quapropter
1783 428 1835 457 pro
1855 427 1934 451 certo

1132 464 1331 499 noveris,un
1340 464 1488 492 maximum
1502 465 1550 492 Dei
1564 470 1578 485 ι
1586 465 1687 492 donum
1696 469 1739 493 est
1750 466 1829 499 ﬁdes,
1839 467 1868 493 in
1875 467 1936 495 nul.

1133 509 1214 545 loque
1227 510 1261 538 de
1274 510 1461 538 misericordia
1474 510 1521 538 Dei
1542 511 1730 545 dubitandum,
1743 512 1866 547 quandin
1880 519 1933 540 vn-

1133 556 1225 585 luntss
1235 557 1374 589 credendi,
1396 561 1423 584 et
1440 557 1570 592 operandi
1594 562 1645 591 est,
1664 562 1695 585 ut
1717 558 1753 586 sit
1779 558 1825 586 illa
1852 558 1932 592 ﬁdes,

1134 611 1195 640 quae
1205 611 1255 639 per
1265 604 1437 632 dilectionem
1460 608 1590 639 operatur
1600 605 1628 632 in
1651 605 1739 638 bonis.
1764 605 1822 633 sive
1847 606 1934 633 etiam

1134 650 1163 678 in
1179 650 1257 678 nobis
1270 658 1321 686 per
1340 649 1432 678 Iesum
1460 649 1599 678 Christum
1627 651 1771 678 Dominum
1795 655 1932 679 nostrum.

1134 697 1232 724 Amen.

1136 803 1182 823 nec
1209 796 1382 823 dubitandum
1397 796 1516 831 quandiu
1544 795 1666 823 voluntas
1677 796 1802 824 credendi
1819 801 1845 823 et
1873 803 1935 830 ope—

298 910 398 922 ‘uD-n-
407 913 446 921 -.-ιμ
452 913 486 923 η.-
494 913 553 921 --μ
562 911 862 921 w...r..u-—.._-.
869 910 1091 920 ..μη--.τμ-...ι-μ

1131 909 1210 916 ...κω
1215 910 1275 916 ...-
1282 910 1290 915 -
1299 911 1364 916 π...-
1370 910 1630 919 .—...-.—__..~_...
1636 912 1671 918 ..ι

802 979 1010 1009 PROLOGUS
1034 978 1071 1008 IN
1097 978 1244 1009 LIBRUM
1268 980 1319 1008 DE
1344 980 1423 1010 SPE.

323 1119 415 1145 Dicnto
436 1117 494 1147 tibi,
513 1116 682 1147 charissime,
697 1116 772 1149 quasi
788 1115 988 1149 prirtcxtatorio
1006 1121 1017 1134 α
1033 1115 1080 1142 lia-
1096 1118 1118 1146 B

286 1164 359 1191 bitus
374 1163 534 1190 Christiana)
549 1161 609 1187 iidei
622 1161 729 1195 negotio
745 1161 938 1187 catholicorum
966 1160 1076 1187 Patrum

286 1210 412 1235 sensibus
427 1208 545 1238 eli-nato,
559 1215 629 1233 nunc
648 1207 741 1240 paucis
765 1208 916 1241 aggrediar,
932 1211 959 1232 ut
976 1207 1078 1241 promi-

286 1262 386 1287 seram,
404 1255 436 1280 de
450 1262 496 1288 spe
513 1262 519 1280 :
538 1254 612 1287 cujus
625 1261 685 1279 eum
703 1253 754 1279 “th
767 1258 838 1278 tzmta
851 1254 952 1279 (Zhrisli
970 1253 1080 1279 resnllat

287 1301 383 1334 gratia,
398 1300 602 1334 utquotidianis
624 1299 793 1325 successibus
816 1300 946 1333 usquead
961 1300 1021 1326 (ιωιί
1043 1306 1081 1325 se-

286 1351 433 1380 t-I'etn,quo
445 1345 568 1371 Christus
584 1352 632 1379 pro
648 1345 724 1371 nobis
735 1345 853 1378 pontifex
870 1345 955 1372 iactus
967 1346 1079 1377 introiit,

287 1398 462 1427 penetrantes
471 1393 495 1423 δ,
505 1392 667 1426 sempiterna
676 1392 804 1418 cu‘lorum
815 1392 910 1426 gaudia
920 1400 1014 1419 sectira
1024 1392 1080 1425 jam

287 1440 431 1474 possideat.
453 1440 489 1465 De
510 1446 561 1472 qua
587 1439 641 1473 spei
670 1439 836 1472 possessione
852 1439 985 1473 Propheta
1009 1439 1081 1465 canit

288 1485 401 1512 dicens:
419 1484 481 1519 Spes
501 1492 558 1510 mea
583 1484 708 1511 Dominus
721 1484 787 1519 (λεν.
807 1493 872 1515 xvii,
902 1485 953 1520 i7).
983 1485 1080 1511 Parum

287 1530 388 1566 quippe
401 1529 459 1559 Me
471 1529 595 1563 credens,
611 1534 640 1557 ut
653 1530 710 1562 tibi,
722 1530 769 1565 qui
794 1529 888 1557 ﬂorida
912 1529 1080 1566 perfectione

324 1591 338 1607 ι
351 1585 433 1621 Εὐίῑ.,
446 1586 623 1622 prwtextaria.

1135 1116 1230 1142 harum
1245 1115 1375 1142 virtutqu
1401 1115 1522 1149 quotidie
1537 1115 1660 1148 virescis,
1677 1121 1752 1144 tanto
1767 1117 1866 1152 dignus
1883 1117 1932 1152 fce-

1135 1162 1198 1189 dere
1213 1162 1289 1196 quasi
1306 1162 1423 1189 libellum
1438 1162 1507 1189 dotis
1522 1170 1616 1189 earum
1631 1163 1663 1190 de
1682 1163 1796 1198 singulis
1814 1165 1935 1191 conscri-

1135 1209 1236 1240 berem,
1250 1213 1381 1242 quaternis
1397 1208 1520 1235 distincte
1537 1209 1573 1235 tui
1586 1209 1688 1243 possint
1700 1217 1861 1244 agnoscere,
1875 1211 1934 1245 qui-

1136 1254 1184 1281 bus
1202 1258 1291 1280 mente
1306 1254 1451 1288 pacisceris
1472 1255 1532 1280 litlei
1546 1255 1679 1289 conjugio,
1705 1255 1746 1281 vel
1765 1255 1847 1290 quale
1874 1255 1934 1283 illa-

1136 1307 1194 1325 rum
1207 1300 1232 1326 in
1251 1307 1297 1334 spe
1317 1300 1504 1334 promissionis
1522 1300 1622 1327 Christi
1647 1301 1780 1328 eharitate
1799 1302 1933 1337 perfecta,

1137 1345 1235 1372 frueris
1248 1346 1421 1380 palrimonio.
1442 1346 1498 1379 Qua
1513 1347 1545 1373 de
1561 1355 1641 1374 causa
1657 1347 1737 1375 velim
1766 1349 1869 1376 nostris
1896 1349 1935 1376 di-

1135 1396 1230 1426 gnatus
1250 1392 1302 1418 tuis
1315 1392 1405 1419 faveas
1417 1392 1553 1427 precibus,
1566 1393 1588 1420 si
1614 1401 1667 1427 quo
1689 1394 1778 1426 modo,
1809 1395 1875 1430 quid
1897 1394 1934 1422 sit

1136 1438 1351 1466 Christianorum
1365 1446 1436 1474 spes,
1451 1439 1530 1474 digne
1542 1439 1645 1467 valeant
1656 1440 1803 1475 evplicare.

1404 1526 1518 1563 Eaplicit
1530 1527 1665 1564 prologis.

1172 1584 1188 1605 δ
1202 1583 1284 1617 Edit.,
1297 1588 1448 1621 penetrans.

286 1663 1919 1678 Μ

798 1735 1001 1778 INCIPIT
1031 1734 1184 1777 LIBER
1213 1735 1278 1775 DE
1305 1735 1407 1775 SPE.

543 1865 659 1895 CAPUT
672 1865 819 1895 PRIMUM.

322 1912 368 1941 Est
379 1910 461 1948 igitur
479 1919 542 1949 spes
553 1913 614 1940 vitm
623 1912 706 1946 Deus,
722 1913 873 1949 mentisque
886 1910 1079 1941 commercium

286 1959 360 1987 velut.
383 1958 499 1986 anchora
529 1958 601 1986 inter
625 1958 759 1994 procellas
787 1958 888 1992 seaculi,
911 1957 987 1994 juxta
1007 1957 1079 1994 quod

285 2001 381 2034 bestiis
394 2008 421 2033 et
432 2005 556 2042 egregius
566 2004 667 2034 Paulus
678 2004 817 2041 apostolus
827 2004 902 2035 dicit,
919 2009 946 2032 et
957 2011 1005 2040 per
1020 2004 1080 2032 sub-

282 2050 382 2087 jectam
411 2051 612 2079 similitudinem
632 2050 755 2080 hortatur
780 2052 895 2080 dicens:
924 2050 976 2078 Per
1000 2050 1078 2085 duas,

287 2095 385 2133 inquit,
405 2106 446 2125 res
471 2098 625 2132 immobiles,
647 2099 741 2135 quibus
770 2098 928 2135 impossibile
947 2104 983 2126 est
1007 2107 1079 2125 men-

286 2143 331 2171 tiri
357 2141 450 2177 Deum,
484 2143 656 2172 certissimum
689 2146 814 2174 solatium
850 2146 1005 2178 habeantur,
1034 2145 1081 2182 qui

286 2189 451 2226 confugimus
466 2189 501 2217 ad
511 2189 648 2218 tenendam
661 2192 821 2227 propositam
831 2200 911 2227 spem,
924 2201 1002 2228 quam
1013 2192 1080 2220 sicut

286 2236 427 2263 anclwram
445 2236 569 2264 habemus
593 2238 688 2265 anima:
708 2243 804 2272 tutam,
818 2247 849 2266 ac
869 2238 983 2273 ﬁrmam,
1001 2244 1024 2266 et
1040 2240 1080 2267 in-

285 2281 416 2309 cedentem
432 2290 512 2318 usque
528 2281 563 2309 ad
579 2283 705 2311 interiora
731 2283 877 2318 velaminis,
901 2283 945 2312 ubi
961 2293 1078 2320 praecur-

285 2336 328 2355 εον
341 2336 387 2363 pro
401 2327 473 2355 nobis
487 2329 587 2355 introiit
602 2328 681 2357 Iesus
707 2331 850 2358 secundant
870 2331 987 2358 ordinem
1013 2331 1080 2359 Mel-

285 2374 418 2402 chisedech
432 2373 549 2410 pontifex
568 2374 654 2410 factus
671 2376 698 2403 in
711 2382 837 2404 wternum
864 2376 958 2409 (Hebr.
969 2385 1008 2410 vr,
1023 2376 1078 2412 18).

286 2420 356 2456 Ergo
374 2419 550 2447 fortissimum
568 2419 693 2448 solatium
715 2425 742 2449 et
754 2419 907 2449 inviolabile
922 2421 1000 2449 nobis
1015 2429 1079 2456 pro-

284 2466 372 2502 posita
383 2473 458 2500 spes;
475 2465 602 2501 quoniam
619 2466 787 2502 impossibile
797 2472 839 2494 est
853 2468 963 2495 mentiri
981 2467 1078 2501 Deum,

284 2513 330 2549 qui
346 2513 423 2541 nobis
435 2521 466 2541 ea
478 2522 538 2550 qua:
552 2522 693 2551 speramus
704 2514 873 2549 repromisit;
902 2522 984 2550 quam
1007 2515 1078 2543 sicut

285 2559 431 2588 anchoram
445 2560 586 2588 habemus.
604 2559 680 2587 Sicut
693 2560 838 2588 anclioram
854 2565 942 2588 autem
961 2568 1021 2588 eam
1035 2561 1077 2589 di-
1090 2551 1116 2582 Ι)

1093 1867 1116 1898 C

285 2605 419 2639 cit,juxta
437 2605 642 2633 similitudinem
666 2605 866 2641 navigantium;
881 2606 926 2642 qui
940 2606 1002 2634 dum
1021 2615 1077 2635 me-

284 2651 336 2679 diis
349 2651 474 2680 ﬂuctibus
489 2652 552 2680 hinc
570 2652 631 2680 inde
643 2651 883 2684 circumferuntur,
900 2652 988 2680 solent
1013 2661 1078 2688 pro-

281 2697 367 2732 jicere
378 2699 524 2726 anchoram
539 2706 628 2731 suam,
644 2702 777 2734 quatenus
790 2698 847 2726 solo
860 2704 872 2718 ι
888 2698 1076 2736 circumligata

285 2746 357 2774 inter
367 2745 469 2774 medias
482 2749 673 2781 tempestatum
689 2745 822 2781 procellas
838 2750 895 2773 tuta
909 2746 985 2774 navis
996 2750 1077 2782 atque

285 2792 430 2821 immobilis
444 2792 583 2825 subsistat,
605 2800 639 2820 ne
651 2792 676 2819 vi
690 2796 833 2824 ventorum
853 2791 886 2820 ad
913 2791 1075 2828 naufragosa

285 2839 368 2867 maris
382 2839 440 2867 loca
456 2839 624 2875 projiciatur.
637 2838 681 2867 Sic
693 2839 783 2874 itaque
797 2847 860 2875 spes
873 2843 965 2867 nostra
979 2846 1032 2867 non
1047 2839 1074 2866 in

284 2884 342 2913 solo
354 2885 481 2920 aequoris,
490 2885 537 2913 sed
550 2885 577 2912 in
583 2884 702 2918 Christo,
710 2884 809 2920 quiest
818 2888 895 2920 petra
907 2884 1072 2918 ﬁrmissima,

321 2939 335 2954 ι
350 2932 433 2968 Edit.,
446 2933 504 2961 soli.

1133 1863 1337 1897 anchorlsatur;
1356 1871 1437 1899 quam
1458 1867 1555 1897 tutam,
1571 1871 1604 1892 ac
1617 1863 1736 1899 ﬁrmant,
1760 1867 1843 1900 atque
1868 1873 1933 1902 pro-

1131 1911 1270 1939 cedentem
1294 1910 1327 1938 ad
1347 1910 1477 1939 interiora
1489 1911 1551 1938 caeli
1572 1910 1711 1939 habemus.
1738 1910 1773 1939 Et
1795 1915 1838 1940 est
1861 1911 1932 1940 mira

1131 1956 1312 1992 comparatio;
1337 1959 1367 1984 ut
1386 1957 1462 1985 navis
1479 1956 1600 1984 Ecclesia
1627 1956 1812 1992 intelligatur;
1836 1966 1930 1991 mare,

1130 2013 1249 2042 praesens
1263 2004 1391 2033 steculum
1401 2013 1407 2037 ;
1418 2003 1544 2039 procella:
1558 2003 1685 2032 ﬂuctuum
1698 2008 1725 2032 et
1740 2008 1930 2041 tempestates,

1131 2051 1317 2080 lribulationes
1327 2059 1359 2079 ac
1373 2051 1575 2087 persecutiones
1596 2051 1677 2085 hujus
1687 2051 1794 2085 smculi;
1809 2052 1850 2080 vis
1863 2060 1930 2080 ven-

1131 2104 1231 2132 torum,
1251 2097 1395 2126 contrarim
1413 2101 1571 2133 potestates.
1599 2097 1702 2131 Quibus
1719 2098 1816 2131 collisi,
1836 2103 1863 2126 et
1888 2107 1932 2135 ap-

1130 2145 1201 2184 pulsi
1214 2153 1289 2182 spem
1303 2150 1425 2173 nostram
1439 2144 1596 2181 projicimus
1610 2144 1683 2171 velut
1693 2144 1860 2178 anchoram;
1877 2154 1930 2174 non

1131 2192 1165 2220 ad
1181 2199 1292 2219 arenam
1307 2190 1401 2224 maris,
1414 2189 1460 2218 sed
1486 2190 1520 2217 ad
1545 2189 1700 2224 Christum;
1715 2190 1785 2218 utin
1812 2199 1858 2225 eo,
1882 2193 1930 2227 qui

1131 2242 1172 2265 est
1185 2241 1262 2272 petra
1277 2236 1443 2269 ﬁrmissima,
1464 2235 1561 2271 ﬁgatur
1576 2241 1604 2264 et
1625 2235 1778 2269 solidetur;
1796 2245 1881 2272 quam
1895 2238 1931 2265 si-

1131 2288 1177 2311 cut
1192 2282 1339 2310 anchoram
1367 2281 1464 2309 animm
1489 2281 1621 2309 habemus
1641 2285 1725 2309 tutam
1748 2290 1780 2310 ac
1804 2283 1931 2311 ﬁrmissi-

1131 2337 1213 2357 mam.
1227 2327 1352 2355 Anehora
1367 2335 1511 2363 namquea
1533 2327 1646 2361 Graeco;
1674 2328 1746 2363 quod
1767 2333 1810 2356 est
1830 2330 1930 2357 anehir

1131 2374 1277 2402 derivatur.
1292 2372 1395 2401 Auchir
1404 2373 1503 2408 quippe
1522 2381 1615 2400 manus
1633 2373 1830 2409 interpretatur
1854 2384 1862 2402 :
1892 2376 1928 2404 ita

1130 2427 1161 2450 ut
1173 2422 1240 2450 sicut
1253 2429 1348 2449 manus
1363 2420 1473 2457 colligit,
1486 2425 1513 2449 et
1530 2421 1702 2457 constringit,
1714 2422 1834 2450 anchora
1850 2423 1929 2450 colli-

1131 2476 1203 2506 gere,
1219 2468 1260 2495 vel
1273 2467 1461 2503 constringere
1478 2474 1589 2495 arenam
1607 2467 1748 2501 videatur;
1763 2472 1791 2495 et
1807 2468 1872 2496 inde
1889 2474 1930 2497 est

1129 2515 1201 2551 quod
1216 2515 1253 2542 ita
1269 2514 1423 2542 nominatur
1438 2523 1445 2542 :
1462 2514 1508 2542 sed
1526 2522 1607 2549 quam
1620 2514 1688 2542 bene
1698 2522 1762 2550 spes
1774 2520 1870 2543 nostra
1884 2524 1928 2543 an-

1129 2562 1211 2590 chora
1224 2562 1334 2594 dicitur,
1359 2565 1390 2589 ut
1410 2561 1819 2597 quodcunqueconstringimus
1830 2569 1926 2597 opera-

1131 2609 1216 2641 tione,
1229 2607 1354 2636 Christus
1366 2607 1418 2640 sit;
1433 2615 1483 2643 pro
1502 2606 1578 2641 Cujus
1592 2614 1684 2634 amore
1709 2607 1790 2634 etiam
1805 2614 1857 2634 nos
1881 2614 1925 2634 su-

1129 2654 1383 2690 perimpendimus:
1404 2657 1432 2680 et
1442 2653 1621 2689 quodcunque
1648 2652 1813 2687 colligimus.
1842 2652 1871 2679 in
1895 2659 1926 2679 eo

1130 2701 1229 2738 ﬁgatur
1240 2708 1328 2733 mens,
1340 2703 1369 2727 ut
1379 2699 1437 2735 ipse
1447 2699 1484 2727 sit
1496 2706 1557 2735 spes
1579 2702 1685 2731 nostra,
1705 2698 1775 2726 sicut
1805 2697 1927 2732 Prophe-

1130 2751 1156 2774 ta
1168 2747 1241 2775 canit
1256 2756 1262 2774 :
1281 2746 1344 2782 Spes
1357 2754 1416 2773 mea
1437 2745 1564 2772 Dominus
1584 2744 1747 2778 ajut'enlute
1763 2747 1822 2770 mea
1835 2742 1923 2778 (Psal.

1130 2800 1193 2827 Lxx,
1207 2793 1234 2828 5)
1250 2801 1259 2820 :
1273 2796 1407 2828 quatenus
1421 2792 1455 2819 ab
1467 2799 1509 2823 eo,
1522 2790 1603 2818 nullis
1630 2789 1789 2818 divellamur
1800 2790 1926 2818 tentatio—

1129 2847 1192 2867 num
1204 2838 1340 2867 ﬂuctibus.
1357 2838 1468 2874 Ligatur
1481 2841 1571 2865 autem
1585 2837 1651 2866 fune
1664 2836 1738 2870 ﬁdei,
1756 2841 1785 2864 et
1808 2837 1926 2865 charita-

1128 2885 1173 2919 tis,
1186 2885 1281 2920 hisque
1296 2885 1449 2914 contexitur
1462 2883 1598 2920 funiculus
1617 2883 1777 2920 triplex,qu
1792 2883 1822 2911 in
1845 2881 1924 2911 Salo-
