4148 6344
265 382 400 440 1657

1197 377 1288 440 DE
1317 378 1496 447 FIDE,
1539 380 1666 439 SPE
1705 379 1794 438 ET
1833 377 2252 439 CHARITATE.
2289 412 2358 426 —-
2391 383 2520 441 LIB.
2558 384 2622 442 ll.

3386 374 3525 454 ms

257 507 418 556 itione
439 495 660 566 difﬁcile
682 495 946 566 rumpitur
965 493 1153 559 (Eneti.
1188 509 1262 564 tv,
1288 497 1398 569 i2),
1429 511 1537 568 quo
1563 499 1746 554 anima
1772 501 1838 553 ad
1867 503 1913 562 Α
1946 504 2122 560 ximus
2154 516 2179 544 ο
2210 519 2310 575 per
2340 506 2686 576 baptismum,
2718 507 2878 563 sicuti
2920 518 2975 564 et
3013 512 3310 584 consepulti
3335 529 3526 573 sumus

255 592 532 648 Christum
553 590 742 660 juncta
763 587 1043 655 solidatur,
1091 597 1147 644 et
1182 589 1344 645 nullis
1393 589 1668 646 dirimitur
1719 591 1839 647 illu-

253 682 519 740 sionibus.
545 679 688 736 Nihil
727 680 874 736 enim
893 681 1118 747 certius,
1147 695 1310 751 quam
1330 693 1451 751 quas
1477 695 1642 737 manu
1693 688 1841 738 tene-

253 784 420 830 mus:
461 785 623 828 manu
651 779 832 830 autem
867 769 1004 842 spei,
1047 785 1168 842 quas
1213 781 1298 828 est
1356 774 1593 828 anchora
1645 774 1840 830 anima:

251 873 395 930 tuta,
458 863 710 920 Christus
762 873 976 920 tenetur
1035 872 1093 919 et
1136 865 1546 936 constringitur,
1607 866 1674 921 de
1715 849 1840 936 quo

252 969 450 1030 sponsa
483 958 538 1011 in
591 956 876 1014 Cantiols:
935 956 1141 1023 Inueni,
1209 958 1403 1028 inquit,
1456 973 1598 1025 eum,
1659 958 1838 1014 tenebo

245 1067 391 1117 eunt,
432 1063 522 1105 nec
550 1051 814 1103 dimittam
851 1047 1001 1104 illum
1031 1048 1210 1120 (Cant.
1240 1065 1328 1117 ιιι,
1357 1050 1434 1121 4).
1473 1051 1711 1116 Tenebo,
1740 1051 1834 1118 ait,

247 1145 441 1216 quavis
497 1157 692 1206 manli,
747 1141 852 1198 nisi
921 1157 1086 1197 manu
1135 1143 1282 1212 spei,
1338 1155 1443 1213 qua
1507 1143 1837 1200 seminamus

249 1245 440 1292 euntes
469 1249 565 1306 per
588 1235 768 1299 iidem,
820 1242 875 1289 et
914 1233 1102 1290 ﬂentes
1133 1249 1229 1305 per
1263 1236 1611 1292 desiderium.
1653 1235 1835 1292 Semi-

247 1345 442 1387 namus
471 1338 652 1384 autem
681 1329 735 1384 in
766 1343 896 1400 spe;
925 1329 1066 1384 sicut
1096 1331 1293 1395 omnis,
1325 1331 1418 1400 qui
1448 1339 1567 1386 arat
1606 1332 1838 1387 semina-

245 1427 346 1488 vit,
382 1425 434 1478 in
459 1423 606 1478 nullo
631 1423 918 1488 nutantes;
959 1425 1087 1494 quia
1125 1433 1372 1480 tenemus
1409 1439 1555 1490 eum,
1607 1434 1661 1480 et
1712 1441 1832 1481 ma-

243 1531 442 1571 nemus
461 1516 514 1570 in
539 1515 654 1581 illo,
678 1516 732 1570 in
756 1529 865 1586 quo
897 1515 989 1586 qui
1028 1524 1208 1572 manet
1251 1515 1485 1573 fructum
1525 1517 1630 1573 fert
1661 1519 1832 1588 pluri-

243 1617 414 1664 mum.
453 1608 604 1664 Unde
631 1608 880 1664 hortatur
911 1609 1198 1679 Apostolus
1229 1628 1241 1664 :
1277 1609 1564 1665 Teneamus
1607 1611 1834 1682 proposi-

243 1711 352 1756 tum
373 1715 534 1770 spem,
567 1699 821 1770 quoniam
853 1701 906 1754 in
929 1700 1284 1771 Christospes
1308 1709 1492 1757 nostra
1513 1703 1692 1758 omnis
1715 1719 1833 1774 pro-

242 1795 418 1865 posita
445 1800 546 1857 est,-
581 1803 740 1862 quem
767 1793 1047 1863 proposuit
1073 1794 1227 1849 nobis
1257 1793 1400 1850 Deus
1441 1794 1605 1851 Pater
1646 1798 1830 1868 propi-
1870 1855 1882 1868 _,

1939 597 2015 654 iiii
2051 611 2148 669 per
2193 607 2443 656 mortem.
2472 600 2594 656 ideo
2637 601 2753 657 haec
2781 603 2980 670 omnia,
3032 620 3126 676 spe
3171 606 3348 674 ﬂrma,
3397 624 3526 665 vera

1940 698 1995 746 et
2021 692 2163 758 viva,
2195 692 2350 748 nobis
2387 692 2584 748 donata
2608 703 2868 760 tenemus,
2902 705 3147 755 tenentes
3174 709 3354 757 autem
3383 700 3527 758 hanc

1939 785 2270 856 propositam
2303 800 2472 856 spem,
2503 786 2600 841 tuti
2630 802 2693 843 ac
2724 788 2902 843 securi
2939 803 3153 858 sumus;
3185 795 3440 864 quoniam
3471 793 3526 850 in

1939 876 2157 933 Christo
2182 893 2300 932 eam
2337 877 2618 944 habemus,
2654 881 2708 934 in
2731 896 2838 950 quo
2865 891 3059 937 cuncta
3089 886 3377 941 credimus.
3408 864 3557 958 ipse.

1940 985 2173 1040 namque
2217 979 2298 1026 est
2321 973 2716 1042 sperandorum
2741 974 3070 1040 substantia,
3101 991 3262 1045 quam
3296 977 3401 1032 lide
3436 987 3529 1033 ae-

1939 1063 2278 1133 quisirimus,
2327 1064 2451 1120 licet
2479 1063 2761 1120 diﬂ‘eratur
2789 1067 2842 1120 in
2888 1079 2985 1132 re;
3034 1076 3088 1121 et
3133 1067 3254 1123 ideo
3283 1077 3392 1123 tam
3432 1085 3526 1140 pa-

1939 1151 2158 1221 tienter,
2195 1169 2314 1224 quae
2356 1154 2471 1224 jam
2522 1156 2647 1210 data
2699 1161 2845 1222 sunt,
2884 1157 3062 1214 devoti
3123 1171 3524 1230 exspectamus.

1935 1246 2054 1319 ipse
2075 1257 2161 1304 est
2187 1263 2326 1304 verte
2366 1245 2559 1304 futura:
2584 1247 2990 1319 pollicitationis
3020 1250 3304 1320 religiosus
3335 1265 3526 1308 assen-

1933 1355 2047 1405 sus,
2102 1341 2382 1410 promissas
2429 1340 2613 1412 gloriae
2668 1341 2864 1396 devota
2913 1342 3159 1408 intentio,
3213 1352 3525 1399 sanctorum

1935 1429 2202 1490 destinata
2230 1431 2252 1472 ί
2292 1435 2584 1504 possessio,
2631 1434 2893 1489 bonorum
2930 1436 3169 1490 omnium
3195 1437 3526 1506 exspectatio

1932 1525 2258 1582 futurorum.
2307 1527 2364 1582 In
2415 1543 2524 1599 qua
2588 1527 2845 1584 nimirum
2883 1544 2980 1600 spe
3024 1529 3145 1586 viva
3194 1529 3522 1602 regenerati,

1932 1631 2054 1688 qua:
2106 1632 2322 1674 sursum
2366 1629 2493 1675 sunt
2542 1620 2805 1690 sapimus,
2852 1620 2943 1676 ubi
2994 1619 3103 1676 rita
3158 1630 3342 1678 nostra
3397 1637 3523 1679 cum

1932 1709 2150 1768 Christo
2195 1713 2460 1770 absconsa
2495 1723 2763 1769 servatur.
2822 1713 3057 1786 illucque
3111 1716 3377 1783 vivamus,
3429 1715 3522 1774 ubi

1933 1803 2106 1860 renati
2135 1819 2345 1860 sumus.
2381 1803 2517 1876 Spes
2539 1816 2721 1862 autem
2753 1807 2872 1862 viva
2901 1813 2957 1862 et
2987 1822 3116 1863 vera
3143 1807 3393 1864 Christus
3415 1816 3520 1876 est,

243 1887 520 1945 tiationem
556 1899 655 1970 pro
674 1887 912 1956 peccatis
943 1886 1164 1941 nostris.
1191 1885 1494 1943 Teneamus
1518 1903 1648 1959 ergo
1678 1903 1823 1957 cum,
1857 1865 1904 1931 Β
1933 1897 1986 1952 in
2015 1909 2119 1968 quo
2146 1913 2265 1968 qua;
2294 1899 2620 1970 sempiterna
2652 1910 2778 1956 sum
2804 1897 3089 1966 habemus,
3109 1901 3304 1972 qutbns
3326 1901 3521 1959 imbuti

240 1972 350 2029 imo
375 1990 594 2033 oremus
614 1975 833 2046 iugiter,
861 1986 921 2032 ut
941 1983 1222 2032 teneamur
1245 1978 1312 2033 ab
1341 1977 1450 2041 illo,
1498 1991 1660 2049 quem
1689 1981 1828 2036 sicut
1929 1995 2092 2058 atque
2115 1987 2328 2055 initiati,
2360 1987 2679 2045 festinemus
2709 1990 2917 2062 ingredi
2950 1991 3016 2046 ad
3039 1991 3284 2047 eamdem
3314 1991 3521 2064 requiei

238 2072 536 2127 aneheram
566 2072 827 2128 habemus
863 2073 1060 2128 animae
1083 2079 1276 2137 tutam,
1317 2088 1422 2143 qua
1458 2072 1709 2144 ligemur,
1755 2090 1826 2132 ne
1930 2077 2178 2148 gloriam,
2220 2078 2310 2134 ubi
2341 2093 2447 2134 non
2475 2079 2840 2151 qualicunque
2881 2081 3275 2152 promissione;
3306 2081 3523 2156 sedspe

240 2165 535 2222 areilamur
560 2165 686 2222 ullis
717 2181 970 2223 aurarum
1011 2166 1316 2231 montibus;
1346 2166 1440 2222 sed
1490 2167 1656 2224 vincti
1701 2173 1826 2238 post

238 2273 362 2315 eum
416 2268 696 2314 currentes
740 2257 1044 2316 immobiles
1091 2271 1426 2315 maneamus.
1479 2259 1606 2316 Haec
1657 2261 1820 2316 nimi-

238 2336 360 2405 rum
406 2364 529 2419 spes
576 2349 901 2406 inviolabilis
945 2358 1060 2415 est;
1112 2350 1369 2420 quoniam
1409 2351 1511 2406 etsi
1557 2365 1622 2406 ex
1666 2353 1824 2408 nobis

238 2443 557 2512 quantisper
583 2441 872 2514 aliquando
905 2440 1216 2510 diuidimus,-
1245 2445 1297 2498 in
1335 2455 1400 2499 eo
1423 2445 1546 2509 tuti,
1578 2460 1642 2500 ac
1681 2445 1823 2500 firmi

236 2547 575 2600 maneamus,
609 2549 638 2587 a
674 2549 780 2604 quo
808 2547 973 2590 manu
1005 2545 1253 2590 tenemur
1277 2545 1333 2592 et
1377 2535 1680 2592 ﬁrmamur.
1706 2537 1824 2608 ipse

234 2635 317 2681 est
342 2626 484 2681 enim
506 2627 745 2682 anchora
768 2635 976 2694 nostra,
1003 2643 1106 2698 qua
1125 2628 1385 2700 ligamur;
1417 2629 1483 2684 de
1506 2645 1610 2700 qua
1639 2645 1820 2697 nemo,

235 2718 328 2787 qui
379 2716 549 2789 possit
596 2731 696 2774 nos
749 2717 966 2774 auferre
1019 2737 1032 2773 :
1088 2725 1331 2776 tenemus
1393 2727 1572 2777 autem
1641 2721 1820 2788 illam,

233 2816 289 2864 et
313 2816 595 2875 tenemur;
626 2808 720 2864 sed
751 2808 927 2879 majus
955 2821 1038 2866 est
1064 2812 1206 2880 quod
1244 2817 1496 2867 tenemur
1520 2829 1550 2866 a
1582 2811 1820 2879 Christo,-

233 2919 401 2976 quam
447 2904 571 2975 quia
609 2915 634 2944 ει
673 2912 951 2973 tenemus;
981 2921 1046 2960 eo
1071 2906 1215 2977 quod
1247 2907 1432 2978 tandiu
1459 2914 1642 2963 tenere
1672 2907 1820 2963 illum

234 3010 542 3068 possumus,
592 2998 829 3068 quandiu
862 2999 929 3054 ab
974 2998 1063 3054 Illo
1108 3005 1374 3056 tenemur.
1434 2995 1821 3056 Verumtamen

237 3098 518 3145 teneamus
580 3103 804 3146 necesse
865 3097 988 3157 εει,
1054 3095 1115 3146 ιιι
1184 3101 1498 3158 teneamur,
1555 3101 1823 3165 quatenus

233 3184 362 3242 hinc
404 3185 526 3240 inde
564 3183 726 3239 nullis
758 3184 1142 3254 abrumpamur
1173 3183 1441 3240 lluctihus.
1500 3185 1670 3241 Porro
1699 3201 1822 3256 spes

233 3283 418 3341 nostra
461 3277 707 3334 Christus
760 3285 861 3345 est,
908 3285 962 3333 et
1000 3287 1094 3350 per
1142 3278 1414 3335 Christum
1461 3263 1722 3352 quidquid
1764 3281 1817 3336 in

233 3369 327 3426 illo
372 3368 528 3426 nobis
576 3371 960 3446 repromissum
1004 3377 1102 3435 cst,
1155 3370 1288 3425 nihil
1317 3371 1460 3425 aliud
1515 3380 1816 3442 sperantes,

234 3478 395 3534 quam
418 3469 535 3540 quae
558 3457 626 3519 ab
655 3462 764 3530 illo,
790 3473 844 3519 et
873 3464 923 3518 in
951 3457 1043 3519 lilo
1065 3463 1411 3519 credentibus
1441 3472 1568 3519 sunt
1595 3465 1812 3520 donata.

234 3555 512 3627 Siquidem
534 3555 664 3612 illud
688 3564 878 3622 tutum,
905 3558 1046 3627 quod
1073 3555 1214 3614 Deus
1234 3561 1315 3613 est
1337 3557 1515 3626 Pater,
1543 3563 1596 3613 et
1623 3553 1811 3626 Filius,

230 3661 397 3724 atque
444 3649 676 3722 Spiritus
723 3657 942 3707 Sanctus
994 3660 1141 3714 recte
1193 3665 1491 3723 speramus.
1555 3651 1816 3726 Speratur

232 3753 416 3802 autem
455 3751 508 3800 et
528 3743 708 3800 carnis
731 3743 1089 3811 resurrectio,
1118 3757 1330 3800 necnon
1362 3753 1417 3799 et
1443 3745 1555 3799 vita
1579 3753 1814 3811 aeterna;

233 3847 397 3910 atque
419 3833 834 3894 interminabilis
864 3837 920 3894 in
945 3837 1164 3895 Christo
1188 3837 1496 3903 beatitudo;
1551 3839 1814 3909 quoniam

230 3927 348 3993 inec
365 3930 544 3986 omnia
573 3946 669 4004 per
699 3930 874 4002 ipsum
917 3937 971 3984 et
1011 3929 1078 3983 ab
1105 3929 1222 4000 ipso
1254 3929 1450 3986 donata
1476 3934 1601 3983 sunt
1637 3929 1810 3986 nobis.

231 4021 541 4080 Creduntur
567 4031 744 4077 autem
768 4021 885 4076 hinc
918 4020 1097 4075 omnia
1125 4021 1298 4090 prius,
1328 4019 1528 4076 idcirco
1553 4018 1674 4089 jure
1699 4037 1818 4092 spe-

231 4111 442 4170 rantur.
465 4112 772 4168 Creduntur
793 4113 936 4181 quod
988 4120 1133 4177 sunt,
1171 4110 1364 4166 deinde
1402 4120 1690 4182 Sperantur
1720 4125 1818 4182 per

232 4207 531 4270 Christum,
554 4206 679 4275 quia
709 4205 734 4244 δ
761 4205 955 4259 donata
981 4211 1140 4268 sunt;
1165 4210 1219 4256 et
1243 4203 1358 4258 haec
1378 4212 1461 4259 est
1481 4219 1606 4273 spes
1631 4211 1815 4260 nostra

230 4301 376 4365 viva,
405 4299 470 4353 de
485 4314 593 4368 qua
611 4297 1042 4369 Apostolusmui
1061 4298 1400 4369 regsuet‘aoit,
1433 4297 1626 4373 inquit,
1655 4298 1708 4350 in
1729 4314 1817 4368 spe

231 4393 345 4449 rivo
387 4389 446 4462 (Ι
477 4389 622 4448 Petr.
656 4405 695 4455 ι,
749 4388 826 4460 5).
891 4387 1024 4444 \‘iva
1060 4389 1244 4460 utique
1289 4397 1344 4443 et
1382 4403 1529 4454 vera,
1560 4388 1814 4460 quoniam

233 4484 480 4541 Christus
532 4483 643 4538 vita
694 4489 747 4536 et
791 4479 991 4538 veritas
1034 4489 1135 4538 est.
1193 4479 1504 4538 Maneamus
1552 4480 1716 4552 igitur
1762 4483 1815 4538 in

231 4575 516 4640 eadem,in
540 4588 644 4645 qua
664 4573 836 4630 renati
866 4588 1080 4636 sumus;
1106 4573 1359 4640 quoniam
1385 4584 1406 4611 ε
1450 4573 1507 4626 in
1539 4589 1633 4643 spe
1666 4573 1811 4638 viva,

232 4678 284 4724 et
315 4666 545 4724 necdum
593 4665 646 4719 in
691 4679 747 4719 re
795 4679 998 4720 sumus.
1028 4655 1096 4716 Et
1125 4661 1252 4732 quia
1279 4659 1507 4716 necdum
1539 4661 1592 4715 in
1626 4677 1706 4726 re,
1737 4661 1816 4715 id-

230 4761 379 4818 circo
434 4756 776 4827 adoptionem
823 4755 1052 4810 filiorum
1097 4760 1477 4824 exspectantes
1509 4767 1811 4825 speramus,

135 4871 141 4875 '
230 4869 397 4923 quam
417 4851 531 4924 jam
555 4851 607 4904 in
633 4866 726 4922 spe
753 4845 1112 4922 percepimus,
1153 4845 1434 4910 habemus,
1459 4851 1515 4899 et
1549 4847 1811 4902 tenemus.

232 4944 504 5006 Tenentes
535 4949 713 5004 autent
750 4941 816 5000 de
856 4935 946 4993 ilia
981 4937 1157 4998 securi
1207 4952 1422 5002 sumus;
1469 4937 1723 5012 quoniam”
1750 4936 1816 4993 de‘

231 5040 322 5096 his
369 5053 490 5109 qua:
540 5037 738 5097 donata
778 5042 902 5090 sunt
953 5032 1110 5092 nobis
1158 5032 1212 5088 in
1258 5029 1476 5088 Christo
1514 5029 1626 5100 jam
1681 5029 1815 5085 certi

232 5145 439 5186 sumus.
468 5129 620 5188 Unde
639 5136 693 5186 et
721 5134 942 5184 orantes
970 5124 1198 5180 dicimus
1230 5139 1244 5176 :
1278 5119 1440 5176 Pater
1485 5131 1680 5187 noster,
1730 5120 1820 5192 qui

233 5241 288 5282 es
311 5225 364 5277 in
385 5221 546 5278 caelis.
577 5207 688 5275 Etsi
717 5219 893 5272 adhuc
924 5217 979 5269 in
1008 5228 1067 5267 re
1096 5210 1121 5251 ά
1149 5211 1378 5266 necdum
1405 5226 1610 5276 sumus,
1640 5215 1817 5265 tamen

233 5318 290 5376 in
321 5331 415 5388 spe
459 5312 572 5382 jam
607 5328 726 5374 esse
766 5309 1049 5380 coepimus,
1103 5303 1364 5388 quidquid
1393 5301 1557 5358 futuri
1610 5305 1815 5358 sumus.

231 5409 292 5472 lu
322 5386 417 5479 spe
450 5405 736 5478 siquidem,
781 5404 922 5458 sicut
963 5399 1038 5454 ait
1065 5386 1376 5474 Apostolus,
1401 5396 1516 5466 jam
1541 5395 1817 5450 consedere

233 5514 329 5558 nos
354 5498 476 5570 fecit
526 5499 580 5557 in
626 5493 912 5562 cwlestibus
958 5489 1118 5565 (Eph.
1154 5505 1215 5558 tt,
1245 5485 1324 5562 6),
1365 5486 1476 5559 jam
1524 5499 1812 5542 consurre-

310 5664 334 5692 ι
356 5651 524 5716 Edit.,
549 5668 684 5722 quae.

310 5723 338 5762 ι)
365 5723 533 5786 Edit.,
561 5740 697 5792 qum.

311 5803 334 5832 ο
360 5793 417 5848 In
441 5784 583 5848 editf
597 5793 935 5849 desideratur
968 5805 981 5846 :
1013 5789 1276 5857 Quoniam
1298 5789 1460 5860 ittspe
1491 5784 1600 5844 viva
1627 5789 1676 5844 et
1703 5799 1821 5848 nec-

234 5863 366 5923 dum
393 5867 447 5920 in
470 5880 522 5920 re
551 5881 750 5920 sumus.

1925 2170 2050 2226 viva
2071 2170 2404 2227 renascendo
2421 2171 2764 2228 intravimus.

2556 2300 2788 2360 CAPUT
2823 2303 2889 2363 ll.

2285 2412 2426 2480 Quid
2454 2413 2522 2474 sit
2551 2415 2690 2474 inter
2721 2431 2864 2486 spem
2894 2425 2944 2474 et
2977 2417 3159 2488 ﬁdem.

1997 2523 2052 2578 i.
2080 2521 2339 2590 maturis
2364 2522 2528 2594 igitur
2545 2537 2668 2594 spes
2689 2534 2917 2597 cognata
2945 2528 3014 2582 sit
3043 2528 3190 2595 ﬁdei,
3219 2537 3276 2587 et
3293 2531 3517 2602 propin-
3571 2574 3584 2580 ς

1927 2613 2116 2684 qult‘ss
2147 2614 2425 2680 credendi,
2461 2615 2534 2670 ita
2561 2624 2620 2670 ut
2655 2631 2761 2671 una
2789 2631 2978 2674 earum
3003 2619 3119 2675 sine
3164 2621 3334 2677 altera
3371 2631 3520 2678 stare

1926 2715 2033 2761 non
2059 2707 2258 2777 possit;
2290 2715 2474 2762 tamen
2511 2707 2893 2779 distinguenda
2925 2721 3010 2766 est
3051 2710 3220 2768 altera
3253 2713 3320 2768 ab
3344 2713 3518 2770 altera

1924 2802 2060 2858 sicut
2092 2799 2375 2866 vocabulo,
2393 2802 2472 2857 ita
2491 2803 2798 2860 rationabili
2822 2803 3148 2862 differentis.
3163 2805 3444 2875 Quatenus
3464 2816 3520 2866 et

1924 2902 2049 2966 spes
2085 2893 2193 2950 fide
2211 2893 2492 2961 solidetur,
2523 2904 2579 2951 et
2613 2895 2770 2964 ﬁdes,
2799 2911 2896 2966 spe
2921 2905 3096 2964 certa,
3120 2897 3326 2967 iugiter
3357 2900 3429 2954 sd
3452 2913 3519 2956 ea

1923 2995 2047 3055 quas
2069 2986 2402 3054 ssttipiterna
2426 2992 2616 3042 suntet
2633 3001 2740 3041 non
2765 2987 3044 3055 videntur,
3073 2987 3403 3060 subrigitur.
3423 2989 3522 3046 Est

1925 3078 2074 3134 enim
2097 3093 2286 3134 earum
2326 3079 2504 3150 prima
2551 3078 2876 3148 differentia,
2921 3081 3068 3152 quod
3120 3083 3330 3153 sperari
3370 3089 3522 3140 recte

1924 3172 2061 3228 nihil
2081 3181 2277 3245 potest,
2305 3171 2409 3228 nisi
2444 3172 2588 3243 quod
2637 3181 2787 3229 recte
2835 3173 3097 3240 creditur,
3147 3181 3328 3230 tamen
3367 3173 3519 3232 credi

1847 3237 1893 3305 α
1923 3237 2520 3335 potest,quodomnino
2533 3277 2640 3319 non
2672 3272 2959 3336 speratur:
2987 3237 3110 3335 quis
3134 3277 3369 3336 namque
3385 3264 3518 3320 iidso

1920 3352 2051 3410 lium
2073 3363 2178 3421 est,
2193 3357 2282 3424 qui
2305 3369 2494 3425 poenas
2519 3362 2574 3411 et
2595 3355 2856 3426 supplicia
2873 3371 2980 3410 non
2994 3356 3169 3412 credit
3184 3355 3476 3427 impiorum
3495 3369 3513 3421 ς

1920 3455 2102 3504 tamen
2130 3449 2157 3488 ⁸
2184 3463 2282 3503 nec
2309 3455 2514 3518 Sperat,
2558 3443 2684 3503 licet
2734 3448 2958 3503 omnino
2999 3447 3226 3504 timeat?
3255 3446 3516 3519 quoniam

1919 3551 2044 3611 spes
2059 3540 2396 3596 solummodo
2408 3540 2671 3594 bonarum
2698 3553 2879 3595 rerum
2893 3548 2970 3595 est
2984 3579 2998 3606 ,
3017 3540 3182 3595 timor
3194 3553 3329 3594 vero
3341 3537 3516 3596 mulso

1919 3649 2059 3690 rum.
2076 3635 2216 3706 Ergo
2233 3635 2482 3706 quamvis
2511 3634 2753 3690 nonnulli
2783 3642 3008 3706 sperare
3027 3650 3126 3705 pro
3157 3633 3348 3690 timere
3365 3635 3515 3692 dixe-

1918 3729 2042 3790 rint,
2078 3737 2201 3798 spes
2233 3735 2416 3782 tamcn
2457 3741 2673 3796 semper
2697 3727 2919 3798 proprie
2959 3726 3014 3780 in
3046 3726 3203 3782 bonis
3241 3734 3344 3792 est,
3374 3726 3516 3784 sicut

1917 3833 2222 3892 quamsazpe
2251 3821 2307 3874 in
2345 3818 2501 3875 malls
2537 3833 2552 3872 :
2578 3819 2681 3874 etsi
2711 3819 2872 3872 timor
2897 3826 3114 3874 sanctus
3132 3831 3440 3889 permanens
3460 3818 3516 3872 its

1917 3912 2170 3969 sa’cuium
2191 3908 2364 3984 (Psai.
2389 3925 2544 3975 xvm,
2569 3909 2665 3980 10)
2687 3924 2780 3980 per
2805 3907 3132 3980 Prophetam
3155 3909 3388 3965 dicatur.
3413 3909 3515 3964 De-

1918 4005 2082 4076 nique
2098 4003 2231 4060 fides
2253 4019 2358 4060 non
2384 4003 2565 4058 minus
2581 4003 2843 4058 malarum
2868 4018 3071 4070 rerum,
3088 4012 3320 4073 quamet
3347 4003 3516 4060 bona-
3586 4042 3591 4048 -

1918 4113 2070 4164 rum;
2094 4097 2352 4168 quoniam
2383 4105 2437 4151 ct
2461 4096 2602 4151 bona
2633 4095 2948 4160 creduntur,
2967 4102 3022 4148 et
3053 4094 3211 4149 maia.
3241 4095 3337 4150 Est
3366 4093 3513 4150 enim

1917 4199 1971 4248 et
1998 4191 2161 4246 altera
2191 4203 2378 4244 earnm
2410 4186 2746 4252 differentia;
2778 4188 2906 4258 quia
2931 4187 3084 4254 lides,
3114 4195 3170 4240 et
3209 4188 3514 4257 prmterlta-

1919 4285 2038 4337 rnttl
2069 4283 2250 4335 reru'tn
2279 4287 2385 4346 est,
2415 4285 2471 4336 et
2516 4279 2886 4350 prtesentium,
2913 4286 2969 4335 et
2996 4279 3306 4335 futuram.»
3339 4297 3352 4334 :
3384 4295 3516 4350 prae.

1919 4373 2222 4437 teritarum,
2252 4372 2517 4444 quidquid
2537 4371 2608 4426 de
2632 4371 2902 4441 principio“
2929 4371 3110 4426 saeculi
3135 4371 3188 4425 in
3214 4369 3514 4440 Seripturis

1919 4469 2122 4523 sanctis
2144 4466 2398 4538 legimus,
2417 4477 2626 4519 necnon
2657 4471 2712 4518 et
2741 4462 3020 4518 Chrisutm
3053 4471 3348 4529 mortuum,
3367 4464 3512 4535 quod

1920 4561 2194 4633 przcterit,
2229 4559 2451 4613 omnino
2493 4558 2802 4622 credimus;
2858 4557 3228 4627 praesentium,
3280 4557 3406 4612 dum
3456 4564 3512 4612 et

1923 4657 2098 4725 ipsum
2143 4655 2330 4709 sedere
2367 4654 2436 4707 ad
2482 4652 2760 4707 dexteram
2808 4651 2991 4707 Patris
3039 4653 3184 4721 quod
3231 4663 3376 4706 nunc
3402 4658 3504 4717 est,

1923 4759 2050 4803 vera
2080 4747 2185 4800 fide
2219 4745 2442 4799 credere
2470 4759 2567 4798 nos
2608 4743 2968 4814 profitemur;
3009 4744 3312 4798 futurarum
3357 4755 3502 4807 vero,

1923 4839 2064 4910 quod
2100 4839 2385 4891 venturum
2433 4847 2556 4889 euut
2593 4832 2662 4887 ad
2692 4831 3044 4902 iudicandum
3071 4833 3218 4887 vivos
3262 4838 3318 4886 et
3363 4845 3510 4886 mor-

1924 4939 2062 4992 tuos,
2090 4939 2298 4984 necnon
2324 4934 2377 4982 et
2402 4927 2581 4983 carnis
2610 4931 2810 4983 nostra:
2838 4925 3296 4983 resurrectionem
3320 4925 3511 4994 prOcni

1923 5023 2086 5077 dubio
2113 5020 2382 5077 credendo
2424 5021 2801 5090 praedicamus.
2836 5018 2905 5074 At
2952 5033 3081 5073 vero
3133 5033 3258 5088 spes
3307 5017 3510 5072 solum-

1921 5117 2082 5173 modo
2151 5114 2456 5169 lbttlrarum
2505 5123 2610 5181 est,
2669 5123 2722 5169 et
2770 5113 3037 5168 bonarum
3095 5123 3274 5168 rerum
3325 5131 3340 5166 :
3401 5127 3508 5166 non

1922 5217 2103 5264 autem
2171 5203 2376 5282 aliquid
2422 5207 2525 5263 nisi
2573 5207 2639 5262 (le
2686 5206 2870 5260 futuro
2919 5219 3132 5276 semper
3183 5220 3507 5275 speramus;

1921 5301 2167 5374 quamvis
2219 5299 2354 5356 ﬁdes
2411 5297 2515 5355 tria
2574 5299 2627 5354 in
2695 5299 2968 5354 credendo
3033 5299 3236 5370 iugiter
3281 5305 3509 5368 occupet

1919 5403 2162 5467 tempora
2193 5412 2206 5448 :
2237 5389 2372 5450 ﬁdes
2413 5405 2647 5462 namque
2678 5391 2930 5461 quantivis
2971 5391 3042 5445 ad
3090 5392 3190 5445 tria
3222 5406 3282 5447 se
3323 5407 3510 5462 superv

1926 5487 2184 5543 extendat
2214 5488 2457 5559 tempora
2504 5482 2791 5548 credendi;
2848 5497 2954 5538 non
2999 5483 3104 5538 nisi
3142 5497 3382 5554 pnesens
3427 5487 3512 5542 est

1999 5640 2025 5679 ά
2065 5641 2231 5705 Edit.,
2252 5641 2397 5710 jure.

2005 5723 2028 5752 ο
2069 5711 2235 5777 Edit.,
2256 5711 2373 5780 jam
2394 5711 2834 5766 consurreximus.

2013 5781 2031 5820 ί
2075 5783 2242 5848 Edit.,
2273 5783 2540 5836 distincta.

2011 5856 2037 5897 ⁸
2074 5853 2242 5924 Edit.,
2267 5870 2384 5926 qua:
2408 5862 2599 5912 tamen.
