4148 6344
624 365 765 421 ίιὸθ

1420 356 1478 411 S.
1516 352 1871 410 PASCHASII
1916 351 2261 408 BADBERTI
2293 351 2584 408 ABBATIS
2620 346 3068 406 CORBEIENSIS

3750 345 3896 402 14ιο

616 474 779 540 ﬁdes;
811 470 950 528 sicut
973 479 1169 525 etcum
1191 465 1331 522 mala
1353 464 1643 529 credimus,
1658 477 1874 535 semper
1899 463 2025 519 dum
2054 471 2202 519 recte
2228 465 2280 525 Α
2302 463 2332 503 ἀ
2356 479 2476 534 qum
2495 463 2650 519 nobis
2672 471 2901 534 possunt
2923 460 3155 517 amando
3182 459 3517 531 contingere.
3550 459 3649 516 Est
3676 470 3905 533 preter-

617 566 879 632 creditur,
910 564 1050 620 bona
1092 570 1178 616 est
1216 558 1370 615 ﬁdes.
1400 556 1654 627 Alioquin
1682 554 1976 626 unicuique
2020 554 2069 609 si
2097 568 2206 610 non

615 674 857 738 praesens
899 657 994 723 sit,
1036 652 1204 710 fuisse
1251 650 1385 707 nihil
1432 649 1685 721 prodest;
1743 647 1917 704 donec
1959 646 2207 702 veritatis

614 736 755 809 visio
777 752 1026 811 evacuet,
1050 742 1193 815 quod
1214 757 1282 798 ex
1316 747 1473 811 parte
1505 748 1625 805 est,
1671 746 1728 793 et
1749 752 1942 793 verum
1966 736 2208 791 invenia-

616 855 727 912 tur,
758 840 904 914 quod
950 840 1006 895 in
1036 837 1141 893 ﬁde
1174 845 1277 891 est.
1305 832 1459 891 Unde
1484 832 1611 903 quia
1637 845 1767 887 vera
1791 872 1807 898 ,
1855 843 2070 900 semper
2089 842 2207 883 cre-

619 935 771 993 denti
801 934 946 989 bona
975 938 1059 985 est
1087 927 1243 984 ﬁdes.

688 1026 745 1081 2.
784 1024 956 1080 Porro
985 1034 1177 1078 earum
1204 1018 1310 1074 alia
1354 1017 1532 1073 adhuc
1580 1014 1887 1072 differentia
1932 1022 2039 1079 est,
2073 1028 2210 1085 quo-

618 1119 767 1177 niam
805 1131 929 1186 spes
956 1126 1232 1183 nunquam
1261 1110 1379 1166 sine
1409 1122 1593 1163 amore
1638 1114 1742 1162 est.
1770 1104 1904 1161 ﬁdes
1950 1119 2083 1160 vero
2120 1104 2209 1159 in-

618 1214 833 1270 terdum
881 1210 1063 1283 potius
1110 1208 1305 1263 timore
1350 1202 1650 1276 premitur,
1690 1214 1854 1271 quam
1904 1213 2091 1255 amore
2135 1198 2210 1255 le-

618 1315 795 1363 vetur.
844 1305 922 1360 De
974 1318 1081 1374 qua
1138 1314 1268 1356 sane
1315 1298 1421 1353 ﬁde
1464 1295 1697 1352 Jacobus
1751 1293 2027 1364 apostolus
2085 1293 2205 1348 ait:

620 1395 775 1463 Quod
824 1406 850 1434 ιι
891 1402 939 1448 et
985 1392 1247 1447 daemones
1271 1388 1487 1443 credant
1524 1396 1573 1441 et
1617 1384 2018 1440 contremiscunt
2063 1382 2208 1455 (Jac.

619 1503 679 1553 ιι,
720 1486 843 1557 19),
888 1485 979 1556 qui
1008 1484 1229 1540 omnino
1277 1496 1378 1537 nec
1408 1486 1653 1551 sperant,
1701 1492 1804 1533 nec
1829 1483 2031 1531 amant.
2100 1474 2210 1532 Sed

617 1580 1055 1638 Christianorum
1097 1576 1234 1632 ﬁdes
1273 1590 1338 1631 ea
1377 1584 1501 1639 est,
1549 1589 1669 1645 quae
1714 1586 1812 1644 per
1864 1570 2213 1627 dilectionem

616 1681 892 1743 operatur,
923 1686 1045 1741 quae
1071 1684 1345 1739 nunquam
1376 1668 1492 1722 sine
1521 1680 1616 1736 spe
1646 1672 1809 1735 atque
1839 1678 2025 1718 amore
2063 1663 2214 1717 inve-

617 1767 785 1825 nitur.
816 1765 971 1823 Unde
998 1764 1073 1819 illi
1105 1762 1423 1826 formidant,
1452 1774 1551 1815 nos
1600 1764 1885 1828 sperantes
1932 1769 2209 1820 amamus;

2306 572 2369 614 ea
2389 556 2606 628 quando
2628 571 2697 612 ex
2716 572 2818 612 usu
2836 569 3224 626 nonnunquam
3258 561 3315 609 et
3336 553 3470 611 ﬁdes
3498 569 3687 610 earum
3716 571 3909 612 rerum

2305 648 2505 705 dicitur
2532 663 2651 719 qua:
2670 648 2953 715 videntur;
2992 660 3116 716 spes
3134 657 3265 700 vero
3284 644 3501 701 nonnisi
3530 644 3903 714 solummodo,

2306 751 2448 799 teste
2475 741 2753 813 Apostolo,
2783 758 2907 813 quae
2946 756 3055 797 non
3083 740 3373 806 videntur;
3403 739 3655 812 quamvis
3684 750 3745 795 et
3785 740 3907 811 ipse

2306 833 2469 890 ﬁdem
2493 833 2714 888 deﬁniat
2742 847 2865 888 esse
2887 838 3253 902 argumentum
3292 846 3468 884 rerum
3497 846 3604 885 non
3631 847 3902 901 apparen-

2308 926 2437 981 tium
2460 944 2480 983 :
2511 935 2886 983 verumtamen
2924 925 3147 996 quando
3174 925 3400 996 quisque
3424 940 3533 980 non
3560 924 3773 991 verbis,
3796 940 3910 981 non

2308 1018 2490 1084 rebus,
2539 1032 2645 1073 non
2687 1016 2919 1087 denique
2966 1016 3093 1072 ullis
3144 1024 3585 1088 argumentorum
3635 1016 3905 1081 nexibus,

2308 1107 2404 1162 sed
2428 1106 2776 1177 praesentium
2810 1121 2991 1162 rerum
3017 1104 3289 1161 evidentia
3318 1105 3634 1171 credidisse,
3676 1106 3785 1162 hoc
3823 1114 3913 1162 est

2311 1198 2473 1255 ﬁdem
2499 1200 2940 1257 accommodasse
2967 1199 3169 1255 dicitur
3194 1215 3209 1254 :
3244 1214 3352 1255 non
3376 1201 3452 1255 ita
3479 1201 3781 1257 absurdum
3821 1202 3911 1258 vi-

2311 1292 2487 1359 detur,
2520 1301 2579 1347 ut
2608 1302 2754 1349 recte
2778 1293 3210 1363 reprehendatur
3242 1293 3296 1347 in
3324 1292 3521 1359 verbo,
3564 1294 3729 1363 eique
3758 1295 3917 1350 dica-

2313 1389 2443 1438 tur:
2486 1382 2682 1439 Vidisti
2728 1399 2857 1455 ergo
2902 1392 3093 1439 etnon
3135 1382 3379 1439 credisti.
3413 1382 3521 1439 Sed
3563 1384 3821 1454 quamvis
3857 1394 3917 1440 et

2314 1474 2417 1531 ista
2442 1476 2612 1546 possit
2638 1490 2760 1531 esse
2784 1474 3111 1541 differentia,
3142 1475 3336 1531 melius
3372 1482 3552 1531 tamen
3581 1475 3730 1531 illam
3750 1475 3917 1532 Chri-

2314 1568 2617 1623 stianorum
2650 1567 2981 1639 appellamus
3022 1567 3204 1633 ﬁdem,
3240 1582 3406 1639 quam
3456 1567 3642 1621 divina
3688 1567 3917 1638 eloquia

2316 1662 2631 1728 docuerunt,
2658 1676 2847 1717 earum
2887 1659 3096 1716 scilicet
3121 1673 3305 1716 rerum
3327 1675 3449 1731 quae
3475 1674 3586 1714 non
3610 1659 3912 1726 videntur;

2317 1754 2394 1809 sic
2421 1753 2603 1823 itaque
2630 1760 2686 1808 et
2707 1767 2831 1823 spes
2857 1751 3172 1807 earumdem
3192 1748 3557 1807 rerum.Unde
3580 1749 3912 1819 Apostolus:

615 1858 722 1915 etsi
761 1855 1079 1928 quantisper
1119 1854 1188 1909 de
1223 1866 1385 1923 pmna
1417 1825 1646 1921 peccati—
1676 1844 2209 1916 timemus,inquan-
2238 1825 2288 1888 Β
2314 1845 2445 1919 Spes
2488 1863 2607 1918 qua:
2655 1845 2862 1900 videtur
2886 1886 2902 1911 ,
2953 1861 3058 1899 non
3095 1854 3169 1899 est
3200 1859 3347 1914 spes;
3397 1844 3538 1911 quod
3584 1844 3724 1896 enim
3776 1842 3916 1897 videt

618 1958 734 2005 tum
764 1947 946 2003 minus
968 1959 1268 2016 speramus.
1298 1942 1505 1997 Idcirco
1540 1940 1723 2004 homo,
1748 1937 1933 1993 desine
1958 1949 2209 2007 peccare,

618 2055 685 2096 ac
717 2041 782 2094 de
822 2036 1112 2109 praeteritis
1136 2034 1401 2106 judicium
1454 2044 1629 2097 sume,
1665 2036 1728 2083 ut
1762 2027 1940 2098 possis
1985 2040 2213 2098 Sperare

619 2131 921 2196 credendo;
954 2128 1213 2207 quoniam
1258 2126 1400 2181 sicut
1429 2136 1530 2178 nec
1572 2136 1697 2191 spes
1744 2120 1861 2175 sine
1891 2132 2077 2175 amore
2103 2125 2210 2184 est,

621 2227 695 2281 ita
753 2238 854 2280 nec
899 2221 1197 2279 Christiani
1226 2218 1410 2288 fﬁdes,
1458 2224 1518 2272 ut
1570 2215 1641 2270 sit
1660 2228 1725 2269 ea
1765 2226 1886 2284 quae
1932 2226 2032 2282 per
2077 2210 2213 2269 dile—

618 2322 856 2377 ctionem
902 2325 1198 2389 operatur,
1243 2315 1361 2371 sine
1420 2310 1687 2367 cbaritate
1730 2329 1744 2362 ;
1790 2322 1913 2378 qua:
1950 2304 2211 2362 nimirum

618 2414 860 2471 charitas
888 2410 1035 2467 foras
1059 2409 1229 2466 mittit
1264 2408 1542 2469 timorem,
1572 2411 1635 2457 ut
1662 2400 1837 2473 possit
1881 2399 2053 2471 magis
2087 2413 2211 2469 spe-

619 2520 743 2561 rare
769 2502 1176 2574 aliquisﬁquam
1222 2499 1433 2555 timere.
1476 2494 1764 2564 Nunquam
1795 2492 1960 2561 igitur
1997 2491 2211 2562 imprae.

621 2596 924 2653 sentiarum
981 2593 1222 2650 charitas
1272 2590 1393 2646 sine
1442 2603 1571 2660 spe,
1622 2585 1765 2641 sicut
1815 2598 1917 2640 nec
1962 2596 2086 2654 spes
2115 2588 2210 2637 aut

618 2691 860 2747 charitas
884 2689 1005 2745 sine
1026 2686 1153 2743 ﬁde.
1174 2685 1314 2741 Hinc
1336 2698 1465 2753 ergo
1494 2690 1599 2747 est,
1614 2680 1760 2751 quod
1789 2677 1923 2734 ﬁdes
1941 2675 2211 2733 credendo

619 2784 815 2854 quaerit
839 2797 962 2853 quae
985 2795 1094 2836 non
1118 2778 1392 2842 videntur,
1419 2783 1475 2830 et
1502 2780 1708 2829 aeterna
1736 2778 1894 2835 sunt;
1932 2780 2056 2838 spes
2081 2781 2210 2823 vero

620 2875 1000 2947 praesumendo
1035 2873 1203 2945 petit,
1230 2880 1290 2927 ut
1315 2862 1597 2941 perveniat
1634 2864 1704 2921 ad
1744 2879 1893 2929 rem,
1942 2876 2105 2933 quam
2140 2874 2211 2916 ex

620 2968 764 3024 dono
822 2967 939 3038 jam
982 2966 1039 3021 in
1095 2978 1155 3021 se
1201 2961 1446 3034 percepit
1486 2968 1542 3015 et
1600 2972 1793 3015 secura
1846 2963 1947 3012 est.
2010 2952 2212 3010 Deinde

618 3055 861 3113 charitas
906 3053 1311 3127 infatigabiliter
1362 3050 1562 3122 pulsat,
1595 3058 1650 3103 et
1678 3056 1839 3104 orant
1879 3046 1987 3101 duo
2024 3041 2208 3107 simul,

620 3156 681 3203 ut
704 3147 979 3220 aperiatur
994 3146 1162 3219 janua
1201 3154 1258 3201 et
1287 3150 1599 3206 evacuetur,
1648 3138 1792 3210 quod
1819 3152 1885 3194 ex
1914 3144 2070 3208 parte
2104 3142 2209 3201 est,

620 3238 939 3310 fruaturque
965 3237 1147 3304 rebus,
1186 3235 1332 3307 quod
1357 3232 1662 3305 perfectum
1690 3239 1748 3287 et
1791 3238 2055 3285 aeternum
2105 3235 2211 3282 est.

621 3333 758 3407 Spes
804 3333 969 3405 igitur
995 3340 1051 3389 et
1087 3330 1329 3387 charitas
1378 3333 1579 3392 orant,
1623 3332 1685 3379 ut
1727 3322 1866 3387 dixi,
1922 3329 1976 3377 et
2025 3327 2217 3391 petunt

620 3439 685 3482 ac
744 3423 991 3494 pulsans;
1046 3422 1181 3479 ﬁdes
1230 3434 1362 3477 vero
1429 3416 1650 3481 credit,
1709 3423 1765 3471 et
1821 3412 2016 3484 quaerit
2069 3408 2216 3482 quod

621 3515 949 3588 sperandum
989 3522 1043 3571 et
1095 3511 1389 3569 amandum
1434 3510 1524 3565 sit.
1557 3507 1677 3564 Non
1721 3519 1851 3577 ergo
1904 3504 2029 3561 ideo
2074 3516 2216 3573 quae-

620 3608 731 3672 rit,
791 3614 852 3662 ut
911 3604 1057 3661 aliud
1119 3603 1364 3674 requirat
1420 3600 1586 3671 quod}
1630 3605 1879 3669 speretur
1935 3603 2029 3651 aut
2064 3609 2214 3650 ame-

621 3710 744 3767 tur;
798 3699 892 3755 sed
953 3698 1095 3754 sicut
1144 3696 1303 3766 longe
1370 3708 1534 3764 supra
1600 3689 1870 3761 exposui,
1935 3688 2063 3759 quia
2108 3687 2215 3741 im-

621 3805 809 3850 mensa
837 3799 964 3846 sunt
1017 3802 1138 3859 quae
1183 3800 1292 3842 non
1341 3784 1615 3849 videntur,
1648 3790 1708 3837 ut
1757 3780 1875 3850 ipsa
1918 3776 2217 3847 eademque

620 3882 794 3954 magis
846 3881 1128 3952 magisque
1169 3876 1403 3949 amplius
1433 3882 1491 3932 et
1527 3872 1822 3945 perfectius
1870 3868 2217 3924 inveniantur

622 3974 751 4039 ﬁde,
777 3983 1044 4043 quatenus
1074 3970 1195 4041 plus
1225 3966 1433 4038 sperari
1475 3965 1688 4036 possint
1710 3964 1740 4004 ιδ
1780 3970 1837 4018 et
1872 3959 2068 4016 amari.
2110 3958 2217 4013 Per

624 4066 784 4121 ﬁdem
810 4065 956 4120 enim
985 4063 1348 4127 ambulamus,
1377 4067 1434 4115 et
1458 4074 1565 4115 non
1601 4072 1698 4128 per
1744 4054 1981 4126 speciem
2014 4067 2079 4107 ac
2117 4066 2217 4123 per

623 4159 729 4217 hoc
767 4175 889 4215 cum
925 4158 1128 4214 eisdem
1157 4166 1212 4211 et
1240 4153 1376 4211 ﬁdes
1426 4160 1568 4219 orat,
1615 4152 1733 4206 sine
1780 4163 1890 4220 qua
1934 4160 2055 4203 esse
2106 4158 2215 4199 non

623 4257 869 4323 possunt.
916 4247 1053 4303 Hinc
1080 4247 1277 4318 quippe
1301 4246 1501 4301 dicitur
1525 4258 1541 4298 :
1571 4240 1848 4308 Quomodo
1877 4236 2215 4301 invocabant,

624 4345 681 4398 in
717 4358 871 4414 quem
904 4357 1007 4396 non
1038 4337 1412 4395 crediderunt?
1438 4334 1615 4409 (Rom.
1643 4348 1701 4399 ιι,
1729 4330 1843 4403 ﬂ.)
1889 4328 2036 4385 Nihil
2064 4326 2215 4384 enim

626 4435 834 4506 sperari
868 4443 1046 4505 potest
1075 4431 1317 4503 profecto
1344 4428 1490 4500 quod
1515 4441 1625 4483 non
1662 4422 1925 4481 creditur.

690 4527 750 4596 β.
782 4524 1049 4581 Praeterea
1079 4523 1214 4579 ﬁdes
1238 4536 1345 4577 non
1393 4519 1576 4575 minus
1616 4528 1834 4571 suarum
1878 4525 2063 4567 rerum
2105 4516 2210 4574 est,

624 4635 790 4693 quam
816 4628 873 4673 et
895 4618 1227 4682 alienarum;
1245 4615 1419 4671 credit
1435 4612 1577 4667 enim
1603 4624 1660 4665 se
1675 4608 1905 4679 quisque
1921 4601 2211 4674 aliquando

625 4725 745 4767 esse
774 4708 1025 4781 coepisse,
1044 4722 1145 4763 nec
1162 4705 1329 4762 fuisse
1361 4702 1781 4774 sempiternum;
1804 4696 1980 4753 credit
2006 4705 2061 4751 et
2082 4694 2208 4761 alia,

627 4809 787 4870 atque
807 4798 912 4855 alia
937 4814 1046 4854 non
1066 4796 1239 4855 solum
1269 4796 1335 4852 de
1368 4795 1489 4852 aliis
1528 4789 1843 4849 hominibus
1884 4787 2056 4843 multa
2088 4798 2209 4857 quae

625 4890 696 4947 ad
722 4889 1039 4962 religionem
1066 4889 1372 4962 pertinent;
1405 4899 1596 4942 verum
1621 4882 1787 4939 etiam
1806 4887 1862 4936 et
1883 4879 1949 4934 de
1969 4877 2206 4949 angelis:

626 4984 722 5041 sed
770 4998 895 5055 spes
938 4982 1153 5039 nonnisi
1184 4995 1368 5036 rerum
1403 4978 1472 5033 ad
1519 4990 1645 5032 eum
1687 4970 2073 5044 pertinentium
2102 4979 2208 5035 est,

624 5076 718 5148 qui
745 5075 1058 5132 earumdem
1083 5088 1235 5145 spem
1276 5084 1465 5144 gerere
1490 5067 1786 5138 probatur;
1832 5061 2071 5133 alioquin
2115 5076 2211 5132 po-

626 5168 734 5225 tius
754 5168 979 5225 credere
1008 5164 1294 5221 dicendum
1334 5178 1498 5234 quam
1527 5174 1768 5233 sperare,
1796 5159 1901 5215 nisi
1922 5171 2212 5230 processus

625 5264 700 5322 sit
717 5265 787 5321 ad
805 5264 1053 5321 eamdem
1084 5276 1223 5327 rem,
1252 5267 1309 5316 et
1345 5257 1501 5315 nobis
1528 5255 1700 5327 possit
1723 5254 2057 5326 contingere.
2081 5252 2211 5309 Creo

625 5357 804 5414 dimus
831 5370 963 5428 ergo
1000 5368 1119 5425 quas
1145 5351 1303 5408 nobis
1345 5349 1616 5406 interdum
1640 5361 1749 5403 non
1772 5348 1999 5404 veniunt
2027 5356 2077 5412 ο,
2114 5345 2211 5402 sed

625 5462 905 5520 nunquam
926 5453 1075 5503 recte
1094 5457 1377 5516 speramus
1404 5440 1510 5497 nisi
1538 5453 1605 5495 ea
1632 5452 1753 5509 quae
1787 5438 1858 5493 ob
1883 5433 2209 5492 beneﬁcium

625 5538 944 5595 meritorum
961 5544 1017 5593 et
1042 5534 1271 5608 gratiam
1293 5530 1704 5590 clementiarum
1726 5526 1934 5585 indulta
1955 5532 2103 5593 sunt,
2123 5524 2208 5581 vel

697 5682 726 5742 ε
752 5669 918 5742 Editi,
942 5671 1089 5742 quia.

698 5741 728 5781 δ
757 5741 924 5813 Editi,
951 5740 1134 5813 possit.

702 5821 727 5864 9
764 5811 929 5887 Editi,
951 5809 1298 5883 conveniunt.

2310 1940 2449 2011 quis,
2470 1938 2598 2010 quid
2626 1937 2840 2008 sperat?
2869 1935 2931 1992 Si
2956 1946 3131 1992 autem
3170 1936 3310 2007 quod
3336 1953 3439 1991 non
3466 1936 3700 1991 videmus
3725 1953 3915 2005 spera-

2311 2049 2451 2097 mus,
2488 2048 2580 2103 per
2622 2030 2926 2103 patientiam
2974 2038 3333 2099 exspectamus
3389 2025 3578 2099 (Rom.
3609 2041 3708 2081 vm
3733 2068 3750 2092 ,
3793 2026 3911 2097 24).

2310 2124 2445 2181 Cum
2488 2138 2617 2195 ergo
2667 2121 2806 2178 bona
2842 2121 3002 2177 nobis
3046 2120 3227 2175 futura
3275 2134 3396 2175 esse
3416 2119 3735 2183 creduntur,
3773 2117 3912 2174 nihil

2311 2218 2457 2275 aliud
2489 2232 2649 2287 quam
2702 2223 3012 2287 sperantur,
3043 2220 3099 2269 et
3146 2213 3266 2269 ideo
3306 2212 3399 2267 illa
3428 2226 3550 2282 quas
3579 2225 3689 2265 non
3734 2210 3917 2266 viden-

2312 2324 2401 2371 tur
2434 2322 2490 2371 et
2510 2321 2714 2370 :eterna
2733 2318 2881 2376 sunt,
2900 2308 3055 2381 prius
3089 2307 3407 2373 creduntur,
3423 2321 3547 2361 cum
3575 2305 3916 2374 repromissa

2311 2412 2529 2479 sperant
2657 2409 2872 2474 sperata
2900 2414 3031 2456 vero
3080 2398 3364 2463 amantur;
3415 2395 3544 2467 quia
3595 2410 3813 2449 summa
3860 2402 3919 2449 et

2312 2497 2643 2568 sempiterna
2671 2502 2797 2549 sunt
2832 2501 2889 2559 σς
2917 2489 3159 2561 alioquin
3183 2488 3335 2560 juxta
3382 2486 3734 2541 Salomonem
3767 2502 3782 2538 :
3821 2483 3918 2539 Vw

2311 2590 2391 2645 his
2440 2587 2530 2659 qui
2566 2584 2965 2647 sustinentium,
3018 2577 3493 2653 spemvidelicet,
3543 2575 3915 2646 perdiderunt,

2311 2689 2359 2735 et
2381 2658 2700 2733 diuerterunt
2744 2674 2802 2729 in
2847 2674 2957 2728 vias
2992 2687 3182 2743 pravas
3227 2667 3419 2742 (Eccli.
3444 2683 3508 2731 ιι,
3538 2667 3655 2739 16).
3682 2664 3843 2733 Quod
3870 2658 3921 2719 si

2310 2786 2462 2842 spem
2490 2784 2598 2826 non
2620 2766 2948 2829 amitterent,
2980 2777 3236 2818 aurarum
3257 2760 3506 2833 pulsibus
3533 2758 3603 2814 ad
3634 2767 3915 2830 praerupta

2313 2876 2421 2917 non
2449 2860 2802 2915 diverterent.
2834 2853 2979 2909 Nihil
3024 2853 3170 2909 enim
3207 2850 3570 2924 periculosius
3617 2864 3785 2919 quam
3818 2851 3913 2905 de—

2315 2948 2795 3024 speratio.ldcirco
2827 2943 3076 3016 quisquis
3100 2958 3185 3009 es,
3215 2940 3377 2996 nullis
3419 2939 3746 2997 delictorum
3780 2955 3917 3011 pon-

2315 3043 2535 3099 deribus
2563 3038 2843 3112 graveris,
2883 3035 3045 3092 nullis
3083 3033 3441 3105 cupiditatum
3470 3030 3703 3087 vinculis
3730 3032 3918 3086 traha-

2317 3135 2418 3201 ris,
2457 3132 2622 3189 nullis
2646 3130 3044 3203 promissorum
3076 3126 3426 3182 dilationibus
3464 3124 3733 3196 fatigeris.
3761 3122 3917 3189 Quod

2321 3226 2367 3283 si
2388 3238 2598 3281 moram
2638 3220 2853 3286 fecerit,
2874 3221 3030 3292 juxta
3056 3216 3376 3291 prophetam
3400 3222 3655 3286 exspecta
3673 3228 3806 3268 eum
3831 3231 3848 3279 ;
3870 3214 3916 3269 si

2317 3327 2663 3390 peccatorum
2692 3313 2925 3371 sarcinis
2947 3313 3016 3368 ad
3047 3312 3153 3367 ima
3181 3308 3771 3381 demergeris,resume
3796 3307 3919 3379 spei

2320 3411 2593 3477 ﬁduciam,
2646 3416 2709 3463 ut
2747 3407 2969 3463 avolare
3010 3403 3191 3477 possis
3232 3404 3302 3458 ad
3339 3398 3916 3458 misericordissimam

2319 3503 2511 3561 salutis
2542 3508 2793 3574 portum;
2821 3499 3078 3571 quoniam
3124 3496 3359 3552 necdum
3388 3492 3707 3549 defecerunt
3754 3494 3920 3549 mise«

2318 3597 2557 3653 rationes
2593 3594 2818 3652 Christi.
2850 3592 2919 3648 Et
2946 3590 2992 3646 si
3035 3589 3091 3645 in
3133 3586 3463 3660 profundum
3515 3584 3767 3641 decidisti
3816 3585 3917 3640 ba—

2318 3690 2565 3745 rathrum
2592 3686 2874 3749 vitiorum,
2921 3696 3079 3754 spera
3104 3680 3337 3735 ﬁrmiter
3380 3675 3525 3748 quod
3567 3675 3695 3731 inde
3748 3684 3833 3741 te,
3868 3674 3915 3731 si

2318 3777 2611 3836 recesseris
2660 3777 2728 3832 ab
2771 3775 2930 3839 istis,
2990 3771 3285 3826 clementer
3332 3767 3605 3825 liberabit.
3653 3765 3813 3834 Quod
3867 3765 3912 3821 si

2318 3871 2497 3927 adhuc
2517 3869 2603 3924 his
2621 3866 2859 3923 traheris
2882 3863 3183 3935 colligatus,
3220 3858 3413 3915 fortior
3438 3865 3631 3912 catena
3657 3856 3777 3926 spei
3808 3866 3913 3921 est,

2318 3961 2584 4020 cbaritate
2611 3967 2773 4029 atque
2816 3953 2922 4011 ﬁde
2964 3953 3338 4017 corroborata,
3370 3947 3702 4021 quandoque
3728 3944 3916 4003 volens

2317 4066 2563 4124 peccare,
2590 4052 2635 4105 si
2662 4048 2907 4105 desieris.

2922 4178 3151 4237 CAPUT
3183 4177 3277 4235 Ill.

2596 4298 2675 4355 De
2700 4297 3102 4371 participatione
3134 4294 3262 4365 ﬁdei
3303 4302 3456 4364 atque
3491 4290 3625 4363 spei.

2387 4415 2442 4470 1.
2472 4413 2763 4471 Sciendum
2793 4424 2940 4474 sane,
2975 4407 3118 4480 quod
3152 4405 3285 4461 ﬁdes
3314 4403 3731 4459 fundamentum
3753 4409 3915 4456 caete-

2320 4520 2505 4563 rarum
2541 4504 2801 4558 virtutum
2832 4508 2936 4566 est,
2968 4507 3024 4554 et
3063 4497 3215 4570 prior
3243 4492 3487 4566 procedit
3527 4493 3582 4547 in
3614 4506 3868 4560 campum
3896 4509 3911 4544 :

2317 4612 2442 4670 spes
2466 4611 2596 4652 vero
2630 4594 2699 4649 ad
2724 4606 2787 4648 ea
2827 4607 2947 4663 qua:
2972 4589 3286 4656 creduntur,
3320 4588 3497 4658 ipsum
3525 4584 3832 4648 hominem,
3858 4591 3914 4636 ut

2316 4688 2617 4762 perveniat,
2640 4683 2916 4741 constituit
2934 4697 2949 4737 :
2965 4681 3055 4737 illa
3089 4681 3182 4737 dat
3209 4677 3535 4751 principium
3558 4676 3908 4737 meritorum;

2317 4782 2389 4839 ad
2417 4794 2689 4838 summum
2716 4778 2821 4834 ista
2860 4775 3108 4849 perducit
3139 4773 3269 4829 :illa
3309 4771 3564 4828 credendi
3595 4769 3910 4841 aggreditur

2316 4875 2567 4940 initium;
2592 4873 2694 4927 ista
2723 4870 2939 4925 virtutis
2978 4865 3375 4939 perfectionem
3401 4861 3650 4935 quotidie
3683 4862 3908 4917 medita-

2318 4972 2449 5020 tur:
2480 4962 2568 5018 illa
2616 4976 2735 5032 qua:
2781 4958 3173 5031 promittuntur
3219 4954 3422 5021 credit;
3466 4953 3571 5008 ista
3629 4967 3758 5023 quae
3793 4966 3908 5021 pro-

2318 5056 2485 5113 missa
2511 5061 2640 5110 sunt
2653 5052 2766 5123 jam
2790 5050 2984 5115 cernit,
3000 5057 3057 5105 et
3090 5046 3432 5117 amplectitur
3457 5044 3729 5100 interiora
3759 5041 3898 5105 creti,

2316 5164 2425 5221 quo
2453 5147 2702 5206 Christus
2745 5143 2972 5199 introiit.
3003 5141 3107 5197 Per
3135 5138 3298 5195 ﬁdem
3325 5138 3472 5195 enim
3518 5136 3898 5198 ambulamus;

2314 5257 2415 5315 per
2439 5256 2589 5313 spem
2628 5254 2758 5295 vero
2800 5236 2911 5306 jam
2950 5234 3296 5307 pervenimus
3329 5248 3345 5287 :
3400 5230 3545 5286 beati
3585 5229 3607 5269 ί
3647 5229 3819 5299 igitur
3848 5235 3900 5282 et

2317 5332 2649 5392 immaculati
2705 5330 2937 5387 necdum
3000 5342 3223 5391 sumus;
3276 5333 3457 5379 tamen
3504 5337 3606 5395 per
3654 5321 3895 5378 eamdem

2315 5443 2491 5501 spem,
2537 5425 2665 5497 quia
2711 5422 2929 5480 Christo
2975 5416 3273 5491 consepulti
3312 5430 3533 5481 sumus,
3576 5422 3634 5468 et
3679 5425 3895 5470 consm-

2317 5500 2580 5584 mximus,
2608 5516 2704 5586 qui
2734 5514 2925 5571 sedere
2949 5526 3050 5569 nos
3076 5510 3207 5567 fecit
3241 5508 3298 5565 in
3322 5505 3665 5573 unlestibus,
3699 5501 3824 5574 iam.
3841 5500 3892 5557 iu

2391 5652 2421 5693 ιι
2442 5651 2613 5716 Edit.,
2632 5648 2689 5703 id
2717 5659 2814 5704 est.

2396 5733 2420 5763 ο
2452 5722 2619 5787 Edit.,
2643 5728 2860 5775 eterna.

2396 5791 2419 5833 ί
2445 5791 2610 5859 Editi,
2632 5791 2712 5845 uti
2732 5791 2908 5862 igitur.
