4148 6344
237 399 372 455 HM

1166 390 1254 445 DE
1290 387 1469 456 FIDE,
1511 387 1640 445 SPE
1679 385 1771 443 ET
1816 384 2232 443 CHARITATE.
2272 415 2345 429 -
2378 385 2509 442 LIB.
2547 385 2611 443 ll.

3373 386 3512 443 ηις

230 517 323 571 via
369 522 645 582 utcunque
682 508 933 565 dicimur.
978 506 1115 579 Spes
1164 508 1309 563 enim
1362 522 1464 563 nec
1509 506 1668 571 fallit,
1714 518 1818 561 nec
1845 507 1900 568 Α
1923 502 2142 570 dicitur,
2165 502 2309 574 quod
2344 518 2443 574 per
2479 518 2600 559 eam
2635 501 2770 558 salvi
2814 500 2947 558 facti
2979 515 3188 557 sumus.
3230 500 3298 557 Et
3334 501 3510 573 illud:

234 608 459 673 fallitur,
488 604 592 661 nisi
615 603 765 675 prior
789 602 925 658 ﬁdes
948 615 1007 657 se
1032 600 1408 657 substraxerit.
1441 600 1595 656 Tunc
1623 600 1823 671 quippe

234 715 369 757 vera
393 706 480 755 est
506 698 630 762 ista,
658 695 707 751 si
733 694 867 751 ﬁdes
892 702 1107 750 servato
1136 692 1342 749 foedere
1371 691 1593 764 impleta
1616 690 1781 746 fuerit
1807 707 1820 744 :

235 809 367 851 nam
388 790 523 847 ﬁdes
550 787 942 862 sperandorUm
976 785 1279 842 substantia
1310 792 1417 851 est,
1451 799 1558 856 qua
1586 783 1822 849 sublata,

240 902 367 958 spes
412 884 530 940 sine
586 881 889 937 substantia
935 887 1037 946 cst,
1067 894 1132 935 ac
1180 894 1278 951 per
1312 879 1416 935 hoc
1451 878 1567 950 jam
1597 893 1706 933 non
1744 884 1831 933 est

240 994 367 1051 spes
394 977 480 1033 cui
536 972 788 1046 sperandi
840 984 867 1013 ει
911 969 1140 1026 facultas
1175 971 1348 1036 deest,
1400 969 1537 1026 ﬁdes
1580 968 1830 1024 videlicet

242 1071 522 1134 irremota,
560 1066 675 1136 spei
728 1078 946 1135 semper
993 1062 1194 1132 ubique
1224 1062 1253 1102 ιι
1308 1069 1482 1116 mater
1518 1070 1574 1115 et
1622 1060 1827 1115 nutrix.

243 1163 473 1219 Constat
517 1158 683 1230 igitur
719 1156 864 1227 quod
897 1155 966 1210 ad
1002 1154 1232 1209 invicem
1257 1152 1694 1225 inseparabiliter
1722 1153 1832 1207 hae-

246 1263 388 1311 rent.
409 1251 562 1310 Unde
583 1259 639 1306 et
655 1247 941 1320 Apostolus
966 1262 1088 1303 cum
1110 1246 1177 1303 de
1194 1245 1467 1301 Abraham
1496 1244 1829 1316 loqueretur,

247 1347 372 1402 ait:
405 1343 549 1415 quod
601 1351 784 1396 contra
831 1356 974 1410 spem
1010 1339 1067 1393 in
1104 1355 1247 1408 spem
1300 1338 1497 1409 quippe
1554 1336 1832 1391 crediderit

249 1439 426 1510 (Rom.
444 1451 525 1501 tv,
548 1434 669 1505 18).
693 1432 846 1501 Quod
879 1431 926 1487 si
955 1432 1011 1487 in
1035 1448 1176 1502 spem
1203 1430 1423 1486 omnino
1454 1428 1836 1498 credidit,spes

250 1530 302 1587 ei
334 1543 523 1585 rursus
555 1526 644 1583 via
679 1533 734 1580 et
775 1522 1005 1579 facultas
1033 1520 1292 1578 credendi
1314 1520 1435 1576 fuit.
1468 1520 1606 1575 Hinc
1632 1518 1835 1589 liquido

251 1622 542 1692 colligitur,
572 1618 718 1690 quod
743 1617 847 1673 sibi
881 1628 902 1655 ε
934 1614 1245 1672 alternatim
1287 1623 1347 1669 ut
1380 1622 1658 1679 maneant,
1710 1612 1838 1668 sub-

252 1713 510 1771 stantiam
531 1709 920 1783 promissorum
943 1707 1039 1763 Dei
1060 1707 1357 1778 praebeant.
1382 1705 1449 1760 Et
1476 1704 1671 1759 mirum
1694 1703 1838 1774 quod

1925 596 2088 653 Fides
2122 608 2214 653 tua
2240 608 2290 653 te
2319 598 2525 653 salvum
2547 597 2691 668 fecit.
2717 596 2785 651 Et
2810 596 2952 663 ideo,
2996 595 3135 653 sicut
3161 595 3434 652 Abraham
3459 596 3513 652 in

1925 707 2077 765 spem
2115 702 2306 750 contra
2332 708 2484 763 spem
2534 689 2800 757 credidit;
2827 689 2905 745 ita
2944 698 3001 745 et
3045 705 3257 757 omnes,
3289 689 3382 761 qui
3419 704 3518 761 per

1927 786 2090 842 ﬁdem
2118 784 2215 842 ﬁlii
2256 794 2383 842 sunt
2426 784 2565 856 ejus,
2612 793 2805 842 contra
2839 799 2991 855 spem
3018 784 3205 855 utique
3252 783 3307 840 in
3362 797 3515 855 spem

1928 881 2155 936 credant
2197 887 2253 936 et
2300 879 2425 952 ipsi.
2467 878 2610 951 Ergo
2663 877 2730 934 de
2775 877 3001 951 singulis
3049 878 3355 949 quibusque
3396 891 3518 948 quae

1928 974 2258 1039 creduntur,
2307 973 2422 1029 sive
2467 973 2535 1029 de
2576 972 2980 1028 resurrectione
3008 979 3344 1027 mortuorum
3365 1011 3380 1039 ,
3410 971 3522 1027 sive

1931 1064 1997 1119 de
2037 1063 2355 1120 haereditate
2391 1063 2545 1135 regni
2590 1061 2852 1119 caelorum
2878 1062 2930 1128 ιι,
2971 1061 3087 1117 sive
3133 1061 3201 1117 de
3233 1061 3521 1132 adoptione

1932 1155 2164 1212 ﬁliorum
2190 1155 2307 1222 Dei,
2325 1165 2380 1213 et
2397 1158 2553 1212 beata
2579 1154 2987 1211 immortalitate
3015 1155 3197 1210 carnis
3226 1162 3283 1209 et
3301 1154 3524 1219 animae,

1933 1254 2195 1317 quantum
2230 1245 2299 1301 ad
2343 1256 2594 1302 naturam
2626 1253 2835 1317 spectat
2882 1245 3216 1311 humanam;
3273 1245 3397 1317 quis
3423 1260 3524 1300 un-

1934 1354 2097 1409 quam
2114 1338 2243 1395 talia
2266 1353 2487 1410 sperare
2508 1339 2706 1410 potuit,
2722 1338 2825 1394 etsi
2848 1353 2970 1395 esse
2990 1338 3081 1394 illa
3109 1340 3333 1395 credere
3350 1338 3530 1396 licuis-

1936 1431 2055 1487 set?
2080 1429 2207 1487 Ηωο
2253 1430 2397 1487 enim
2444 1431 2627 1486 omnia
2669 1437 2861 1486 contra
2911 1445 3061 1501 spem
3089 1429 3341 1487 videntur
3383 1442 3526 1495 esse,

1936 1531 2196 1595 quantum
2225 1539 2292 1579 ex
2335 1523 2491 1579 nobis
2520 1532 2636 1589 est;
2692 1522 2787 1579 sed
2815 1531 3077 1593 quantum
3109 1524 3178 1578 ad
3225 1522 3527 1594 potentiam

1936 1614 2055 1679 Dei,
2094 1616 2233 1671 bene
2264 1615 2316 1670 in
2345 1630 2495 1686 spem
2521 1615 2838 1681 creduntur,
2874 1623 2933 1670 ut
2956 1614 3051 1670 ﬁlii
3077 1615 3248 1671 simus
3272 1615 3524 1672 Abrahae.

1938 1704 2068 1763 Jure
2088 1706 2252 1778 igitur
2296 1708 2354 1787 in
2395 1706 2511 1777 ejus
2549 1705 2798 1778 exemplo
2846 1706 2975 1762 talia
3027 1722 3345 1777 speramus;
3393 1722 3532 1779 quo-

252 1805 529 1863 Abraham
551 1814 735 1859 contra
767 1818 911 1873 spem
948 1802 1003 1856 in
1032 1816 1173 1870 spem
1216 1797 1497 1853 credidisse
1523 1798 1742 1853 dicitur.
1782 1795 1840 1851 Si
1942 1798 2087 1853 niam
2148 1813 2485 1869 quaecunque
2539 1798 2792 1868 promisit
2841 1796 3025 1863 Deus,
3091 1807 3287 1867 potens
3333 1806 3417 1854 est
3480 1805 3537 1852 et

254 1900 399 1955 enim
431 1913 555 1969 spes
573 1911 704 1953 vera
743 1894 880 1961 fuit,
908 1892 1037 1967 quid
1062 1901 1254 1949 contra
1278 1892 1561 1947 veritatem
1588 1890 1702 1962 Spei
1745 1905 1842 1945 ve-
1871 1879 1921 1940 Β
1947 1889 2129 1945 facere
2188 1892 2243 1955 i;
2291 1890 2337 1945 si
2379 1898 2558 1945 tamen
2612 1889 2769 1944 nobis
2822 1889 2914 1959 qui
2970 1888 3299 1944 credidimus
3352 1887 3367 1939 i
3416 1903 3534 1943 ma-

255 1995 374 2049 nire
426 1990 636 2064 potuit?
698 1989 809 2045 imo
869 2003 994 2044 cum
1046 1986 1363 2058 desperasse
1417 1985 1472 2039 in
1526 1983 1723 2040 Genesi
1780 1982 1848 2038 de

258 2082 369 2139 ﬁlio
418 2082 645 2154 legatur,
701 2078 808 2134 nisi
863 2076 1005 2134 forte
1056 2075 1288 2147 apostoli
1317 2074 1347 2115 (ι
1380 2075 1482 2131 iste
1513 2075 1586 2130 sit
1631 2088 1845 2140 sensus,

255 2175 475 2249 quando
507 2181 700 2231 contra
730 2188 898 2244 spem,
941 2186 1103 2243 quam
1143 2183 1167 2211 ο
1203 2171 1371 2243 gessit
1391 2170 1458 2226 de
1493 2185 1674 2237 servo,
1705 2170 1849 2241 quod

259 2270 437 2325 haeres
467 2267 635 2338 ipsius
679 2274 843 2331 esset,
880 2264 1111 2320 credidit
1138 2271 1348 2319 mutato
1391 2262 1581 2318 ordine
1608 2263 1663 2317 in
1698 2277 1848 2333 spem

258 2360 654 2434 promissorum
678 2357 774 2413 Dei
800 2355 1031 2428 amplius
1059 2363 1113 2410 et
1138 2353 1453 2425 perfectius,
1484 2352 1630 2423 quod
1680 2351 1747 2408 de
1792 2366 1854 2407 se

260 2453 602 2519 centenario,
628 2461 686 2509 et
730 2466 900 2508 uxore
948 2449 1118 2507 sterili
1171 2457 1339 2520 atque
1379 2464 1487 2503 anu
1525 2448 1697 2502 ﬁlium
1748 2446 1852 2502 sibi

260 2548 534 2605 haeredem
564 2545 866 2617 susciperet
896 2541 1019 2598 :vel
1054 2551 1201 2598 certe
1222 2540 1350 2612 quia
1376 2540 1551 2611 ipsum
1573 2537 1853 2594 eumdem-

262 2660 372 2719 que
400 2644 566 2700 ﬁlium
592 2657 692 2715 pro
713 2650 863 2698 certo
876 2639 1109 2696 hostiam
1126 2645 1182 2693 et
1205 2636 1578 2692 holocaustum
1602 2633 1720 2689 fore
1740 2646 1858 2690 cre-

264 2738 423 2803 dens,
444 2734 499 2790 in
523 2733 781 2789 mandato
808 2730 904 2786 Dei
939 2728 1217 2801 speravit,
1247 2725 1382 2782 nihil
1411 2724 1671 2781 hatsitans
1706 2721 1855 2779 difﬁ-

265 2826 581 2894 dentia,sed
612 2833 754 2880 totus
780 2822 1047 2894 pendebat
1081 2821 1136 2876 in
1163 2820 1272 2876 Deo
1293 2818 1421 2886 ﬁde,
1440 2826 1604 2889 atque
1634 2830 1729 2887 spe
1750 2830 1859 2871 non

267 2920 432 2977 dubia
457 2918 819 2991 quodcunque
839 2914 1068 2985 jubebat
1106 2912 1198 2985 pio
1239 2925 1304 2966 ac
1346 2911 1541 2966 devoto
1571 2906 1774 2973 animo,
1800 2914 1863 2961 ut

268 3015 446 3071 ﬁeret.
477 3012 742 3083 Sperabat
771 3011 916 3066 enim
936 3024 1061 3063 eum
1092 3007 1287 3064 melius
1308 3005 1577 3062 victurum
1604 3018 1729 3059 cum
1751 3003 1862 3059 Deo

271 3118 335 3165 ut
362 3114 528 3174 esset,
549 3121 714 3178 quam
742 3103 787 3161 si
822 3104 969 3159 hunc
996 3103 1113 3157 sine
1138 3102 1252 3157 Deo
1280 3099 1424 3155 male
1471 3104 1739 3163 servaret,
1769 3095 1862 3167 qui

271 3200 502 3255 dederat
541 3197 727 3267 utique
768 3210 893 3251 cum
948 3206 1056 3247 non
1087 3199 1253 3248 esset.
1284 3188 1485 3246 Contra
1526 3202 1692 3258 quam
1732 3200 1863 3242 sane

1950 1990 2079 2037 neat
2121 1980 2255 2037 ﬁdes
2304 1996 2474 2046 vera,
2511 1988 2566 2035 et
2618 1995 2741 2050 spes
2794 1987 2956 2049 atque
3010 1980 3253 2035 charitas
3305 1979 3532 2035 illibata.

1952 2073 2108 2131 Unde
2158 2074 2226 2129 de
2278 2072 2556 2128 Abraham
2604 2071 2832 2136 dicitur,
2886 2070 3033 2141 quod
3081 2087 3185 2125 non
3236 2070 3538 2139 inﬁrmatus

1951 2176 2025 2222 est
2079 2166 2185 2235 ﬁde
2220 2163 2417 2236 (Rom.
2479 2178 2553 2230 ιν,
2593 2162 2715 2234 19).
2764 2163 2843 2217 Ex
2898 2178 3006 2233 quo
3064 2162 3268 2233 liquido
3323 2162 3542 2218 demou~

1952 2267 2188 2325 stratur,
2238 2260 2381 2328 quod
2427 2257 2497 2313 sit
2553 2256 2731 2326 aliqua
2778 2256 2801 2295 ι
2853 2255 2977 2310 ﬁdei
3037 2254 3345 2319 inﬁrmitas,
3406 2253 3547 2310 sicut

1953 2358 2009 2405 et
2051 2349 2260 2405 sanitas
2286 2364 2300 2401 :
2330 2346 2456 2403 hinc
2499 2359 2715 2417 quoque
2741 2344 3032 2416 Apostolus
3068 2354 3253 2399 monet
3282 2362 3294 2396 :
3320 2343 3545 2413 Increpa

1953 2441 2096 2508 illos,
2138 2449 2194 2493 ut
2240 2441 2356 2494 sani
2398 2439 2501 2493 sint
2539 2438 2595 2491 in
2635 2436 2741 2505 ﬁde
2787 2435 2916 2508 (Tit.
2942 2451 2980 2502 ι,
3020 2436 3130 2507 15).
3180 2436 3377 2491 Beatus
3415 2449 3544 2505 ergo

1956 2533 2112 2604 cujus
2140 2546 2250 2587 non
2271 2530 2580 2585 inﬁrmatur
2601 2527 2758 2593 ﬁdes,
2781 2535 2837 2582 et
2862 2542 2986 2598 spes
3005 2534 3154 2582 certa
3181 2533 3368 2582 contra
3392 2540 3543 2596 spem

1958 2624 2013 2680 iu
2038 2637 2210 2695 spem
2244 2620 2393 2686 vitae,
2434 2620 2540 2675 ﬁde
2587 2618 2830 2689 quotidie
2859 2618 3080 2674 virescit
3123 2628 3179 2673 et
3229 2617 3543 2673 fructiﬁcat.

1959 2714 2067 2773 Sed
2091 2715 2196 2771 alia
2234 2722 2320 2771 est
2363 2713 2478 2780 illa,
2504 2727 2626 2784 qute
2654 2712 2721 2768 de
2747 2711 2865 2767 solo
2889 2719 2947 2768 et
2980 2712 3035 2767 in
3079 2710 3194 2767 solo
3219 2710 3332 2767 Deo
3369 2709 3549 2766 inniti-

1959 2815 2071 2873 tur,
2095 2815 2153 2861 et
2182 2806 2302 2877 ipsa
2343 2813 2429 2860 est
2456 2803 2893 2859 Christianorum
2920 2817 3242 2874 processus;
3270 2801 3375 2857 alia
3394 2815 3545 2867 vero,

1960 2914 2081 2970 quae
2107 2896 2276 2953 variis
2300 2906 2355 2953 et
2380 2896 2625 2969 incertis,
2657 2895 2786 2951 licet
2812 2895 3030 2967 optatis,
3063 2895 3405 2967 negotiorum
3446 2892 3554 2949 im-

1962 2988 2195 3061 plicatur
2231 2987 2617 3053 suasionibus;
2648 2987 2716 3043 de
2761 3002 2869 3057 qua
2911 3001 3042 3042 sane
3082 2986 3290 3043 Seneca
3318 2985 3554 3058 philoso-

1963 3082 2103 3152 phus
2131 3096 2230 3137 suo
2259 3079 2508 3137 Lucilio:
2536 3079 2689 3151 Spes,
2733 3079 2830 3147 ait,
2863 3079 3048 3135 incerti
3075 3079 3196 3134 boni
3237 3095 3425 3135 nomen
3454 3087 3550 3134 est.

1926 3184 1931 3189 '
1966 3172 2036 3228 Et
2058 3172 2244 3239 miser,
2272 3172 2365 3243 qui
2404 3171 2498 3228 tali
2522 3187 2645 3227 eum
2689 3170 3067 3228 committebat
3095 3169 3231 3241 spei,
3277 3184 3437 3240 quem
3467 3184 3556 3224 cu-

272 3306 429 3362 spem
450 3252 705 3346 securus
733 3288 787 3342 in
817 3301 969 3357 spem
1013 3283 1288 3349 credebat,
1323 3290 1383 3337 ut
1413 3252 1701 3336 audierat:
1739 3275 1864 3331 Non
1887 3252 1936 3317 ο
1969 3266 2127 3322 rabat
2169 3280 2429 3321 revocare
2454 3264 2499 3319 'a
2544 3263 2756 3320 saeculo.
2792 3262 2963 3318 Porro
2990 3260 3425 3318 Christianorum
3462 3260 3554 3316 illa

271 3386 414 3442 enim
439 3384 536 3440 erit
574 3384 659 3439 hic
697 3383 864 3437 literas
905 3390 1059 3445 tuus;
1108 3378 1198 3434 sed
1238 3377 1329 3448 qui
1358 3376 1542 3431 exierit
1581 3375 1645 3428 de
1675 3372 1865 3427 lumbis

276 3477 405 3543 tuis,
433 3475 549 3555 ipse.
570 3475 667 3530 erit
696 3474 864 3528 haeres
904 3482 1046 3525 tuus.
1072 3469 1141 3524 Et
1192 3467 1323 3523 illud
1356 3485 1368 3521 :
1402 3465 1622 3536 Suspice
1659 3462 1864 3529 etclam,

277 3579 329 3625 ct
352 3554 602 3625 enumera
625 3565 827 3631 stellas,
859 3564 906 3619 si
934 3572 1101 3636 potes.
1150 3558 1353 3616 Deinde
1404 3556 1617 3629 inquit:
1648 3554 1739 3611 Sic
1771 3554 1867 3608 erit

278 3676 453 3716 semen
474 3669 623 3713 tuum
653 3655 807 3729 (Gen.
838 3671 891 3719 v,
915 3653 993 3725 4).
1028 3650 1140 3707 Nec
1166 3650 1409 3715 dubium,
1441 3647 1497 3702 in
1525 3645 1545 3685 ί
1583 3646 1726 3701 hanc
1744 3659 1869 3699 eum

280 3766 436 3821 spem
483 3748 781 3805 credidisse
812 3754 1001 3801 contra
1046 3741 1292 3797 eamdem
1343 3752 1516 3808 spem,
1546 3750 1652 3807 qua
1700 3732 1870 3788 ﬁlium

279 3843 556 3901 offerendo
581 3841 814 3898 hostiam
843 3847 898 3893 et
912 3835 1289 3893 holocaustum
1320 3831 1437 3887 fore
1458 3829 1569 3884 Deo
1592 3826 1868 3899 sperabat.

281 3938 553 3998 Credebat
598 3937 745 3994 enim
774 3951 843 3990 ex
871 3942 985 3990 toto
1014 3932 1143 3987 hinc
1194 3930 1338 3996 inde,
1390 3926 1652 3998 quidquid
1696 3923 1766 3979 ab
1806 3937 1872 3980 eo

282 4034 511 4089 audiens
536 4031 763 4087 devotus
804 4026 1031 4097 implere
1076 4023 1330 4087 curabat,
1364 4018 1499 4075 nihil
1543 4024 1870 4081 retractans,

283 4125 528 4195 nihilque
575 4123 851 4187 dubitans,
880 4118 1020 4175 nihil
1056 4114 1463 4186 reprehendens
1515 4111 1569 4166 in
1596 4109 1723 4176 illo;
1774 4122 1875 4164 nec

285 4217 610 4275 discutiebat
636 4215 782 4287 quod
822 4212 1090 4279 audierat,
1115 4212 1200 4266 hic
1223 4209 1388 4263 haeres
1432 4216 1554 4261 tuus
1597 4204 1729 4268 erit,
1773 4216 1876 4258 nec

285 4309 659 4383 interrogabat
703 4322 802 4364 cur
855 4308 882 4347 ⁸
919 4320 1046 4362 eum
1090 4302 1363 4375 perimere
1420 4299 1675 4371 juberet,
1714 4309 1873 4366 quem

284 4417 453 4459 senex
508 4400 781 4458 haeredem
834 4404 1165 4470 susceperat.
1201 4395 1280 4452 llli
1328 4391 1549 4465 quidem
1598 4398 1745 4447 totus
1781 4387 1877 4445 ad-

286 4502 429 4561 erat,
452 4492 530 4548 illi
552 4492 797 4557 vivebat,
824 4489 902 4545 illi
926 4505 987 4547 se
1014 4497 1187 4546 totum
1232 4487 1337 4543 ﬁde
1366 4486 1421 4540 in
1452 4484 1705 4541 omnibus
1728 4495 1876 4538 com-

1969 3369 2142 3425 certa,
2174 3365 2230 3413 et
2256 3371 2451 3413 secura
2480 3354 2788 3411 substantia
2826 3361 2933 3421 est,
2962 3368 3083 3423 qua:
3112 3367 3221 3409 non
3261 3351 3421 3418 fallit,
3453 3367 3559 3408 nec

1968 3450 2190 3506 fallitur.
2224 3448 2374 3505 Unde
2415 3447 2705 3519 Apostolus
2731 3462 2744 3501 :
2776 3446 2929 3515 Spes,
2958 3446 3154 3517 inquit,
3200 3462 3307 3501 non
3334 3445 3559 3516 confun-

1969 3544 2114 3600 ditur
2136 3542 2311 3616 (Rom.
2343 3558 2400 3608 ν,
2428 3542 2507 3613 5).
2539 3540 2607 3596 Ει
2636 3555 2783 3606 mox,
2824 3554 2996 3611 quare
3037 3537 3162 3594 ullis
3191 3553 3300 3594 non
3330 3536 3559 3594 confun-

1971 3637 2130 3693 datur
2158 3634 2460 3701 erroribus,
2508 3633 2687 3689 reddit
2732 3645 2992 3688 causam:
3025 3630 3289 3697 Quoniam
3326 3629 3557 3684 charitas

1971 3730 2069 3785 Dei
2088 3730 2284 3799 (ii/fusa
2317 3737 2395 3783 est
2419 3728 2475 3782 in
2501 3725 2745 3781 cordibus
2790 3723 2980 3779 nostris
3018 3738 3110 3793 per
3142 3719 3400 3793 Spiritum
3435 3734 3561 3775 san-

1973 3832 2136 3887 ctum,
2191 3820 2280 3892 qui
2318 3819 2475 3873 datus
2523 3825 2599 3871 est
2639 3814 2806 3870 nobis.
2859 3812 2987 3868 lltec
3032 3812 3199 3883 igitur
3235 3811 3418 3867 omnia
3461 3825 3562 3882 per

1975 3916 2248 3972 Christum
2291 3914 2418 3969 data
2459 3920 2585 3969 sunt
2622 3910 2768 3966 veris
2818 3917 2874 3964 et
2918 3907 3187 3977 religiosis
3240 3905 3557 3962 cultoribus.

1974 4006 2267 4078 Propterea
2287 4004 2441 4075 juxta
2470 4004 2636 4068 hunc,
2662 4015 2823 4072 quem
2845 4013 3099 4070 magnum
3121 3996 3215 4052 illo
3236 3996 3292 4051 in
3316 4006 3563 4066 tempore

1976 4097 2257 4171 putabant,
2290 4110 2399 4151 non
2427 4093 2507 4150 eis
2553 4106 2678 4163 spes
2710 4089 2903 4146 incerti
2938 4086 3066 4144 boni
3090 4099 3289 4143 nomen
3325 4094 3437 4151 est;
3470 4084 3562 4141 sed

1978 4191 2178 4249 certior
2219 4189 2358 4245 ultra
2401 4202 2564 4258 quam
2592 4185 2700 4241 dici
2726 4181 3159 4255 queat.-Veritas
3202 4188 3287 4236 est
3323 4180 3467 4236 enim
3509 4186 3565 4233 et

1978 4285 2338 4356 omnipotens,
2364 4282 2456 4352 qui
2488 4278 2657 4350 (nobis
2688 4276 2813 4331 talia
2838 4272 3163 4346 spopondit;
3198 4271 3401 4327 idcirco
3428 4269 3563 4325 nihil

1980 4380 2046 4437 de
2077 4378 2165 4434 illa
2197 4377 2461 4432 incertum
2489 4381 2675 4427 nostra
2699 4385 2794 4440 spe
2826 4367 3108 4433 remansit,
3149 4364 3285 4421 nihil
3314 4364 3563 4419 dubieta-

1981 4471 2069 4537 tis,
2112 4468 2216 4524 nisi
2262 4465 2406 4537 quod
2435 4463 2697 4519 certiores
2725 4460 2791 4515 de
2832 4457 2945 4523 illo,
2974 4472 3137 4527 quam
3180 4456 3248 4512 de
3294 4453 3451 4511 nobis
3475 4469 3567 4508 su-

563 4624 578 4651 ,
624 4546 763 4640 ﬂii)“
782 4546 1036 4639 ὀιιθάέηε
1088 4581 1157 4637 de
1192 4578 1285 4635 illo
1317 4577 1422 4633 ﬂigi
1464 4591 1686 4641 verum;
1741 4573 1875 4628 nihil
1903 4634 1951 4651 ﬁ
1981 4577 2136 4626 mus;
2178 4560 2246 4614 de
2273 4555 2429 4613 nobis
2451 4551 2669 4624 quidem
2696 4548 2925 4613 inﬁrmi,
2950 4546 3046 4603 sed
3072 4547 3138 4603 de
3167 4547 3259 4603 illo
3287 4546 3457 4602 fortes
3478 4561 3567 4601 su-

288 4693 516 4749 sperans
556 4678 626 4734 ab
663 4676 779 4744 illo,
808 4675 913 4733 nisi
954 4674 1193 4732 salutare
1220 4671 1324 4728 sibi
1351 4677 1407 4725 et
1450 4667 1775 4740 proﬁcuum.
1807 4665 1876 4720 Et

288 4773 408 4828 haec
436 4778 524 4827 est
558 4769 862 4827 indiscussa
920 4768 1055 4824 ﬁdes
1098 4766 1167 4822 de
1209 4763 1341 4830 Deo,
1374 4771 1429 4816 et
1474 4775 1597 4831 spes
1643 4766 1793 4814 certa
1820 4758 1877 4812 in

290 4865 481 4931 Deum,
527 4878 692 4937 quam
740 4878 930 4920 omnes
981 4861 1077 4917 ﬁlii
1115 4859 1315 4916 debent
1342 4855 1546 4911 imitari
1595 4854 1814 4925 penitus
1859 4868 1872 4905 :

290 4958 420 5015 Non
440 4960 579 5015 enim
604 4960 695 5031 qui
731 4975 798 5015 ea:
824 4974 982 5013 carne
1008 4963 1150 5021 sunt,
1183 4952 1274 5009 sed
1303 4952 1393 5023 qui
1418 4966 1483 5006 ea:
1518 4948 1648 5018 ﬁde,
1687 4947 1743 5001 hi
1780 4945 1881 5016 ﬁlii

290 5061 415 5108 sunt
446 5051 673 5107 Abrahae
693 5046 837 5124 (Gal.
868 5065 967 5118 ιιι,
989 5048 1065 5121 7).

362 5143 419 5200 2.
454 5143 629 5213 Quam
655 5157 788 5200 sane
832 5140 995 5197 ﬁdem
1021 5147 1078 5196 et
1104 5152 1261 5210 spem
1290 5136 1668 5193 inconcussam
1710 5130 1883 5188 invio-

295 5238 569 5308 latamque
590 5236 788 5293 debent
816 5246 1037 5290 servare
1060 5230 1177 5295 ﬁlii,
1220 5237 1280 5285 ut
1320 5227 1561 5284 haeredes
1602 5223 1879 5282 existant:

294 5329 533 5401 alioquin
563 5324 836 5400 quomodo
862 5339 985 5396 quae
1007 5337 1115 5379 non
1138 5320 1389 5377 videntur
1410 5316 1625 5387 assequi
1654 5326 1883 5387 capaces

293 5422 497 5482 erunt?
520 5419 644 5477 Jam
665 5419 812 5477 enim
838 5416 976 5476 salvi
1004 5413 1135 5471 facti
1162 5427 1371 5480 sumus,
1393 5408 1555 5467 sicuti
1601 5416 1657 5465 et
1684 5407 1751 5462 de
1779 5405 1883 5462 ﬁde

368 5553 399 5583 ι
423 5538 587 5611 Editi,
613 5535 893 5611 sperando.

371 5611 401 5653 ι’
436 5609 601 5676 Editi,
622 5606 670 5664 et
694 5606 907 5678 ubique.

374 5693 396 5723 ε
427 5675 596 5748 Editi,
616 5678 755 5752 quod
785 5675 832 5752 si
854 5675 1151 5731 alternatim
1182 5683 1445 5729 ntancant.

372 5752 400 5794 ἀ
423 5752 593 5817 Edit.,
619 5748 877 5822 apostolo.

379 5837 403 5867 ο
430 5825 489 5880 ιιι
508 5824 639 5880 edit.
654 5820 1008 5893 desideratur
1027 5834 1202 5893 qtttmt.

380 5895 399 5937 ί
432 5895 492 5952 lu
522 5893 682 5951 editis
705 5892 858 5949 deest
880 5891 951 5946 in.

1902 4634 1955 4694 D
1979 4669 2131 4719 mus;
2175 4667 2241 4706 ex
2270 4664 2377 4720 qua
2412 4647 2579 4703 etiam
2635 4643 2950 4700 inﬁrmitate
2975 4656 3074 4713 per
3103 4640 3221 4711 ejus
3254 4639 3563 4697 misericor-

1982 4746 2125 4801 diam
2172 4742 2493 4806 relevamur,
2538 4745 2600 4792 ut
2641 4735 2870 4793 ﬁdentes
2911 4742 2967 4790 et
3011 4741 3292 4805 sperantes
3329 4733 3398 4788 ad
3442 4746 3565 4787 eum

1980 4848 2301 4911 pergamus;
2334 4840 2391 4889 et
2409 4830 2551 4897 ideo,
2579 4836 2639 4883 ut
2658 4827 2859 4884 dictum
2888 4834 2989 4892 est,
3022 4824 3155 4880 nihil
3180 4824 3384 4880 certius
3402 4837 3566 4894 quam

1983 4947 2137 5006 spem
2176 4934 2419 4985 nostram
2448 4924 2725 4997 gerimus;
2758 4920 2886 4991 quia
2927 4916 3172 4989 profecto
3221 4932 3325 4973 non
3362 4917 3418 4971 in
3461 4916 3569 4972 alio

1985 5027 2189 5098 aliquo,
2218 5023 2311 5080 sed
2340 5022 2394 5078 in
2419 5017 2535 5076 solo
2559 5015 2930 5086 omnipotente
2959 5012 3089 5078 Deo,
3116 5010 3209 5081 qui
3232 5025 3339 5067 non
3375 5009 3566 5065 menti-

1986 5126 2096 5185 tur,
2133 5112 2398 5172 incumbit
2422 5119 2477 5167 et
2517 5105 2829 5179 requiescit.
2865 5103 3009 5173 Ergo
3034 5102 3188 5168 ﬁdes,
3215 5102 3341 5174 quia
3376 5116 3447 5158 ex
3472 5102 3558 5157 ho-

1984 5212 2129 5268 mine
2157 5223 2256 5281 per
2296 5202 2500 5263 Christi
2540 5199 2770 5274 gratiam
2809 5203 3083 5269 operatur,
3116 5208 3280 5265 quam
3307 5207 3452 5263 saepe
3495 5193 3569 5247 in-

1985 5302 2243 5361 ﬁrmitate
2270 5300 2507 5355 humana
2538 5290 2859 5366 prolabitur.
2908 5286 3047 5358 Spes
3087 5300 3153 5343 eo
3185 5285 3329 5358 quod
3375 5292 3484 5339 tota
3514 5282 3569 5339 in

1986 5399 2101 5460 solo
2136 5397 2269 5464 Deo,
2321 5400 2377 5449 et
2419 5405 2488 5447 ex
2536 5388 2649 5444 Deo
2674 5392 2778 5450 est,
2821 5395 3099 5453 nunquam
3149 5375 3569 5436 minuitur:illa

2060 5518 2085 5557 ε
2111 5513 2279 5578 Edit.,
2307 5523 2426 5565 cum
2456 5520 2575 5578 eunt
2607 5499 2858 5578 perimere
2873 5495 3104 5569 juberet.

2058 5589 2086 5628 ιι
2118 5573 2284 5649 Edit.,
2316 5578 2459 5650 regni
2482 5573 2720 5630 caelestis.

2064 5660 2077 5699 ί
2114 5655 2282 5716 Edit.,
2310 5660 2357 5705 et
2390 5661 2615 5702 servare.

2063 5730 2073 5777 ἱ
2110 5726 2249 5782 ΕιΙίι.
2262 5765 2274 5787 ,
2300 5718 2579 5787 credimus.

2061 5802 2085 5840 ιι
2125 5798 2287 5861 Edit.,
2315 5786 2617 5862 aliquando.
