4104 6340
609 375 750 435 ιω

1407 375 1463 432 S.
1501 369 1858 432 DAMAS“
1890 363 2244 429 ΒΑΒΒΕᾺΤΙ
2278 366 2570 426 ABBATIS
2603 363 3055 426 CORBEIENSlS

3737 363 3896 426 παι

607 493 870 566 siquidem
893 490 1136 563 geminas
1155 489 1268 562 agit
1303 497 1515 561 partes;
1545 502 1667 558 spes
1701 501 1836 543 vero
1862 486 2074 542 nonnisi
2103 485 2170 540 de
2201 486 2248 546 Α
2271 482 2384 553 51).
2414 481 2647 537 Current
2672 489 2852 535 autem
2883 479 3133 550 pedibus,
3165 493 3232 534 eo
3258 479 3406 551 quod
3435 481 3510 536 sit
3545 479 3762 552 eispes
3777 495 3890 549 po-

605 589 722 644 solo
747 586 857 643 Deo
882 585 1182 658 pmsumit,
1203 583 1294 640 cui
1313 597 1443 652 ergo
1465 595 1518 648 ι,
1545 582 1722 652 inquit
1755 581 2040 645 Dominus,
2061 594 2183 650 proc-

605 680 768 735 missa
807 693 910 735 non
935 687 1101 741 stato,
1125 674 1328 730 idcirco
1361 673 1511 744 prior
1539 682 1802 743 utrasque
1823 671 2045 743 impleat
2089 669 2182 728 illo

606 779 808 843 partes,
856 777 916 824 ut
943 783 1010 824 ex
1038 768 1148 824 Deo
1181 765 1538 838 quodcunque
1575 765 1832 822 credibile
1870 770 2020 820 recte
2055 777 2186 818 son-

607 861 725 928 tiat,
754 868 810 916 et
835 859 981 932 quod
1003 859 1070 916 de
1105 873 1164 914 se
1191 856 1460 926 promisit,
1488 863 1763 930 expunget
1782 855 1851 921 ii;
1881 868 2004 912 eum
2035 866 2180 919 vero,

606 953 728 1023 quia
757 968 821 1008 ex
857 950 968 1008 Deo
992 959 1094 1016 est,
1123 964 1246 1020 spes
1265 948 1575 1020 plenissime
1600 947 1830 1012 noverit,
1855 945 2003 1017 quod
2017 959 2186 1002 verax-

605 1045 946 1114 omnipotsns
991 1043 1156 1108 Deus,
1195 1043 1322 1113 quia
1363 1040 1629 1111 promissa
1671 1055 1779 1096 non
1821 1046 2014 1105 mutat,
2065 1035 2184 1106 ejus

608 1137 850 1210 perﬁciet
876 1145 1019 1192 vota.

675 1230 728 1286 5.
767 1225 1019 1297 Alioquin
1047 1224 1366 1282 maledictus
1387 1225 1572 1289 homo,
1601 1224 1696 1295 qui
1725 1237 1880 1294 spem
1907 1237 2062 1280 suam
2092 1237 2186 1293 po-

607 1321 688 1376 nit
721 1320 777 1376 in
826 1320 1044 1382 nomine
1077 1317 1254 1374 :nihil
1289 1333 1421 1389 ergo
1454 1318 1734 1389 presumit
1763 1318 1829 1374 de
1857 1316 2097 1382 homine,
2131 1324 2184 1372 et

609 1415 730 1471 ideo
775 1412 1122 1484 requiescens
1169 1411 1222 1468 in
1273 1411 1524 1477 veritate,
1575 1426 1675 1467 nec
1712 1410 2006 1481 quidquam
2044 1413 2194 1480 parit

607 1507 893 1565 mendacii.
922 1506 1078 1573 Quod
1103 1506 1149 1562 si
1196 1521 1404 1562 moram
1437 1504 1627 1561 fecerit
1654 1505 1708 1559 in
1749 1505 1931 1574 aliquo
1958 1501 2134 1574 promi
2145 1512 2200 1553 s-

609 1612 812 1663 sorum,
844 1605 1124 1669 exspectat
1163 1597 1378 1662 devota,
1409 1595 1706 1666 requiescit
1739 1611 1954 1660 secura,
1987 1594 2184 1650 adhor-

608 1695 758 1752 tatur
779 1689 832 1746 in
861 1689 1091 1755 cunctis,
1125 1689 1250 1745 dum
1297 1687 1434 1744 ﬁdes
1479 1687 1723 1754 dimicat,
1763 1700 2086 1757 semperque
2113 1684 2189 1739 di-

608 1781 719 1852 gito
745 1782 1011 1852 promissa
1038 1780 1275 1836 insinuat
1307 1788 1362 1834 ct
1392 1780 1646 1838 ostendit.
1694 1779 1789 1837 Est
1813 1779 2012 1851 ubique
2047 1777 2186 1834 irre-

2281 577 2418 632 situs
2442 576 2498 632 in
2523 575 2609 630 via
2655 583 2828 640 recta,
2866 583 2928 628 ut
2961 573 3108 629 nulla
3136 575 3403 645 subripiat
3443 576 3792 647 desperatis.
3824 592 3894 634 ac

2281 681 2390 722 nou
2429 665 2770 731 laborabunt,
2803 666 2932 736 quia
2960 665 3014 720 in
3056 667 3166 730 via,
3209 681 3331 738 quae
3360 667 3626 724 Christus
3651 677 3762 735 est,
3803 684 3896 726 so-

2283 761 2400 816 curi
2427 769 2656 816 currunt
2687 771 2744 826 e;
2777 760 2886 816 imo
2909 768 3216 830 portantur.
3243 759 3401 816 Unde
3424 760 3704 816 Dominus
3729 779 3744 814 :
3771 759 3896 830 Ego

2284 853 2474 923 feram,
2497 863 2546 908 et
2576 869 2672 924 ego
2695 854 2916 924 portabo
2952 852 3172 924 (larem.
3217 869 3356 920 xm,
3387 855 3502 924 59).
3531 853 3696 921 Quos
3719 855 3894 924 igitur

2284 946 2374 1002 ille
2395 954 2592 1016 portat,
2627 947 2682 1001 bi
2708 947 2964 1003 nimirum
2986 961 3262 1018 nunquam
3299 947 3591 1013 deﬁcient;
3620 949 3891 1018 quoniam

2283 1039 2616 1109 propositam
2651 1053 2800 1108 spem
2841 1038 3052 1094 fortiter
3085 1049 3272 1095 tenent
3315 1055 3478 1096 manu
3524 1041 3684 1104 ﬁdei,
3719 1055 3890 1111 quam

2285 1133 2429 1188 sicut
2479 1132 2774 1188 anchoram
2807 1141 2981 1189 tutam
3012 1135 3207 1190 anima
3247 1136 3303 1190 in
3335 1136 3488 1192 uelis
3537 1137 3790 1200 habent;
3835 1143 3892 1190 et

2286 1225 2409 1282 ideo
2439 1225 2575 1281 certi
2603 1225 2730 1282 illuc
2775 1235 3029 1296 pergunt,
3078 1226 3172 1281 ubi
3219 1241 3278 1282 se
3301 1227 3418 1295 jam
3465 1227 3524 1280 in
3558 1241 3660 1297 spe
3686 1241 3887 1297 perve-

2287 1315 2434 1372 nisse
2466 1315 2752 1372 laetantur:
2786 1317 2972 1388 ﬁgitur
3005 1332 3242 1388 namque
3280 1317 3418 1373 ﬁdes
3459 1319 3516 1372 in
3543 1317 3798 1383 Christo,
3835 1327 3890 1373 et

2289 1422 2413 1477 spes
2439 1406 2658 1472 incedit,
2687 1417 2956 1478 quatenus
3001 1408 3230 1464 alternis
3267 1409 3621 1465 successibus
3667 1412 3776 1465 iter
3803 1409 3890 1463 ἰν

2289 1499 2456 1562 ciant,
2486 1506 2542 1554 et
2581 1498 2784 1554 ducant
2818 1500 3078 1566 animam,
3117 1513 3226 1570 quo
3276 1501 3522 1557 charitas
3556 1502 3835 1557 inebriata
3865 1501 3888 1541 ι

2289 1590 2500 1646 imitat.
2536 1589 2671 1646 Hinc
2699 1605 2830 1663 ergo
2872 1599 2976 1656 est,
3020 1592 3166 1662 quod
3204 1592 3281 1646 ait
3306 1609 3319 1646 :
3347 1590 3632 1648 Metabum
3669 1593 3892 1661 [ortas—

2290 1685 2484 1750 di‘uem,
2523 1685 2779 1755 quoniam
2809 1683 2965 1740 fortis
2997 1683 3139 1740 facta
3175 1694 3262 1740 est
3290 1693 3352 1739 ut
3377 1699 3530 1740 mors
3573 1684 3806 1740 dilectio
3831 1685 3894 1739 il-

2291 1778 2466 1836 lorum
2497 1779 2587 1851 qui
2615 1777 2728 1836 {ide
2751 1787 2806 1834 et
2826 1793 2922 1851 spe
2951 1779 3208 1836 ardenter
3234 1787 3483 1842 currum,
3533 1779 3636 1832 sed
3671 1793 3802 1832 mox
3835 1785 3894 1831 ut

610 1883 756 1930 mota
785 1889 970 1934 comes
1005 1873 1250 1947 ejusdem
1294 1875 1442 1941 ﬁdei,
1488 1889 1717 1944 quarum
1753 1874 1889 1928 mira
1925 1872 2190 1944 germani-
2217 1863 2270 1931 Β
2296 1873 2527 1943 cuipiam
2556 1873 2709 1938 fides,
2757 1881 2850 1927 aut
2878 1885 3004 1942 spes
3033 1869 3310 1950 defecerit,
3355 1869 3686 1926 claudicans
3716 1880 3896 1942 torpe-

615 1975 715 2031 tas,
733 1979 944 2037 semper
957 1982 1078 2036 quae
1098 1981 1206 2021 non
1226 1965 1478 2020 videntur
1493 1974 1550 2019 et
1568 1974 1771 2020 aeterna
1792 1973 1920 2019 sunt
1940 1963 2194 2019 ardenter

611 2057 838 2127 quaerit:
883 2071 1014 2128 ergo
1039 2057 1168 2112 dum
1198 2055 1300 2112 ista
1335 2057 1404 2110 ‘in
1458 2057 1620 2113 terris
1658 2055 1934 2112 laboribus
1967 2054 2192 2126 fatigata

613 2148 870 2213 desudat;
926 2147 1016 2204 illa
1061 2147 1230 2203 caelos
1275 2155 1548 2220 penetrat,
1594 2157 1650 2204 et
1702 2163 1822 2218 quae
1866 2147 2198 2218 sempiterna

615 2247 742 2294 sunt
765 2238 1002 2295 exhibet.
1045 2238 1184 2294 Hinc
1211 2247 1294 2295 est
1340 2240 1484 2309 quod
1525 2238 1682 2305 ﬁdes,
1724 2238 1953 2294 victoria
1983 2246 2190 2296 nostra.

614 2333 794 2388 omnia
837 2332 1021 2399 vincit,
1051 2333 1179 2402 quia
1225 2347 1372 2402 spem
1420 2331 1542 2399 sibi,
1576 2347 1682 2388 non
1728 2337 1951 2388 carnem
1985 2329 2196 2387 brachii

614 2423 718 2488 sui,
751 2423 845 2480 sed
891 2423 1057 2480 Deum
1085 2423 1419 2495 ponit:spes
1462 2424 1606 2480 enim
1651 2424 1774 2479 ﬁdei
1809 2424 1948 2479 Deus
1995 2433 2110 2490 est;
2143 2427 2199 2479 et

617 2514 738 2570 ideo
775 2515 988 2584 quoties
1018 2514 1176 2572 nobis
1201 2513 1406 2586 aliquid
1432 2513 1585 2572 deest
1610 2515 1820 2585 gratias,
1867 2529 1992 2586 spes
2018 2514 2196 2570 horta-

619 2615 723 2671 tur,
754 2607 898 2676 quod
941 2605 1074 2661 nihil
1120 2606 1278 2662 abest
1317 2605 1403 2661 cui
1435 2605 1576 2660 Deus
1611 2612 1756 2660 totus
1781 2612 1886 2660 est.
1920 2602 2072 2660 Unde
2111 2619 2196 2659 re-

617 2711 866 2756 creamur
890 2697 1236 2767 conﬁdentia,
1267 2705 1326 2752 ut
1349 2713 1416 2753 ex
1459 2697 1571 2753 Deo
1597 2697 1672 2754 sit
1703 2703 1876 2754 totum
1905 2697 2050 2767 quod
2090 2696 2200 2766 agi~

620 2806 761 2856 ntus,
791 2791 934 2861 quod
985 2791 1247 2848 habemus
1283 2799 1338 2846 et
1364 2790 1513 2862 quod.
1557 2797 1826 2862 optamus.
1862 2789 2042 2854 Unum
2067 2803 2196 2860 ergo

620 2883 832 2940 initium
859 2885 1081 2952 habent,
1110 2901 1386 2958 unumque
1424 2887 1658 2944 medium
1698 2896 1758 2944 et
1796 2897 1961 2943 mum
2000 2887 2196 2951 tinent;

622 2989 728 3032 uno
759 2975 934 3031 altera
959 2976 1076 3043 sine
1119 2977 1288 3033 altera
1330 2978 1626 3049 quidquam
1660 2979 1799 3051 gerit
1841 2979 1984 3050 quod
2023 2973 2200 3048 peris»

624 3079 772 3125 ctum
799 3070 890 3136 sit,
925 3077 984 3126 et
1005 3069 1126 3126 ideo
1169 3071 1452 3141 orandum,
1485 3081 1546 3128 ut
1563 3075 1706 3144 quod
1731 3073 1942 3146 agimus
1963 3071 2072 3128 ﬁde
2113 3079 2196 3126 at—

623 3177 730 3233 que
757 3178 874 3234 spe,
903 3177 1116 3236 semper
1145 3179 1214 3220 ex
1239 3165 1350 3222 Deo
1375 3167 1464 3222 sit.

1239 3287 1468 3366 CAPUT
1507 3289 1594 3353 IV.

1114 3411 1292 3484 Quare
1575 3428 1710 3486 spes.

699 3534 750 3589 i.
790 3533 946 3590 Sicut
984 3531 1320 3605 etymologia:
1360 3531 1553 3601 probat
1591 3529 1814 3597 veritas,
1844 3538 1902 3584 et
1942 3524 2206 3599 majorum

627 3626 790 3683 dictis
810 3625 1086 3693 annuitur,
1111 3640 1240 3696 spes.
1259 3625 1401 3680 dicta
1422 3632 1506 3680 est
1525 3624 1677 3695 quasi
1707 3631 1791 3679 est
1817 3639 1927 3694 pes,
1972 3637 2036 3678 eo
2064 3624 2206 3694 quod

627 3735 844 3790 seraper
864 3718 1114 3776 edoctum
1135 3718 1336 3774 habeat
1351 3717 1724 3789 progrediendi
1749 3717 1816 3770 ad
1853 3731 1915 3772 ea
1942 3723 2063 3786 quat
2084 3734 2204 3773 cum

629 3811 900 3868 desiderio
943 3818 1223 3881 exspectat
1263 3808 1618 3874 ﬁdusialiter,
1661 3817 1716 3864 et
1755 3823 1876 3864 cum
1917 3809 2208 3866 aﬁlictione

630 3906 798 3960 animi
826 3904 1060 3960 sustinet
1085 3903 1378 3976 patienter.
1416 3902 1552 3959 Hinc
1579 3917 1794 3975 quoque
1815 3903 2011 3976 legitur
2035 3921 2048 3958 :
2077 3905 2208 3976 Spes

627 4013 742 4068 qum
777 3998 1023 4066 differtur
1055 3996 1234 4068 inﬂigit
1271 3996 1504 4050 animum
1550 3995 1728 4068 (Prov.
1762 4011 1884 4062 xtt-,
1935 3995 2062 4067 l2);
2101 4011 2208 4052 non

631 4091 773 4159 quod
801 4090 1046 4160 passibus
1087 4091 1346 4144 virtutum
1387 4091 1456 4144 ad
1485 4104 1547 4146 ea
1583 4106 1704 4160 quin
1742 4090 1918 4145 inhiat
1944 4105 2050 4145 non
2081 4103 2207 4160 per-

631 4189 722 4250 gat
747 4194 959 4244 secura,
989 4179 1082 4233 sed
1111 4178 1235 4247 quia
1263 4179 1540 4239 ardentius
1565 4194 1720 4233 mens
1763 4189 1974 4245 aestuat,
1999 4181 2124 4235 dum
2155 4187 2212 4236 et

631 4287 692 4327 ea
722 4287 817 4340 per
848 4270 1003 4324 ﬁdem
1038 4269 1254 4338 inspicit
1281 4283 1400 4338 qnze
1422 4269 1534 4339 jam
1571 4269 1624 4322 in
1664 4285 1757 4340 spe
1793 4271 2060 4342 percepit,
2087 4271 2211 4327 licet

633 4363 685 4418 in
717 4377 776 4416 re
807 4361 1035 4416 necdum
1065 4359 1505 4431 apprehenderit,
1551 4367 1607 4414 et
1646 4360 1910 4415 charitate
1932 4362 2207 4432 degustat,

631 4452 772 4524 quod
798 4451 1045 4514 diﬁ‘ertur
1073 4451 1285 4523 longius
1327 4464 1490 4521 quam
1520 4459 1756 4522 exoptat.
1808 4449 1959 4506 Unde
1992 4451 2207 4508 ferven-

632 4552 739 4606 tius
770 4549 972 4621 jogiter
1018 4548 1351 4604 inflammata
1382 4559 1431 4614 °,
1473 4555 1534 4604 ut
1576 4549 1642 4603 ad
1687 4563 1749 4604 ea
1793 4546 1987 4604 festina
2017 4549 2072 4604 in
2111 4564 2207 4621 spe

2294 1967 2414 2023 scit.
2437 1963 2596 2033 Quod
2619 1965 2663 2021 si
2695 1973 2929 2035 utroque
2965 1965 3127 2034 pede;
3159 1965 3384 2034 quinam
3413 1964 3676 2018 incessus
3725 1964 3896 2016 virtu-

2296 2067 2408 2113 tum
2433 2057 2578 2112 erit?
2603 2056 2854 2113 Profecto
2883 2058 3008 2126 quia
3037 2055 3170 2111 ﬁdes
3191 2065 3297 2110 non
3331 2055 3450 2110 sine
3480 2069 3605 2125 spe,
3634 2069 3748 2111 nec
3774 2069 3896 2124 spes

2290 2142 2412 2203 sine
2452 2148 2558 2204 ﬁde
2589 2149 2822 2220 proﬁcit,
2866 2148 2960 2204 sed
2999 2147 3223 2204 alterius
3249 2148 3528 2216 gressibus
3573 2163 3898 2219 proponan-

2295 2243 2402 2304 tur,
2431 2246 2486 2293 et
2531 2254 2640 2294 uno
2683 2239 2970 2294 charitatis
2993 2237 3338 2294 viviﬂoautur
3377 2239 3580 2308 spiritu
3608 2255 3624 2302 ;
3649 2237 3896 2308 alioquin

2293 2331 2564 2400 quomodo
2591 2330 2744 2397 ﬁdes,
2775 2331 2880 2386 etsi
2927 2331 3114 2388 credat
3142 2331 3334 2396 Deum,
3365 2331 3483 2386 sine
3513 2347 3622 2402 spe
3657 2333 3734 2386 ad
3776 2347 3898 2386 eius

2293 2431 2548 2493 properat
2573 2425 2622 2489 ε,
2650 2424 2716 2478 ad
2743 2439 2904 2494 quem
2950 2425 3232 2494 pervenire
3271 2423 3494 2479 minime
3543 2434 3784 2495 sperat:
3809 2433 3900 2478 aut

2295 2515 2566 2584 quomodo
2603 2529 2730 2585 spes
2767 2516 3016 2584 graditur
3045 2518 3094 2583 ιι,
3126 2517 3174 2572 si
3216 2531 3326 2572 non
3379 2527 3462 2573 est
3498 2517 3564 2572 iu
3611 2518 3744 2584 ﬁde,
3775 2519 3900 2572 sub-5

2297 2606 2495 2662 stantia
2521 2608 2938 2676 sperandorum,
2963 2609 3032 2664 ad
3053 2615 3218 2678 quam
3245 2611 3492 2680 quotidie
3519 2611 3898 2682 propulaudo

2296 2697 2404 2767 piis
2425 2698 2718 2769 gemitibus
2760 2700 3034 2770 suspiret?
3060 2701 3142 2756 Ad
3171 2701 3262 2756 illa
3293 2702 3457 2773 igitur
3479 2719 3614 2774 spes
3649 2703 3894 2770 festinat,

2297 2803 2418 2859 quae
2464 2789 2598 2846 ﬁdes
2635 2792 2810 2848 credit
2847 2801 2904 2848 et
2925 2793 3166 2850 charitas
3200 2794 3510 2852 desiderat:
3536 2804 3598 2850 et
3653 2797 3804 2860 illeo,
3839 2803 3896 2852 ut

2298 2879 2553 2947 diximus,
2585 2897 2615 2937 a
2645 2883 2849 2939 sanctis
2886 2883 3140 2940 Patribus
3185 2899 3310 2956 spes
3337 2884 3507 2952 dicta,
3529 2901 3602 2942 oo
3635 2888 3790 2957 quod
3830 2889 3900 2942 sit

2299 2987 2396 3044 pes
2419 2976 2434 3015 ί
2461 2975 2517 3030 in
2545 2975 2760 3032 Christo
2780 2976 3192 3047 proﬁcientibus
3215 2995 3228 3045 ;
3256 2979 3397 3034 sicut
3425 2981 3752 3034 manuario
3772 2996 3896 3050 spo-

2301 3067 2461 3124 statis
2495 3076 2552 3124 et
2604 3068 2806 3140 impiis,
2845 3069 3041 3140 quibus
3081 3070 3234 3126 deest
3257 3078 3354 3140 pes
3391 3080 3447 3126 et
3501 3069 3750 3127 facultas
3777 3087 3896 3142 gra-

2302 3159 2506 3226 diendi,
2542 3161 2869 3232 desperatio.
2910 3161 3248 3233 Quapropter
3276 3177 3376 3218 nec
3405 3171 3661 3228 currunt,
3695 3162 3810 3218 nisi
3831 3164 3896 3217 ad

2230 3237 2274 3302 Β
2306 3257 2558 3316 mortem,
2587 3265 2688 3308 nec
2727 3252 3008 3308 ambulant
3041 3251 3150 3308 nisi
3193 3251 3262 3307 ad
3300 3266 3516 3322 prunas,
3540 3268 3644 3309 nec
3683 3269 3897 3322 pennas

2309 3355 2594 3402 assumunt
2635 3346 2918 3410 virtutum.
2958 3355 3058 3403 nec
3104 3354 3318 3404 mutant
3354 3347 3772 3414 inuitissimus;
3801 3350 3896 3404 sed

2309 3450 2524 3508 semper
2549 3438 2656 3494 ima
2680 3448 2894 3510 petunt,
2907 3449 2963 3496 et
2992 3453 3110 3511 quae
3132 3441 3320 3497 carnis
3342 3449 3488 3508 sunt,
3516 3443 3761 3522 sapit-tt.

2379 3529 2436 3584 2.
2475 3530 2546 3585 At
2569 3547 2698 3590 vero
2735 3530 2869 3601 justi
2899 3531 3128 3589 ﬁdentes
3155 3548 3276 3590 eum
3321 3535 3492 3590 David
3519 3546 3768 3592 canant:
3797 3537 3892 3591 Pu

2310 3639 2467 3681 naeus.
2481 3625 2616 3678 stetit
2641 3626 2698 3678 in
2716 3623 2798 3679 via
2832 3626 2846 3676 i
2881 3633 3022 3680 recta
3044 3624 3215 3698 (Prol.
3247 3642 3372 3692 ην,
3405 3627 3516 3698 ﬂ).
3550 3628 3658 3695 Qui
3688 3632 3734 3685 si
3761 3632 3892 3685 forts

2307 3720 2631 3782 corruerint,
2687 3716 2814 3788 quia
2863 3718 3046 3783 septies
3091 3719 3147 3772 in
3193 3719 3278 3772 die
3314 3719 3454 3773 cadit
3470 3720 3661 3790 justus
3708 3720 3888 3792 (ΡΜ.

2310 3825 2460 3875 xxw,
2489 3809 2599 3880 16),
2633 3825 2754 3865 mox
2803 3818 3086 3866 resumnnt
3111 3811 3470 3866 constantiam
3507 3822 3566 3867 et
3590 3823 3812 3868 mutant
3839 3817 3890 3871 is

2311 3900 2480 3956 Deurn
2507 3901 2874 3957 fortitudinem
2900 3903 3142 3960 dicentes
3166 3919 3180 3957 :
3205 3904 3463 3960 Dominus
3493 3904 3669 3961 robur
3693 3921 3886 3972 meum,

2311 3993 2482 4048 virtus
2525 4009 2664 4060 mea,
2711 4002 2766 4049 et
2811 3993 3082 4065 refugium
3117 4011 3316 4051 meum.
3363 3997 3522 4064 Quod
3553 4000 3696 4055 satis
3731 3999 3892 4055 bis.

2311 4089 2565 4144 hortatur
2605 4088 2828 4143 dicens:
2857 4088 2988 4154 Quis
3020 4089 3303 4144 ambulavit
3346 4091 3402 4144 in
3429 4091 3686 4158 tenebris;
3711 4101 3760 4146 ει
3795 4110 3890 4146 nos

2312 4189 2386 4235 est
2417 4179 2591 4234 lumen
2629 4180 2717 4234 ei?
2743 4191 2908 4250 speret
2947 4181 3002 4236 in
3045 4182 3250 4237 nomine
3290 4181 3525 4247 Domini,
3558 4193 3610 4236 ot
3639 4184 3892 4238 inritam

2312 4289 2467 4344 super
2489 4272 2656 4327 Deum
2678 4289 2834 4327 suum
2857 4272 2990 4345 (leo.
3021 4291 3076 4340 ι,
3106 4273 3216 4345 10).
3250 4272 3392 4340 Quid
3411 4274 3562 4329 enim
3587 4275 3890 4345 benignius,

2312 4365 2512 4436 quidve
2539 4365 2946 4421 misericordius
2974 4366 3086 4422 dici
3109 4365 3498 4435 potuit-iQuud
3529 4367 3578 4420 si
3607 4366 3892 4437 aliun

2311 4457 2624 4522 ambulasti,
2653 4472 2688 4512 ο
2711 4457 2901 4513 homo!
2932 4457 2984 4512 in
3017 4457 3270 4523 tenebris,
3295 4463 3351 4512 et
3382 4457 3530 4513 vitiis
3549 4458 3888 4519 carnalibus,

2312 4547 2566 4604 hortatur
2591 4564 2660 4604 ne
2695 4549 2902 4605 frustra
2927 4550 3358 4607 nusericordiam
3386 4549 3772 4620 derelinquas;
3805 4551 3888 4606 sed

630 4644 942 4714 perveniat;
975 4643 1066 4697 cui.
1083 4644 1225 4712 quod
1267 4642 1428 4706 absit,
1457 4641 1504 4696 si
1531 4655 1652 4712 spes
1694 4640 1946 4708 defuerit,
1971 4641 2207 4697 violenta
2231 4634 2286 4695 D
2311 4657 2502 4697 rursus
2533 4656 2691 4712 spera
2719 4641 2776 4696 in
2806 4641 2995 4704 Deum,
3029 4652 3090 4697 ut
3133 4642 3208 4697 sit
3240 4641 3338 4698 tibi
3381 4656 3482 4710 pes
3507 4643 3820 4712 gradiendi,
3841 4654 3888 4698 et

632 4735 1006 4805 desperatione
1039 4735 1432 4805 submergitur;
1476 4735 1618 4790 unde
1646 4743 1700 4790 et
1733 4735 2040 4806 desperatio
2076 4735 2209 4791 dici:

635 4840 739 4887 tur.
765 4831 896 4886 Nam
929 4833 1234 4902 desperatio
1259 4830 1400 4885 dicta
1435 4837 1537 4896 est,
1573 4841 1638 4884 eo
1665 4829 1806 4900 quod
1837 4830 1976 4886 desit
2003 4829 2077 4884 illi
2111 4843 2208 4900 pes

633 4925 687 4979 in
726 4926 830 4992 via,
863 4939 984 4996 qua:
1021 4921 1268 4980 Christus
1293 4929 1396 4987 est,
1427 4921 1702 4994 gradiendi
1729 4941 1740 4976 :
1779 4917 1874 4978 sed
1902 4921 2209 4978 econtrario

633 5017 827 5086 quibus
865 5018 982 5086 ipse
1008 5025 1094 5073 est
1116 5015 1201 5070 via
1227 5021 1283 5070 et
1322 5029 1466 5085 spes,
1499 5015 1740 5084 quotidie
1783 5012 2060 5084 prosperis
2087 5027 2207 5068 suc-

632 5109 873 5164 ccssibus
915 5109 1222 5164 innovatur.
1275 5107 1400 5162 JDe
1436 5107 1630 5176 quibus
1679 5106 1845 5161 Isaias
1883 5107 2150 5176 propheta
2191 5124 2204 5160 :

635 5200 739 5268 Qui
777 5209 970 5268 autem,
999 5201 1194 5271 inquit,
1223 5209 1437 5272 sperant
1460 5201 1518 5255 in
1539 5199 1783 5264 Domino,
1801 5200 2078 5254 mutabunt
2101 5198 2210 5267 for-

631 5292 931 5357 titudinem,
969 5302 1236 5348 arment
1266 5305 1464 5363 pennas
1501 5292 1638 5346 sicut
1670 5290 1886 5362 aquilei,
1921 5301 2128 5346 current
2159 5300 2207 5346 et

632 5391 744 5436 Non
775 5381 1108 5448 laborabunt,
1147 5382 1389 5442 volabunt
1429 5391 1480 5438 et
1527 5397 1638 5437 non
1669 5380 1910 5450 deﬁcient
1940 5377 2074 5452 (Ita.
2114 5397 2206 5450 ιιι,

702 5502 728 5566 ξι
751 5494 919 5566 Edit.,
945 5511 1059 5566 ego.

701 5563 730 5604 ι)
764 5565 937 5636 Edit.,
964 5563 1240 5636 expugnet.

702 5583 730 5604 ιι
765 5583 937 5631 nam,
964 5583 1028 5620 ex
1066 5583 1240 5636 ugnet.

687 5641 726 5705 ἐξ
753 5635 922 5705 Εόίι..
951 5583 1332 5705 iri/fammatur.

703 5703 729 5742 ά
751 5703 918 5770 Edit.,
941 5703 1275 5760 innovanmr.

712 5774 916 5838 °Edit.,
950 5783 1179 5828 current.

717 5839 734 5879 ί
765 5841 929 5907 Εειίι.,
962 5843 1180 5894 ebrium.

2313 4731 2551 4787 innitere
2582 4746 2745 4802 super
2777 4732 2942 4786 Deum
2973 4740 3146 4795 tuum,
3177 4741 3258 4788 .no
3291 4729 3418 4785 ullis
3455 4731 3888 4799 desperationem

2312 4821 2594 4880 fraudibus
2623 4822 2999 4892 abrumparis;
3029 4823 3154 4892 quia
3192 4821 3238 4876 si
3278 4831 3436 4882 vetus
3478 4837 3640 4878 error
3684 4825 3888 4886 abierit,

2311 4922 2375 4970 ut
2412 4914 2554 4970 idem
2585 4913 2782 4970 fatetur
2809 4913 3089 4985 propheta,
3123 4929 3314 4984 pacem
3359 4913 3586 4970 habebis
3625 4929 3755 4969 cum
3797 4915 3891 4968 Deo

2317 5012 2447 5060 tuo:
2473 5006 2613 5060 unde
2637 5021 2928 5061 conversus
2957 5005 3023 5059 ad
3070 5005 3262 5071 Deum,
3299 5006 3548 5068 seruabis,
3585 5007 3872 5076 iamut,”

2315 5112 2446 5160 seru,
2490 5113 2694 5166 pacem,
2738 5098 2862 5166 quia
2891 5097 2954 5152 in
2992 5106 3042 5152 te
3075 5098 3406 5168 speravimus.
3448 5095 3584 5166 (Ira.
3636 5113 3789 5160 Jun,
3819 5096 3888 5164 5i.

2312 5188 2517 5246 Deinde
2549 5189 2824 5260 subjungit
2867 5208 2878 5244 :
2923 5188 3185 5260 Sperauis
3223 5191 3286 5244 in
3319 5189 3548 5252 Barsine
3588 5191 3642 5244 in
3693 5190 3891 5246 assulis

2311 5283 2546 5348 (sternis,
2573 5282 2630 5336 in
2650 5282 2878 5344 Domino
2903 5281 3013 5336 Deo
3037 5283 3164 5352 forti
3191 5282 3248 5337 in
3269 5291 3596 5360 perpetuum.
3629 5283 3710 5340 Ae
3737 5285 3786 5338 si
3811 5298 3892 5352 pa-

2315 5385 2491 5434 tenter
2520 5377 2666 5432 dicat
2694 5394 2706 5430 :
2731 5377 2858 5446 quia
2881 5376 3146 5446 sperastis
3167 5375 3226 5434 in
3259 5375 3508 5442 Domina;
3541 5387 3768 5447 sperate
3791 5391 3887 5432 non

2390 5494 2414 5532 ⁸
2438 5490 2603 5557 Edit.,
2631 5500 2887 5559 properet.

2385 5563 2414 5601 ιι
2438 5561 2603 5626 Edit.,
2631 5559 2927 5630 gradiatur.

2390 5633 2408 5704 ξ
2435 5625 2602 5704 Edim
2632 5625 2717 5704 Eo
2751 5631 2890 5704 quod
2913 5632 2980 5684 sit
2997 5647 3145 5704 spes,
3166 5625 3476 5704 sedmelius
3500 5649 3609 5704 per.

2390 5647 2408 5672 ι
2435 5647 2602 5696 buli...
2636 5647 2717 5684 L0
2751 5647 2888 5700 quoa
2913 5647 2980 5684 su
3009 5647 3145 5756 apes,
3166 5647 3476 5695 sedmenlts
3500 5649 3609 5704 per.

2390 5700 2404 5751 i
2437 5702 2604 5768 Edit.,
2649 5702 2704 5756 in
2730 5701 2924 5756 directo
2945 5701 3011 5756 ad
3047 5702 3286 5772 itu-rque,
3331 5699 3386 5756 id
3410 5713 3484 5758 est
3515 5705 3572 5762 iit
3621 5704 3706 5760 ria
3734 5709 3884 5768 με,

2315 5773 2460 5844 quod
2492 5782 2578 5829 est
2603 5772 2871 5845 glossema
2901 5772 3267 5832 amanuensis.
