4148 6344
235 355 406 440 ’ωδ

1189 382 1277 441 DE
1310 383 1492 452 FIDE,
1531 384 1660 448 SPE
1701 386 1789 456 ET
1824 384 2244 454 CHARITATE.
2283 381 2344 430 -ῖ-
2393 384 2529 442 LIB.
2566 383 2627 444 Il.

3399 384 3534 446 1446

259 496 316 552 in
346 492 510 551 rebus
542 489 1026 576 transitoriis,_sed
1054 493 1108 548 in
1138 495 1348 551 saeculis
1376 497 1614 554 aeternis.
1643 498 1835 570 Despi-
1863 501 1908 563 Α
1939 497 2072 562 Deo,
2115 506 2176 558 ut.
2214 504 2298 558 est
2334 498 2518 564 omnia
2565 503 2714 562 recte
2755 497 2982 564 sentire,
3030 496 3273 571 nihilque
3311 501 3380 557 ab
3419 501 3535 573 ejus

256 587 368 643 cite
400 600 548 642 nunc.
567 583 900 655 temporalia,
925 587 1292 657 concupiscite
1313 589 1678 658 sempiterna;
1708 607 1844 662 quo-

258 677 405 733 niam
438 691 561 747 quae
589 676 840 736 videntur
870 679 1186 748 temporalia
1211 689 1359 746 sunt,
1388 690 1446 738 et
1474 697 1596 752 qua:
1626 699 1735 738 non
1765 685 1846 742 vi-

259 769 458 825 dentur
485 777 708 826 eterna.
747 768 900 836 Quod
940 781 1121 830 autem
1149 771 1298 832 videt
1323 774 1446 843 quis
1468 776 1598 845 quid
1624 779 1844 847 sperat?

259 859 418 916 Unde
448 860 566 916 sine
593 859 775 930 aliquo
805 861 1193 934 desperationis
1230 865 1510 924 molimine
1533 877 1749 937 Sperate
1792 868 1843 922 in

258 953 490 1010 Domino
520 952 633 1016 Deo
656 952 780 1014 forti
812 954 864 1010 in
895 965 1234 1026 perpetuum.
1266 957 1494 1030 Sperate
1510 969 1712 1026 autem,
1737 976 1844 1014 non

260 1043 404 1100 sicut
463 1044 699 1102 carnalis
748 1043 942 1110 Israel,
1005 1062 1221 1118 semper
1262 1052 1613 1120 praesentium
1663 1068 1846 1108 rerum

259 1133 400 1190 bona
426 1175 442 1200 ,
483 1150 794 1205 quanquam
831 1149 889 1192 et
930 1138 1048 1208 ipsa
1093 1155 1198 1196 non
1243 1141 1346 1204 nisi
1381 1158 1412 1196 α
1463 1143 1622 1198 Deoll
1646 1143 1848 1200 habere

259 1225 550 1297 possimus,
597 1226 693 1282 sed
733 1225 787 1280 in
833 1237 1033 1284 acterna
1069 1229 1336 1290 caelorum
1379 1233 1534 1290 bonis
1567 1241 1677 1288 tota
1723 1227 1846 1305 spe's

263 1327 450 1374 nostra
468 1317 735 1389 dirigatur
767 1327 860 1374 :et
889 1335 1012 1376 mox
1052 1319 1377 1390 adjicieutur
1403 1339 1523 1394 qua:
1558 1341 1668 1382 non
1702 1340 1844 1396 prm-

261 1409 520 1480 pediunt,
553 1409 769 1478 quando
791 1411 818 1450 b
841 1427 905 1470 ea
947 1428 1068 1483 quae
1115 1415 1449 1485 sempiterna
1478 1427 1604 1472 sunt
1645 1417 1844 1476 solum-

262 1503 424 1560 modo
457 1502 746 1573 diligimus.
785 1503 939 1571 Quod
960 1506 1004 1560 si
1036 1507 1090 1560 in
1120 1506 1425 1566 istiusmodi
1459 1512 1848 1580 temporalibus

262 1594 488 1652 nimium
517 1594 867 1662 delectamur,
899 1612 995 1667 pes
1024 1597 1170 1654 illico
1189 1608 1478 1670 gravatur;
1505 1601 1634 1657 dum
1667 1603 1848 1660 minus

262 1687 327 1741 ad
352 1687 463 1753 illa,
495 1704 615 1758 qua:
643 1703 879 1754 summa,
923 1698 980 1748 et
1009 1691 1478 1750 immarcessibilia
1515 1704 1642 1750 sunt
1669 1697 1842 1754 intena

261 1781 457 1838 dimus.
487 1780 642 1838 Unde
656 1783 766 1838 sint
797 1783 951 1838 nobis
977 1783 1093 1838 haec
1115 1783 1168 1837 in
1201 1785 1288 1839 via
1313 1786 1693 1856 peregrinandi
1720 1790 1846 1846 sub-

1953 593 2210 664 operibus
2237 593 2581 664 discrepare?
2623 592 2756 648 falsa
2792 609 2924 660 vero
2959 610 3064 659 non
3112 595 3176 662 de
3219 594 3328 660 illo,
3364 605 3422 650 ut
3451 603 3537 652 est

1949 687 2110 758 digna
2133 686 2358 744 credere
2381 704 2397 752 ;
2419 702 2596 760 neque
2618 686 2782 758 justis
2811 686 2932 744 ﬁdei
2963 687 3217 762 operibus
3242 687 3491 744 insistere
3516 707 3530 743 :

1947 778 2046 833 sed
2076 779 2136 834 in
2175 777 2281 834 alio
2328 778 2569 850 quolibet
2613 777 2754 834 malo
2799 779 3092 846 conﬁdere.
3136 777 3211 844 De
3253 798 3355 852 qua
3405 797 3536 838 sane

1949 869 2272 924 conﬁdentia
2310 867 2574 924 Jeremias
2606 869 2683 924 ait
2709 886 2721 925 :
2755 868 3070 938 Maledictus
3113 872 3265 927 homo
3293 873 3384 944 qui
3413 890 3536 928 con-

1945 958 2063 1026 ﬁdit
2091 959 2144 1012 in
2183 959 2412 1024 homine,
2436 969 2482 1014 et
2508 959 2652 1027 ponit
2681 975 2888 1013 carnem
2923 960 3194 1016 brachium
3220 980 3394 1030 suum,
3428 974 3476 1019 et
3501 982 3535 1020 a

1947 1048 2174 1103 Domino
2221 1049 2412 1104 recedit
2442 1067 2532 1105 cor
2558 1049 2671 1120 ejus
2716 1049 2932 1122 (Jerem.
2961 1067 3094 1118 xvu,
3116 1050 3190 1122 5).
3229 1052 3374 1126 Ergo
3411 1069 3532 1110 cum

1950 1142 2117 1208 dicit,
2173 1143 2262 1214 qui
2304 1142 2518 1212 conﬁdit
2566 1145 2619 1198 in
2680 1141 2926 1209 homine,
2979 1144 3083 1207 tale
3128 1153 3214 1201 est
3260 1161 3324 1212 ac
3366 1147 3412 1202 si
3456 1145 3537 1201 di-

1948 1245 2074 1302 cat,
2128 1237 2220 1305 qui
2259 1245 2480 1307 sperat;
2544 1237 2797 1307 quoniam
2847 1237 3024 1302 omnis
3079 1237 3404 1296 conﬁdentia
3469 1239 3538 1295 de

1948 1341 2042 1396 spe
2073 1327 2312 1382 nascitur
2346 1326 2613 1393 veritatis,
2657 1336 2751 1382 aut
2792 1328 3069 1384 vanitatis.
3121 1328 3252 1390 Nam
3281 1330 3408 1401 quid
3462 1329 3536 1386 sit

1949 1418 2162 1476 vanitas
2192 1417 2548 1476 Ecclesiastes
2596 1417 2778 1478 dicat:
2841 1418 3061 1486 Vanitas
3121 1422 3432 1490 sanitatum,
3485 1432 3535 1477 et

1950 1512 2126 1566 omnia
2146 1513 2348 1566 uanitas
2378 1511 2577 1584 (Eccle.
2603 1529 2644 1577 ι,
2670 1511 2747 1583 2).
2781 1511 2933 1582 Quod
2966 1513 3007 1568 si
3047 1529 3176 1586 ergo
3221 1515 3402 1569 omnia
3442 1530 3537 1570 va-

1950 1603 2096 1660 nitas
2126 1603 2217 1658 illa
2263 1620 2383 1674 quae
2427 1612 2709 1660 transeunt
2747 1613 2801 1659 ct
2844 1614 3141 1672 mutantur,
3193 1606 3439 1680 quisquis
3480 1605 3534 1662 in

1951 1695 2036 1750 bis
2071 1710 2221 1764 spem
2265 1712 2441 1760 suam,
2467 1695 2552 1752 vel
2579 1697 2961 1753 conﬁdentiam
3005 1699 3180 1769 ponit,
3213 1714 3408 1754 vanam
3443 1713 3536 1774 ge-

1951 1787 2024 1841 rit
2046 1803 2222 1857 spem,
2263 1803 2328 1844 eo
2352 1789 2492 1858 quod
2528 1789 2596 1844 dc
2625 1789 2864 1845 vanitate
2895 1789 3190 1860 pt'msumit.
3236 1789 3373 1847 Hinc
3395 1807 3532 1862 quo-

262 1873 422 1939 sidia,
463 1873 551 1928 illa
580 1888 708 1930 vero
731 1874 1021 1930 baereditas
1059 1874 1113 1929 in
1137 1875 1332 1946 patria.
1361 1877 1661 1934 Curramus
1680 1879 1844 1950 igitur
1874 1869 1921 1929 Β
1949 1893 2054 1948 que
2083 1878 2375 1949 Apostolus
2402 1879 2677 1935 auditores
2701 1897 2827 1936 suos
2859 1892 3038 1936 mouet
3065 1901 3078 1936 :
3106 1879 3307 1947 Nolite,
3336 1882 3531 1956 inquit,

261 1963 491 2036 pedibus
516 1964 640 2021 ﬁdei
679 1966 904 2036 speique
927 1974 982 2022 et
1011 1966 1296 2022 charitatis
1322 1982 1337 2021 :
1365 1969 1706 2027 ambulemus
1747 1987 1848 2027 nec

263 2055 578 2114 deﬁcientes
601 2067 621 2095 α
651 2073 667 2123 ;
695 2057 965 2114 interdum
1007 2066 1186 2114 autem
1215 2061 1516 2132 pennigero
1547 2061 1726 2120 volatu
1756 2081 1848 2120 an-

264 2147 489 2205 choram
531 2158 775 2206 nostram
834 2150 1118 2206 sublimius
1167 2165 1596 2222 consequamur;
1646 2163 1708 2209 ut
1753 2155 1846 2221 ubi

263 2259 366 2316 pro
392 2243 552 2301 nobis
586 2243 831 2316 pontifex
872 2245 1083 2300 introiit
1109 2243 1286 2310 Jesus,
1335 2253 1391 2300 et
1429 2246 1529 2314 ipsi
1579 2247 1848 2317 ingredia-

265 2353 419 2400 mur;
449 2346 715 2408 quatenus
737 2338 827 2392 ubi
852 2347 935 2394 est
957 2353 1082 2409 spes
1116 2346 1300 2394 nostra
1340 2337 1626 2406 Dominus,
1665 2349 1720 2398 et
1747 2358 1848 2399 nos

266 2428 440 2484 simus
465 2445 479 2482 :
504 2428 742 2499 alioquin
799 2428 977 2484 nullus
1020 2437 1167 2483 tutus
1213 2436 1298 2483 est
1340 2427 1491 2485 locus
1525 2438 1846 2500 :propterea

263 2533 394 2590 ergo
429 2517 595 2575 David
634 2527 757 2576 orat
786 2520 1010 2575 dicens:
1037 2518 1164 2574 Esto
1206 2519 1333 2573 mihi
1377 2519 1432 2574 in
1459 2518 1627 2574 Deum
1669 2530 1844 2591 prote-

265 2620 480 2684 ctorem,
527 2621 573 2665 et
617 2611 670 2665 in
717 2611 931 2666 domum
971 2611 1160 2681 refugii
1197 2609 1368 2680 (Psal.
1402 2626 1530 2676 xxx,
1564 2610 1640 2683 5).
1693 2611 1848 2667 Felix

264 2703 430 2775 igitur
462 2706 686 2759 nimium
706 2704 755 2769 ά,
783 2713 835 2758 et
869 2703 1172 2760 certissima
1203 2704 1316 2772 spei
1360 2705 1658 2773 processio,
1685 2719 1848 2775 quam

265 2797 408 2853 sicut
446 2798 736 2852 anchoram
768 2804 934 2852 tutam
981 2796 1176 2850 anima:
1216 2795 1498 2860 habemus,
1541 2812 1606 2851 ac
1635 2797 1848 2852 ﬁrmam

241 2873 318 2945 in
343 2889 526 2954 caelis;
557 2899 611 2944 et
637 2890 757 2944 ideo
781 2889 903 2958 quis
933 2888 1222 2958 desperare
1251 2887 1448 2958 poterit
1481 2902 1546 2943 eo
1593 2885 1844 2954 introire,

265 2997 374 3053 quo
406 2982 519 3053 jam
561 2997 656 3053 spe
692 2981 1026 3054 gratulamur
1076 2982 1345 3037 intrasse?
1380 2980 1522 3037 Nihil
1562 2983 1709 3038 enim
1749 2982 1845 3038 ﬁr-

267 3077 428 3140 mius,
477 3075 614 3131 nihil
666 3074 914 3140 validius,
968 3073 1213 3145 nihilque
1260 3075 1483 3141 certius,
1546 3091 1708 3145 quam
1753 3076 1847 3146 qui

265 3183 418 3238 spem
443 3182 595 3223 suam
619 3183 686 3222 ex
708 3175 818 3222 toto
839 3165 1019 3230 corde,
1047 3175 1102 3220 et
1125 3181 1192 3222 ex
1218 3173 1328 3220 tota
1353 3167 1560 3232 anima,
1587 3175 1750 3236 atque
1777 3182 1845 3222 ex

1947 1987 2157 2040 sperare
2185 1971 2237 2026 in
2264 1971 2459 2024 incerto
2508 1971 2813 2025 divitiarum
2863 1972 2915 2040 (1
2946 1971 3082 2028 Tim.
3119 1989 3193 2038 v1,
3236 1973 3323 2047 l7)
3352 1993 3364 2028 :
3400 1991 3534 2045 qua-

1949 2076 2069 2115 rum
2101 2061 2288 2131 utique
2327 2077 2449 2132 spes
2478 2061 2668 2116 incerti
2721 2061 2844 2118 boni
2875 2073 2976 2129 est,
3027 2072 3086 2119 ut
3112 2063 3198 2121 ille
3237 2065 3408 2121 voluit
3433 2084 3533 2124 εχ·-

1947 2151 2202 2221 primere,
2245 2152 2310 2207 de
2361 2166 2468 2221 quo
2520 2167 2681 2222 supra
2721 2151 2956 2208 diximus
3005 2172 3017 2207 :
3075 2154 3167 2209 sed
3220 2163 3274 2209 et
3322 2155 3534 2211 David:

1951 2239 2148 2304 Nolite,
2180 2239 2276 2307 ait,
2314 2257 2524 2309 sperare
2545 2232 2903 2311 iii-iniquitate
2930 2240 3102 2315 (Psal.
3133 2261 3243 2310 ιιι,
3294 2245 3404 2317 Η).
3455 2245 3536 2320 Ex

1947 2341 2055 2396 quo
2091 2327 2259 2398 liquet
2290 2329 2644 2384 usitatissime
2669 2346 2818 2400 spem
2850 2331 2902 2385 in
2926 2334 3069 2387 veris
3086 2334 3348 2405 vanisque
3372 2335 3534 2395 rebus

1947 2434 2089 2488 smpe
2113 2419 2219 2475 dici
2251 2439 2263 2474 :
2293 2420 2379 2475 illa
2408 2430 2587 2476 tamen
2639 2420 2658 2459 ί
2692 2421 2924 2478 salubris
2945 2435 2996 2480 et
3026 2441 3154 2481 vera
3196 2425 3531 2486 Christiano-

1947 2526 2067 2564 rum
2087 2526 2208 2566 esse
2228 2513 2509 2583 probatur,
2534 2528 2677 2584 qum,
2711 2523 2835 2584 post
2866 2514 3241 2574 tribulationes
3275 2528 3329 2576 et
3354 2535 3530 2592 penu-

1948 2601 2057 2657 rias
2087 2602 2243 2672 hujus
2259 2604 2380 2658 vitae
2400 2612 2560 2674 atque
2582 2605 2849 2673 miserias,
2879 2595 3193 2676 patientiam
3215 2622 3473 2682 operatur
3506 2630 3520 2667 :

1945 2693 2206 2760 patientia
2263 2709 2391 2749 vero
2448 2693 2858 2764 probationem;
2913 2696 2979 2752 de
3031 2713 3139 2770 qua
3202 2701 3526 2770 probatione

1947 2786 2148 2844 Christi
2180 2801 2322 2858 spes,
2363 2802 2482 2858 quae
2513 2787 2773 2853 nascitur,
2822 2789 2874 2844 in
2921 2789 3067 2846 nullo
3108 2791 3322 2862 penitus
3346 2797 3527 2868 potest

1947 2878 2202 2935 confundi
2228 2897 2241 2946 ;
2271 2882 2526 2951 quoniam
2573 2879 2700 2935 hinc
2730 2879 2854 2937 inde
2883 2879 3120 2952 Spiritus
3157 2885 3328 2940 sancti
3357 2886 3530 2958 gratia

1946 2969 2187 3027 fulcitur.
2219 2971 2282 3026 Et
2315 2973 2430 3028 haec
2475 2979 2558 3028 est
2609 2988 2739 3028 vera
2791 2982 2846 3027 et
2875 2973 3174 3031 indubitata
3220 2975 3346 3032 ﬁdei
3401 2979 3531 3036 sub-

1947 3064 2165 3120 stantia.
2198 3061 2529 3129 Substantia,
2562 3064 2805 3135 inquam,
2848 3065 3093 3136 profecto
3135 3083 3298 3140 quam
3337 3085 3530 3143 exspe-

1947 3161 2176 3220 ctantes,
2202 3153 2346 3224 juste
2377 3154 2570 3226 pieque
2603 3155 2857 3210 vivimus.
2892 3153 3031 3212 Hinc
3057 3173 3273 3230 quoque
3296 3159 3530 3232 Aposto-

267 3233 380 3314 κλμ,
416 3259 616 3314 vinum
638 3259 901 3330 integram
923 3266 978 3313 ει
1003 3257 1299 3328 perfectam
1328 3259 1481 3330 ροηίι
1504 3258 1557 3312 in
1591 3233 1841 3314 υοζηίηο,
1872 3233 1922 3298 G
1949 3247 2033 3305 lus
2081 3249 2197 3303 ait:
2233 3249 2385 3311 Juste
2423 3259 2470 3302 et
2520 3250 2604 3319 pie
2640 3249 2891 3317 vivamus,
2923 3261 3280 3322 exspectantes
3321 3254 3528 3312 beatam

268 3351 410 3423 Ergo
437 3353 488 3405 in
519 3365 614 3421 spe
637 3351 917 3406 constituti
946 3367 1154 3417 sumus,
1187 3360 1250 3406 ut
1275 3367 1437 3408 cuine
1465 3352 1667 3408 bonum
1689 3351 1846 3408 nobis

266 3445 548 3516 praesentis
575 3445 699 3500 vitae
740 3453 794 3499 et
813 3445 1010 3499 futurae
1050 3445 1117 3499 de
1146 3443 1236 3500 illo
1279 3445 1514 3515 pendeat
1557 3445 1846 3515 agendum,

267 3552 338 3594 ne
367 3539 434 3592 ab
466 3537 556 3592 illo
594 3552 816 3607 sperare
861 3535 1199 3592 deficiamus.
1235 3535 1370 3590 Hinc
1404 3534 1647 3605 profecto
1676 3534 1847 3590 David

265 3638 548 3703 gratanter
594 3630 704 3685 ait:
733 3629 798 3683 In
837 3646 961 3698 pace
1003 3629 1059 3682 in
1093 3628 1319 3698 idipsum
1359 3628 1640 3694 dormiam,
1681 3636 1730 3682 et
1765 3645 1848 3682 re-

263 3726 528 3796 quiescam
553 3721 724 3797 (Paul.
753 3737 863 3789 XIV,
892 3722 968 3796 9).
1002 3723 1064 3780 Et
1108 3731 1167 3779 ut
1195 3722 1433 3795 apertius
1459 3721 1717 3792 insinuet,
1741 3737 1844 3792 cur

268 3823 378 3868 tam
418 3830 641 3872 securus
686 3815 744 3869 in
774 3831 904 3885 pace
947 3817 1032 3870 ad.
1053 3832 1302 3871 somnum
1333 3817 1535 3880 veniat,
1585 3816 1846 3872 continuo

265 3904 539 3977 subjungit
566 3907 749 3961 dicens
781 3925 793 3959 :
821 3907 1080 3971 Quoniam
1107 3917 1183 3972 tu,
1217 3907 1458 3973 Homine,
1507 3907 1848 3978 singulariter

267 3999 324 4051 in
350 4013 438 4068 spe
461 3999 774 4053 constituisti
806 4016 905 4052 me.
949 4001 1004 4054 In
1031 4015 1126 4069 spe
1153 4000 1336 4071 igitur,
1366 4009 1425 4055 ut
1449 3999 1585 4066 dixi,
1615 4001 1844 4072 singula.

268 4091 405 4144 riter
428 4092 478 4144 in
511 4091 726 4145 Christo
755 4091 1052 4155 constituti,
1098 4093 1374 4162 pergimus
1405 4091 1583 4146 devoti
1626 4091 1691 4146 ad
1719 4106 1844 4146 eum

267 4182 552 4237 mittentes
576 4183 781 4237 semina
804 4190 1014 4245 nostra,
1035 4181 1197 4236 veluti
1227 4196 1416 4246 onmes
1439 4182 1562 4252 agri
1586 4181 1840 4248 cultores,

267 4273 395 4343 quia
424 4273 560 4328 sicut
591 4272 790 4328 Paulus
817 4274 1090 4344 apostolus
1123 4274 1235 4327 ait:
1264 4274 1448 4330 Omnis
1475 4274 1566 4345 qui
1591 4285 1709 4330 arat
1753 4283 1843 4338 aut

265 4369 521 4433 seminat;
543 4369 597 4423 in
619 4386 706 4440 spe
733 4369 907 4440 utique
938 4380 1054 4424 arat
1081 4379 1126 4424 et
1157 4370 1376 4428 seminat
1406 4369 1452 4441 (I
1481 4367 1602 4424 Cor.
1626 4386 1704 4436 ut,
1731 4369 1840 4436 10).

267 4459 565 4514 Credamus
605 4459 847 4515 Creatori
887 4471 1091 4528 nostro,
1125 4463 1216 4532 qui
1257 4461 1567 4531 repromisit
1610 4478 1676 4518 ea
1724 4442 1857 4533 quae.

257 4549 374 4618 jam
401 4551 526 4606 data
554 4561 680 4607 sunt
728 4553 904 4619 nobis,
938 4562 992 4608 et
1037 4570 1316 4624 speremus
1347 4557 1480 4615 totis,
1510 4557 1839 4623 visceribus;

1949 3356 2089 3410 spem
2113 3348 2159 3395 et
2181 3339 2457 3394 adventum
2480 3338 2690 3396 Domini
2715 3337 2841 3410 (Tit.
2881 3356 2917 3404 ι,
2952 3340 3028 3412 2).

2017 3433 2074 3488 2.
2105 3431 2214 3489 Sed
2231 3432 2581 3504 quaerendum
2624 3431 2894 3500 quomodo
2925 3441 3242 3505 exspectare
3271 3434 3526 3506 iubemur

1949 3540 2122 3595 spem,
2154 3525 2208 3580 in
2258 3540 2364 3595 qua
2388 3533 2442 3580 et
2469 3539 2590 3580 cum
2637 3539 2742 3594 qua
2780 3523 2894 3593 jam
2923 3524 2976 3579 in
3004 3525 3221 3582 Christo
3248 3530 3424 3585 renati
3449 3530 3527 3586 vi-

1948 3621 2156 3687 vimus;
2205 3627 2294 3675 aut
2325 3619 2564 3688 nunquid
2592 3619 2708 3674 sine
2731 3633 2826 3690 spe
2853 3617 3000 3688 juste
3041 3621 3237 3692 pieque
3268 3622 3523 3688 vivimus,

1947 3712 2039 3786 qui
2060 3719 2241 3771 tamen
2269 3714 2290 3756 ε
2326 3712 2466 3784 quod
2482 3711 2694 3783 agimus
2720 3711 2846 3768 boni
2889 3712 2940 3768 in
2968 3728 3062 3784 spe
3087 3714 3297 3786 agimus
3328 3714 3351 3768 ἲ
3381 3715 3449 3770 Ει
3478 3717 3524 3771 si

1941 3806 2055 3876 jam
2100 3819 2251 3876 spem
2294 3804 2576 3870 habemus,
2621 3803 2892 3874 quomodo
2925 3803 3068 3874 quod
3120 3803 3403 3871 habemus,
3435 3821 3526 3861 ex-

1947 3904 2256 3968 spectamus
2283 3897 2306 3950 ?
2335 3895 2420 3952 vel
2461 3896 2700 3966 nunquid
2734 3895 2860 3961 ista,
2891 3910 3011 3966 quae
3038 3895 3525 3966 impraesentiarum

1945 3998 2050 4056 est,
2090 3989 2288 4044 misera
2333 3996 2456 4054 est;
2487 3995 2542 4042 et
2586 3985 2695 4053 illa,
2733 4001 2853 4058 quae
2873 3985 2926 4041 in
2966 3985 3147 4042 futuro
3176 3993 3278 4056 est,
3331 4004 3526 4060 exspe-

1947 4089 2126 4138 ctatur
2155 4080 2314 4140 beata
2340 4082 2362 4134 ?
2392 4079 2738 4156 Nequaquam
2765 4079 2927 4150 igitur
2974 4079 3074 4137 hoc
3121 4079 3370 4156 dixerim,
3394 4081 3524 4152 quia

1947 4171 2375 4230 Christianorum
2425 4187 2532 4228 una
2559 4166 2641 4234 est
2672 4184 2817 4241 spes,
2861 4170 3077 4226 sicutet
3104 4185 3209 4226 una
3252 4171 3407 4232 ﬁdes.
3440 4173 3526 4228 ld-

1946 4266 2091 4322 circo
2119 4280 2242 4336 spes
2279 4267 2380 4322 ista
2412 4266 2464 4331 h,
2494 4280 2598 4334 qua
2633 4263 3018 4336 respergimur,
3058 4264 3276 4334 prepria
3301 4275 3383 4319 est
3415 4265 3522 4334 illa,

1947 4357 2243 4427 eademque
2273 4373 2432 4426 quam
2485 4363 2904 4425 exspectamus:
2954 4354 3208 4424 quoniam
3239 4369 3305 4410 ex
3359 4355 3528 4432 ipsius

1946 4450 2192 4506 claritate
2229 4452 2244 4491 ί
2297 4450 2497 4505 nostris
2546 4449 2600 4502 in
2628 4448 2882 4502 cordibus
2911 4446 3199 4503 relucescrt
3233 4466 3244 4501 :
3286 4449 3524 4518 alioquin

1948 4541 2112 4606 calor,
2141 4541 2278 4596 sicut
2313 4553 2586 4607 nunquam
2617 4536 2718 4590 nisi
2750 4551 2815 4589 ex
2863 4535 2984 4608 igne
3013 4546 3116 4602 est,
3163 4546 3217 4591 et
3249 4537 3339 4592 lux
3388 4555 3524 4594 nun-

409 4602 526 4606 ηπ
555 4602 678 4607 mn
728 4602 904 4619 ------σν
942 4602 991 4608 --
1037 4602 1314 4624 -τν-ν---π
1347 4602 1480 4615 ----.
1523 4602 1839 4623 ἠκτ--ην-νν

266 4641 394 4711 quia
429 4642 479 4696 in
522 4643 624 4698 hoc
656 4645 934 4700 constituti
973 4661 1160 4700 sumus
1184 4661 1250 4700 ex
1274 4647 1409 4714 ipso,
1457 4647 1594 4702 etin
1625 4647 1764 4716 ipso,
1789 4656 1845 4702 et

1947 4649 2106 4703 quam
2150 4631 2252 4686 nisi
2301 4647 2369 4684 ex
2413 4629 2613 4684 lumine
2642 4627 2688 4694 ἱ,
2736 4627 2814 4683 sic
2868 4628 3048 4699 itaque
3089 4647 3212 4700 spes
3253 4631 3378 4698 ista,
3417 4649 3518 4704 qua

265 4748 367 4804 per
387 4733 584 4805 ipsum,
615 4745 676 4792 ut
700 4749 724 4778 ι
753 4753 872 4810 qua:
891 4739 1218 4808 sempiterna
1249 4749 1374 4794 sunt
1398 4739 1696 4810 capiamus.

897 4869 1122 4929 CAPUT
1160 4872 1224 4928 ν.

269 4977 411 5047 Quid
430 4983 497 5037 sit
517 4983 650 5040 inter
669 5001 810 5058 spem
838 5003 1010 5059 veram
1047 4987 1358 5059 falsamque,
1389 4986 1465 5042 vel
1490 4988 1535 5042 si
1557 4987 1658 5042 dici
1686 4995 1842 5059 queat

781 5075 914 5128 spes,
941 5057 1040 5112 nisi
1063 5058 1115 5112 in
1137 5056 1324 5111 Deum.

339 5183 392 5241 1.
432 5185 577 5243 inter
603 5203 751 5258 spem
781 5205 963 5245 veram
989 5189 1289 5260 falsamque
1313 5192 1562 5250 eamdem
1594 5191 1842 5250 substan-

266 5277 420 5345 tiam,
444 5290 688 5350 quam-et
713 5283 854 5337 inter
874 5299 1060 5357 verum
1099 5283 1395 5353 falsamque
1426 5283 1609 5353 ﬁdetn.
1647 5285 1842 5342 divinis

263 5375 683 5444 comprobemus
731 5376 958 5447 eloquiis
985 5395 998 5432 :
1023 5386 1108 5434 est
1154 5394 1386 5448 namque
1421 5395 1550 5436 vera
1603 5378 1738 5444 ﬁdes
1776 5382 1843 5442 de

339 5565 368 5629 ξ
391 5554 563 5629 Edit.,
593 5574 696 5612 non
719 5559 832 5613 ideo
857 5558 1044 5612 habere
1072 5559 1351 5629 possimus.

337 5624 370 5668 δ
391 5626 548 5699 ξᾴἱῑί,
579 5631 842 5699 quoniam.

342 5706 367 5768 εἲ
393 5697 560 5768 Edit.,
591 5697 683 5754 nec
705 5700 999 5768 deficientes
1030 5701 1160 5763 iter;
1184 5700 1308 5754 dum
1334 5708 1528 5762 autem.

337 5766 364 5805 ἀ
387 5767 554 5834 Edit.,
587 5766 850 5824 nimirum.

344 5846 366 5877 θ
388 5837 446 5894 lu
469 5838 626 5894 editis
657 5839 806 5896 deest
841 5851 909 5895 ut.

1944 4723 2339 4795 perfundimur,
2361 4738 2465 4775 non
2491 4721 2594 4776 nisi
2621 4736 2687 4776 ex
2711 4720 2822 4776 Deo
2850 4731 2932 4777 est
2957 4740 2972 4789 ;
3009 4723 3149 4779 Deus
3174 4736 3351 4780 autem
3398 4742 3522 4797 spes

1945 4829 2124 4876 nostra
2154 4827 2255 4884 est,
2303 4827 2359 4875 et
2389 4819 2506 4873 ideo
2536 4834 2658 4890 spes
2698 4831 2878 4876 nostra
2923 4822 3404 4894 impraisentiarum
3438 4835 3521 4882 est

1944 4921 1996 4967 et
2023 4917 2406 4981 exspectatur:
2440 4911 2714 4980 quoniam,
2765 4912 2866 4968 etsi
2909 4927 3032 4982 spes
3057 4923 3163 4967 tam
3207 4914 3274 4969 de
3313 4913 3520 4985 futuro,

1945 5019 2104 5073 quam
2156 5011 2209 5058 et
2263 5002 2328 5057 de
2373 5002 2593 5057 absente
2621 5010 2706 5057 est
2749 5004 2889 5074 apud
2940 5004 3126 5070 Deum,
3161 5003 3251 5076 qui
3305 5022 3522 5079 semper

1946 5111 2184 5167 praesens
2203 5104 2371 5152 estet
2399 5096 2617 5167 ubique,
2663 5112 2786 5167 spes
2835 5108 3018 5155 nostra
3069 5113 3286 5176 semper:
3335 5100 3388 5156 in
3429 5101 3520 5157 illo

1944 5197 2046 5245 est.
2081 5187 2234 5246 Unde
2257 5187 2430 5244 donec
2457 5190 2641 5244 veniat
2669 5190 2822 5246 nobis
2848 5192 2992 5260 quod
3034 5194 3359 5262 promissum
3408 5202 3515 5259 est,

1943 5289 2321 5352 exspectamus
2345 5282 2558 5337 beatam
2589 5296 2758 5351 spem,
2783 5281 3245 5341 immortalitatem
3272 5287 3522 5343 videlicet

1944 5375 2126 5432 carnis
2151 5383 2206 5430 et
2243 5374 2438 5428 anima:
2465 5381 2624 5443 atque
2675 5373 2962 5430 adventum
2998 5373 3250 5432 Domini:
3283 5386 3340 5432 ut
3369 5378 3518 5448 dein-

2023 5555 2040 5594 τ
2072 5555 2238 5620 Edit.,
2284 5553 2390 5608 Illa
2437 5564 2545 5608 tum
2573 5552 2818 5608 salubris.

2021 5626 2382 5700 S_Edit.,_quiq
2405 5625 2523 5694 jam
2550 5634 2663 5700 tum
2683 5626 2826 5700 quod
2852 5643 3052 5697 agimus
3098 5625 3234 5686 bam.

2013 5697 2040 5736 ¹ι
2066 5697 2122 5750 lu
2162 5697 2292 5751 edit.
2348 5695 2496 5750 deest
2543 5697 2664 5750 ista.

2023 5769 2036 5807 ί
2067 5767 2230 5831 Edit.,
2254 5765 2525 5820 charitate.

2019 5837 2031 5887 i
2075 5837 2236 5903 Edit.,
2266 5835 2401 5894 luce.
