4148 6344
635 343 773 398 ΗΠ

1446 339 1506 397 S.
1543 336 1900 396 PASCHASII
1934 335 2279 394 BADBERTI
2313 336 2605 392 ABBATIS
2641 333 3088 393 CORBEIENSIS

3739 333 3882 390 1448

631 463 760 521 eeps
801 462 1015 519 semper
1058 461 1184 504 cum
1222 446 1315 504 illo
1340 454 1395 503 et
1437 447 1493 503 in
1535 446 1627 504 illo
1669 447 1816 503 beati
1857 459 2196 502 maneamus.
2225 445 2278 506 Α
2301 446 2552 502 videntur
2577 461 2678 518 per
2708 445 2812 501 ista
2839 444 3160 516 dirigamur.
3189 441 3331 500 Hinc
3353 443 3526 500 David
3549 445 3620 500 de
3637 442 3878 503 Iudaeis:

631 535 757 593 Haec
787 536 950 608 igitur
976 542 1061 592 est
1101 550 1224 606 spes
1258 550 1588 606 vera,quam
1619 533 1762 591 sicut
1789 532 2083 589 auchoram
2108 539 2198 586 tu-

631 635 738 682 tam
769 642 834 682 ac
875 626 1085 681 ﬁrmam
1113 624 1376 683 habemus
1417 644 1431 680 :
1475 625 1736 682 habentes
1783 632 1982 690 autem,
2045 620 2201 692 quid-

627 715 754 786 quid
778 715 831 770 in
864 715 957 771 illa
984 725 1068 773 est
1092 725 1503 788 exspectamus;
1534 723 1912 787 exspectantes
1959 727 2089 769 vero
2127 726 2198 768 ex

627 802 770 861 dono
805 802 921 874 jam
975 806 1238 862 habemus
1278 805 1536 877 quidquid
1567 805 1620 860 in
1667 804 1884 861 Christo
1927 803 2086 860 nobis
2114 818 2199 859 re-

627 896 953 966 promissum
981 905 1066 953 est
1097 915 1112 953 :
1139 906 1197 954 et
1223 897 1342 953 ideo
1369 897 1849 968 impraesentiarum
1898 895 1964 951 de
2016 893 2199 950 futuro

627 986 839 1042 beatam
863 996 918 1042 et
955 996 1274 1060 perpetuam
1305 1002 1454 1058 spem
1483 986 1744 1057 gerimus,
1783 1001 1945 1056 quam
1987 983 2200 1040 deside-

628 1085 813 1134 rantes
838 1086 893 1135 et
929 1079 1258 1136 sustinentes
1288 1077 1434 1149 iuste
1458 1079 1652 1149 pieque
1679 1079 1864 1134 vivere
1894 1093 2193 1134 monemur.

629 1166 782 1226 Unde
838 1170 1226 1243 invigilandum
1277 1184 1346 1226 ne
1399 1169 1775 1226 sustinentium
1841 1168 2195 1224 amittamus:

627 1261 767 1317 sicut
811 1263 1070 1331 nonnulli,
1122 1262 1190 1319 de
1245 1262 1442 1334 quibus
1484 1260 1774 1332 Apostolus
1809 1262 1887 1316 ait
1930 1278 1944 1316 :
2000 1258 2090 1315 Va:
2117 1260 2198 1314 his

625 1358 715 1426 qui
737 1359 1098 1414 sustinentium
1123 1357 1408 1413 amiserunt
1431 1372 1453 1423 ,°
1481 1353 1801 1412 sustinentia
1857 1363 2038 1409 autem
2083 1351 2199 1408 haec

628 1446 774 1509 inter
809 1450 990 1505 varios
1039 1464 1239 1521 agones
1274 1461 1489 1518 semper
1527 1446 1813 1503 dulcedine
1857 1445 1960 1515 pia:
2002 1457 2198 1514 exspe-

627 1543 881 1603 ctationis
918 1541 1220 1609 refovetur;
1271 1541 1526 1614 quoniam
1577 1551 1735 1610 spes,
1767 1554 1884 1608 qum
1936 1537 2199 1592 charitate

626 1637 866 1703 fulcitur,
906 1636 960 1691 in
983 1634 1129 1692 nullo
1153 1633 1520 1710 confunditur,
1553 1645 1654 1702 pro
1683 1648 1790 1705 qua
1828 1631 2054 1686 ﬁdenter
2072 1644 2201 1685 con-

626 1737 941 1787 temnuntur
964 1729 1145 1785 omnia
1166 1742 1286 1798 qua:
1318 1743 1456 1781 vana
1496 1736 1647 1796 sunt,
1675 1733 1730 1782 et
1773 1725 2064 1778 vincuntur
2104 1720 2198 1776 ad-

2298 537 2460 602 dedit,
2485 536 2680 607 inquit,
2708 537 2942 608 regiones
2967 536 3218 607 gentium,
3255 545 3306 591 et
3329 535 3534 592 labores
3562 537 3883 609 populorum

2296 627 2676 698 possederunt;
2723 641 2961 699 moxque
3008 625 3216 683 addidit
3259 644 3273 682 :
3316 636 3374 682 ut
3413 629 3717 683 custodiant
3765 647 3886 700 ejus

2290 717 2721 790 justiﬁcationes,
2763 727 2813 773 et
2859 717 3022 789 legem
3064 717 3180 788 ejus
3229 719 3495 790 requirant
3545 715 3723 789 (Psal.
3769 735 3886 785 av,

2297 809 2410 882 44).
2442 810 2710 867 Nimirum
2750 819 2809 866 ut
2844 811 2912 867 de
2961 825 3061 882 spe
3106 811 3219 882 jam
3262 821 3518 882 percepta
3545 812 3886 879 securiores,

2298 911 2355 958 et
2399 901 2740 958 ardentiores
2793 910 2978 957 essent
3025 916 3110 967 ea,
3166 917 3287 974 quae
3335 902 3666 973 sempiterna
3731 913 3884 970 sunt,

2296 991 2628 1063 percipiendi
2658 1011 2674 1046 :
2699 1001 2756 1048 et
2779 991 2902 1048 ideo
2922 991 3057 1048 falsa
3087 1006 3212 1063 spes
3239 999 3414 1049 estex
3446 1002 3580 1059 toto,
3612 1009 3736 1064 qua:
3763 994 3888 1050 sine

2300 1081 2411 1138 Deo
2457 1081 2509 1137 in
2541 1082 2752 1140 incerto
2777 1083 3089 1140 divitiarum
3130 1093 3236 1152 est,
3276 1094 3371 1139 aut
3402 1085 3458 1141 in
3486 1085 3731 1151 homine,
3749 1087 3886 1156 quia

2297 1191 2425 1232 caro
2447 1183 2569 1241 est;
2603 1183 2698 1231 aut
2741 1175 2795 1231 in
2822 1175 2929 1232 alio
2957 1175 3158 1247 aliquo,
3182 1177 3326 1248 quod
3370 1177 3594 1233 omnino
3633 1194 3745 1234 non
3775 1187 3885 1235 est.

2297 1267 2391 1324 illa
2413 1283 2542 1324 vero
2565 1268 2721 1323 ﬁrma
2742 1277 2798 1324 et
2821 1277 2960 1335 tuta,
2988 1284 3109 1340 qua“:
3137 1277 3346 1324 tantum
3376 1269 3431 1324 in
3473 1268 3648 1325 Deum
3685 1279 3794 1336 est,
3827 1278 3890 1324 ut

2297 1368 2481 1431 speret
2499 1375 2619 1430 qua:
2648 1375 2755 1415 non
2778 1359 3051 1436 videntur,
3080 1367 3137 1416 et
3161 1367 3366 1416 :eterna
3391 1368 3536 1416 sunt.

2368 1452 2422 1506 '5.
2446 1449 2616 1508 Porro
2634 1466 2760 1522 spes
2796 1451 3266 1523 percipiendarum
3291 1467 3474 1509 rerum
3495 1453 3886 1525 temporalium

2300 1539 2368 1594 ad
2391 1555 2455 1596 ea
2489 1545 2610 1611 quae
2637 1541 2894 1596 videntur
2927 1539 2947 1580 ί
2994 1557 3101 1597 non
3139 1551 3282 1600 recta
3329 1551 3414 1598 est
3441 1559 3457 1609 ;
3488 1551 3549 1598 ut
3573 1543 3643 1598 ad
3669 1557 3736 1598 ea
3765 1561 3890 1615 quae

2300 1645 2406 1686 non
2429 1631 2703 1698 videntur,
2736 1631 3033 1688 intentione
3064 1631 3356 1700 referatur,
3386 1642 3443 1688 et
3474 1643 3699 1705 propter
3721 1635 3838 1705 ipsa
3859 1637 3889 1675 ε

2300 1721 2455 1791 quasi
2480 1721 2534 1776 in
2569 1721 2654 1777 via
2686 1722 2811 1789 ista,
2861 1739 2958 1793 spe
3010 1724 3205 1779 devota
3252 1733 3607 1795 quzerantur:
3639 1724 3888 1795 alioquin

625 1838 802 1880 versa.
829 1823 1047 1878 Dirimit
1085 1821 1228 1878 enim
1267 1818 1574 1876 Christiana
1614 1833 1740 1888 spes
1773 1831 1988 1874 onmem
2019 1816 2194 1873 homi-
2228 1799 2274 1859 Β
2301 1831 2518 1885 sperare
2558 1823 2766 1870 tantum
2813 1815 2841 1856 ιι
2887 1815 3373 1886 imprtesentiarum
3421 1831 3620 1887 magna
3662 1818 3887 1872 miseria

625 1929 749 1970 nem
772 1930 802 1968 a
830 1913 1040 1969 cultura
1063 1912 1318 1977 deorum;
1351 1909 1476 1980 quia
1507 1923 1698 1964 omnes
1739 1906 1814 1963 dii
1841 1907 2081 1976 gentium
2103 1921 2198 1960 va-

625 2005 792 2071 nitas,
811 2012 866 2060 et
891 2004 1150 2059 daemonia
1165 2012 1309 2058 sunt.
1326 2001 1547 2058 Dirimit
1573 2000 1743 2056 abhis
1772 2014 1894 2070 quae
1912 1998 1971 2054 in
2000 1997 2200 2052 mundo

625 2106 772 2161 sunt,
803 2096 1054 2166 quoniam
1083 2110 1222 2150 vana
1261 2102 1386 2150 sunt
1408 2093 1681 2150 universa.
1718 2090 1936 2147 Dirimit
1966 2090 2034 2146 ab
2052 2104 2201 2145 erro-

627 2187 778 2244 ribus
828 2195 884 2242 et
925 2186 1105 2258 pravis
1148 2185 1510 2251 suasionibus,
1563 2191 1619 2238 et
1662 2181 1924 2256 gloriatur
1975 2179 2030 2234 in
2085 2177 2200 2234 solo

627 2275 874 2342 Domino,
906 2276 1130 2347 ejusque
1178 2273 1656 2345 promissionibus,
1713 2273 1982 2328 intantum
2013 2277 2200 2325 utnec

623 2367 690 2424 de
711 2381 788 2433 se,
822 2380 923 2422 nec
965 2365 1032 2420 de
1068 2365 1174 2421 alio
1200 2365 1443 2436 quolibet
1469 2362 1744 2434 quidpiam
1785 2369 2096 2432 praesumat,
2131 2372 2200 2414 ne

625 2457 990 2517 maledictioni
1021 2457 1316 2529 subiaceat,
1349 2471 1457 2528 qua
1487 2455 1691 2511 dictum
1719 2461 1804 2510 est
1837 2470 1850 2505 :
1885 2449 2199 2506 Maledictus

621 2555 792 2610 omnis
823 2553 913 2625 qui
938 2552 1082 2623 ponit
1122 2567 1332 2606 carnem
1360 2549 1719 2621 fortitudinem
1749 2561 1919 2608 suam,
1950 2554 1997 2599 et
2027 2559 2060 2597 a
2091 2541 2198 2596 Do-

621 2647 764 2702 mino
793 2644 982 2700 recedit
1017 2660 1108 2700 cor
1129 2643 1282 2714 ejus;
1311 2643 1421 2698 imo
1448 2651 1559 2698 tota
1589 2639 1914 2713 ingreditur,
1939 2636 2030 2691 ubi
2055 2650 2201 2706 pon-

624 2737 755 2794 tifex
785 2752 884 2808 pro
919 2734 1074 2792 nobis
1119 2734 1325 2790 introiit
1350 2732 1530 2799 Jesus,
1577 2742 1635 2788 et
1680 2731 1828 2788 velut
1857 2729 2093 2785 anchora
2120 2735 2199 2782 lo-

626 2836 735 2883 tum
759 2828 1034 2884 hominem
1058 2827 1126 2882 ad
1157 2825 1434 2882 Christum
1465 2824 1663 2882 solidat
1689 2833 1744 2880 et
1787 2822 2093 2886 conﬁrmat,
2139 2827 2200 2875 ut

624 2921 695 2976 ibi
752 2935 847 2976 cor
899 2920 1121 2986 habeat,
1195 2933 1304 2988 quo
1355 2919 1641 2974 thesauros
1697 2913 1976 2986 sapientiae
2037 2919 2200 2980 atque

623 3012 863 3069 scientiae
887 3028 1007 3068 esse
1033 3028 1139 3068 non
1169 3011 1398 3067 dubitat.
1428 3009 1677 3081 Alioquin
1715 3008 1760 3062 si
1797 3013 1998 3060 tantum
2020 3004 2076 3057 in
2102 3001 2200 3056 hoc

624 3104 817 3160 strculo
847 3105 901 3158 in
933 3101 1140 3160 Christo
1162 3113 1428 3176 sperantes
1449 3117 1652 3167 sumus,
1689 3107 1752 3154 ut
1775 3099 1852 3153 ait
1881 3093 2194 3167 Apostolus,

625 3195 1030 3252 miserabiliores
1083 3196 1282 3250 cunctis
1335 3193 1665 3248 hominibus-
1709 3204 1891 3244 sumus
1951 3185 2003 3258 (ι
2063 3182 2189 3240 Cor.

625 3289 849 3361 M319).
876 3289 1108 3345 Tantum
1138 3289 1192 3343 in
1228 3288 1332 3343 hoc
1377 3283 1571 3342 sreculo
1593 3297 1719 3339 cum
1758 3281 1853 3346 ait,
1884 3294 1986 3334 nec
2015 3275 2199 3333 exclu-

625 3385 712 3447 sit,
738 3393 798 3440 ut
825 3397 850 3425 ι
883 3385 935 3438 in
959 3383 1062 3438 hoc
1082 3379 1279 3437 sacculo
1305 3393 1522 3450 sperare
1547 3377 1601 3433 in
1626 3375 1720 3431 illo
1747 3389 1853 3430 non
1881 3371 2196 3434 debeamus,

623 3478 718 3534 scd
746 3487 927 3533 tamen
941 3476 968 3516 ι)
986 3473 1244 3544 quidquid
1259 3480 1341 3528 est
1362 3467 1849 3542 impraesentiarum
1871 3475 2153 3534 speramus
2169 3469 2192 3498 ο

625 3579 795 3626 totum
846 3567 1035 3623 referri
1068 3564 1320 3622 convenit
1363 3563 1428 3618 ad
1459 3561 1658 3625 futura,
1687 3568 1744 3615 et
1794 3557 2030 3628 primum
2078 3567 2199 3623 quae

625 3661 953 3734 sempiterna
983 3666 1109 3717 sunt
1131 3669 1396 3730 querere.
1431 3652 1585 3710 Unde
1617 3648 1877 3708 Dominus
1910 3660 1924 3703 :
1958 3643 2198 3702 Primum

625 3759 841 3815 aua'rite
873 3772 1086 3827 regnum
1132 3753 1250 3820 Dei,
1275 3761 1322 3806 et
1343 3749 1611 3822 justitiam
1635 3746 1771 3818 ejus,
1811 3753 1859 3799 et
1886 3743 1995 3797 Iure
2021 3739 2197 3795 omnia

623 3851 945 3923 adjicientur
969 3848 1111 3903 uobis
1149 3843 1366 3916 (Matth.
1394 3857 1470 3908 vi,
1511 3839 1622 3912 15).
1671 3837 1802 3906 Quae
1847 3833 2069 3893 omnia?
2093 3829 2198 3886 nisi

625 3958 745 4018 quae
799 3940 1081 4013 praesentis
1122 3937 1248 3994 vitae
1295 3933 1603 3992 necessaria
1643 3939 1770 3988 sunt
1814 3949 1828 3986 :
1879 3925 2201 3998 adjicientur

626 4034 843 4106 quidem
863 4073 880 4100 ,
918 4032 1172 4103 quoniam
1234 4046 1342 4086 non
1402 4035 1627 4101 propter
1669 4025 1773 4082 ista
1841 4022 1937 4080 sed
1976 4025 2201 4093 propter

627 4125 721 4182 illa
772 4122 1056 4178 credentes
1096 4127 1415 4183 certamus;
1461 4124 1743 4189 sperantes
1791 4127 1921 4169 vero
1945 4111 2072 4166 vitae
2113 4121 2198 4163 se-

628 4215 775 4272 mina
803 4213 1058 4280 serimus,
1086 4213 1332 4268 amantes
1355 4209 1420 4265 ad
1458 4224 1524 4264 ea
1549 4205 1918 4263 tantummodo
1960 4208 2200 4259 mentem

627 4321 842 4378 semper
866 4303 1164 4376 dirigimus.
1198 4300 1332 4357 Nam
1359 4309 1417 4356 ut
1440 4300 1516 4356 ait
1535 4296 1822 4372 Apostolus
1848 4315 1862 4351 :
1895 4294 2079 4350 Omnis
2108 4291 2200 4365 qui

627 4407 768 4465 arat,
793 4397 849 4452 in
871 4413 960 4467 spe
976 4395 1124 4451 debet
1150 4410 1304 4449 arare
1324 4391 1376 4465 (ι
1398 4393 1520 4449 Cor.
1545 4408 1626 4458 ix,
1653 4389 1763 4462 12),
1795 4389 1868 4444 ita
1883 4387 1926 4444 si
1953 4385 2197 4458 quidem,

2299 1917 2402 1965 est.
2435 1907 2588 1975 Quod
2616 1909 2662 1964 Si
2703 1909 2946 1979 profecto
2994 1910 3172 1966 omnis
3213 1910 3306 1981 qui
3330 1917 3471 1977 arat,
3500 1910 3557 1965 in
3593 1925 3694 1982 spe
3725 1911 3890 1967 debet

2300 2012 2484 2066 arare,
2513 2000 2628 2069 ipsa
2657 2000 2954 2071 eademque
2977 2015 3100 2071 spes
3126 2015 3234 2056 non
3270 2000 3326 2055 in
3355 1999 3520 2057 sulcis
3545 2009 3642 2055 aut
3663 2001 3890 2056 semini-

2298 2092 2420 2158 bus,
2444 2107 2550 2148 non
2572 2091 2626 2147 in
2648 2094 2907 2164 temporis
2932 2093 3353 2164 dispensatione,
3380 2102 3474 2150 aut
3507 2094 3656 2150 illius
3677 2105 3890 2151 natura:

2298 2181 2585 2255 potestate,
2639 2181 2732 2238 sed
2772 2197 2841 2238 ex
2875 2182 2986 2238 Deo
3014 2183 3171 2240 nobis
3194 2184 3375 2240 omnia
3401 2186 3643 2256 praestita
3672 2202 3886 2258 prrsu-

2300 2282 2430 2340 mat,
2459 2288 2487 2328 a
2527 2289 2636 2345 quo
2659 2274 2823 2330 etiam
2848 2275 2904 2330 in
2930 2275 3208 2332 laboribus
3231 2275 3447 2348 frugum
3472 2293 3702 2348 sperare
3742 2280 3887 2335 bona

2299 2365 2617 2439 temporalia
2649 2367 2929 2434 debemus,
2961 2377 3016 2424 et
3043 2377 3258 2440 sperata
3300 2369 3506 2426 referre
3541 2371 3611 2425 ad
3651 2370 3741 2425 illa
3765 2387 3891 2442 qua:

2300 2461 2628 2532 sempiterna
2659 2469 2808 2526 sunt,
2850 2470 2908 2515 ut
2947 2461 3013 2517 ad
3055 2477 3118 2516 ea
3138 2463 3540 2533 perveniamus.
3573 2461 3713 2518 Hinc
3746 2480 3889 2535 quo-

2299 2571 2404 2626 que
2439 2555 2691 2610 hortatur
2717 2551 3003 2610 Psalmista
3033 2569 3156 2609 cum
3205 2555 3283 2609 ait
3310 2573 3323 2609 :
3350 2553 3516 2626 Spera
3546 2556 3603 2609 in
3633 2555 3888 2624 Domino,

2298 2654 2346 2699 et
2369 2644 2454 2714 [ac
2476 2645 2759 2699 bonitatem
2784 2641 2958 2714 (Psal.
2998 2659 3188 2710 xuvr,
3213 2645 3315 2716 3);
3354 2645 3485 2715 quia
3528 2653 3657 2700 tunc
3710 2654 3891 2711 recte,

2298 2750 2418 2807 qua:
2455 2735 2720 2808 promissa
2761 2743 2904 2799 sunt,
2951 2750 3252 2806 speramus,
3312 2736 3358 2790 si
3399 2752 3523 2807 qua:
3556 2735 3710 2806 iussa
3761 2745 3896 2792 sunt

2299 2824 2697 2896 compleamus;
2718 2825 2966 2896 quoniam
2993 2841 3314 2897 quaecunque
3333 2828 3671 2882 seminaverit
3699 2827 3890 2894 homo,

2300 2917 2409 2972 have
2443 2926 2490 2971 et
2525 2925 2680 2971 metet
2707 2915 2850 2987 (Gal.
2879 2917 3047 2988 vr,7).
3082 2916 3235 2974 Unde
3269 2917 3706 2974 Christianorum
3761 2935 3893 2991 spes

2301 3007 2416 3063 sola
2441 3007 2558 3063 huic
2577 3017 2678 3072 est,
2711 3018 2771 3062 ut
2799 3024 2865 3063 ex
2893 3008 3002 3064 Deo
3044 3017 3239 3064 cuncta
3275 3023 3554 3080 Speremus
3602 3027 3729 3082 quae
3762 3013 3894 3068 data

2311 3109 2436 3156 sunt
2459 3101 2638 3166 nobis,
2667 3109 2723 3156 et
2747 3100 3026 3156 mittamus
3048 3100 3256 3157 semina
3276 3101 3330 3156 in
3358 3101 3449 3157 illo
3460 3102 3729 3158 bonorum
3759 3119 3894 3175 ope-

2303 3207 2444 3258 rum,
2484 3208 2605 3264 quae
2644 3193 3002 3263 centuplicata
3036 3193 3482 3264 repromittuntur
3514 3193 3712 3259 nobis;
3752 3212 3896 3266 qua-

2300 3296 2458 3342 tenus
2491 3293 2548 3341 et
2568 3288 2683 3358 ipsa
2705 3286 2780 3342 sit
2805 3301 2950 3357 spes,
2976 3300 3096 3358 quae
3118 3301 3219 3358 per
3252 3286 3581 3342 dilectionem
3603 3301 3716 3340 una
3753 3303 3892 3342 cum

2299 3377 2405 3434 ﬁde
2425 3391 2596 3448 usque
2633 3377 2688 3432 in
2721 3376 2881 3432 ﬁnem
2921 3377 3065 3432 inter
3092 3393 3349 3448 prospera
3379 3385 3434 3432 et
3466 3377 3694 3434 adversa
3752 3395 3895 3434 con-

2298 3473 2449 3527 tinua
2477 3481 2754 3542 operatur.
2791 3470 2998 3538 Quibus
3041 3471 3267 3540 probata
3317 3470 3734 3541 impulsionibus
3761 3487 3890 3527 om-

2297 3563 2426 3619 nino
2480 3577 2587 3620 non
2641 3562 3020 3630 confunditur;
3078 3563 3333 3633 quoniam
3371 3563 3639 3619 charitate
3683 3564 3890 3620 diﬁ‘usa

2300 3658 2353 3716 in
2377 3661 2562 3727 corde,
2592 3656 3006 3730 infatigabiliter
3034 3657 3100 3716 ad
3129 3674 3192 3714 ea
3223 3675 3344 3730 qua:
3375 3659 3709 3730 sempiterna
3732 3668 3887 3722 sunt,

2299 3752 2640 3807 sublimatur.
2673 3750 2826 3818 Quod
2853 3750 2900 3806 si
2948 3750 3178 3807 necdum
3220 3765 3450 3822 peccare
3474 3751 3673 3822 aliquis
3694 3751 3887 3817 desiit,

2299 3858 2474 3914 neque
2508 3843 2573 3898 ad
2596 3842 2867 3910 facienda,
2911 3857 3030 3913 quae
3061 3840 3320 3912 iubentur
3343 3843 3589 3915 erigitur,
3619 3858 3762 3898 vana
3791 3861 3890 3914 spe

2299 3934 2687 4006 indulgentiam
2717 3943 2814 3989 aut
2837 3935 3090 3991 meritum
3119 3948 3186 3989 ex
3215 3935 3312 3990 Dei
3349 3935 3551 4006 pietate
3572 3937 3886 4005 praesumit.

2297 4025 2415 4084 Non
2445 4028 2590 4084 enim
2614 4037 2700 4084 est
2722 4028 2896 4086 otiosa
2933 4041 3089 4099 spes;
3113 4026 3205 4082 sed
3250 4042 3319 4082 ex
3361 4026 3466 4084 ﬁde
3491 4042 3622 4083 vera
3667 4027 3740 4084 de
3769 4029 3891 4084 Deo

2299 4130 2463 4192 atque
2496 4121 2622 4178 ﬁdei
2646 4122 2904 4194 operibus
2941 4119 3351 4179 subsistentiam
3386 4121 3405 4162 ι
3437 4120 3540 4176 sibi
3578 4121 3889 4178 radicatam

2237 4274 2240 4277 .
2299 4225 2592 4273 mercatur.
2645 4216 2743 4274 Est
2783 4224 2964 4272 autem
2999 4215 3114 4287 ipsa
3165 4214 3462 4286 eademque
3505 4213 3665 4282 ﬁdes,
3715 4226 3891 4287 atque

2296 4309 2479 4366 omnia
2531 4308 2659 4368 ﬁdei
2691 4323 2861 4382 Opera
2904 4308 3292 4381 sperandorum
3341 4308 3683 4375 substantia;
3741 4310 3893 4365 unde

2296 4401 2492 4473 probet
2518 4401 2988 4474 seunusquisque,
3017 4408 3278 4471 quantum
3319 4407 3576 4470 operatur
3625 4415 3695 4456 ex
3753 4399 3887 4460 ﬁde,

627 4498 684 4546 et
703 4488 796 4561 qui
817 4486 946 4543 boni
972 4483 1175 4556 aliquid
1205 4484 1366 4556 gerit,
1397 4484 1584 4555 utique
1607 4482 1662 4537 in
1697 4495 1792 4552 spe
1813 4479 1970 4536 debet
2014 4477 2194 4594 perci-

2300 4502 2356 4550 ct
2375 4493 2568 4549 credit.
2611 4491 2779 4548 Recte
2827 4491 2991 4563 igitur
3026 4505 3128 4561 per
3183 4491 3340 4546 ﬁdem
3397 4499 3612 4544 tantum
3661 4505 3891 4560 sperare

625 4579 808 4653 piendi
834 4578 998 4636 etiam
1032 4584 1090 4633 et
1128 4577 1363 4646 seipsum
1393 4575 1728 4647 expendere;
1781 4573 1875 4630 sed
1929 4570 2198 4643 agricola-

626 4686 748 4727 rum
777 4683 926 4742 spes,
952 4669 1079 4740 quia
1104 4667 1594 4739 impraesentiarum
1623 4674 1728 4730 est,
1771 4665 1931 4720 debet
1964 4675 2088 4718 esse
2139 4660 2197 4716 in

625 4761 820 4827 Deum,
859 4760 1114 4832 quoniam
1142 4759 1259 4830 ipse
1286 4767 1372 4813 est
1397 4764 1588 4811 auctor
1608 4766 1660 4812 et
1681 4755 1906 4824 largitor
1927 4752 2193 4817 omnium,

627 4868 694 4910 ne
723 4851 884 4908 stulta
907 4867 1030 4924 spes
1059 4851 1382 4906 inveniatur.
1425 4849 1501 4904 De
1539 4865 1643 4919 qua
1669 4856 1728 4902 ut
1759 4845 1785 4886 ά
1809 4846 1946 4902 dixit
1965 4845 2195 4916 Aposto-

627 4942 712 4999 lus
735 4960 750 4998 :
778 4941 840 4999 Si
865 4952 1066 4998 tantum
1092 4943 1148 4997 in
1167 4941 1264 4996 hoc
1284 4940 1478 4996 stet:qu
1505 4942 1561 4994 in
1582 4939 1787 4995 Christo
1810 4945 2074 5009 sperantes
2109 4952 2197 4990 su-

626 5053 768 5102 mus,
792 5035 1194 5092 miserabiliores
1211 5051 1307 5090 nos
1331 5051 1441 5090 esse
1484 5034 1682 5089 cunctis
1723 5040 2059 5102 protestatur
2105 5029 2202 5085 ho-

627 5125 914 5184 minibus:
954 5134 1135 5182 tamen
1176 5123 1289 5195 iam
1319 5123 1515 5196 gradus
1548 5133 1632 5179 est
1681 5122 1841 5178 eundi
1893 5121 1958 5177 ad
2006 5119 2196 5188 Deum,

627 5217 769 5274 bona
803 5217 994 5273 saltem
1019 5217 1502 5288 impraesentiarum
1534 5217 1600 5271 ad
1631 5231 1752 5270 cum
1785 5214 2008 5280 referre,
2034 5230 2064 5268 a
2091 5228 2200 5284 quo

627 5306 718 5364 illa
753 5319 796 5374 ο,
826 5316 944 5365 esto
978 5307 1204 5382 indigni,
1251 5310 1596 5381 percipimus,
1647 5316 1706 5364 ut
1739 5307 1801 5362 azl
1832 5322 1893 5363 ea
1941 5320 2062 5378 quae
2089 5320 2196 5362 non

699 5421 915 5495 fﬁdit.,
937 5423 1077 5495 quod
1104 5423 1160 5478 in
1184 5424 1301 5479 hoc.

700 5490 732 5533 ι’
754 5492 920 5560 Editi,
946 5490 1036 5550 sed
1062 5495 1238 5550 etiam.

707 5573 730 5634 ς
757 5563 925 5634 Εᾱιι..
959 5564 1098 5633 quod
1127 5581 1416 5634 speramus.

700 5631 730 5674 ⁸
761 5633 817 5689 In
831 5631 992 5690 editis
1019 5631 1166 5690 deest
1192 5647 1248 5689 ut
1271 5638 1425 5692 dixit.

707 5715 730 5774 τ’
761 5702 924 5774 Εὰἰιί,
957 5723 991 5759 α
1024 5722 1125 5774 quo
1150 5705 1250 5759 ista
1269 5708 1383 5762 etsi.

711 5771 816 5829 (1η
867 5771 1045 5831 editis
1071 5776 1222 5832 deest
1263 5778 1332 5830 ad
1376 5794 1435 5832 ea
1488 5794 1603 5848 qua:
1642 5778 1899 5835 videntur.

2306 4589 2487 4655 potest
2507 4582 2575 4637 ab
2601 4580 2713 4647 illo,
2734 4580 2830 4651 qui
2853 4579 3003 4636 dedit
3033 4586 3355 4649 potestatem
3377 4578 3634 4634 credendi
3666 4588 3726 4634 et
3761 4594 3891 4650 cpe-

2306 4674 2462 4731 randi
2495 4687 2594 4744 per
2612 4671 2795 4737 ﬁdem,
2818 4684 3027 4740 nosque
3054 4669 3196 4724 ﬁlios
3227 4667 3530 4738 adoptionis
3553 4668 3846 4737 procreari
3875 4685 3890 4721 ι

2305 4762 2546 4834 alioquin
2571 4760 2853 4816 temeritas
2883 4767 2968 4816 est
2993 4759 3170 4829 magis
3191 4773 3352 4829 quam
3376 4773 3523 4828 spes,
3552 4758 3603 4814 si
3630 4760 3893 4830 amplius,

2305 4866 2398 4914 aut
2425 4854 2567 4911 aliud
2593 4863 2773 4926 sperat
2802 4853 3018 4924 aliquis,
3050 4852 3155 4908 nisi
3179 4851 3320 4923 quod
3347 4859 3496 4906 recte
3513 4851 3694 4908 credit
3722 4853 3897 4908 devo-

2303 4951 2467 5007 tionis
2493 4947 2709 5016 aﬁ‘ectu,
2737 4956 2790 5003 et
2811 4953 3067 5017 operatur
3092 4943 3311 5015 pietatis
3336 4957 3621 5014 processu.
3646 4942 3901 4999 Credon-

2301 5048 2391 5096 tur
2417 5048 2596 5096 autem
2635 5053 2757 5110 quae
2799 5037 3066 5108 promissa
3095 5043 3150 5091 et
3197 5035 3321 5089 data
3365 5040 3492 5089 sunt
3540 5033 3596 5088 in
3643 5033 3898 5098 Christo,

2300 5131 2505 5189 idcirco
2525 5131 2648 5204 jure
2677 5137 2985 5201 sperantur,
3017 5127 3064 5183 si
3088 5125 3220 5181 ﬁdes
3250 5140 3346 5196 per
3369 5123 3724 5181 dilectionem
3749 5125 3902 5181 inter

2299 5236 2555 5295 prospera
2615 5228 2670 5276 et
2733 5220 2956 5276 adversa
2980 5259 2997 5286 ,
3053 5213 3440 5287 temporalibus
3497 5215 3725 5272 omissis
3749 5255 3767 5282 ,
3813 5225 3906 5271 est

2301 5313 2614 5386 adimpleta,
2655 5322 2716 5370 ut
2734 5311 3110 5384 probationem
3137 5308 3152 5361 i
3183 5323 3254 5366 ex
3295 5308 3408 5365 Deo
3449 5317 3726 5380 reportet.
3778 5309 3902 5376 Qua

2372 5431 2400 5470 ⁸
2421 5427 2592 5494 Edit.,
2625 5427 2815 5499 ipsum.

2369 5499 2400 5540 δ
2425 5499 2598 5564 Edit.,
2624 5507 2808 5553 totum.

2375 5571 2392 5612 ί
2425 5569 2565 5626 Edit.
2578 5610 2592 5635 ,
2624 5568 2992 5623 substantiam.

2373 5640 2508 5763 lbll'l'
2537 5633 2696 5695 editis
2735 5638 2885 5695 deest
2907 5654 2972 5694 ex
3014 5637 3124 5694 Dea
3172 5643 3412 5709 reportet.
3465 5633 3589 5702 Qua
3634 5634 3904 5695 nis-iraa

2373 5728 2396 5763 ο
2432 5728 2463 5763 a
2489 5725 2626 5763 sane.

2302 5711 2626 5780 probatione.
