4148 6344
254 322 393 378 “£9
1176 320 1263 375 DE
1301 317 1478 384 FIDE,
1519 316 1646 374 SPE
1687 313 1774 372 ET
1814 312 2237 371 CliAllITATE.
2277 343 2349 355 —
2387 313 2512 370 LIB.
2555 314 2615 371 ll.
3382 315 3521 391 1430

253 434 511 491 nimirum
552 432 871 504 probatione
915 445 1139 487 securus
1186 434 1385 497 aiebat,
1417 433 1509 503 qui
1561 447 1683 487 cum
1726 430 1839 486 Deo
1871 432 1913 490 Α
1942 427 2120 483 datur.
2142 426 2267 483 Ideo
2294 436 2348 484 et
2384 427 2680 498 Scriptura:
2709 428 3032 485 meditamke
3060 440 3208 495 sunt,
3241 446 3308 486 ex
3338 428 3424 489 his
3461 443 3524 489 ut

255 529 539 599 disputans
566 523 894 596 tripudiabat
919 536 1078 594 spe,ll
1108 524 1292 579 dicens
1321 544 1335 578 :
1360 524 1523 595 Spero
1550 525 1607 578 in
1629 534 1699 587 te,
1729 521 1838 576 Do-
1943 523 2284 579 consolemur
2310 523 2450 578 inter
2478 525 2658 579 varias
2711 527 3070 582 tentationum
3116 540 3399 598 pressuras
3425 539 3521 596 ;et

254 621 416 685 mine,
436 616 789 691 quadriennii
816 618 1261 686 consumptienem
1288 633 1457 672 meam
1489 617 1684 672 emittis
1725 632 1840 670 ma—
1942 614 2204 683 patientia
2254 617 2662 681 conservanda,
2716 617 2844 671 dum
2895 619 3170 675 laboribus
3208 620 3522 692 fatigamur.

259 724 385 765 num
431 718 578 764 tuam
618 705 742 777 (Iob
784 722 928 771 xxx,
976 705 1093 777 24).
1145 706 1311 772 Quasi
1356 714 1603 775 patenter
1653 706 1836 761 dicat:

257 811 319 856 ut
346 798 603 871 ﬂagelles,
635 807 690 851 et
712 799 912 868 probes
946 811 1054 861 me,
1085 797 1354 865 mortique
1385 798 1591 852 tradas.
1642 795 1751 850 Sed
1794 797 1840 850 si
1945 796 2064 851 bitis
2097 799 2306 852 animas
2331 807 2546 852 vestras.
2578 796 2735 853 Celsa
2768 797 2933 869 igitur
2962 814 3113 870 spes
3157 799 3360 870 glorias,
3400 817 3524 873 qua

259 894 315 947 in
344 891 670 962 profundum
704 888 1183 947 infernidimersus
1204 886 1386 955 inero,
1417 890 1545 944 inde
1575 903 1663 943 me
1709 888 1843 944 libe-
1943 891 2196 946 omnibus
2242 891 2546 947 illustratur
2594 892 2774 956 bonis,
2824 898 2882 948 et
2926 893 3189 947 virtutum
3242 895 3527 964 pennescit

1945 703 2099 760 Unde
2120 705 2420 761 Dominus:
2456 704 2522 761 In
2561 706 2834 775 patientia,
2862 708 3056 779 inquit,
3082 718 3253 765 vestra
3294 712 3541 781 posside-~
3624 734 3631 742 ·

260 982 426 1037 rahis.
460 982 597 1036 Ecce
629 988 832 1050 quanta
882 994 1006 1050 spes
1035 979 1278 1048 qualisve
1319 995 1425 1035 non
1469 979 1839 1045 confunditur,

260 1087 382 1143 quae
407 1072 560 1125 ﬁrma
581 1079 638 1126 et
664 1070 856 1134 solida,
890 1085 1011 1139 qua:
1044 1083 1235 1125 secura
1266 1078 1322 1125 et
1345 1070 1540 1126 devota
1585 1071 1639 1125 in
1668 1068 1841 1125 Deum

262 1162 528 1217 subsistit.
554 1160 671 1217 Non
695 1161 839 1216 enim
872 1159 1127 1215 formidat
1155 1175 1365 1230 paenae,
1398 1175 1507 1215 non
1533 1160 1709 1216 locum
1754 1160 1839 1214 in-

262 1253 399 1308 ferni
424 1271 440 1320 ;
472 1255 597 1325 quia
625 1268 890 1324 nusquam
920 1261 1004 1308 est
1032 1252 1206 1317 locus,
1228 1267 1336 1323 quo
1364 1268 1470 1308 non
1500 1254 1595 1319 sit,
1637 1254 1728 1323 qui
1749 1268 1840 1324 po-
1887 1314 1895 1325 ,

265 1353 384 1398 tens
413 1353 518 1409 est,
547 1343 892 1414 omnipotens
912 1344 1077 1407 Deus,
1110 1351 1166 1397 et
1205 1343 1348 1410 ideo,
1390 1342 1544 1413 cujus
1597 1352 1683 1400 est
1718 1359 1845 1414 spes

263 1434 611 1489 etiam°inter
647 1434 896 1488 miserias
915 1434 1143 1489 omnino
1165 1434 1355 1505 beatus
1380 1450 1504 1490 esse
1535 1434 1795 1505 probatur
1825 1452 1838 1488 :

265 1523 483 1590 Beatus,
507 1524 681 1594 inquit
696 1524 882 1589 David,
930 1524 1084 1593 cujus
1120 1533 1196 1578 est
1238 1523 1497 1579 Dominus
1544 1524 1688 1580 Deus
1727 1525 1843 1595 ejus

1942 985 2069 1063 alis,
2122 996 2183 1041 ut
2231 1001 2444 1059 semper
2483 986 2551 1041 ad
2590 985 2783 1041 altiora
2827 985 3043 1042 attollat
3081 987 3318 1042 animam
3346 986 3525 1060 possi-

1947 1079 2145 1136 dentis.

2566 1230 2794 1287 CAPUT
2833 1230 2920 1287 Vl.

2497 1360 2576 1416 De
2596 1361 2974 1431 desperatione.

2016 1513 2067 1568 l.
2091 1512 2489 1584 Desperationis
2512 1512 2654 1569 malo
2676 1514 2811 1570 nihil
2837 1514 2989 1586 pejus
3016 1515 3531 1586 impraesentiarum,

264 1612 438 1682 (Psal.
484 1629 675 1679 CXLIII,
702 1613 811 1685 l5).
844 1612 958 1668 Hoc
997 1614 1162 1684 igitur
1202 1614 1380 1671 sciens
1413 1616 1603 1670 beatus
1630 1613 1752 1680 Job,
1787 1616 1843 1671 in

1955 1602 2197 1672 quoniam
2226 1602 2515 1673 desperare
2543 1618 2760 1675 semper
2804 1605 2873 1659 ad
2926 1605 3034 1661 ima
3096 1621 3351 1663 corruere
3403 1616 3529 1663 est:

267 1705 478 1761 inferno
505 1706 668 1760 miser
697 1720 817 1760 esse
862 1718 966 1758 non
990 1713 1203 1774 poterat
1247 1720 1348 1761 nec
1393 1704 1681 1767 confundi;
1718 1719 1846 1775 quo-
1946 1692 2123 1747 οηπιίε
2140 1693 2284 1747 enim
2312 1694 2403 1763 αιιὶ
2428 1694 2700 1765 ἀθευθιέίιιο
2728 1695 2782 1750 id
2817 1697 2962 1767 ³8η,
3013 1706 3184 1753 "lam
3208 1701 3377 1769 limus
3401 1715 3536 1757 00"-

266 1796 412 1851 niaru
437 1795 540 1849 sibi
572 1794 738 1848 Deum
770 1792 1062 1863 propitium
1104 1801 1227 1863 post
1263 1794 1619 1848 tentationem
1645 1792 1845 1862 ubique
1878 1793 1920 1851 Β
1948 1799 2155 1840 cassam
2187 1800 2217 1839 ³
2246 1784 2355 1841 Deo
2384 1787 2594 1842 Veniam
2619 1788 2853 1854 διηίιιδιι
2886 1798 2979 1844 θυι
3000 1802 3273 1860 speratam
3301 1800 3530 1858 “Illi-lim.

264 1887 558 1951 credebat;
598 1900 757 1956 quem
789 1884 893 1940 sibi
934 1883 1154 1940 affuisse
1188 1886 1241 1940 in
1271 1885 1460 1940 eadem
1494 1884 1716 1940 minime
1745 1885 1844 1940 du-

266 1976 495 2031 bitabat.
538 1973 698 2028 Pater
726 1974 869 2043 quod
897 1987 1002 2028 non
1033 1973 1142 2027 ulla
1180 1974 1210 2014 h
1239 1972 1675 2029 Christianarum
1722 1989 1848 2044 spes

267 2076 353 2123 est
378 2067 485 2122 nisi
508 2067 649 2122 Deus
677 2081 943 2131 summus,
971 2065 1027 2120 in
1062 2080 1170 2135 quo
1195 2074 1322 2121 sunt
1357 2065 1540 2120 omnia
1573 2079 1693 2134 qua:
1739 2080 1847 2119 non

267 2159 540 2225 videntur,
568 2172 743 2228 neque
770 2172 954 2212 veram
982 2157 1215 2227 aliquem
1244 2158 1479 2228 gessisse
1502 2165 1596 2211 aut
1631 2173 1846 2228 gerere,

270 2248 519 2317 quamvis
546 2246 782 2313 dicatur,
824 2249 877 2303 in
920 2244 1028 2304 alio
1052 2248 1234 2317 aliquo
1270 2264 1442 2318 spem,
1467 2264 1589 2318 quae
1627 2248 1851 2304 omnino

269 2352 408 2394 vana
434 2349 490 2394 et
515 2338 644 2394 falsa
672 2348 775 2395 est.
808 2338 922 2394 Hoc
947 2338 1147 2407 quippe
1175 2339 1356 2394 sciens
1379 2347 1568 2394 sancta
1612 2337 1702 2392 illa
1734 2354 1853 2393 mu-

271 2428 376 2482 lier
418 2428 707 2499 plaudebat
747 2426 884 2497 apud
912 2428 1097 2482 cordis
1120 2427 1398 2498 judicem:
1436 2425 1552 2482 Nos
1573 2444 1736 2497 spem,
1772 2428 1854 2483 in-

271 2520 485 2590 quiens,
509 2520 563 2574 in
585 2520 751 2574 alium
780 2519 947 2575 Deum
968 2535 1238 2589 nunquam
1290 2519 1569 2574 habuimus
1615 2517 1848 2591 (Esther.

272 2628 313 2677 l,
337 2611 447 2683 19).
475 2611 626 2678 Quod
649 2611 694 2666 si
712 2612 964 2673 haberet,
981 2611 1201 2665 omnino
1237 2625 1377 2666 vana
1401 2617 1566 2675 esset,
1597 2609 1852 2680 quoniam

272 2717 463 2757 omnes
488 2702 565 2755 dii
605 2701 848 2771 gentium
879 2700 1166 2756 dtemonia.
1195 2699 1455 2755 Dominus
1479 2710 1660 2754 autem
1682 2697 1851 2763 solus,

273 2791 537 2847 caelorum
585 2792 810 2855 veritas,
857 2804 981 2861 spes
1021 2791 1188 2861 ipsius
1239 2799 1378 2856 erat,
1421 2806 1487 2846 ex
1514 2806 1621 2861 qua
1666 2781 1854 2846 omnes

272 2881 678 2948 beatifleantur,
700 2883 793 2950 qui
818 2889 966 2936 recte
1003 2888 1225 2951 sperant
1252 2880 1308 2935 in
1336 2880 1488 2935 illum
1518 2889 1574 2936 et
1597 2867 1851 2951 perseve-

275 2982 430 3035 rant;
463 2974 583 3028 ideo
609 2974 677 3029 de
704 2973 1158 3043 illogloriahatur.
1187 2971 1440 3029 Profecto
1468 2972 1856 3043 liquet,quam-

275 3063 363 3118 vis
387 3064 597 3119 dicatur
625 3080 749 3135 spes
770 3064 947 3134 aliqua
980 3063 1107 3118 hinc
1129 3062 1275 3127 inde,
1300 3079 1408 3119 non
1438 3063 1539 3120 nisi
1573 3079 1641 3119 ex
1668 3064 1780 3118 Deo
1802 3074 1849 3126 ο,

1951 1875 2197 1944 quamvis
2224 1889 2324 1931 nec
2353 1876 2615 1931 indultam
2641 1916 2657 1940 ,
2711 1893 2817 1932 non
2876 1880 3137 1948 requirat.
3166 1881 3345 1947 Quare
3381 1881 3532 1952 quis-

1951 1964 2071 2032 quis
2101 1964 2205 2019 hoc
2248 1965 2424 2034 ipsum
2469 1981 2577 2021 non
2603 1965 2893 2036 desperare
2939 1969 3221 2035 amaverit,
3252 1976 3307 2025 et
3332 1971 3536 2026 habue-

1952 2052 2043 2117 rit,
2066 2054 2192 2123 quia
2240 2054 2435 2125 diligit,
2486 2055 2631 2110 nulla
2688 2057 2993 2125 desperatio
3027 2068 3146 2125 est,
3198 2059 3289 2116 sed
3337 2060 3537 2130 gradus

1952 2144 2305 2215 adipiscendi.
2337 2144 2511 2202 Omne
2536 2148 2679 2218 quod
2707 2157 2890 2217 sperat
2921 2149 3136 2221 aliquis,
3160 2160 3216 2206 ct
3240 2151 3442 2223 diligit;
3472 2154 3539 2209 de

1952 2235 2145 2304 quibus
2170 2246 2347 2290 autem
2376 2236 2695 2307 desperare
2724 2242 2970 2308 cmperit,
3004 2257 3129 2296 mox
3167 2251 3223 2297 et
3264 2259 3370 2297 non
3418 2243 3540 2299 dili-

1951 2340 2100 2396 gere,
2130 2341 2197 2381 eo
2224 2327 2366 2396 quod
2395 2327 2463 2381 ad
2495 2342 2555 2382 se
2582 2344 2689 2382 non
2718 2330 2989 2397 pertinere
3019 2331 3366 2400 repromittit.
3402 2333 3538 2388 Por—

1954 2430 2017 2470 ro
2043 2430 2164 2485 qua:
2189 2431 2465 2482 amamus,
2514 2416 2738 2473 omnino
2791 2425 2885 2472 aut
2931 2419 3191 2475 habemus
3232 2431 3327 2475 aut
3355 2436 3538 2492 spera-

1953 2523 2108 2574 mus;
2140 2517 2354 2579 sperata
2383 2523 2512 2564 vero
2538 2509 2605 2563 ad
2631 2525 2730 2564 nos
2758 2511 3029 2580 pertinere
3067 2528 3165 2583 pro
3191 2524 3341 2569 certo
3366 2517 3537 2571 confi-

1954 2599 2150 2664 dimus,
2178 2608 2235 2655 et
2264 2600 2337 2655 ita
2361 2614 2425 2654 ea
2449 2614 2547 2669 spe
2566 2614 2674 2655 non
2698 2600 2858 2655 dubia
2882 2600 3217 2658 custodimus
3244 2619 3260 2658 :
3294 2604 3532 2677 alioquin

1954 2693 2242 2762 desperare
2298 2708 2327 2746 a
2378 2692 2489 2748 Deo
2537 2700 2833 2747 retrorsum
2890 2693 3113 2749 alienari
3157 2705 3289 2751 est:
3336 2696 3539 2753 idcirco

1954 2783 2329 2853 blasphemare
2354 2784 2408 2838 in
2426 2784 2636 2853 Spiritu
2663 2792 2854 2839 sancto
2888 2785 2998 2841 sola
3026 2784 3331 2855 desperatio
3348 2796 3404 2842 et
3434 2790 3537 2843 im-

1954 2876 2232 2945 pmnitudo
2280 2875 2459 2931 cordis
2495 2884 2613 2940 est,
2674 2888 2740 2929 ac
2785 2889 2881 2945 per
2932 2875 3036 2932 hoc
3089 2876 3235 2933 nulla
3291 2878 3540 2935 remissio

1955 2973 2322 3037 peccatorum,
2354 2965 2445 3021 ubi
2498 2965 2805 3035 desperatio
2834 2974 2891 3020 et
2941 2966 3333 3038 imposnitentia
3361 2971 3540 3027 cordis

1957 3066 2158 3111 manet.
2192 3055 2329 3112 Hinc
2357 3056 2647 3127 desperare
2676 3071 2784 3111 non
2812 3058 3081 3127 congruit,
3110 3075 3181 3114 ne
3233 3076 3338 3114 non
3372 3060 3539 3132 adipi-

275 3168 342 3214 ιη
393 3174 520 3213 vera
557 3175 679 3215 esse
732 3169 923 3231 possrt.
974 3160 1113 3216 Vera
1167 3169 1347 3216 autem
1402 3176 1543 3232 spes
1572 3176 1849 3230 nunquam

1955 3154 2158 3211 scatur,
2182 3147 2307 3215 quia
2335 3147 2622 3215 desperare
2653 3146 2784 3200 nihil
2801 3145 2944 3202 aliud
2968 3157 3053 3204 est
3079 3163 3263 3220 agere,
3286 3165 3449 3220 quam
3475 3166 3539 3205 ne

275 3250 506 3306 estsine
527 3249 850 3307 confidentia
881 3251 1265 3320 perveniendi;
1299 3251 1425 3322 quia
1455 3252 1572 3307 sine
1600 3266 1853 3321 processu

275 3351 386 3408 est,
426 3353 483 3398 et
510 3343 842 3413 adipiscendi
873 3343 1074 3414 gratia,
1123 3342 1238 3412 jam
1279 3359 1388 3400 non
1430 3353 1516 3400 est
1563 3359 1710 3415 spes,
1763 3344 1857 3401 sed

278 3434 587 3504 desperatio
617 3435 837 3489 ruinosa
870 3449 885 3488 :
928 3449 1053 3505 spes
1072 3449 1204 3491 vero
1248 3434 1376 3492 licet
1424 3435 1564 3490 inter
1604 3435 1856 3501 adversa,

279 3539 557 3593 nunquam
586 3525 815 3580 estsine
850 3525 1043 3595 gloria,
1088 3525 1250 3580 etiam
1299 3525 1353 3579 in
1397 3524 1854 3590 tribulationibus,

279 3614 350 3669 de
370 3614 566 3685 quibus
617 3615 952 3685 permaxima
994 3615 1197 3670 Paulus
1242 3614 1506 3685 gloriatur
1559 3613 1855 3686 apostolus,

281 3713 341 3758 et
375 3719 479 3758 non
510 3704 681 3759 solum
734 3704 788 3759 in
819 3704 1020 3759 eisdem
1045 3720 1061 3770 ;
1093 3720 1283 3759 verum
1312 3705 1365 3758 in
1396 3719 1491 3774 spe
1516 3704 1700 3775 gloria:
1722 3703 1860 3759 filio-

281 3807 427 3858 rum,
451 3808 571 3864 quae
594 3809 869 3864 nunquam
900 3794 1098 3850 misera
1123 3802 1226 3850 est.
1274 3791 1414 3848 Vera
1455 3793 1721 3863 siquidem
1746 3792 1860 3865 glo-

279 3884 365 3939 ria
389 3898 604 3953 semper
644 3884 877 3939 miseriis
910 3893 1062 3940 caret
1087 3901 1101 3938 :
1131 3898 1256 3955 spes
1289 3899 1419 3956 ergo
1447 3884 1635 3956 gloriae
1661 3885 1859 3940 misera

280 3990 407 4032 esse
425 3991 531 4032 non
557 3985 755 4047 potest,
777 3991 898 4047 qua:
933 3992 966 4032 a
1008 3976 1178 4048 gloria
1209 3978 1529 4043 illustratur,
1552 3985 1609 4032 et
1627 3977 1750 4032 ideo
1783 3987 1860 4033 te-

280 4084 512 4129 neamus
539 4083 690 4139 spem
718 4068 875 4133 lucis,
896 4083 964 4123 ne
979 4069 1216 4126 tenebris
1241 4070 1610 4136 involvamur;
1638 4067 1861 4126 festine-

280 4178 406 4220 mus
425 4164 492 4219 ad
540 4163 959 4220 immortalitatis
1002 4178 1178 4235 Spem,
1232 4172 1292 4218 ut
1334 4171 1509 4219 morte
1554 4176 1856 4219 careamus.

280 4252 419 4324 Spes
444 4256 610 4327 igitur
630 4256 870 4311 omnium
912 4270 1099 4310 earum
1136 4263 1220 4310 est
1241 4270 1442 4320 rerum,
1492 4270 1613 4325 quae
1643 4270 1749 4311 non
1780 4256 1861 4310 vi-

279 4347 497 4413 dentur,
524 4362 689 4423 quam
740 4348 784 4403 si
820 4347 942 4417 quis
974 4361 1106 4404 sane
1139 4347 1440 4403 servaverit
1476 4362 1650 4419 spem,
1699 4349 1858 4404 bonis

273 4438 546 4510 justisque
572 4438 825 4510 operibus
846 4438 1170 4504 confertam,
1209 4439 1295 4495 his
1317 4439 1570 4494 omnibus
1598 4440 1716 4495 sine
1748 4439 1856 4494 line

277 4528 492 4585 fruetur
537 4530 714 4595 bonis,
749 4531 913 4586 etiam
956 4539 1013 4586 et
1046 4530 1099 4584 in
1134 4540 1308 4586 morte
1348 4533 1562 4588 beatus.
1610 4531 1855 4589 Pascitur

272 4627 460 4675 autem
518 4619 949 4675 Christianorum
995 4635 1145 4691 spes,
1193 4629 1253 4675 ut
1311 4622 1552 4691 quotidie
1598 4623 1850 4689 virescat,

270 4713 537 4787 patieptia
566 4753 582 4778 ,
633 4713 1007 4769 consolatione
1054 4720 1364 4768 sanctarum
1421 4712 1850 4784 Scripturarum,

271 4805 418 4861 sicut
435 4805 635 4862 Paulus
658 4806 933 4877 apostolus
957 4807 1292 4863 demonstrat
1317 4806 1504 4862 dicens
1536 4824 1549 4860 :
1583 4806 1849 4873 Quwcun-

267 4911 376 4963 que
392 4897 590 4966 scripta
610 4906 751 4962 sunt,
779 4897 848 4951 ad
868 4907 1118 4963 nostram,
1136 4898 1328 4967 inquit,
1348 4897 1637 4951 doctrinam
1658 4899 1852 4968 scripta

266 4993 489 5050 sunt,ut
512 5001 604 5054 per
615 4986 941 5056 patientiam,
963 4995 1009 5040 et
1035 4985 1441 5041 consolationem
1459 4985 1850 5056 Scripturarnm

265 5093 415 5147 spem
448 5077 729 5132 habeamus
760 5076 933 5149 (Rom.
957 5093 1049 5143 xv,
1074 5076 1186 5147 M).
1232 5077 1374 5148 Ergo
1403 5093 1502 5147 per
1533 5078 1849 5149 patientiam

263 5175 327 5223 et
347 5169 773 5224 consolationem
811 5168 1216 5240 Scripturarum
1253 5186 1375 5240 spes
1402 5181 1664 5241 augetur;
1717 5188 1851 5242 quo-

265 5260 420 5315 niam
439 5261 509 5317 de
532 5261 793 5332 patientia
830 5262 1078 5332 probatio
1119 5262 1362 5317 nascitur
1394 5257 1763 5332 perfectionis,
1795 5273 1850 5321 et

265 5344 692 5416 deperfectione
719 5349 984 5404 bonorum
1021 5362 1244 5419 operum
1289 5358 1415 5418 spes
1453 5348 1669 5405 Christo
1699 5365 1849 5407 com-

264 5438 521 5504 mittitur,
553 5448 716 5510 atque
746 5441 814 5495 dc
862 5440 1230 5496 consolatione
1282 5440 1689 5510 Scripturarum
1720 5443 1849 5500 soli-

341 5578 368 5607 ι
390 5562 568 5637 Ετιίι.,’
586 5564 723 5641 stupe
746 5571 939 5626 dicens.

344 5642 371 5681 ι’
398 5641 567 5699 Edit..
590 5642 757 5696 nulla.

343 5722 366 5749 ε
398 5711 454 5764 In
475 5711 638 5767 editis
656 5712 872 5767 additur
904 5728 1033 5766 esse.

592 5806 868 5869 PATROL.
908 5804 1106 5866 CXX.

1882 4490 1937 4551 D

1959 3245 2280 3305 assequatur
2309 3251 2451 3307 spes.
2485 3235 2616 3291 Nam
2642 3236 2931 3306 desperare
2961 3238 3030 3293 ab
3078 3254 3174 3308 spe
3220 3239 3407 3311 fugere
3435 3250 3537 3307 est,

1959 3336 2015 3383 et
2042 3327 2286 3397 quisquis
2316 3329 2384 3383 ab
2431 3342 2525 3397 spe
2556 3326 2711 3398 fugit,
2744 3328 2813 3383 ab
2842 3341 2906 3382 ea
2935 3329 3123 3400 utique
3154 3344 3212 3386 re
3239 3330 3267 3371 εἰ
3294 3339 3537 3402 apostata

1960 3420 2184 3485 recedit,
2213 3420 2280 3474 ad
2306 3434 2465 3488 quam
2494 3433 2593 3489 per
2642 3430 2667 3459 ε
2703 3435 2854 3490 spem
2884 3419 3112 3476 festinus
3140 3422 3220 3478 ire
3257 3424 3538 3480 debuerat.

1959 3508 2191 3564 Necesse
2235 3516 2321 3564 est
2367 3517 2544 3563 autem
2569 3549 2585 3575 ,
2649 3510 2740 3579 qui
2777 3510 3031 3580 desperat
3078 3522 3374 3571 retrorsum
3406 3516 3539 3572 alie-

1960 3600 2159 3662 nando,
2190 3606 2251 3651 ut
2278 3612 2427 3668 spem
2452 3612 2725 3667 nunquam
2752 3598 2967 3665 habeat,
2996 3601 3135 3655 sicut
3161 3604 3252 3673 qui
3288 3605 3540 3661 tenebras

1960 3701 2175 3756 semper
2203 3685 2450 3751 intendit,
2487 3696 2547 3741 ut
2600 3687 2781 3742 lumen
2835 3703 3109 3759 nunquam
3157 3690 3352 3748 videat.
3405 3693 3540 3748 Nam

1960 3778 2054 3849 qui
2085 3778 2335 3833 tenebras
2364 3777 2562 3833 tuendo
2592 3777 2612 3817 ί
2643 3776 2763 3847 plus
2796 3778 3079 3847 incumbit,
3110 3782 3239 3852 quid
3269 3785 3399 3856 agit,
3435 3784 3540 3841 nisi

1962 3886 2031 3926 ne
2059 3869 2239 3924 lumen
2264 3869 2480 3925 videat?
2523 3869 2615 3926 Sic
2658 3881 2712 3927 et
2736 3873 2824 3940 qui
2848 3871 3136 3944 desperat,
3182 3874 3314 3931 facit
3338 3878 3440 3933 sibi
3472 3895 3541 3935 ne

1962 3964 2163 4036 aliquid
2192 3965 2316 4021 boni
2352 3966 2649 4037 contingat.
2691 3966 2831 4037 Ergo
2877 3967 3165 4038 desperare
3215 3957 3351 4025 nihil
3397 3972 3540 4028 aliud

1961 4065 2066 4125 est,
2095 4073 2256 4127 quam
2284 4073 2434 4129 spem
2456 4073 2492 4113 a
2530 4060 2693 4114 rebus
2736 4060 2893 4115 bonis
2926 4070 3190 4117 avertere.
3226 4061 3379 4119 Unde
3401 4064 3539 4121 levet

1960 4148 2124 4205 homo
2153 4164 2184 4205 a
2225 4149 2429 4204 malitia
2459 4165 2554 4205 cor
2587 4165 2773 4216 suum;
2807 4152 3060 4220 quoniam
3086 4160 3287 4222 quanto
3318 4150 3541 4223 profun-

1962 4239 2083 4294 dius
2108 4239 2445 4309 desperando
2468 4240 2597 4307 ruit,
2625 4248 2773 4295 tanto
2801 4240 3015 4309 longius
3044 4258 3076 4298 a
3105 4257 3166 4299 re
3199 4245 3422 4315 optabili
3452 4261 3540 4303 re-

1961 4329 2124 4385 cedit.

2031 4442 2087 4497 2.
2127 4442 2382 4499 Nascitur
2410 4450 2590 4498 autem
2619 4436 2923 4513 desperatio
2947 4454 3182 4516 quatuor
3208 4462 3275 4504 ex
3322 4450 3540 4507 causis:

1960 4533 2041 4588 Ex
2070 4534 2346 4604 tepiditate
2375 4532 2584 4590 scilicet
2634 4534 2717 4589 vel
2753 4535 2983 4605 ignavia,
3029 4552 3094 4592 ex
3132 4554 3316 4596 amore
3357 4555 3539 4597 rerum

1959 4624 2331 4694 temporalium
2388 4623 2470 4679 vel
2519 4623 2876 4681 oblectatione
2921 4627 3288 4699 voluptatum,
3333 4646 3399 4686 ex
3433 4631 3537 4687 im-

1957 4716 2216 4770 manitate
2261 4714 2578 4771 delictorum
2634 4716 2719 4773 vel
2770 4716 3064 4788 scelerum,
3112 4735 3182 4776 ex
3222 4714 3538 4795 contemptu

1956 4802 2223 4874 superbiae
2249 4812 2307 4859 et
2346 4804 2643 4875 cupiditate
2665 4808 2898 4877 propriae
2936 4811 3239 4879 potestatis.
3270 4809 3442 4868 Porro
3469 4829 3538 4870 ex

1957 4895 2237 4967 tepiditate
2266 4895 2350 4950 vel
2395 4895 2609 4967 ignavia
2656 4898 2916 4965 nascitur,
2945 4914 3067 4954 cum
3100 4908 3274 4978 torppt
3302 4902 3539 4970 animus,

1960 4997 2016 5045 et
2060 4998 2327 5060 praecepta
2358 4989 2453 5044 Dei
2499 4990 2851 5075 impossibilia
2896 4992 3227 5063 iudicantur,
3254 5013 3359 5055 non
3397 5000 3541 5071 quod

1959 5079 2094 5134 adeo
2122 5079 2230 5135 sint
2255 5080 2468 5150 gravia;
2522 5080 2615 5135 sed
2641 5095 2859 5152 pressus
2880 5083 3081 5140 misero
3123 5085 3383 5158 languore
3423 5091 3542 5146 ani-

1957 5184 2078 5224 mus
2105 5184 2206 5224 nec
2242 5168 2357 5223 vult
2385 5184 2690 5241 assurgere,
2722 5182 2988 5241 quatenus
3030 5173 3232 5232 Christi
3274 5192 3370 5248 per
3416 5194 3542 5250 gra-

1946 5261 2085 5316 tiam
2113 5260 2294 5318 omnia
2327 5262 2499 5331 possit
2520 5277 2640 5317 cum
2691 5262 2947 5334 Apostolo
2987 5265 3041 5320 in
3080 5282 3145 5321 eo
3191 5262 3283 5339 qui
3330 5276 3541 5325 mentes

1955 5362 2167 5408 nostras
2221 5352 2509 5409 confortat.
2571 5352 2680 5408 Nec
2721 5354 2885 5425 igitur
2942 5358 3133 5427 prohat
3188 5360 3332 5430 quod
3385 5359 3541 5416 labor

1953 5443 2153 5500 Christi
2176 5444 2354 5499 omnia
2374 5443 2558 5510 vincit,
2592 5444 2756 5514 ﬁtque
2802 5461 2948 5513 reus,
2973 5447 3100 5503 dum
3146 5461 3239 5506 aut
3289 5459 3540 5508 naturam

2029 5577 2054 5618 ἀ
2093 5577 2150 5632 1η
2180 5577 2325 5633 edit:
2337 5577 2488 5636 deest
2512 5592 2586 5641 re,
2612 5573 2766 5645 cujus
2788 5578 2909 5635 loco
2936 5569 3216 5639 substituit
3241 5592 3312 5638 et.

2035 5660 2058 5687 θ
2090 5648 2259 5711 Edit.,
2288 5646 2357 5700 ad
2383 5663 2542 5717 spem.
2929 5686 2936 5693 η
3230 5696 3233 5703 ,
3290 5694 3297 5699 .

2040 5718 2058 5757 τ
2095 5718 2258 5782 Edit.,
2290 5716 2531 5771 tenendo.

3061 5814 3136 5874 Mi
