4148 6344
278 317 301 371 1
318 312 416 370 $33

1223 312 1311 367 DE
1349 311 1525 379 FIDE,
1568 308 1695 366 SPE
1734 308 1821 365 ET
1859 307 2271 367 CllARlTATE.
2308 344 2379 353 -—
2418 313 2542 368 LIB.
2586 312 2645 368 ΙΙ.

3413 317 3551 375 1451

277 434 431 494 fides.
459 432 554 486 sed
581 442 736 484 error
779 426 1101 499 appellatur.
1143 428 1349 486 ldcirco
1390 431 1531 485 sicut
1581 428 1758 483 nullus
1787 425 1867 480 rei
1897 429 1943 487 Λ
1974 440 2097 495 spes
2129 435 2311 481 nostra
2342 437 2394 482 et
2424 443 2576 482 amor
2605 429 2916 498 dirigentlus
2962 439 3066 497 cst,
3099 430 3191 502 qui
3232 448 3337 487 non
3372 444 3552 503 potest

277 538 429 578 amor
468 521 733 578 amandus
758 528 861 583 est,
904 519 1007 575 nisi
1039 518 1156 589 ejus
1196 523 1289 591 qui
1322 538 1428 577 non
1456 528 1636 592 potest
1670 520 1860 577 deesse

276 632 403 672 cum
433 624 677 681 amatur;
701 623 756 669 et
791 613 924 668 fides
965 628 1031 668 ex
1086 622 1198 669 toto
1224 614 1369 669 nulla
1417 614 1710 679 credenda,
1752 613 1859 669 nisi

279 706 397 774 ejus
432 706 509 760 rei
545 720 666 774 qua:
711 716 926 772 semper
965 702 1107 757 idem
1136 711 1220 757 est
1244 711 1299 757 et
1343 718 1619 773 nunquam
1661 703 1858 758 immu-

283 804 473 849 tatur:
523 794 597 848 ita
651 809 751 848 nec
800 807 926 863 spes
983 793 1355 847 indubitanter
1403 793 1712 864 speranda,
1754 792 1857 848 nisi

281 884 521 955 ejusdem
568 884 649 940 rei
702 899 823 954 quae
862 881 974 951 jam
1012 883 1239 938 habetur=
1299 898 1422 939 cum
1476 892 1747 955 speratur,
1807 891 1862 938 et

289 982 575 1047 sperantes
637 976 691 1030 in
762 990 821 1031 se
867 975 978 1045 jam
1029 975 1214 1030 beatos
1263 974 1412 1032 facit.
1461 976 1535 1031 De
1581 991 1687 1046 qua
1732 991 1862 1032 sane

282 1083 378 1137 spe
415 1066 922 1137 ProphetazBeati,
965 1068 1158 1137 inquit,
1202 1084 1377 1123 omnes
1415 1070 1505 1139 qui
1552 1078 1761 1139 sperant
1807 1068 1863 1122 in

283 1169 355 1224 te,
384 1155 798 1229 Domine(Psal.
832 1172 1065 1225 Lxxxut,
1095 1158 1205 1228 15).
1230 1158 1402 1225 Quam
1430 1159 1684 1214 nimirum
1709 1174 1862 1229 spem

282 1249 498 1305 beatam
545 1258 965 1321 exspectamus,
1019 1257 1076 1304 et
1129 1252 1419 1304 adventum
1470 1249 1705 1304 Domini.
1755 1248 1864 1304 Sed

283 1343 412 1412 quid
442 1352 528 1397 est
549 1343 726 1397 dicere
752 1351 1129 1412 exspectamus,
1163 1342 1266 1396 nisi
1293 1342 1419 1412 quia
1445 1342 1689 1397 eamdem
1711 1355 1864 1410 spem

282 1435 411 1489 licet
454 1435 755 1490 habeamus
805 1449 1091 1503 speramus
1138 1443 1337 1497 tamen,
1380 1434 1481 1487 etsi
1522 1449 1588 1488 ex
1623 1434 1710 1487 illa
1750 1433 1864 1502 jam

282 1524 430 1583 beati
472 1540 675 1579 sumus.
726 1522 928 1577 Harum
982 1523 1145 1592 igitur
1195 1538 1374 1577 rerum
1407 1522 1541 1577 nihil
1588 1531 1672 1577 est
1718 1522 1862 1577 aliud

283 1629 471 1668 amare
500 1629 661 1683 quam
691 1627 881 1679 nosse;
923 1612 1061 1666 sicut
1093 1626 1192 1666 nec
1230 1626 1453 1682 sperare
1494 1622 1586 1665 aut
1616 1613 1860 1675 credere,

282 1719 445 1775 quam
472 1704 672 1757 habere
701 1721 713 1755 :
747 1711 805 1756 ut
850 1711 979 1771 puta
1019 1701 1162 1771 quod
1193 1700 1483 1770 Apostolus
1534 1700 1646 1755 ait:
1698 1698 1860 1755 Fides

1961 518 2185 584 auferri,
2228 520 2353 575 dum
2387 530 2637 589 speratur
2688 529 2781 575 aut
2825 530 3058 578 amatur.
3097 524 3247 580 Alias
3269 534 3472 592 autem,
3504 528 3551 582 si

1961 626 2069 665 non
2100 620 2349 681 speratur
2379 628 2477 667 nec
2508 622 2723 667 amatur
2747 612 2908 676 Deus,
2936 631 3095 670 nemo
3120 625 3295 687 potest
3314 617 3553 689 perfecte

1963 703 2114 758 illum
2140 705 2341 759 habere
2372 705 2455 760 vel
2479 721 2660 761 nosse.
2692 705 2823 773 Quis
2856 708 2998 761 enim
3030 720 3206 780 potest
3236 727 3395 767 nosse
3422 713 3553 767 illud

1964 810 2235 851 summum
2261 796 2485 861 bonum,
2515 805 2778 867 quantum
2806 799 2876 853 sit
2902 802 3125 866 bonum,
3148 804 3239 872 qui
3271 821 3375 860 non
3419 805 3553 863 frui-

1963 883 2088 938 tur?
2117 882 2270 951 Quod
2301 884 2346 938 si
2379 900 2486 940 non
2519 901 2786 953 amamus,
2819 903 2995 959 neque
3022 888 3288 959 fruimur;
3324 908 3425 950 nec
3454 896 3552 950 ha-

1962 973 2154 1029 bemus
2198 973 2365 1045 igitur
2400 977 2543 1045 quod
2586 979 2915 1048 sperandum
2965 989 3060 1035 aut
3114 984 3405 1040 amandum
3444 997 3550 1051 est,

1964 1064 2055 1132 qui
2083 1077 2185 1118 nec
2211 1080 2492 1135 speramus
2512 1082 2610 1121 nec
2639 1083 2917 1133 amamus;
2951 1070 3163 1125 etiamsi
3212 1088 3398 1129 amare
3428 1090 3550 1144 pos-

1964 1168 2150 1209 sumus
2175 1156 2318 1224 quod
2353 1171 2458 1210 non
2497 1157 2777 1223 habemus,
2807 1166 2985 1215 tamen
3014 1175 3171 1215 nemo
3216 1163 3380 1217 vitam
3432 1164 3554 1220 beao

1969 1253 2074 1299 tam
2106 1246 2274 1310 novit,
2306 1256 2361 1301 et
2390 1248 2557 1303 miser
2585 1258 2699 1314 est;
2737 1252 2996 1319 quoniam
3030 1253 3075 1308 si
3107 1256 3338 1310 amanda
3370 1266 3453 1312 est
3480 1259 3552 1313 si-

1966 1334 2075 1388 cuti
2098 1344 2199 1400 est,
2231 1336 2337 1391 hoc
2362 1346 2447 1391 est
2475 1353 2635 1394 nosse
2654 1342 2799 1409 quod
2832 1342 3057 1410 habere,
3096 1352 3152 1399 et
3197 1346 3398 1404 habere
3426 1364 3552 1419 pro-

1967 1420 2109 1480 fécto
2138 1428 2279 1496 quod
2311 1444 2550 1499 sperare.
2582 1431 2712 1499 Quae
2732 1448 2854 1488 cum
2884 1434 2955 1488 ita
2986 1435 3116 1502 sint,
3141 1439 3268 1507 quid
3295 1449 3379 1495 est
3406 1441 3552 1497 aliud

1967 1515 2121 1570 beate
2152 1517 2353 1584 vivere,
2380 1520 2482 1574 nisi
2510 1523 2897 1590 sempiternum
2930 1522 3131 1596 aliquid
3171 1534 3552 1600 cognoscendo

1968 1604 2204 1661 habere?
2246 1606 2397 1663 Unde
2430 1609 2688 1666 Dominus
2715 1612 2825 1668 Deo
2845 1614 2991 1670 Patri
3030 1636 3044 1671 :
3077 1617 3205 1672 ch
3232 1630 3324 1681 est,
3356 1622 3552 1691 inquit,

1968 1706 2072 1749 tuta
2096 1708 2313 1765 wterna,
2354 1710 2411 1753 ut
2439 1713 2751 1772 cognoscant
2794 1714 2843 1759 te
2870 1707 3037 1761 solum
3071 1725 3247 1763 verum
3283 1711 3472 1779 Deum,
3504 1724 3554 1769 et

281 1804 357 1851 est
386 1794 762 1865 sperandorum
805 1792 1118 1847 substantia.
1155 1792 1306 1859 Quod
1351 1794 1396 1846 si
1426 1792 1561 1847 fides
1602 1800 1687 1847 est
1742 1808 1863 1861 spe-
1897 1781 1935 1839 Β
1963 1805 2113 1859 quem
2128 1792 2317 1845 misisti
2334 1790 3325 1869 JesumChristum(Joan.xvtt,5).Et
3343 1802 3455 1856 haec
3470 1811 3558 1858 est

284 1884 580 1939 randorum
627 1882 952 1944 substantia,
1002 1883 1187 1951 utique
1235 1891 1386 1936 certa
1434 1897 1522 1936 res
1575 1891 1630 1936 et
1673 1880 1865 1936 ﬁrmis-

282 1974 440 2037 sima,
478 1988 577 2028 nec
620 1987 743 2041 spes
786 1972 1039 2027 vacillet:
1075 1972 1313 2041 alioquin
1359 1973 1404 2027 si
1435 1972 1569 2028 fides
1618 1972 1778 2038 fallit,
1810 1982 1865 2027 et

280 2072 574 2119 evacuatur
600 2079 708 2127 res,
740 2079 861 2134 qua:
889 2064 940 2117 in
985 2062 1088 2117 fide
1117 2064 1442 2132 phantasma
1470 2072 1608 2127 erat,
1642 2079 1745 2118 nec
1783 2064 1865 2118 in-

280 2154 505 2208 venitur
556 2154 612 2207 in
663 2169 722 2209 re
760 2154 904 2223 quod
947 2155 1233 2208 amabatur
1290 2154 1342 2207 in
1388 2153 1515 2219 fide,
1546 2154 1679 2208 nihil
1716 2155 1862 2209 enim

280 2246 535 2300 estaliud
563 2260 771 2310 amare,
819 2260 981 2315 quam
1032 2259 1129 2314 per
1178 2245 1415 2314 seipsam
1467 2260 1581 2299 rem
1626 2245 1864 2315 aliquam

281 2348 557 2408 appetere.
621 2337 755 2394 Cum
806 2349 987 2393 autem
1020 2337 1283 2392 defecerit
1335 2338 1685 2407 phantasma,
1741 2352 1864 2408 quae

281 2432 524 2486 creditur
571 2439 664 2485 aut
706 2438 920 2483 amatur
963 2443 1052 2483 res
1086 2441 1111 2469 ι
1148 2428 1208 2482 fit
1262 2428 1567 2483 indubitata
1622 2428 1861 2484 miseria.

285 2524 438 2579 lindc
479 2536 822 2592 summopere
871 2522 924 2575 in
984 2521 1152 2576 Deum
1206 2520 1509 2577 certissima
1557 2520 1691 2575 fides
1745 2536 1865 2577 esse

282 2618 461 2679 debet,
490 2626 549 2671 ut
569 2625 622 2671 et
645 2631 797 2669 amor
825 2614 1127 2685 prmcipuus
1158 2614 1520 2671 convalescat.
1545 2613 1700 2680 Quod
1727 2614 1865 2670 bene

279 2707 529 2777 discipuli
568 2714 778 2785 euntes.
815 2706 867 2759 in
919 2705 1119 2759 Emaus
1173 2705 1240 2759 de
1294 2705 1554 2760 Domino:
1589 2702 1725 2769 Nos,
1777 2706 1862 2758 in-

282 2798 517 2867 quiunt,
570 2797 908 2867 sperabamus
962 2795 1102 2865 quod
1158 2797 1265 2865 ipse
1305 2804 1437 2850 esset
1494 2796 1858 2865 redempturus

283 2888 455 2944 Israel
506 2888 853 2960 (Luc.xx|v,
894 2889 1024 2957 21),
1070 2888 1315 2958 profecto
1362 2890 1489 2960 quia
1546 2890 1864 2944 duricordes

281 2988 444 3036 erant
470 2981 536 3033 ad
566 2979 895 3034 credendum
927 2980 977 3032 in
1010 2973 1261 3034 omnibus
1299 2995 1418 3049 quae
1447 2981 1513 3034 de
1545 2980 1636 3035 illo
1662 2981 1863 3049 scripta

282 3078 480 3127 erant:
520 3069 756 3138 alioquin
797 3070 841 3124 si
894 3069 1132 3139 perfecte
1181 3071 1565 3135 credidissent,
1594 3081 1651 3125 et
1679 3086 1864 3142 perse-

1963 1880 2077 1935 vita
2103 1891 2331 1948 aiterna,
2346 1884 2410 1938 de
2432 1900 2537 1953 qua
2570 1896 2717 1940 recte
2737 1898 2758 1925 ο
2776 1888 2973 1943 dicitur
2996 1890 3123 1955 fide,
3150 1895 3293 1960 quod
3315 1886 3561 1964 speranti

1964 1971 2051 2026 vel
2072 1973 2276 2027 amanti
2306 1989 2412 2029 non
2443 1977 2613 2045 possit
2648 1976 2866 2033 auferri.
2908 1979 3045 2035 Nam
3073 1998 3234 2039 omne
3256 1987 3401 2054 quod
3430 2002 3553 2057 spe-

1966 2072 2120 2133 ratur
2143 2075 2405 2120 aeternum
2437 2075 2651 2122 amatur
2676 2067 2703 2107 ἀ
2732 2077 2786 2124 et
2813 2071 3089 2138 creditur;
3126 2075 3221 2130 sed
3252 2092 3360 2131 non
3391 2092 3553 2134 omne

1964 2156 2108 2224 quod
2128 2157 2366 2211 creditur
2388 2167 2534 2213 recte
2552 2168 2786 2226 amatur,
2808 2162 2935 2231 quia
2949 2171 3032 2218 est
3056 2166 3374 2236 supplicium
3398 2177 3555 2224 aeter-

1968 2264 2096 2303 num
2115 2251 2258 2319 quod
2288 2267 2395 2305 non
2437 2262 2671 2307 amatur.
2698 2253 2900 2311 Tamen
2933 2267 3019 2313 est
3062 2261 3254 2315 modus
3301 2262 3556 2333 loquendi

1967 2339 2021 2393 in
2050 2339 2348 2411 Scripturis
2378 2343 2603 2407 sanctis,
2629 2352 2687 2397 ut
2712 2359 2872 2401 omne
2907 2346 2961 2400 in
2987 2349 3347 2420 quodcunque
3372 2354 3552 2407 credi-

1968 2439 2074 2493 tur,
2100 2430 2223 2500 jure
2271 2442 2525 2501 speratur
2556 2444 2578 2473 ο
2608 2443 2661 2489 et
2710 2445 2946 2501 amatur,
2979 2453 3043 2491 ac
3090 2454 3189 2508 per
3236 2441 3338 2496 hoc
3382 2442 3464 2507 fit,
3496 2453 3554 2498 ut

1967 2535 2073 2575 non
2112 2522 2470 2593 quodcunque
2515 2525 3048 2583 ereditur‘continuo
3098 2545 3417 2599 speramus;
3452 2534 3550 2589 sed

1969 2628 2073 2667 non
2108 2614 2161 2667 in
2188 2614 2582 2685 quodcunque,
2609 2618 2734 2687 quia
2762 2634 2867 2673 non
2896 2620 2950 2673 in
2984 2620 3149 2676 alium
3192 2633 3406 2694 oportet
3429 2641 3549 2681 cre-

1969 2700 2098 2755 dere
2124 2701 2143 2740 τ
2179 2718 2343 2773 quam
2389 2704 2443 2757 in
2496 2704 2667 2760 Deum
2700 2724 2712 2759 :
2750 2705 2981 2763 fruimur
3014 2709 3104 2764 illo
3146 2720 3201 2766 et
3249 2728 3551 2783 speramus.

1966 2790 2218 2845 Omnium
2257 2793 2402 2848 enim
2446 2810 2627 2850 rerum
2656 2800 3162 2865 prmstantissimum
3207 2812 3290 2859 est
3328 2805 3380 2859 id
3409 2810 3554 2876 quod

1967 2883 2109 2939 Deus
2137 2894 2239 2940 est.
2271 2885 2564 2957 Propterea
2610 2902 2734 2944 eum
2769 2890 2971 2946 habere
2999 2908 3107 2948 non
3134 2910 3421 2965 possumus
3445 2899 3553 2953 nisi

1969 2973 2020 3027 in
2048 2989 2109 3029 ea
2142 2989 2221 3040 re,
2251 2976 2302 3029 id
2325 2985 2409 3031 est
2435 2977 2489 3032 in
2519 2988 2719 3043 mente,
2769 2996 2873 3050 qua
2908 2986 3312 3052 praestantiores
3337 3003 3548 3043 sumus.

1968 3062 2035 3116 Et
2063 3062 2323 3133 quidquid
2363 3065 2417 3119 in
2449 3076 2631 3122 mente
2661 3068 2893 3124 habetur
2934 3072 3228 3139 credendo,
3260 3077 3449 3147 utique
3498 3088 3557 3133 et

283 3170 537 3218 veranter
591 3135 908 3231 sperarent.
934 3159 1069 3215 Cum
1119 3169 1300 3216 autem
1350 3162 1550 3217 defecit
1601 3135 1751 3225 fides,
1809 3171 1864 3216 et
1893 3135 1937 3195 Ο
1970 3155 2188 3210 sciendo
2212 3156 2461 3211 habetur.
2505 3158 2559 3213 Id
2600 3176 2731 3215 vero
2759 3162 2900 3230 quod
2931 3164 3103 3218 scitur
3148 3135 3241 3219 aut
3292 3135 3554 3236 creditur,

283 3271 411 3326 spes
438 3255 666 3310 recessit
692 3272 705 3307 :
734 3263 791 3307 et
815 3253 934 3309 ideo
984 3254 1232 3324 inquiunt
1269 3272 1281 3307 :
1316 3254 1429 3308 Nos
1474 3265 1649 3308 autem
1687 3271 1865 3324 spera—

283 3346 489 3399 bamus.
520 3343 627 3399 Sed
652 3359 775 3399 cum
806 3342 1021 3398 Veritas
1066 3345 1145 3399 eis
1181 3359 1238 3399 se
1289 3345 1356 3399 de
1403 3343 1708 3413 Scripturis
1751 3359 1863 3400 coe-

282 3434 705 3505 pissetaperire,
755 3449 879 3489 mox
910 3432 1043 3489 fides
1088 3434 1317 3489 recaluit
1344 3434 1371 3474 δ
1402 3444 1566 3503 atque
1624 3450 1749 3504 spes
1786 3450 1867 3489 re-

281 3525 436 3578 vixit.
468 3524 749 3579 Postremo
781 3539 794 3577 :
826 3523 1037 3589 Nonne,
1080 3524 1352 3592 inquiunt,
1385 3540 1476 3577 cor
1504 3534 1741 3577 nostrum
1777 3540 1866 3577 ar-

281 3616 410 3669 dens
442 3626 551 3669 erat
598 3616 654 3669 in
681 3615 827 3669 nobis
866 3614 992 3667 dum
1022 3614 1319 3683 loqueretur
1363 3616 1418 3668 in
1449 3614 1577 3669 via?
1626 3615 1703 3668 Ex
1756 3630 1863 3684 quo

281 3716 490 3763 constat
518 3708 659 3776 quod
702 3707 847 3761 nulla
901 3721 1089 3763 earum
1122 3707 1239 3761 sine
1261 3706 1433 3761 altera
1475 3706 1635 3770 valet,
1688 3721 1863 3776 neque

283 3799 544 3869 diligitur,
573 3810 662 3852 aut
700 3798 891 3853 saltem
921 3805 1193 3868 speratur,
1232 3796 1277 3851 si
1303 3810 1396 3866 per
1435 3795 1595 3851 ﬁdem
1626 3811 1731 3851 non
1762 3797 1861 3851 ha-

281 3888 470 3953 betur;
506 3889 744 3959 alioquin
771 3888 1258 3958 imprmsentiarum
1283 3874 1722 3957 quomodo‘ullus
1736 3888 1837 3943 bea

283 3992 373 4036 tus
394 3996 515 4036 esse
544 3990 721 4051 potest
747 3981 769 4034 ?
813 3980 1097 4036 Beatitudo
1122 3995 1253 4035 vero
1278 3990 1426 4035 certa
1450 3979 1519 4036 de
1540 3993 1599 4033 re
1616 3980 1863 4035 nascitur

283 4088 510 4128 summa:
540 4073 824 4137 bonitatis,
846 4088 966 4143 quae
991 4086 1267 4141 nunquam
1299 4078 1478 4141 potest
1516 4072 1708 4126 deesse
1735 4072 1866 4125 dum

281 4171 520 4229 amatur,
547 4172 642 4219 aut
676 4172 947 4235 speratur,
973 4172 1067 4217 aut
1087 4162 1312 4218 omnino
1350 4162 1563 4234 integre
1602 4161 1861 4216 creditur.

357 4256 411 4311 5.
435 4256 621 4311 Potest
668 4263 844 4310 tamen
882 4253 1079 4309 habere
1126 4254 1307 4317 homo,
1352 4254 1499 4324 quod
1550 4268 1651 4308 nec
1695 4259 1863 4317 amat,

280 4363 385 4405 nec
413 4349 606 4414 credit,
643 4363 745 4403 nec
783 4355 987 4418 sperat,
1021 4362 1086 4401 ex
1124 4361 1232 4415 quo
1263 4361 1542 4417 nunquam
1592 4344 1699 4400 nisi
1731 4344 1866 4399 false

284 4441 476 4496 beatus
506 4439 747 4495 dicitur:
779 4447 839 4492 ut
862 4446 1011 4508 puta,
1058 4438 1326 4507 Propheta
1362 4436 1678 4491 felicitatem
1708 4436 1868 4507 hujus

1967 3249 2093 3319 quia
2118 3265 2387 3304 summum
2424 3251 2619 3305 bonum
2647 3261 2751 3320 est,
2786 3264 3037 3323 speratur
3055 3256 3178 3325 jure
3211 3267 3375 3327 atque
3402 3274 3555 3314 ama-

1968 3350 2075 3394 tur.
2110 3341 2215 3395 Sed
2247 3342 2453 3395 nullum
2480 3344 2678 3398 bonum
2712 3344 2950 3414 perfecte
2978 3348 3236 3413 noscitur,
3267 3352 3412 3419 quod
3441 3366 3549 3408 non

1965 3429 2203 3500 perfecte
2236 3442 2467 3493 amatur,
2500 3440 2556 3485 et
2600 3433 2749 3501 prius
2783 3450 2883 3489 nec
2925 3435 3262 3506 intelligitur,
3301 3440 3400 3493 nisi
3429 3455 3553 3495 cre-

1969 3520 2147 3573 datur.
2180 3519 2389 3574 Fruitio
2415 3521 2557 3575 enim
2587 3523 2785 3577 summi
2826 3525 2952 3579 boni
2981 3526 3221 3582 charitas
3251 3538 3354 3582 est.
3385 3528 3556 3585 Porro

1968 3612 2230 3667 initiatrix
2257 3614 2499 3668 omnium
2527 3615 2809 3681 virtutum,
2837 3626 2891 3670 et
2922 3618 3005 3671 via
3052 3620 3121 3673 ad
3166 3636 3435 3675 summum
3460 3623 3557 3677 b0-

1966 3718 2096 3756 num
2128 3702 2260 3757 fides
2286 3711 2390 3765 est.
2421 3706 2656 3758 medium
2687 3720 2815 3760 vero
2849 3722 3037 3761 earum
3084 3723 3209 3778 spes
3251 3719 3401 3765 certa
3447 3719 3555 3775 est,

1967 3793 2207 3848 omnium
2236 3802 2417 3848 autem
2448 3804 2839 3865 praeceptorum
2871 3796 2993 3851 finis
3021 3798 3279 3854 cltaritas.
3309 3799 3417 3855 Sed
3457 3814 3559 3855 nec

1966 3886 2292 3957 principium
2322 3887 2439 3943 sine
2469 3887 2574 3943 fine
2608 3890 2653 3952 ⁸,
2679 3888 2805 3943 licet
2829 3888 3007 3944 futura
3052 3892 3123 3947 sit
3153 3893 3395 3948 eharitas
3435 3893 3555 3949 sine

1970 3978 2096 4043 fide,
2128 3979 2254 4048 quia
2284 3993 2408 4033 cum
2438 3980 2649 4033 venerit
2680 3982 2822 4048 quod
2870 3982 3168 4050 perfectum
3199 3991 3298 4043 est,
3333 3998 3558 4055 evacua-

1966 4070 2114 4125 bitur
2137 4070 2279 4140 quod
2314 4084 2381 4124 ex
2410 4079 2563 4139 parte
2592 4080 2695 4126 est.
2734 4071 2917 4142 Neque
2963 4073 3139 4128 media
3190 4089 3401 4137 earum,
3428 4089 3556 4144 spes

1968 4160 2219 4217 videlicet
2238 4163 2354 4217 sine
2375 4162 2641 4233 principio
2668 4159 2813 4229 fidei,
2832 4180 3007 4235 neque
3027 4168 3145 4221 sine
3167 4166 3274 4222 fine
3303 4167 3557 4236 perfecta!

1970 4253 2305 4320 dilectionis;
2344 4270 2408 4310 ac
2450 4271 2548 4326 per
2577 4258 2681 4312 hoc
2706 4259 2731 4297 δ
2759 4258 2863 4313 fide
2895 4260 3252 4323 vivificamur,
3286 4276 3382 4332 spe
3413 4262 3555 4333 rapi—

1971 4362 2111 4409 mur,
2139 4349 2410 4403 charitate
2438 4348 2855 4405 inﬂammamur.
2885 4351 2953 4406 Et
2970 4353 3094 4421 quia
3117 4368 3237 4421 qua:
3258 4354 3552 4414 credimus.

1973 4430 2071 4508 spe
2100 4439 2339 4509 rapimur
2366 4440 2434 4493 ad
2484 4448 2711 4503 aeterna,
2740 4441 2881 4495 inter
2925 4457 3047 4511 quae
3096 4442 3239 4497 illam
3279 4445 3557 4514 posuimus

285 4492 472 4496 --ηπ-
740 4492 743 4493 ν
865 4492 880 4508 ,
1000 4492 1011 4501 ,
1164 4492 1180 4507 ,
1777 4492 1797 4507 .
1988 4492 2061 4508 ,κ
2162 4492 2207 4509 ,ν
2410 4492 2431 4493 κ
2698 4492 2711 4503 .
2933 4492 3045 4511 τη-
3279 4492 3555 4514 run"---

285 4532 464 4587 saeculi
489 4545 611 4585 cum
643 4531 1040 4584 dinumerasset
1070 4546 1082 4581 :
1112 4527 1354 4591 Beatum,
1386 4527 1584 4597 inquit,
1618 4528 1864 4583 dixerunt
1902 4492 1950 4567 θ
1974 4531 2119 4585 velut
2151 4532 2448 4585 anchoram
2472 4532 3015 4586 tutamueternitatis
3040 4547 3170 4587 vero
3190 4548 3374 4589 amore
3402 4548 3557 4588 mens

281 4620 534 4690 papulum
571 4619 722 4688 cujus
778 4620 888 4673 Itazc
935 4626 1054 4671 sunt
1102 4613 1275 4686 (Psal.
1307 4630 1498 4679 cxuu,
1528 4614 1605 4684 5).
1640 4614 1745 4669 Sed
1797 4630 1865 4669 ne

280 4720 525 4781 putares,
575 4710 718 4781 quod
774 4724 901 4763 vere
954 4706 1209 4762 continuo
1260 4720 1442 4760 veram
1497 4705 1868 4760 introduceret

283 4804 698 4867 beatitudinem,
725 4804 769 4858 si
797 4800 1067 4872 quomodo
1094 4798 1283 4854 falsam
1326 4797 1639 4853 excluderet
1678 4817 1689 4851 :
1734 4797 1868 4852 Bea-

283 4903 390 4959 tus,
416 4894 612 4964 inquit,
643 4893 883 4963 populus,
931 4892 1085 4962 cujus
1113 4899 1187 4945 est
1230 4888 1488 4943 Dominus
1539 4888 1682 4944 Deus
1728 4889 1865 4961 ejus.

283 4988 487 5042 Rerum
518 4986 684 5056 igitur
710 4982 1086 5055 temporalium
1113 4997 1221 5036 non
1254 4981 1357 5036 hoc
1381 4989 1466 5036 est
1507 4995 1731 5050 sperare
1779 4991 1873 5034 aut

285 5080 529 5143 credere,
554 5078 698 5148 quod
721 5076 956 5140 habere;
987 5090 1160 5144 neque
1188 5075 1293 5129 hoc
1311 5088 1495 5128 amare
1517 5075 1661 5144 quod
1691 5089 1867 5139 nosse,

284 5179 338 5223 et
370 5167 491 5224 ideo
522 5183 622 5224 nec
643 5166 909 5238 speranda
940 5172 1088 5229 sunt,
1119 5178 1221 5219 nec
1244 5162 1500 5218 amanda.
1536 5160 1645 5220 Sed
1689 5162 1742 5217 in
1776 5163 1868 5218 itlo

274 5370 279 5375 '
358 5375 384 5404 ι
412 5364 469 5419 lu
502 5364 663 5420 editis
693 5365 895 5420 omisso
922 5378 1003 5417 res
1032 5359 1249 5415 additur
1268 5375 1330 5414 ea
1353 5360 1413 5427 ﬁt
1432 5358 1755 5415 indubitata.

357 5434 387 5473 δ
409 5434 575 5499 Edit.,
603 5434 842 5489 revaluit.

359 5514 381 5542 ε
411 5503 553 5559 Edit.
565 5546 580 5569 ,
610 5514 766 5558 recte.

354 5573 381 5612 ἀ
407 5574 463 5628 ln
493 5575 653 5629 editis
679 5573 1037 5629 desideratur.
1071 5570 1136 5625 Et
1160 5571 1409 5638 creditur,
1446 5572 1535 5627 sed
1584 5588 1687 5626 son
1712 5586 1865 5627 omne

280 5644 693 5717 quod_creditur
723 5654 856 5698 recte
878 5653 1104 5696 amatur.

363 5724 388 5753 ο
414 5714 580 5782 Edit.,
610 5724 844 5785 speretur
870 5723 916 5768 et
938 5722 1160 5767 ametur.

1972 4619 2222 4681 adicitur,
2256 4627 2315 4672 ut
2353 4619 2499 4673 circa
2543 4629 2744 4673 aeterna
2789 4634 3005 4689 semper
3051 4630 3315 4686 versetur,
3359 4622 3557 4691 quibus

1975 4710 2208 4770 demum,
2241 4710 2367 4779 quia
2403 4711 2417 4749 ί
2451 4718 2656 4765 aeterna
2686 4719 2831 4775 sunt,
2863 4727 3017 4766 mens
3057 4714 3165 4767 vita
3196 4713 3349 4769 beata
3380 4712 3548 4767 vivat.

1972 4801 2042 4855 Et
2067 4801 2192 4854 hinc
2216 4809 2300 4856 est
2330 4801 2473 4870 quod
2501 4801 2759 4856 Dominus
2785 4802 2941 4872 jubet
2982 4820 2994 4856 :
3028 4802 3221 4873 Diliges
3265 4803 3546 4858 Dominum

1975 4892 2142 4946 Deum
2163 4901 2311 4945 tuum
2331 4908 2395 4947 ea:
2419 4901 2525 4947 toto
2548 4894 2702 4946 corde
2732 4903 2842 4958 tuo,
2867 4904 2913 4947 et
2939 4910 3002 4948 ea:
3026 4902 3133 4947 tota
3156 4895 3334 4969 anima
3359 4903 3474 4957 tua,
3504 4905 3552 4949 et

1977 4998 2044 5036 ex
2072 4992 2180 5037 tota
2206 4992 2375 5037 mente
2400 4993 2511 5037 tua.
2544 4984 2621 5037 Ac
2648 4999 2745 5055 per
2767 4985 2889 5048 hoc,
2915 4986 3040 5053 quia
3086 5000 3239 5040 amor
3282 4985 3554 5055 appetitus

1975 5083 2061 5129 est
2092 5075 2309 5139 mentis,
2355 5083 2410 5129 et
2455 5075 2699 5129 videmus
2745 5085 2972 5147 excepta
3027 5084 3177 5145 parte
3224 5076 3552 5137 rationabili,

1974 5182 2081 5237 qua
2113 5181 2268 5222 mens
2295 5165 2567 5236 intelligit,
2600 5166 2734 5221 alias
2770 5175 2951 5235 partes
2990 5166 3109 5235 ejus
3146 5166 3213 5221 ad
3255 5166 3552 5235 appetitum

2007 5431 2019 5443 .
2048 5360 2068 5400 ί
2097 5361 2153 5416 In
2181 5360 2340 5416 editis
2370 5360 2520 5415 deest
2539 5360 2767 5423 credere,
2797 5358 2937 5429 quod
2969 5368 3145 5414 tamen
3182 5367 3266 5413 est
3293 5368 3566 5416 necessa-x

1976 5446 2160 5556 nueth
2183 5500 2344 5555 editis
2368 5500 2543 5563 deest,
2570 5500 2688 5553 licet
2722 5498 2901 5567 futura
2927 5502 2993 5553 sit
3015 5500 3245 5554 charitas
3270 5498 3383 5552 sine
3421 5494 3545 5565 ﬁds.

2047 5573 2071 5612 ιι
2097 5572 2264 5635 Edit.,
2296 5587 2357 5623 ac
2384 5586 2474 5639 per
2496 5571 2631 5622 hanc
2652 5569 2809 5636 ﬁdem
2839 5571 3181 5639 t'it'i/icantur.

2053 5645 2068 5685 ί
2102 5643 2263 5703 EdiL,
2303 5656 2419 5709 qua:
2441 5651 2653 5695 (ΗΜ-ηιξ.
