4148 6344
635 338 773 393 H55

1420 342 1476 396 S.
1516 339 1873 398 PASCHASII
1913 336 2254 396 RADBER'II
2296 335 2588 394 ABBATIS
2626 334 3072 394 CORBElEN’SlS

3763 331 3903 389 N56

565 455 584 526 ι
633 451 876 517 tendere,
909 466 1030 506 cum
1073 453 1248 507 omnis
1293 452 1560 522 appetitus
1601 467 1896 508 conversus
1946 450 2129 515 fuerit,
2157 459 2213 503 ut
2243 458 2293 513 Α
2319 460 2578 519 quantum
2612 465 2735 520 spes
2760 449 2827 504 ad
2871 448 3058 504 altiora
3107 455 3342 502 mentem
3385 445 3656 510 subvehit,
3691 454 3904 500 tantum

634 545 687 598 in
727 556 752 582 ι
786 544 1128 599 dilectionem
1156 545 1250 600 Dei
1279 555 1386 600 tota
1419 563 1570 601 mens
1613 557 1881 610 versetur.
1914 548 2020 600 erit
2067 556 2214 600 tran-

631 633 866 701 quillitas
901 649 1114 703 magna,
1149 645 1201 689 et
1224 652 1325 704 pax
1356 636 1407 688 in
1436 636 1683 700 homine;
1716 636 1786 688 ita
1812 645 1870 688 ut
1901 635 2032 689 nihil
2067 633 2213 688 aliud

605 724 900 778 'desideret
922 725 1296 795 contemplari,
1331 741 1492 796 qnam
1523 727 1666 796 quod
1697 727 1940 796 diligitur
1967 735 2020 779 et
2060 736 2216 779 teter-

631 831 756 868 num
779 825 881 870 est.
913 816 1004 871 Sic
1031 833 1247 887 quoque
1271 833 1422 872 mens
1443 818 1744 871 :eternitate
1773 816 2020 881 aﬁicitur,
2053 816 2216 870 indis-

604 907 841 992 ⁵ςοΙιιΙιίΙί
871 917 1047 978 pacto,
1070 925 1176 978 quo
1203 918 1311 964 tota
1343 910 1608 965 inebriata
1632 911 1795 981 viget,
1822 908 2062 980 quotidie
2091 924 2213 966 cum

632 997 744 1052 Deo
772 999 919 1055 intus
947 1016 1043 1072 spe
1067 1009 1122 1056 et
1150 1001 1202 1056 vi
1227 1001 1429 1057 amoris
1454 1002 1685 1072 rapitur.

1236 1138 1462 1194 CAPUT
1505 1137 1616 1194 Vll.

641 1249 798 1314 Quod
822 1251 1295 1318 impra'sentiarum
1326 1266 1416 1303 nec
1440 1267 1554 1319 spes
1575 1251 1687 1304 sine
1716 1251 1900 1303 timore
1928 1249 2212 1304 admodum

767 1320 966 1390 agitur,
999 1337 1088 1374 nec
1117 1322 1274 1373 timor
1294 1321 1406 1374 sine
1425 1337 1512 1390 spe
1535 1321 1604 1373 ad
1635 1320 1744 1372 altu
1774 1320 2083 1390 subrigitur.

702 1443 752 1496 i.
783 1441 948 1511 Igitur
978 1444 1166 1497 harum
1201 1445 1427 1498 duarum
1459 1445 1716 1498 virtutum
1760 1443 1858 1499 alis
1891 1458 2043 1498 mens
2072 1458 2136 1497 ac
2166 1442 2210 1496 si

629 1533 842 1603 gemino
865 1535 1090 1602 remigio
1121 1536 1454 1599 moderatur,
1504 1536 1628 1590 dum
1679 1536 1873 1589 timore
1921 1536 2208 1605 premitur,

628 1639 696 1679 ne
722 1625 884 1678 altius
931 1626 996 1678 ad
1037 1628 1358 1696 naulragosa
1390 1627 1652 1680 devictur.
1709 1625 1996 1679 Elevamur
2029 1633 2209 1678 autem

626 1729 721 1784 spe
771 1729 982 1783 semper
1043 1715 1110 1768 ad
1156 1715 1376 1769 meliora
1423 1716 1680 1768 virtutum
1723 1714 2108 1776 incitamenta,
2156 1720 2211 1766 et

2317 554 2534 594 necesse
2563 549 2645 594 est
2689 540 2849 593 timor
2877 555 2972 593 cor
3017 537 3155 591 male
3191 547 3213 575 ε
3246 537 3626 606 praesnmentis
3673 535 3906 590 inferius

2314 639 2554 698 premat;
2584 647 2700 700 quae
2729 632 2984 684 nimirum
3017 630 3090 682 ita
3117 629 3217 682 sibi
3244 629 3447 682 utiliter
3494 629 3736 682 vicissim
3776 629 3905 696 jun-

2315 733 2530 792 guntur,
2559 731 2612 774 ut
2644 737 2746 774 una
2779 722 2896 775 sine
2924 721 3095 773 altera
3119 720 3410 772 salubriter
3432 717 3565 772 ﬁare
3596 717 3612 754 ί
3643 725 3904 785 nequeat,

2314 813 2439 882 quia
2491 814 2763 866 incassum
2822 813 3050 888 quisque
3101 809 3526 863 misericordiam
3593 802 3808 876 sperat,
3857 807 3904 859 si

2314 917 2421 956 non
2449 903 2614 956 etiam
2653 903 2922 973 justitiam
2954 899 3184 954 districti
3211 900 3410 968 judicis
3445 908 3650 952 metuat
3678 916 3692 950 :
3719 913 3785 952 ac
3815 898 3907 952 de-

2315 1009 2462 1046 mum
2509 993 2810 1063 periculose
2849 994 2918 1047 de
2951 991 3161 1060 justitia
3211 992 3480 1044 interdum
3529 990 3814 1052 formidat,
3855 991 3903 1045 si

2314 1098 2418 1138 non
2477 1085 2544 1138 de
2600 1083 2976 1139 misericordia
3032 1081 3307 1151 largitoris
3359 1081 3589 1134 ﬁrmiter
3634 1079 3903 1136 conﬁdat.

2314 1176 2456 1231 Loco
2500 1178 2662 1248 igitur
2702 1177 2944 1247 pignoris
2993 1175 3136 1228 mola
3188 1174 3433 1243 superior
3478 1182 3642 1241 atque
3674 1173 3907 1227 inferior

2315 1266 2426 1320 tolli
2454 1267 2802 1335 prohibetur;
2835 1274 3100 1334 quatenus
3124 1279 3226 1317 nec
3253 1279 3378 1332 spes
3400 1264 3518 1317 sine
3555 1264 3777 1325 timore,
3803 1279 3906 1318 nec

2314 1358 2474 1411 timor
2496 1359 2611 1412 sine
2633 1373 2729 1428 spe
2769 1371 3006 1426 unquam
3034 1356 3369 1420 inveniatur;
3404 1369 3512 1408 non
3545 1355 3669 1407 ideo
3697 1369 3766 1407 ne
3797 1354 3897 1407 ali-

2311 1448 2433 1516 quis
2459 1447 2526 1500 ah
2554 1462 2648 1517 spe
2679 1448 2918 1517 dilapsus
2966 1446 3018 1500 in
3070 1445 3183 1500 solo
3220 1446 3415 1498 timore
3461 1451 3774 1508 remaneat,
3809 1454 3905 1498 aut

2311 1549 2457 1593 certe
2489 1539 2605 1593 sine
2640 1539 2834 1592 timore
2873 1536 3298 1606 prtesumptione
3330 1533 3468 1588 male
3511 1534 3776 1602 deceptus
3806 1548 3904 1602 spe

2311 1645 2447 1683 vana
2477 1629 2749 1698 depereat.
2784 1627 2920 1681 Nam
2952 1627 3151 1681 Christi
3193 1625 3570 1679 misericordia
3614 1627 3758 1678 sicut
3792 1641 3901 1678 non

2310 1720 2425 1772 sine
2448 1719 2658 1789 justitia
2688 1727 2789 1782 est,
2838 1719 2909 1771 ita
2943 1731 3041 1770 nec
3075 1715 3287 1785 justitia
3336 1716 3453 1769 sine
3497 1715 3899 1769 misericordia.

625 1807 1002 1876 praesumendo
1039 1820 1159 1874 qua:
1186 1806 1450 1874 promissa
1496 1814 1636 1864 sunt,
1669 1805 1820 1874 quasi
1854 1806 2044 1872 adepta
2095 1804 2205 1856 cir-
2238 1802 2282 1861 B
2312 1810 2377 1863 Et
2413 1811 2530 1864 ideo
2557 1810 2636 1864 sic
2687 1809 3028 1863 formidinem
3084 1806 3296 1862 timoris
3349 1820 3474 1876 spes
3515 1816 3808 1875 temperet,
3844 1816 3904 1858 ιιι

626 1897 886 1966 cumfusis
923 1898 1221 1951 visceribus
1270 1897 1671 1966 amplectuntur
1709 1913 1723 1960 ;
1766 1897 1857 1950 sed
1902 1894 2208 1949 necessario

626 1989 822 2042 timore
850 1989 1280 2059 compungimur,
1313 2003 1380 2041 ne
1407 1990 1473 2040 ad
1505 1987 1630 2040 vitia
1663 1987 1786 2040 hinc
1812 1987 1934 2040 inde
1962 1985 2206 2054 prolaba-

627 2095 770 2133 mur.
803 2078 954 2134 Unde
979 2080 1169 2133 timore
1195 2093 1535 2141 coercemur,
1565 2093 1659 2146 spe
1681 2092 1810 2131 vero
1838 2077 2202 2131 sublevamur.

626 2170 703 2227 De
727 2186 834 2240 quo
854 2186 984 2225 sane
1007 2171 1198 2224 timore
1224 2169 1416 2224 Petrus
1437 2169 1464 2208 δ
1489 2167 1763 2237 apostolus
1790 2182 1804 2220 :
1836 2165 1966 2220 Cum
1995 2167 2202 2228 timore,

628 2265 826 2334 inquit,
850 2274 897 2317 et
925 2274 1146 2316 tremore
1187 2272 1407 2316 restram
1453 2260 1673 2313 salutent
1717 2257 2001 2326 aperaniini
2035 2254 2200 2324 (Phil.

624 2371 686 2421 ιι,
716 2355 824 2425 12).
859 2355 922 2409 Ει
948 2355 1013 2408 de
1042 2369 1138 2424 spe
1186 2353 1352 2407 Isaias
1398 2351 1654 2420 propheta
1689 2366 1704 2404 :
1737 2347 1802 2400 In
1856 2363 1964 2415 spe,
2007 2345 2202 2414 inquit,

623 2445 717 2499 erit
756 2444 1010 2514 )ortitudo
1056 2454 1224 2496 vestra
1251 2441 1388 2512 (lsa.
1443 2455 1572 2502 xxx,
1609 2437 1717 2508 l5).
1763 2438 1989 2490 Constat
2040 2435 2204 2504 igtur

623 2539 762 2609 quod
794 2552 884 2606 spe
909 2537 1329 2591 corroboramnr
1367 2534 1433 2587 de
1469 2530 1695 2584 Domino
1722 2543 1738 2582 :
1775 2540 1829 2582 et
1861 2529 1910 2580 in
1942 2541 2036 2596 Spe
2065 2527 2202 2578 bona

623 2645 740 2699 qua:
788 2628 996 2698 agimus
1043 2640 1354 2697 operamur.
1387 2623 1607 2676 Timore
1649 2628 1828 2673 autem
1879 2626 2119 2687 operata,
2149 2622 2204 2668 et

622 2737 742 2791 qua:
774 2719 1100 2789 repromissa
1132 2725 1277 2780 sunt,
1307 2715 1459 2785 quasi
1485 2715 1583 2767 sub
1610 2711 1784 2782 sigillo
1820 2718 2096 2763 reservata
2117 2705 2202 2760 vel

623 2812 858 2881 reposita
889 2822 1300 2864 conservamus.
1339 2805 1476 2859 Hinc
1506 2819 1719 2873 quoque
1755 2801 2015 2870 pr0pheta
2055 2796 2200 2851 eanit

622 2903 839 2956 dicens:
861 2899 1038 2952 Timor
1060 2897 1269 2950 Domini
1291 2898 1398 2962 ipse
1414 2898 1687 2948 thesaurus
1711 2892 1824 2962 ejus
1846 2889 1984 2961 (lsa.
2001 2902 2198 2953 χχχιιι,

623 2992 702 3057 6).
730 2989 937 3057 Quibus
957 2988 1164 3042 duobus
1198 2987 1371 3040 modis
1395 2987 1446 3039 in
1478 2985 1649 3038 farina
1698 2986 1832 3038 bene
1880 2982 2196 3050 redigimnr,

623 3095 891 3161 quatenus
921 3082 1133 3136 Domini
1183 3080 1428 3135 doctrina
1471 3090 1491 3117 ε
1532 3081 1582 3132 in
1633 3079 1840 3148 azymis
1871 3076 2198 3130 sinceritatis

622 3185 676 3231 et
702 3175 946 3230 veritatis
983 3187 1406 3243 conspergamur
1435 3178 1488 3224 et
1513 3169 1683 3224 simus
1710 3168 1906 3240 azymi.
1933 3169 2198 3223 Frumen-

615 3280 736 3321 tum
763 3266 961 3321 etenim
988 3280 1054 3321 ex
1076 3280 1141 3319 eo
1169 3264 1312 3334 quod
1342 3263 1394 3316 in
1419 3271 1561 3316 terra
1591 3277 1816 3330 granum
1849 3260 2066 3324 decidit,
2097 3262 2202 3314 Do-

613 3357 757 3411 .mini
787 3372 883 3425 per
909 3357 1137 3426 gratiam
1183 3367 1390 3417 sumus,
1421 3365 1642 3405 necesse
1673 3351 1809 3404 mola
1858 3351 2104 3418 superior
2129 3358 2205 3402 at-

627 3464 732 3518 que
757 3447 981 3502 inferior
1009 3461 1075 3500 ex
1117 3444 1233 3511 lege
1266 3457 1364 3496 nos
1397 3441 1706 3511 aequissimo
1729 3439 1852 3506 jure
1902 3440 2109 3509 redigat
2148 3439 2200 3492 in

625 3539 876 3592 farinam.
913 3538 986 3591 De
1013 3551 1117 3606 qua
1152 3550 1280 3590 sane
1327 3533 1464 3586 mola
1497 3535 1547 3584 in
1582 3531 1716 3584 libro
1746 3529 2098 3584 Numerorum
2128 3528 2201 3581 le-

625 3629 802 3698 gimus
831 3646 838 3655 ο
869 3625 991 3679 Νοη
1017 3623 1236 3693 accipies
1282 3621 1394 3674 loco
1419 3618 1650 3689 pignoris
1673 3621 1989 3686 superiorem
2011 3626 2100 3669 aut
2122 3617 2203 3668 in-

623 3717 867 3788 feriorem
892 3714 1084 3768 molam
1106 3713 1283 3784 (Deut.
1310 3726 1455 3774 xxrv,
1488 3710 1563 3780 6).
1593 3709 1854 3778 Superior
1875 3707 2091 3776 quidem
2121 3715 2202 3759 at-

622 3826 728 3878 que
773 3807 995 3863 inferior
1027 3805 1188 3868 mola,
1215 3821 1320 3874 qua
1353 3815 1562 3858 mentes
1591 3802 1828 3855 ﬁdelium
1877 3801 2011 3853 bene
2058 3800 2201 3853 redi-

622 3912 821 3974 guntur
864 3900 916 3954 in
965 3899 1257 3968 polentam,
1307 3905 1362 3950 et
1406 3895 1466 3948 ﬁt
1526 3911 1656 3947 nova
1708 3892 2005 3960 conspersio
2045 3890 2200 3960 juxta

621 3991 971 4062 Apostolum;
1011 3999 1120 4042 tum
1148 3995 1294 4041 recte
1342 3985 1460 4039 loco
1500 3983 1738 4053 pignoris
1766 3998 1869 4035 non
1909 3983 2199 4050 accipitur,

624 4101 747 4138 cum
781 4098 903 4152 spes
925 4091 978 4135 et
1001 4082 1162 4134 timor
1187 4095 1217 4132 a
1241 4077 1485 4132 doctrina
1528 4075 1897 4145 praedicatoris
1924 4088 2029 4127 non
2076 4075 2202 4128 sub-

625 4175 879 4228 trahitur.
912 4171 1032 4224 Nou
1062 4171 1282 4238 accipies
1315 4178 1494 4221 autem
1538 4167 1694 4230 dixit,
1724 4181 1822 4235 pro
1851 4179 1916 4219 eo
1946 4164 2087 4234 quod
2119 4174 2202 4218 est

622 4265 824 4326 dicere,
867 4278 968 4314 non
1017 4260 1241 4327 auferes.
1292 4257 1442 4312 Unde
1473 4265 1522 4310 et
1571 4256 1900 4324 accipitresd
1934 4257 2202 4310 nonnullae

623 4359 887 4406 vocantur
911 4363 1060 4411 aves,
1086 4362 1152 4402 eo
1179 4347 1322 4416 quod
1348 4344 1618 4399 auferant.
1647 4344 1720 4398 De
1746 4359 1854 4413 quo
1881 4358 2012 4397 sane
2039 4345 2201 4397 verho

615 4439 817 4498 Paulus
848 4439 922 4491 ait
958 4455 972 4490 :
1010 4435 1287 4491 Sustinetis
1309 4435 1446 4488 enim
1478 4435 1522 4488 si
1562 4435 1678 4504 quis
1724 4434 1956 4494 devorat,
1989 4433 2034 4485 si
2083 4433 2200 4502 quis

2312 1898 2422 1967 spei
2465 1897 2838 1952 celsitudinem
2883 1897 3042 1950 timor
3083 1906 3302 1950 sanctus
3342 1895 3631 1949 custodiat.
3672 1897 3747 1948 De
3792 1911 3902 1964 quo

2312 2004 2442 2043 sane
2471 1991 2662 2043 timore
2691 1989 2957 2058 Propheta
3009 1989 3083 2040 ait
3112 2004 3124 2040 :
3163 1986 3359 2039 Timete
3386 1985 3688 2044 Dominum,
3719 2001 3901 2040 omnes

2308 2082 2474 2134 sancti
2519 2081 2634 2149 ejus
2675 2078 2844 2149 (Psal.
2892 2094 3088 2142 xxxm,
3129 2077 3258 2149 10);
3296 2087 3458 2146 atque
3488 2076 3618 2131 illud
3663 2094 3678 2130 :
3718 2075 3903 2130 Timor

2309 2170 2520 2224 Domini
2547 2172 2743 2239 ﬁducia
2767 2170 3112 2240 fortitudinis.

2375 2261 2430 2313 2.
2463 2260 2650 2329 Magna
2698 2260 2861 2330 igitur
2910 2260 3103 2314 ﬁducia
3153 2259 3382 2323 timoris,
3434 2259 3574 2313 sicut
3602 2267 3660 2312 et
3700 2275 3896 2328 magna

2307 2349 2480 2418 gloria
2503 2351 2636 2419 spei.
2670 2349 2802 2403 Nam
2829 2366 2952 2419 spes
2981 2351 3348 2405 inchoativum
3371 2360 3454 2405 est
3474 2351 3701 2415 laboris,
3731 2352 3897 2404 timor

2309 2458 2435 2498 vero
2485 2453 2668 2498 custos
2721 2445 3006 2498 mercedis.
3054 2444 3208 2500 Unde
3264 2446 3605 2500 conﬁdenter
3658 2448 3895 2515 quisque

2305 2535 2432 2603 agit,
2465 2534 2509 2588 si
2544 2535 2735 2588 merita
2761 2534 3146 2604 snﬂ'ragantur,
3174 2545 3232 2589 ut
3269 2538 3476 2606 potiora
3506 2538 3742 2606 petendo
3781 2547 3894 2591 stu-

2305 2623 2508 2677 diosius
2531 2623 2790 2687 elaboret,
2819 2640 2925 2693 quo
2968 2625 3059 2678 tali
3111 2640 3175 2680 ac
3219 2636 3365 2680 tanta
3399 2628 3643 2695 quotidie
3691 2644 3788 2697 spe
3818 2629 3891 2682 sit

2302 2713 2534 2783 dignior.
2565 2713 2696 2780 Quis
2721 2715 2864 2768 enim
2901 2716 3248 2782 athletarum,
3277 2717 3320 2770 si
3358 2720 3382 2758 8
3404 2733 3666 2772 coronam
3700 2720 3893 2788 despe-

2305 2814 2408 2867 ret,
2438 2816 2717 2875 promptus
2745 2807 2796 2860 in
2827 2809 3058 2861 stadium
3093 2810 3421 2864 descendat?
3443 2819 3536 2863 aut
3564 2811 3606 2864 si
3639 2826 3760 2864 eam
3790 2827 3889 2879 po-

2302 2897 2485 2962 stulet,
2528 2898 2650 2968 jure
2698 2900 2873 2954 victor
2919 2899 3184 2955 offendat?
3229 2901 3398 2972 Igitur
3432 2903 3683 2972 probatio
3733 2919 3888 2973 spem

2302 2990 2453 3056 facit,
2491 3006 2612 3062 spes
2640 3007 2768 3046 vero
2799 2992 3206 3047 conﬁdentiam.
3250 2993 3314 3047 Et
3346 2995 3467 3049 ideo
3497 3012 3601 3049 non
3652 2995 3887 3049 confun-

2304 3082 2468 3145 ditur,
2522 3083 2771 3152 quamvis
2817 3084 3077 3137 hactenus
3121 3084 3315 3139 timore
3369 3095 3560 3140 sancto
3603 3087 3886 3149 servetur;

2227 3148 2276 3212 ο
2307 3173 2559 3241 quoniam
2590 3174 2722 3227 ﬁdes
2753 3190 2850 3227 suo
2882 3175 2932 3228 in
2976 3184 3215 3244 tempore
3261 3192 3380 3245 quae
3408 3177 3714 3231 dilectionis
3761 3189 3890 3231 sunt

2303 3271 2584 3332 operatur,
2622 3262 2673 3316 in
2719 3279 2822 3332 qua
2867 3263 3066 3317 divitia-
3121 3265 3344 3322 salutis.
3394 3267 3667 3334 sapientim
3715 3275 3889 3334 atque

2304 3355 2543 3408 scientiae
2568 3364 2872 3408 servantur.
2905 3354 2969 3407 Et
3006 3355 3129 3409 hinc
3174 3365 3257 3408 est
3290 3357 3426 3424 quod
3456 3357 3715 3410 continuo
3749 3359 3890 3411 sul:-

2295 3440 2541 3511 jnngitur
2574 3461 2586 3496 :
2626 3443 2803 3496 Timor
2835 3443 3043 3496 Domini
3083 3445 3191 3512 ipse
3220 3446 3494 3498 thesaurus
3536 3446 3675 3519 ejus.
3703 3445 3888 3500 Locu-

2302 3534 2417 3604 ples
2445 3535 2608 3604 igitur
2633 3537 2942 3600 thesaurus,
2973 3536 3024 3589 in
3067 3552 3173 3605 quo
3219 3539 3420 3593 divitia:
3459 3539 3653 3594 salutis
3693 3542 3893 3596 n-nite»

2303 3637 2481 3687 scunt,
2521 3637 2577 3681 et
2610 3629 2890 3697 sapientize
2926 3639 3086 3698 atque
3137 3632 3376 3685 scientia:
3419 3647 3550 3702 opes
3594 3633 3891 3703 gloriosius

2305 3716 2522 3788 fulgent.
2558 3719 2869 3774 Thcsaurus
2900 3735 3028 3790 ergo
3049 3737 3233 3774 earnm
3258 3724 3519 3776 virtutum
3548 3725 3744 3778 timore
3771 3741 3889 3778 ser-

2302 3817 2482 3870 vatur,
2509 3822 2600 3876 spe
2641 3809 3004 3876 prmsumitur.
3038 3808 3190 3865 Unde
3221 3820 3274 3864 et
3303 3811 3594 3881 Apostolus
3622 3831 3637 3866 ;
3673 3812 3779 3877 Qui
3807 3831 3888 3866 re-

2303 3897 2561 3965 generavit
2613 3914 2728 3954 nos.
2763 3897 2964 3966 inquit,
3011 3899 3063 3950 in
3103 3915 3243 3967 spem
3284 3899 3466 3963 aloria'
3504 3901 3739 3967 ﬁliorum
3794 3899 3891 3953 Dei

2305 3983 2474 4054 (Rom.
2510 4000 2560 4048 v,
2602 3985 2680 4055 2).
2715 3985 2851 4055 Spes
2906 3989 3104 4056 quippe
3160 4004 3376 4058 semper
3426 3992 3773 4058 pra'miorum
3805 4002 3892 4046 est

2303 4074 2539 4142 adeptio,
2572 4075 2653 4128 vel
2685 4075 2853 4145 gloria
2881 4077 3241 4131 desiderantis
3277 4096 3289 4132 :
3327 4081 3487 4134 timor
3515 4096 3646 4134 vero
3673 4097 3890 4149 resper-

2304 4178 2396 4218 sus
2430 4165 2604 4234 pudor
2630 4175 2829 4220 sancta:
2863 4167 3185 4234 dilectionis,
3227 4185 3295 4223 ne
3326 4171 3378 4224 in
3427 4171 3610 4240 aliquo
3645 4171 3892 4226 oﬁ'endas

2304 4255 2528 4323 pramiio
2554 4255 2828 4316 invitatus,
2857 4258 2940 4310 cui
2990 4257 3202 4326 placere
3250 4270 3430 4314 mente
3473 4259 3738 4328 disponis.
3774 4259 3890 4313 Non

2307 4345 2450 4397 enim
2499 4354 2582 4398 est
2611 4346 2840 4414 ptenalis
2876 4346 2974 4400 iste
3013 4347 3258 4410 affectus,
3291 4349 3384 4402 sed
3421 4350 3746 4418 pudoratus,
3782 4349 3888 4404 ﬁde

2307 4432 2480 4486 victus
2525 4443 2578 4487 et
2626 4434 2914 4490 dilectione
2943 4452 3086 4490 verte
3131 4437 3433 4492 cbaritatis.
3478 4438 3736 4508 Alioquin
3769 4441 3892 4494 sine

615 4533 808 4601 accipit
837 4529 920 4601 (Η
949 4528 1071 4582 Cor.
1116 4545 1191 4592 XI,
1217 4526 1330 4598 20).
1362 4527 1440 4580 Ac
1473 4526 1514 4580 si
1564 4525 1768 4579 diceret
1797 4542 1809 4578 :
1840 4523 2129 4578 Snstinetis
2155 4496 2280 4578 si'D
2307 4523 2499 4578 timore
2529 4524 2705 4581 foedus
2747 4529 2948 4582 amoris
2993 4529 3080 4582 vix
3121 4539 3214 4583 aut
3261 4545 3533 4598 nunquam
3580 4496 3837 4584 servatur
3872 4549 3886 4584 :

621 4623 745 4692 quis
763 4622 913 4692 rapit
938 4630 993 4675 et
1024 4619 1220 4674 aufert.
1249 4619 1324 4672 Ex
1363 4631 1468 4686 quo
1499 4617 1702 4686 liquido
1733 4616 2023 4686 colligitur,
2055 4616 2197 4685 quod

622 4713 827 4766 deloco
857 4710 1114 4781 pignoris.
1156 4709 1207 4762 id
1230 4717 1314 4762 est
1339 4706 1693 4761 confessionis
1721 4716 1811 4760 aut
1851 4706 2200 4760 conscientia:

621 4801 846 4870 alicujus
875 4799 1104 4870 peccati,
1135 4813 1239 4851 non
1281 4806 1366 4852 est
1399 4796 1690 4850 auferenda
1739 4796 1877 4850 mola
1927 4796 2196 4864 superior,

620 4906 745 4960 spes
773 4890 1040 4954 videlicet,
1070 4896 1163 4942 aut
1193 4886 1435 4950 inferior,
1466 4901 1586 4954 qua:
1632 4895 1714 4939 est
1760 4887 1920 4940 timor
1951 4885 2197 4938 dilectio-

623 4985 726 5038 nis.
769 4984 846 5038 De
871 4999 980 5051 quo
1002 4963 1131 5036 sane
1165 4981 1356 5034 timore
1375 4980 1641 5046 Propheta
1671 4979 1817 5032 canit
1846 4979 2030 5032 dicens
2061 4995 2073 5031 :
2108 4977 2197 5030 Ti—

623 5091 736 5126 mor
791 5073 999 5126 Domini
1046 5080 1259 5124 sanctus
1309 5077 1576 5138 permanet
1622 5069 1676 5120 in
1715 5067 1964 5121 steculum
2018 5067 2199 5121 δαισαΙὶ

625 5158 801 5234 (ΡδαΙ.
847 5179 999 5224 xvm.
1056 5162 1167 5232 10).
1215 5161 1330 5214 Non
1367 5169 1494 5214 sunt
1539 5160 1702 5229 igitur
1744 5158 2051 5212 auferendae
2081 5159 2198 5214 duae

623 5255 739 5309 ista:
791 5253 1020 5308 virtutes
1081 5253 1148 5308 de
1201 5251 1474 5308 mentibus
1533 5251 1896 5320 singulorum,
1951 5265 2016 5304 eo
2057 5251 2198 5320 quod

695 5384 719 5412 ι
753 5361 894 5426 Editi
916 5413 930 5436 ,
965 5380 1018 5424 ut
1061 5378 1109 5424 et
1133 5369 1405 5423 dilectione
1429 5367 1524 5421 Dei
1565 5376 1810 5431 versetur,
1839 5366 2041 5421 omisso
2087 5376 2194 5418 tota

621 5458 787 5498 mens.

694 5533 724 5574 δ
753 5531 940 5586 Editor
967 5529 1205 5586 correxit
1235 5527 1438 5583 Paulus
1463 5537 1515 5582 et
1537 5527 1691 5582 bene.

701 5634 722 5660 ε
754 5621 920 5684 Edit.,
949 5622 1263 5685 doctrinam,
1289 5618 1382 5674 sed
1416 5618 1606 5674 melius
1627 5618 1887 5672 doctrina.

690 5711 730 5754 λ’
757 5711 921 5773 Edit.,
957 5712 1210 5778 accipitri.

2303 4611 2442 4666 sicut
2489 4628 2586 4667 nec
2626 4615 2741 4670 sine
2770 4632 2864 4685 spe
2907 4618 3149 4686 segnitize
3186 4618 3268 4670 vel
3316 4619 3551 4686 torporis
3587 4621 3821 4673 materia
3861 4620 3887 4658 ιι

2302 4711 2416 4766 est;
2453 4719 2575 4773 spes
2598 4720 2728 4760 vero
2757 4707 3162 4762 incitamentum
3196 4709 3432 4763 virtutis.
3467 4709 3734 4780 Incitatur
3757 4725 3889 4778 ergo

2303 4796 2531 4864 quisque
2557 4797 2623 4849 ad
2647 4812 2709 4850 ea
2734 4814 2852 4866 qua:
2875 4799 3146 4852 desiderat
3175 4817 3188 4850 :
3221 4808 3331 4852 tum
3365 4799 3602 4853 maxime
3634 4814 3761 4852 cum
3801 4799 3886 4851 illa

2304 4884 2524 4937 omnino
2550 4885 2664 4938 sine
2710 4884 2998 4941 difﬁdentia
3049 4889 3327 4958 percipere
3357 4890 3372 4927 ί
3412 4889 3647 4959 gratiam
3679 4899 3885 4958 sperat.

2304 4971 2370 5026 Et
2402 4973 2522 5027 ideo
2551 4989 2822 5048 nunquam
2855 4992 2976 5045 spes
3002 4977 3120 5032 sine
3144 4976 3330 5031 ketitia
3359 4979 3656 5032 comitatur
3682 4996 3694 5032 :
3731 4987 3790 5031 ut
3817 4978 3888 5032 sit

2297 5063 2410 5134 jam
2461 5064 2514 5117 in
2553 5065 2640 5118 illa
2697 5065 2891 5122 futurae
2937 5069 3286 5122 beatitudinis
3332 5068 3634 5132 exhibitio;
3667 5067 3736 5122 de
3779 5083 3882 5137 qua

2301 5169 2432 5210 sane
2471 5170 2565 5224 spe
2597 5155 2864 5226 Pr0pheta
2897 5159 3162 5226 promittit
3197 5156 3383 5211 dicens
3424 5175 3436 5210 :
3475 5156 3880 5210 La’tenturom-

2302 5261 2390 5298 nes
2411 5246 2501 5315 qui
2533 5256 2739 5313 sperant
2772 5248 2826 5299 in
2847 5255 2915 5311 te,
2943 5245 3160 5300 Domine
3186 5245 3356 5317 (Psal.
3395 5262 3450 5312 v,
3480 5246 3590 5316 12).
3631 5245 3882 5316 Alioquin

2379 5367 2402 5392 ο
2430 5353 2486 5406 In
2515 5353 2644 5407 edit.
2673 5353 3008 5408 desideratur
3033 5355 3192 5418 male,
3227 5354 3368 5424 quod
3418 5363 3600 5408 tamen
3646 5366 3880 5422 coagulo

2305 5424 2393 5478 hic
2414 5424 2630 5476 dicitur.

2382 5492 2401 5531 ί
2434 5492 2602 5552 Edit.,
2628 5502 2789 5546 stare.

2378 5564 2403 5602 κ
2423 5561 2482 5614 In
2512 5562 2672 5617 editis
2702 5563 2838 5616 male
2868 5563 3208 5618 desideratur
3228 5566 3292 5618 si.

2375 5633 2400 5671 1³
2431 5631 2594 5692 Edit.,
2621 5643 2809 5685 natura
2830 5643 2923 5686 est.

2381 5703 2393 5742 ἱ
2435 5701 2489 5754 In
2519 5701 2677 5757 editis
2700 5703 2849 5757 deest
2870 5703 3127 5771 percipere
3149 5705 3390 5772 gratiam.
