4148 6344
278 314 300 366 1
311 311 412 366 457

1202 307 1289 361 DE
1322 305 1497 371 FIDE,
1539 305 1666 360 SPE
1701 305 1788 360 ET
1828 307 2242 362 CIIMIITATE.
2283 340 2351 350 -——
2390 311 2518 366 LIB.
2561 313 2622 368 Il.

3389 318 3406 371 I
3424 319 3518 373 I58

275 434 331 482 tn
359 441 426 481 eo
451 423 648 479 timore
690 421 864 492 qualis
891 421 1168 477 beatitudo
1196 431 1301 487 est,
1328 423 1418 491 qui
1468 423 1584 477 sine
1612 437 1707 492 spe
1740 429 1846 476 tra-
1873 422 1923 483 Α
1949 429 2158 475 tuarum
2189 423 2310 492 (Job
2347 441 2418 489 tv,
2458 427 2532 498 6),
2563 430 2657 482 ait.
2691 429 2891 484 Timori
2919 429 3113 501 quippe
3144 430 3512 488 fortitudinem

277 515 458 569 ditur?
487 511 618 569 Jure
650 512 813 582 igitur
853 511 971 566 sine
1012 511 1196 566 ltetitia
1217 510 1570 579 jucunditatis
1595 512 1852 581 praedica-

276 613 389 669 tur,
415 613 470 660 et
494 612 672 658 tamen
702 617 731 656 a
758 603 1022 671 Propheta
1047 603 1268 657 omnino
1316 605 1507 657 beatus
1553 618 1673 658 esse
1717 605 1852 658 dici-

278 704 388 758 tur,
421 693 675 763 quoniam
702 691 1058 760 iucunditatis
1090 709 1212 776 rore
1238 692 1607 762 refrigeratur.
1639 694 1715 747 De
1745 710 1852 762 quo

279 785 419 840 idem
467 803 481 837 ς
533 783 761 837 Lwtetur
800 800 889 836 cor
921 800 1114 847 meum,
1164 793 1218 836 ut
1263 785 1440 837 timeat
1487 801 1672 838 nomen
1706 794 1853 838 tuum

279 873 454 942 (Psal.
485 889 678 934 Lxxxv,
715 874 836 941 ll);
869 883 1029 942 atque
1077 873 1202 927 illud
1231 893 1242 926 :
1277 873 1426 927 Beati
1453 891 1629 928 omnes
1662 876 1748 944 qui
1790 876 1852 927 ti-

279 973 419 1016 ment
463 963 744 1016 Dominum
775 961 1185 1030 (Psal.'cxxvn,
1215 964 1287 1032 il.
1318 963 1597 1018 Beatitudo
1625 980 1755 1032 ergo
1801 965 1852 1018 in

280 1069 346 1108 eo
365 1051 489 1120 jure
531 1051 948 1120 repromittitur,
971 1054 1226 1121 quoniam
1265 1069 1362 1122 per
1407 1055 1634 1123 gratiam
1682 1055 1852 1107 sancti

283 1144 520 1212 Spiritus
542 1143 607 1195 ad
632 1157 778 1212 spem
802 1158 970 1211 usque
992 1143 1176 1213 gloria:
1201 1144 1540 1207 suhlimatur,
1568 1153 1624 1196 et
1647 1143 1856 1198 duobus

283 1233 406 1286 istis
437 1233 504 1286 ad
551 1230 774 1284 meliora
819 1231 1187 1286 indesinenter
1231 1230 1478 1285 allicitur.
1519 1231 1672 1286 Unde
1719 1232 1854 1286 sicut

282 1322 418 1385 dixi,
449 1321 574 1390 quia
607 1321 944 1375 Dominicum
972 1337 1035 1375 ex
1062 1337 1230 1392 grano
1255 1323 1478 1377 seminis
1527 1323 1853 1378 frumentum

285 1427 494 1475 sumus,
526 1411 716 1464 harum
766 1411 1022 1464 virtutum
1055 1412 1211 1466 molis
1243 1412 1294 1466 in
1327 1412 1599 1482 pulverem
1632 1415 1854 1479 redacti,

285 1504 528 1557 doctrina
567 1502 765 1556 Christi
797 1517 1137 1555 renovamur.
1168 1501 1244 1555 De
1273 1517 1379 1570 quo
1425 1501 1664 1571 profecto
1691 1503 1860 1558 sacri-

289 1594 412 1646 ficio
452 1594 502 1646 in
529 1591 1042 1660 Leviticojubemur
1087 1592 1302 1662 plenum
1345 1593 1604 1663 pugillum
1649 1594 1856 1660 tollere,

243 1712 246 1716 ί
287 1685 413 1753 quia
438 1701 543 1739 non
573 1685 800 1754 amplius
825 1700 853 1737 a
879 1685 1032 1739 nobis
1059 1685 1322 1738 bonorum
1351 1700 1572 1754 operum
1597 1686 1859 1755 accipitur

1953 509 2261 578 subjunxit;
2291 515 2569 582 quoniam,
2598 526 2656 570 ut
2681 517 2882 572 dictum
2906 526 3007 579 est,
3034 520 3098 574 de
3151 519 3345 575 timore
3370 519 3521 576 fortis

1954 601 2080 653 tudo
2126 603 2317 656 mentis
2346 615 2653 674 generatur.
2709 607 2858 662 Mens
2885 625 3117 678 namque
3146 619 3326 665 nostra
3371 615 3524 663 tanto

1953 689 2181 743 validius
2239 699 2473 746 terrores
2523 706 2548 733 α
2602 711 2781 748 rerum
2832 695 3206 765 temporalium
3265 700 3512 770 despicit,

1953 787 2154 846 quanto
2178 796 2237 834 se
2265 783 2470 836 auctori
2518 786 2826 839 earumdem
2875 785 3244 857 temporalium
3275 786 3524 840 veracius

1954 882 2052 935 per
2079 868 2444 924 fortitudinem
2490 873 2688 928 subdit.
2738 874 2878 941 Ergo
2911 889 3061 928 mens
3092 873 3228 926 bene
3252 873 3306 926 in
3330 874 3524 926 timore

1957 959 2163 1014 Domini
2195 963 2507 1024 constituta,
2533 975 2685 1018 extra
2717 965 2855 1030 quod
2905 962 3093 1015 timeat
3147 976 3252 1016 non
3290 963 3519 1025 invenit,

1957 1051 2080 1104 dum
2111 1061 2375 1120 potestate
2406 1056 2432 1093 ι)
2461 1055 2692 1123 quadam
2717 1053 2946 1106 interius
2971 1068 3133 1121 supra
3181 1053 3362 1107 omnia
3397 1053 3505 1105 fidu

1957 1141 2166 1195 cialiter
2181 1142 2440 1197 elevatur.
2459 1144 2497 1195 Α
2517 1143 2955 1211 timorequidem,
2981 1154 3002 1180 ο
3031 1143 3228 1212 gradus
3261 1144 3520 1195 virtutum

1959 1232 2234 1300 incipitur,
2263 1232 2454 1287 deinde
2483 1248 2632 1287 mens
2676 1233 2987 1287 fortitudine
3015 1233 3321 1296 roboratur,
3363 1231 3522 1284 robo-

1958 1332 2073 1378 rata
2097 1324 2261 1378 verbo
2292 1325 2558 1393 patienter
2585 1324 2721 1377 mala
2763 1324 3106 1394 prmsentium
3130 1323 3156 1361 ἀ
3207 1322 3417 1376 tolerat.
3445 1322 3521 1374 De

1959 1428 2062 1481 qua
2094 1403 2361 1466 nimirum'
2390 1415 2643 1483 patientia
2687 1414 2945 1483 perfectio
2972 1413 3180 1466 viarum
3212 1413 3303 1466 Dei
3335 1428 3525 1483 aggre-

1961 1503 2126 1565 ditur,
2154 1510 2212 1554 ut
2234 1503 2298 1555 ad
2321 1518 2469 1571 spem
2501 1503 2722 1558 solidius
2764 1512 3069 1575 consurgat.
3103 1516 3125 1542 ο
3157 1503 3232 1556 lta
3262 1501 3527 1571 siquidem

1960 1588 2247 1659 Apostolus
2297 1579 2524 1644 testatur
2552 1593 2756 1658 dicens,
2808 1593 2948 1662 quod
2979 1593 3228 1662 patientia
3267 1590 3531 1661 probatio-

1963 1695 2098 1741 nem,
2129 1679 2366 1747 probatio
2391 1697 2507 1733 vero
2529 1698 2668 1750 spem
2714 1693 2958 1751 Operatur
2992 1681 3168 1752 (Rom.
3207 1696 3258 1745 v,
3281 1680 3359 1748 4).
3403 1679 3532 1744 Qui-

289 1778 479 1850 vit-tus)
528 1777 642 1839 nisi,
672 1785 929 1846 quantum
967 1793 1033 1831 ex
1067 1777 1169 1832 ﬁde
1196 1777 1438 1832 offertur.
1488 1777 1611 1832 Hec
1650 1789 1750 1842 est,
1781 1782 1858 1833 in-
1895 1775 1937 1832 Β
1962 1772 2062 1825 bus
2088 1772 2268 1840 itaque
2310 1774 2559 1842 gradibus
2596 1789 2745 1827 mens
2769 1773 3027 1827 divinitus
3053 1787 3149 1841 veg
3170 1781 3294 1826 :tata
3341 1769 3525 1840 profe-

291 1887 476 1940 quam,
507 1871 677 1924 farina
702 1886 863 1940 quam
903 1869 1040 1924 Sara
1087 1871 1301 1935 obtulit,
1331 1879 1385 1923 et
1428 1871 1480 1923 in
1513 1887 1617 1940 qua
1665 1872 1862 1926 mulier

291 1961 380 2014 illa
405 1976 467 2014 ex
497 1959 786 2030 Evangelia
823 1958 1144 2014 fermentum
1175 1959 1432 2013 doctrina:
1459 1958 1660 2013 Christi
1686 1958 1863 2014 Trini-

292 2049 419 2102 tatis
447 2063 672 2102 numero
694 2048 993 2103 recondidit
1017 2056 1065 2102 et
1099 2048 1456 2102 abscondidit.

364 2141 418 2194 5.
451 2139 556 2193 Sed
591 2139 859 2194 interdum
909 2140 1156 2207 quamvis
1207 2140 1365 2193 timor
1403 2149 1638 2194 mentem
1681 2141 1856 2211 repri-

293 2236 409 2282 mat
451 2237 506 2283 et
547 2229 810 2292 humiliet,
864 2244 1244 2297 nonnunquam
1300 2244 1428 2283 vero
1473 2230 1770 2285 consolidat
1805 2240 1860 2286 et

293 2316 594 2383 confortat;
624 2319 763 2374 sicut
792 2327 876 2372 est
915 2318 1042 2372 illud
1065 2318 1391 2383 Salomonis,
1431 2319 1496 2374 de
1541 2336 1647 2389 quo
1695 2336 1857 2390 supra

294 2409 403 2463 dixi
435 2426 447 2461 :
476 2408 541 2460 In
572 2410 755 2461 timore
785 2407 996 2461 Domini
1025 2425 1139 2476 spes
1181 2409 1535 2478 fortitudinis;
1569 2410 1691 2478 quia
1725 2411 1866 2464 sicut

295 2499 351 2552 in
398 2498 484 2552 via
524 2498 705 2553 saeculi
752 2498 973 2553 audacia
1025 2499 1426 2563 fortitudinem,
1471 2499 1651 2554 saeculi
1699 2501 1861 2555 timor

293 2588 624 2642 debilitatem
650 2607 662 2642 :
691 2588 761 2641 ita
789 2588 941 2642 invia
971 2589 1062 2642 Dei
1087 2589 1248 2642 timor
1270 2587 1636 2644 fortitudinem
1670 2590 1858 2659 gignit.

298 2679 452 2736 Unde
465 2690 518 2735 et
534 2666 752 2750 Eliphas
772 2681 912 2734 heati
940 2679 1038 2734 Job
1060 2681 1283 2734 virtutes
1306 2695 1659 2735 enumerans:
1689 2680 1866 2734 Timor

297 2780 420 2824 tuus
446 2771 698 2840 fortitudo
746 2781 859 2831 tua,
884 2771 1136 2839 patientia
1181 2780 1271 2824 tua
1312 2779 1359 2824 et
1385 2769 1630 2839 perfectio
1661 2770 1865 2823 viarum

377 2920 402 2948 ιι
429 2908 590 2969 Edit.,
617 2924 835 2961 errores.

377 2976 406 3015 ι»
433 2977 596 3041 Edit.,
624 2977 830 3046 pietate.

375 3058 398 3085 ο
433 3047 597 3111 Edit.,
627 3047 858 3116 quidam.

306 3209 418 3230 ω-η

645 3211 928 3227 W

937 3210 1704 3228 *ωσι-*ω-
1728 3209 1784 3226 ~'

1963 1873 2052 1918 cto
2075 1879 2178 1917 non
2205 1863 2705 1932 confunditur,quia
2727 1865 2963 1918 Charitas
2983 1864 3097 1928 Dei,
3123 1862 3315 1918 diffusa
3339 1863 3391 1915 in
3415 1876 3533 1916 cor-

1962 1955 2116 2009 dibus
2162 1954 2516 2019 credentium,
2546 1956 2658 2008 htec
2687 1955 2866 2008 omnia
2894 1965 3165 2024 operatur.
3199 1954 3537 2023 Quapropter

1964 2045 2094 2101 satis
2123 2046 2191 2099 sit
2221 2047 2484 2114 tantisper
2512 2045 2577 2099 de
2620 2061 2714 2114 spe
2743 2053 2940 2099 nostra:
2969 2044 3158 2098 Salutis
3197 2043 3533 2113 przeltbasse,

1965 2133 2126 2188 linem
2158 2134 2316 2190 libelli
2344 2151 2500 2204 quem
2531 2134 2796 2204 sperando
2817 2133 3118 2204 quibusque
3134 2134 3389 2204 prodesse
3411 2147 3535 2202 par-

1963 2225 2104 2279 vulis
2127 2225 2415 2289 edidimus,
2449 2227 2564 2280 sine
2606 2224 2844 2293 ejusdem
2876 2225 2987 2294 spei
3017 2225 3122 2278 fine
3149 2238 3437 2293 ponamus,
3478 2229 3540 2275 ut

1964 2317 2016 2370 in
2042 2318 2309 2385 sequenti,
2343 2317 2482 2371 sicut
2512 2326 2599 2369 tua
2626 2315 2902 2369 beatitudo
2943 2315 3142 2385 exegit,
3178 2314 3243 2367 de
3271 2314 3540 2366 charitate

1967 2406 2258 2474 resumptis
2278 2405 2482 2459 viribus
2525 2405 2824 2468 ardentius,
2873 2403 2997 2457 licet
3045 2403 3296 2462 breviter.
3335 2401 3538 2469 aliquid

1966 2495 2227 2558 dicamus,
2279 2495 2394 2564 ipso
2441 2494 2745 2563 adjuvante,
2777 2493 2867 2562 qui
2899 2508 3018 2547 cum
3047 2492 3206 2546 Patre
3232 2500 3290 2546 et
3331 2490 3544 2560 Spiritu

1968 2597 2154 2642 sancto
2184 2601 2324 2640 unus
2355 2595 2409 2640 et
2433 2600 2594 2641 verus
2623 2593 2709 2643 est
2727 2586 2886 2648 Deus,
2915 2583 3038 2638 Jesu
3069 2581 3285 2638 Christo
3314 2579 3538 2636 Domino

1967 2688 2172 2735 nostro.
2212 2679 2400 2734 Amen.

2014 2913 2065 2962 ,εἰ
2090 2912 2256 2979 Edit.,
2285 2917 2591 2984 prwsertim.

2045 2995 2068 3021 θ
2098 2985 2266 3048 Edit.,
2295 2996 2548 3053 resurgat.

1142 3346 1555 3409 PROLOGUS
1597 3346 1680 3407 IN
1720 3341 2020 3407 LIBRUM
2056 3344 2162 3407 DE
2197 3343 2692 3413 .CHABJTA'IZE.

378 3571 478 3625 Diu
528 3568 848 3624 intermissis
892 3567 1292 3637 Scripturarum
1341 3569 1552 3634 studiis,
1583 3570 1742 3642 longo
1771 3588 1867 3627 cu.
1898 3577 1941 3638 C
1975 3571 2217 3642 Sephora
2248 3569 2336 3623 illa
2367 3567 2696 3639 Ethiopissa
2729 3568 2913 3623 venire
2956 3577 3118 3640 atque
3157 3571 3373 3625 haurire
3401 3586 3533 3626 con-

305 3663 597 3718 randarum
629 3676 809 3716 rerum
839 3659 1092 3726 fatigatus
1139 3659 1445 3730 naufragio,
1473 3662 1599 3716 licet
1623 3666 1873 3735 agrestis,

303 3751 531 3806 devotus
557 3751 772 3804 tandem
797 3762 822 3790 α
855 3750 1082 3804 amicam
1114 3761 1300 3820 repeto
1328 3752 1598 3820 quietem;
1647 3762 1708 3808 ut
1733 3757 1874 3824 quod

305 3841 362 3896 in
398 3850 666 3911 torporem
698 3840 873 3911 ignavi
915 3851 1069 3896 actus
1120 3842 1244 3896 vitae
1290 3844 1479 3912 sopitis
1513 3846 1757 3901 sensibus
1787 3848 1878 3902 de—

306 3942 625 3998 merserant,
649 3932 850 3988 Christi
878 3933 1134 3998 Charitas,
1172 3934 1236 3988 de
1263 3949 1368 4002 qua
1400 3934 1544 4004 loqui
1587 3936 1873 4005 desiderio,

305 4023 523 4094 evigilet
544 4031 600 4078 et
623 4023 920 4092 abstergat,
947 4038 1015 4077 ne
1039 4022 1184 4077 iners
1205 4023 1446 4089 solertia,
1475 4024 1718 4081 defecato
1745 4042 1877 4096 pau-

306 4113 472 4183 lisper
499 4112 682 4168 fruens
709 4112 949 4176 silentio,
989 4113 1106 4167 sine
1162 4111 1341 4168 fructu
1395 4123 1692 4170 remaneat.
1744 4117 1877 4172 Fodi

305 4209 562 4264 nimirum
586 4220 794 4277 puteos,
827 4222 963 4276 quos
992 4205 1204 4262 foderat
1244 4222 1405 4262 senex
1435 4207 1705 4264 Abraham
1735 4223 1751 4263 :
1781 4209 1876 4265 sed

306 4301 431 4368 quia
459 4315 552 4355 eos
570 4313 782 4368 semper
809 4297 1092 4353 obstruere
1111 4298 1349 4369 gestiunt
1379 4297 1735 4368 Philisthiim;
1760 4318 1882 4356 rur-

307 4404 401 4446 sus
430 4388 808 4443 elaborandum
835 4403 956 4442 cum
993 4388 1176 4454 Isaac,
1195 4397 1407 4458 reperta
1437 4390 1467 4430 ιι
1491 4391 1546 4444 in
1576 4390 1722 4448 fonte
1756 4391 1880 4447 ﬁdei

307 4493 447 4547 aqua
473 4479 614 4540 viva,
641 4486 905 4546 quatenus
927 4477 1145 4532 vincere
1179 4480 1451 4547 possimus
1467 4478 1669 4550 iurgia,
1702 4489 1757 4536 et
1782 4495 1879 4536 ca-

306 4565 544 4622 lumnias
565 4567 925 4621 inimicorum.
955 4567 1156 4622 Deinde
1189 4567 1351 4621 alium
1373 4577 1593 4636 puteum
1624 4571 1735 4638 spei
1757 4586 1883 4640 pro-

308 4655 528 4710 fundius
555 4671 808 4726 egerere;
841 4657 1029 4726 sicque
1057 4657 1205 4711 rixas
1233 4668 1286 4711 et
1306 4657 1617 4712 inimicitias
1639 4659 1879 4714 omnium

307 4746 739 4801 adversariorum
770 4761 1028 4816 superare
1059 4765 1072 4802 :
1118 4746 1210 4802 sed
1243 4746 1368 4815 quia
1411 4746 1628 4800 tandem
1661 4746 1748 4801 his
1791 4763 1884 4802 ex-

307 4835 533 4895 haustis,
563 4849 730 4904 aquas
755 4835 1010 4890 salientes
1048 4836 1101 4890 in
1149 4835 1315 4889 vitam
1343 4844 1624 4899 aeternam,
1655 4835 1883 4892 Domino

1977 3667 2280 3714 sueverant.
2325 3657 2470 3713 Bene
2500 3673 2730 3727 namque
2759 3660 2854 3713 has
2878 3669 2989 3714 tres
3037 3671 3238 3730 septem
3281 3662 3543 3716 donorum

1977 3756 2190 3811 Sorores
2209 3754 2648 3826 germanissimas
2676 3755 2820 3808 omni
2848 3755 3146 3809 dilectionis
3164 3754 3337 3811 oflicio
3367 3757 3467 3810 sihi
3493 3756 3543 3810 in

1979 3845 2160 3900 animo
2179 3844 2528 3906 devoverant,
2546 3858 2772 3911 quarum
2797 3852 2980 3913 potatu
3010 3845 3247 3912 quotidie
3271 3846 3544 3901 inebrian—

1981 3943 2065 3990 tes
2099 3949 2178 3998 se,
2207 3948 2419 4002 semper
2447 3932 2519 3986 ibi
2572 3931 2994 4002 reperiebantur.
3041 3932 3316 4002 Siquidem
3345 3943 3401 3989 et
3429 3935 3545 4005 phi-

1979 4027 2186 4096 losophi
2213 4025 2429 4080 eosdem
2457 4025 2739 4078 voluerunt
2782 4023 2965 4080 fodere
3013 4034 3224 4095 puteos,
3254 4041 3387 4094 quos
3415 4027 3548 4097 phy-

1981 4117 2170 4182 sicam,
2193 4116 2450 4180 ethicam,
2475 4115 2700 4185 logicam
2745 4115 3114 4186 appellarunt;
3155 4117 3248 4170 sed
3273 4116 3397 4185 quia
3432 4117 3548 4170 sine

1981 4205 2198 4262 Christo
2248 4219 2440 4274 aquam
2494 4204 2790 4269 inveniunt,
2842 4219 2934 4260 seu
2981 4221 3089 4261 non
3139 4206 3349 4270 vivam;
3395 4207 3468 4260 ita
3495 4216 3548 4260 et

1983 4294 2233 4351 Salomon
2263 4303 2373 4349 tres
2401 4294 2641 4348 condidit
2666 4293 2870 4348 libellos
2895 4295 2960 4350 de
2988 4296 3160 4350 tribus
3186 4295 3305 4350 istis
3329 4297 3546 4350 virtuti-

1980 4385 2098 4449 bus,
2123 4385 2212 4439 ubi
2239 4385 2290 4438 in
2321 4384 2476 4438 tertio
2511 4392 2710 4452 quanta
2743 4384 2813 4437 sit
2838 4384 3064 4438 latitudo
3101 4393 3153 4439 et
3179 4384 3538 4454 profunditas,

1963 4480 2081 4535 osoli
2105 4479 2378 4549 amplexus
2406 4477 2610 4548 sponsi,
2633 4485 2688 4530 et
2724 4476 2906 4532 oscula
2941 4486 3150 4546 sponsae
3178 4479 3426 4550 probant.
3471 4479 3548 4532 De

1983 4586 2090 4640 quo
2130 4570 2384 4624 nimirum
2431 4576 2589 4637 puteo
2634 4568 2827 4622 mulier
2885 4567 3226 4624 Samaritana
3287 4570 3544 4640 requisita

1983 4661 2230 4714 nesciens
2248 4659 2607 4728 prophetizat,
2635 4659 2775 4727 quod
2801 4667 2991 4728 puteus
3032 4659 3171 4715 altus
3195 4661 3266 4715 sit
3287 4659 3464 4720 nimis,
3495 4666 3548 4713 et

1982 4763 2142 4804 nemo
2162 4763 2226 4803 ex
2257 4762 2320 4802 eo
2346 4746 2504 4811 bibit,
2533 4747 2634 4802 nisi
2663 4747 2748 4802 cui
2794 4747 2949 4804 Jesus
2966 4764 3162 4820 aquam
3190 4749 3467 4805 salientem
3495 4748 3547 4802 in

1981 4839 2145 4893 vitam
2166 4847 2424 4893 :eternam
2451 4837 2723 4893 tribuerit.
2750 4839 2903 4894 Altus
2945 4840 3143 4910 quippe
3167 4839 3286 4895 fons
3307 4848 3409 4904 est,
3441 4855 3546 4908 quo
3569 4862 3571 4864 ·

305 4925 592 4996 largiente,
637 4926 907 4996 paululum
963 4927 1408 4997 degustavimus:
1458 4935 1630 4982 restat
1657 4928 1878 4984 tertium
1904 4942 1956 5002 ι)
1986 4943 2142 4982 nemo
2186 4928 2346 4982 altius
2385 4927 2666 4994 ascendit;
2701 4927 2902 4984 idcirco
2952 4928 3284 4984 invocandus
3329 4937 3411 4983 est
3436 4928 3545 4991 ille,

306 5017 560 5082 effodere,
608 5035 705 5088 pro
758 5035 866 5090 quo
923 5028 979 5074 et
1021 5029 1208 5074 contra
1266 5035 1426 5088 quem
1465 5019 1644 5074 nullus
1709 5021 1880 5075 rixari

308 5115 488 5176 queat.
514 5106 748 5162 Vocatur
775 5117 954 5162 autem
986 5107 1128 5162 idem
1149 5116 1342 5176 puteus
1385 5107 1632 5172 latitudo,
1681 5110 1747 5163 de
1773 5125 1880 5180 quo

307 5195 592 5251 Psalmista
665 5197 743 5250 ait
810 5216 822 5252 :
888 5195 1077 5250 Latum
1144 5197 1448 5250 mandatum
1511 5207 1657 5250 tuum
1722 5200 1876 5254 nimis

307 5271 487 5353 (Paul.
525 5301 710 5349 cxvm,
744 5286 834 5355 96)
890 5305 902 5339 :
960 5301 1024 5341 eo
1071 5286 1213 5355 quod
1263 5286 1524 5355 quidquid
1583 5287 1734 5351 latet,
1792 5289 1875 5343 vel

307 5375 567 5444 quidquid
612 5385 758 5446 patet
801 5388 852 5441 ο,
899 5377 1078 5430 omnia
1135 5377 1429 5430 contineat.
1475 5377 1611 5446 Ergo
1643 5379 1709 5430 ad
1742 5377 1874 5433 istos

308 5481 569 5536 aquarum
591 5479 780 5538 puteos
811 5467 969 5532 Sara,
998 5467 1266 5533 Rebecca,
1315 5465 1533 5533 Rachel,
1587 5483 1789 5522 necnon
1823 5477 1876 5523 et

379 5607 404 5635 ι
433 5594 596 5660 Edit.,
627 5606 822 5652 tamen.
911 5583 914 5585 Δ

379 5665 407 5704 ι)
439 5665 602 5732 Edim,
635 5679 829 5736 reperto
865 5676 1026 5722 sonte.

1987 5018 2104 5072 sine
2123 5032 2230 5087 quo
2256 5017 2321 5072 ad
2348 5017 2698 5072 hauriendam
2727 5033 2921 5088 aquam
2943 5018 3254 5074 illuc‘nemo
3281 5018 3545 5088 pervenit.

1984 5107 2328 5177 Nequaquam
2379 5108 2545 5178 igitur
2588 5107 2674 5162 isti
2720 5116 2998 5175 puteorum
3049 5107 3151 5161 rivi
3195 5107 3334 5162 illius
3378 5105 3546 5176 patuli

1983 5199 2199 5263 ﬂuenta,
2247 5215 2366 5269 quae
2419 5199 2718 5254 fabularum
2743 5199 2949 5254 salsura
2994 5200 3258 5266 condivit;
3308 5202 3400 5255 sed
3431 5215 3550 5268 qua:

1981 5292 2138 5350 Jcsus
2160 5295 2504 5348 credentibus
2526 5292 2787 5347 reseravit
2813 5291 2998 5348 dicens
3027 5311 3039 5346 :
3069 5291 3171 5357 Qui
3198 5293 3355 5348 credit
3378 5294 3549 5352 inme,

1978 5383 2197 5451 ﬂumina
2222 5382 2286 5435 de
2330 5391 2503 5434 rentre
2529 5379 2641 5449 ejus
2669 5380 2828 5448 ﬂuent
2877 5395 3027 5449 aqua?
3075 5381 3200 5435 vivo:
3231 5381 3421 5452 ,(Joan.
3446 5393 3546 5442 vlt,

1979 5471 2091 5541 58).
2125 5472 2249 5527 lliec
2275 5472 2491 5542 quippe,
2541 5469 2606 5523 de
2630 5484 2737 5538 qua
2791 5469 2937 5539 loqui
2963 5470 3295 5541 disponimus
3314 5470 3366 5537 ά,
3389 5484 3545 5525 mau-

2048 5612 2071 5640 ε
2104 5602 2267 5662 Edit.,
2298 5615 2480 5670 potest.

2044 5670 2069 5710 δ
2096 5671 2254 5733 Edit.,
2280 5672 2627 5726 disponemus.
