4148 6344
620 337 637 391 Ι
658 338 753 391 559

1436 336 1494 390 S.
1530 334 1887 393 PASCHASII
1924 335 2272 392 RADBERTI
2311 335 2604 394 ABBATlS
2642 336 3092 396 CORBEIENSIS

3765 341 3784 394 Ι
3795 338 3898 398 460

615 448 802 502 datum
847 447 951 503 dici
982 456 1158 516 potest
1186 449 1584 516 mandatorum,
1614 451 1697 504 vel
1739 451 1935 506 donum
1959 451 2201 505 omnium
2230 455 2281 517 Α
2309 451 2576 508 charitate
2597 452 2959 526 quodcunque
3004 452 3270 508 donorum
3323 449 3601 520 habueris,
3633 453 3773 508 nihil
3805 453 3900 510 tibi

617 538 906 607 donorum,
941 538 1082 593 sicut
1129 547 1215 594 est
1242 537 1525 594 Canticum
1547 541 1914 606 canticorum;
1943 542 2201 611 quoniam
2309 544 2547 613 prodest.

615 625 800 682 omnia
827 626 930 682 hoc
959 643 1066 682 uno
1089 627 1430 698 complentur
1460 631 1737 695 mandata,
1760 631 1900 686 sicut
1924 639 1979 686 et
2012 631 2194 687 omnia

616 715 722 771 isto
775 731 884 773 uno
916 730 1363 774 consummantur
1391 722 1580 777 salutis
1609 723 1767 777 dona.
1797 723 2047 792 Alioquin
2079 723 2196 779 sine

2836 697 3066 768 Explicit
3089 697 3357 770 prologus.

622 807 3882 833 mm

1407 946 1812 1026 INCIPIT
1892 947 2192 1025 LIBER
2267 945 2398 1024 DE
2472 943 3087 1024 CHARITATE.

1123 1159 1351 1216 CAPUT
1391 1159 1683 1216 PRIMUM.

1103 1270 1246 1338 Quid
1303 1272 1368 1326 sit
1433 1272 1665 1327 charitas
1700 1274 1726 1328 .’

690 1403 741 1456 l.
807 1401 1210 1470 lnterrogemus
1264 1401 1528 1459 .loannem
1583 1405 1934 1474 apostolum,
1992 1416 2047 1462 et
2099 1409 2213 1478 ipse

617 1494 860 1550 narrabit
907 1494 1036 1564 quid
1086 1506 1114 1535 ι
1143 1493 1210 1549 de
1243 1493 1390 1550 fonte
1444 1493 1646 1550 Christi
1698 1496 1726 1536 δ
1784 1499 2018 1568 pectoris
2071 1499 2209 1553 hau-

616 1585 727 1650 sit;
781 1585 916 1640 dicit
967 1584 1112 1640 enim
1159 1602 1172 1639 :
1223 1583 1364 1639 Deus
1418 1585 1651 1640 charitas
1692 1597 1766 1640 est
1816 1586 1866 1656 (Ι
1917 1585 2078 1640 Joau.
2131 1603 2206 1651 iv,

2312 1139 2574 1212 peilatus;
2605 1134 2699 1190 sed
2733 1134 2826 1197 ita,
2858 1140 2918 1186 ut
2946 1130 3035 1185 illa
3065 1128 3291 1200 simplex
3323 1128 3418 1184 Dei
3469 1136 3664 1183 natura
3698 1144 3810 1184 non
3839 1131 3910 1185 sit

2308 1231 2452 1286 aliud
2483 1225 2807 1287 substantia,
2834 1233 2889 1279 et
2916 1223 3061 1278 aliud
3081 1221 3345 1286 charitas,
3373 1221 3471 1276 sed
3501 1221 3768 1276 charitas
3792 1223 3906 1292 ipsa

2312 1318 2615 1377 substantia
2665 1315 2735 1369 sit
2787 1312 2989 1377 Patris,
3037 1319 3094 1366 et
3138 1309 3281 1372 Filii,
3325 1320 3382 1364 et
3413 1307 3652 1378 Spiritus
3683 1311 3904 1372 sancti;

2313 1410 2564 1484 quamvis
2589 1406 2805 1479 proprie
2832 1403 3070 1474 Spiritus
3092 1410 3315 1457 sanctus
3346 1400 3588 1456 charitas
3620 1415 3905 1469 nuncupe~

2319 1512 2422 1558 tur.
2463 1501 2600 1556 Hinc
2627 1512 2840 1568 quoque
2879 1494 3116 1550 Joannes
3144 1490 3434 1562 Apostolus
3472 1507 3486 1544 :
3541 1489 3906 1556 Dilectissimi,

2317 1594 2596 1665 diligamus
2621 1589 2854 1644 invicem.
2886 1587 3009 1657 quia
3035 1584 3240 1638 dilectio
3271 1600 3335 1638 ea:
3359 1581 3467 1636 Deo
3505 1591 3602 1636 est.
3637 1579 3708 1634 Et
3732 1583 3901 1636 omnis

620 1677 726 1748 16).
776 1678 1127 1749 Εεεεοψιειηι
1175 1678 1355 1733 brevis
1414 1677 1677 1742 deﬁnitio,
1741 1688 1798 1733 et
1854 1679 2024 1735 babes
2079 1679 2206 1748 quid
2246 1692 2290 1752 Β
2323 1686 2414 1755 qui
2467 1682 2663 1752 diligit,
2693 1695 2758 1734 ea:
2788 1677 2896 1732 Deo
2948 1685 3103 1730 natus
3128 1674 3362 1744 est;gui
3409 1690 3512 1728 non
3557 1673 3756 1742 diligit,
3806 1689 3906 1726 nou

615 1770 688 1824 sit
746 1769 1006 1824 charitas.
1047 1768 1153 1823 Sed
1207 1769 1348 1824 hanc
1394 1785 1554 1824 nemo
1608 1768 2049 1840 philosophorum
2122 1786 2214 1838 pe-

615 1864 816 1922 netrat,
872 1858 998 1928 quia
1053 1857 1322 1912 immensa
1375 1865 1430 1912 et
1480 1858 1747 1927 profniula
1787 1867 1890 1914 est.
1924 1859 2092 1914 Porro
2116 1860 2210 1914 de-

621 1947 927 2002 finitionum
976 1961 1174 2016 genera
1223 1947 1364 2017 apud
1428 1947 1548 2002 illos
1630 1947 1783 2018 plura
1844 1949 2100 2020 legimus.
2157 1958 2215 2004 ut

621 2045 752 2108 puta
785 2037 974 2092 usialis
998 2048 1041 2100 ο,
1070 2039 1212 2106 quod
1257 2045 1342 2091 est
1387 2037 1784 2103 substantialis,
1839 2055 1959 2108 qua:
1981 2039 2214 2110 propriae

621 2137 676 2182 et
703 2143 828 2182 vere
870 2127 1072 2182 dicitur
1103 2127 1346 2184 deﬁnitio
1378 2146 1390 2182 :
1425 2129 1681 2191 secunda,
1727 2145 1848 2200 quae
1878 2129 2064 2185 Graece
2085 2147 2216 2185 ono-

617 2216 816 2271 matica
845 2227 1090 2281 vocatur,
1142 2233 1262 2286 qua:
1304 2217 1452 2272 notio
1499 2218 1605 2273 dici
1658 2228 1858 2288 potest,
1889 2234 1954 2274 eo
1981 2221 2125 2292 quod
2149 2223 2214 2274 «te

617 2305 854 2370 actibus,
884 2305 949 2360 de
971 2320 1077 2375 qua
1102 2307 1378 2375 quaeritur,
1412 2307 1488 2361 rei
1521 2308 1713 2362 notitia
1748 2309 2074 2366 insinuatur.
2106 2310 2214 2364 Sed

619 2397 910 2468 Apostolus
959 2407 1148 2469 aperte
1195 2398 1414 2464 clamat,
1461 2401 1585 2470 quia
1641 2400 1786 2456 Deus
1841 2403 2070 2458 charitas
2116 2412 2210 2458 est.

622 2488 831 2560 Quippe
863 2505 967 2544 non
997 2490 1243 2557 relative,
1291 2505 1465 2561 neque
1524 2494 1910 2564 nuncupative,
1963 2495 2104 2549 sicut
2147 2496 2214 2550 de

619 2579 848 2635 Domino
870 2579 1116 2650 quaedam
1145 2579 1435 2646 dicuntur;
1471 2581 1562 2635 sed
1597 2581 2050 2649 substantialiter,
2074 2584 2213 2638 sicut

624 2670 846 2734 veritas,
878 2679 933 2725 et
960 2671 1074 2734 lux,
1098 2686 1161 2725 ac
1197 2679 1392 2726 caetera
1439 2688 1559 2741 quae
1590 2671 1850 2728 Dominus
1877 2673 2213 2730 substantive

620 2761 966 2831 praedicatur.
1001 2760 1154 2816 Unde
1176 2762 1526 2830 quaerendum
1556 2772 1740 2816 utrum
1791 2763 1936 2818 Deus
1962 2763 2122 2818 Pater
2144 2763 2215 2818 sit

621 2855 887 2920 charitas,
913 2869 980 2907 an
1012 2853 1153 2908 Deus
1183 2853 1374 2918 Filius,
1411 2870 1478 2908 an
1512 2853 1653 2910 Deus
1694 2854 1928 2925 Spiritus
1969 2865 2210 2922 sanctus,

623 2965 692 3003 an
737 2948 880 3004 Deus
934 2950 1047 3018 ipsa
1077 2949 1237 3002 simul
1265 2949 1540 3005 Trinitas?
1587 2949 1696 3006 Nec
1723 2961 1902 3007 tamen
1935 2952 2210 3007 latendum

2317 1775 2548 1846 cognorit
2575 1773 2766 1836 Deum,
2790 1771 2910 1835 quia
2939 1767 3076 1822 Deus
3101 1767 3313 1820 dilectio
3334 1776 3406 1820 est
3433 1763 3482 1835 (I
3507 1764 3668 1818 Joau.
3687 1780 3804 1827 xw,
3823 1765 3895 1832 7).

2317 1864 2626 1921 Mauil’cstat
2655 1870 2832 1915 autem
2877 1859 3138 1928 Spiritum
3194 1865 3442 1912 sanctum
3497 1847 3906 1925 intelligendum

2315 1958 2560 2014 eamdem
2589 1953 2930 2009 dilectionem
2963 1964 3105 2014 esse,
3130 1964 3293 2019 quem
3337 1947 3472 2002 dixit
3510 1963 3576 2000 ex
3612 1946 3752 2008 Deo,
3783 1947 3905 2016 quia

2319 2049 2556 2120 Spiritus
2580 2054 2800 2102 sanctus
2821 2060 2883 2098 ex
2917 2043 3024 2098 Deo
3055 2042 3214 2097 Patre
3242 2050 3348 2098 est.
3379 2049 3435 2094 et
3479 2038 3641 2093 Filio.
3700 2039 3904 2094 Tamen

2316 2153 2371 2198 ει
2396 2141 2565 2196 Filius
2586 2140 2650 2194 de
2671 2139 2832 2192 Patre
2864 2135 2972 2190 Deo
2999 2143 3104 2194 est,
3150 2135 3353 2188 idcirco
3383 2131 3512 2186 illud
3538 2131 3793 2201 apertius
3819 2131 3907 2184 de-

2314 2235 2579 2304 signatur,
2610 2230 2703 2285 ubi
2734 2230 2828 2290 ait,
2861 2227 3003 2298 quoi
3040 2227 3096 2279 iu
3123 2227 3219 2279 hoc
3266 2225 3647 2294 cognoscimus,
3696 2223 3825 2292 quia
3854 2222 3904 2276 iu

2313 2328 2424 2394 ipso
2467 2337 2760 2385 manemus,
2787 2329 2834 2373 et
2868 2319 2974 2389 ipse
3014 2321 3067 2372 iu
3113 2317 3280 2381 nobis,
3318 2315 3442 2384 quia
3466 2315 3532 2368 de
3570 2313 3784 2382 Spiritu
3814 2330 3906 2367 suo

2313 2416 2453 2470 dedit
2479 2413 2647 2468 nobis.
2677 2411 2746 2466 Et
2773 2411 2876 2465 hoc
2901 2418 2984 2464 est
3009 2409 3061 2462 in
3084 2410 3195 2464 Deo
3236 2419 3477 2470 manere,
3520 2404 3614 2473 qui
3636 2412 3827 2458 manet
3853 2413 3906 2457 et

2315 2507 2365 2560 in
2395 2503 2824 2574 charitate,quia
2849 2501 3084 2572 Spiritus
3106 2509 3326 2556 sanctus
3352 2514 3513 2568 quem
3544 2498 3696 2552 dedit
3727 2497 3902 2559 nobis,

2313 2597 2530 2652 dilectio
2557 2603 2642 2650 est
2673 2611 2686 2648 :
2723 2593 2787 2648 Et
2817 2592 2995 2647 omnis
3045 2592 3136 2662 qui
3167 2590 3362 2662 diligit,
3391 2604 3456 2643 ex
3494 2589 3608 2644 Deo
3641 2597 3753 2654 est,
3777 2588 3901 2658 quia

2315 2685 2550 2756 Spiritus
2583 2692 2806 2739 sanctus
2836 2683 2877 2742 ί,
2907 2682 2998 2751 qui
3030 2689 3112 2736 est
3152 2679 3389 2741 dilectio,
3423 2679 3565 2734 Deus
3607 2687 3716 2733 est.
3764 2677 3905 2733 Ecce

2313 2776 2438 2846 quid
2465 2775 2537 2829 sit
2563 2771 2837 2830 charitas?
2881 2770 2983 2825 Ubi
3007 2769 3098 2839 qui
3131 2776 3336 2834 manet,
3381 2766 3545 2822 nullis
3571 2767 3898 2831 inimicitiis,

2315 2863 2477 2919 nullis
2497 2861 2891 2917 calumniarum
2915 2859 3126 2914 insidiis
3165 2856 3537 2920 defraudatur,
3567 2856 3665 2911 sed
3695 2871 3765 2911 ex
3796 2857 3904 2912 Deo

2317 2964 2484 3017 totus,
2517 2955 2569 3007 in
2600 2954 2712 3008 Deo
2739 2954 2764 2992 ⁸
2787 2966 3010 3006 securus
3035 2957 3240 3005 manet.

622 3050 904 3111 propterea
922 3041 1241 3094 charitatem
1259 3040 1427 3094 Deum
1443 3043 1741 3112 esse,quod
1766 3043 1836 3098 sit
1863 3043 2060 3098 donum
2080 3043 2206 3110 Dei;
2238 3053 2286 3116 ο
2383 3044 2438 3100 2.
2464 3043 2604 3112 Ergo
2628 3041 2719 3112 qui
2753 3040 2916 3096 habet
2936 3039 3282 3103 charitatem,
3307 3037 3361 3092 in
3394 3052 3453 3092 se
3482 3036 3751 3107 Spiritum
3780 3052 3904 3092 san-

623 3133 717 3188 sed
741 3132 865 3202 quia
901 3131 1138 3186 charitas
1164 3140 1249 3186 est
1280 3131 1367 3186 illa
1392 3133 1719 3198 substantia,
1773 3149 1893 3204 quae
1921 3134 2065 3189 Deus
2103 3143 2210 3200 est,

627 3221 768 3276 sicut
794 3230 850 3276 et
877 3221 1113 3287 bonitas,
1147 3237 1208 3277 ac
1238 3221 1368 3286 vita,
1401 3231 1456 3276 et
1501 3233 1717 3288 caetera,
1747 3233 1807 3278 ut
1831 3224 1962 3288 dixi,
1999 3240 2120 3295 quae
2147 3226 2213 3281 de

629 3313 738 3368 Deo
787 3312 1216 3367 substantialitcr
1273 3315 1545 3368 dicuntur.
1597 3315 1805 3369 Dicitur
1852 3315 1998 3370 enim
2049 3315 2208 3370 Deo:

629 3403 707 3457 Tu
732 3421 784 3459 es
810 3405 1063 3474 patientia
1087 3421 1201 3458 mea
1236 3415 1282 3458 et
1311 3405 1570 3475 refugium
1600 3422 1769 3459 meum
1801 3404 1972 3476 (Psal.
1992 3407 2211 3477 Lxx,5),

625 3514 692 3554 ac
723 3497 888 3553 multa
914 3497 1070 3562 talia;
1101 3497 1242 3552 sicut
1267 3506 1321 3552 et
1350 3513 1364 3550 :
1398 3497 1473 3552 'l'u
1523 3515 1576 3552 es
1609 3514 1721 3566 spes
1776 3514 1890 3553 mea
1939 3507 1986 3551 et
2013 3499 2216 3553 miseri-

630 3586 811 3642 cordia
835 3603 985 3652 mea;
1019 3602 1120 3642 nec
1149 3597 1297 3642 recte
1322 3586 1553 3642 dicimus
1577 3603 1590 3640 :
1629 3585 1706 3640 Tu
1728 3603 1782 3640 es
1814 3587 2045 3642 charitas
2067 3604 2215 3652 mea;

631 3679 762 3749 quin
791 3679 901 3734 imo
924 3679 1212 3734 dicendum
1243 3698 1254 3732 ;
1289 3677 1432 3733 Deus
1463 3679 1696 3732 charitas
1723 3689 1820 3743 est,
1846 3680 1987 3733 sicut
2010 3679 2217 3734 dictum

631 3779 735 3835 cst,
757 3770 900 3825 Deus
927 3769 1152 3840 spiritus
1182 3777 1285 3824 est.
1310 3767 1428 3824 Hoc
1454 3768 1545 3838 qui
1573 3767 1836 3824 discernit
1867 3785 1895 3822 a
1924 3767 2032 3822 Deo
2060 3767 2216 3823 intel-

631 3864 855 3927 lectum,
883 3870 937 3916 ct
964 3876 1069 3916 non
1093 3861 1160 3916 ab
1183 3860 1402 3916 homine
1424 3869 1631 3929 quierat
1653 3859 1937 3914 rationem.
1962 3858 2164 3914 Tamen
2185 3857 2212 3898 ά

626 3953 754 4010 licet
774 3953 1050 4010 dicamus:
1073 3950 1373 4022 Sapientia,
1390 3959 1446 4006 et
1466 3951 1687 4015 veritas,
1704 3958 1759 4005 et
1785 3949 1892 4004 vita
1917 3965 2013 4004 seu
2035 3949 2215 4004 lumen

633 4045 776 4100 Deus
805 4053 909 4109 est,
933 4059 998 4098 ac
1046 4043 1279 4109 similia;
1336 4042 1451 4096 hinc
1479 4041 1659 4098 omnia
1689 4056 1796 4096 non
1830 4029 1938 4095 nisi
1961 4056 2066 4095 una
2091 4039 2218 4095 sub-

633 4133 832 4189 stantia
863 4140 964 4190 est.
996 4131 1260 4187 Similiter
1291 4139 1345 4184 ct
1371 4130 1612 4185 charitas
1638 4145 1762 4184 cum
1810 4128 2040 4184 dicimus
2087 4127 2216 4198 quia

637 4224 781 4278 Deus
806 4231 910 4285 est,
943 4222 1046 4276 hoc
1071 4229 1173 4284 est,
1196 4220 1338 4289 quod
1363 4221 1492 4284 vita,
1517 4218 1658 4288 quod
1686 4217 1800 4283 lux,
1831 4219 1975 4288 quod
2005 4219 2217 4290 sapien-

630 4313 731 4380 tia,
755 4323 810 4368 ct
841 4321 1062 4375 cetera,
1091 4325 1156 4367 eo
1178 4311 1321 4380 quod
1353 4309 1496 4364 Deus
1541 4308 1781 4363 Trinitas
1829 4308 2054 4378 simplex
2082 4308 2208 4364 sub.

2317 3141 2462 3189 ctum
2490 3132 2674 3196 habet,
2703 3131 2831 3201 quia
2859 3129 3095 3201 Spiritus
3118 3136 3340 3185 sanctus
3362 3128 3602 3184 charitas
3618 3137 3739 3192 est;
3762 3128 3906 3183 ideo-

2316 3239 2422 3294 que
2446 3222 2568 3277 talis
2593 3221 2796 3276 Christi
2822 3228 3016 3285 εει,εο
3061 3219 3203 3288 quod
3246 3218 3493 3288 spiritum
3534 3215 3744 3272 Christi
3799 3217 3904 3272 ha~

2317 3315 2459 3370 beat.
2491 3311 2741 3382 Alioquin
2769 3311 2814 3366 si
2847 3325 2954 3366 non
2987 3309 3236 3380 spiritum
3277 3307 3494 3371 Christi,
3527 3322 3626 3361 nec
3647 3307 3904 3362 charita-

2318 3414 2425 3460 tem
2467 3405 2648 3468 habet,
2705 3411 2761 3458 et
2788 3401 2988 3458 Christi
3021 3416 3128 3455 non
3167 3409 3275 3465 est,
3321 3400 3442 3469 quia
3484 3399 3598 3453 sine
3625 3399 3657 3438 ιι
3686 3398 3906 3468 Spiritu

2316 3497 2431 3568 ejus
2453 3505 2556 3551 est.
2588 3495 2703 3550 Non
2730 3494 2940 3550 modica
2963 3493 3127 3564 igitur
3149 3493 3319 3547 virtus
3338 3491 3595 3552 charitas,
3613 3507 3740 3561 quae
3764 3491 3906 3548 Deus

2315 3598 2416 3650 est.
2450 3587 2604 3643 Unde
2633 3603 2733 3642 nec
2759 3587 2945 3642 haberi
2977 3593 3185 3656 potest,
3219 3585 3319 3639 nisi
3348 3583 3549 3645 abillo,
3577 3583 3632 3637 in
3665 3599 3778 3654 quo
3801 3593 3904 3648 est,

2318 3679 2406 3735 cui
2435 3678 2766 3734 credendum
2791 3687 2895 3732 est.
2920 3676 2987 3730 Et
3013 3674 3271 3741 Joannes,
3303 3692 3418 3738 nos,
3446 3675 3643 3743 inquit,
3665 3676 3907 3745 cognori-

2317 3787 2453 3837 mus,
2484 3781 2531 3825 et
2564 3771 2825 3825 credimus
2865 3769 3115 3822 rharitati
3152 3767 3267 3831 Dei,
3294 3784 3453 3838 quam
3492 3766 3645 3820 habet
3668 3768 3724 3821 in
3759 3767 3902 3821 nobis

2319 3858 2368 3931 (1
2391 3859 2719 3925 Joan.xux,
2741 3858 2850 3928 16).
2870 3858 2935 3912 Et
2961 3858 3054 3927 qui
3079 3859 3096 3900 ί
3127 3867 3230 3922 εει,
3259 3871 3422 3926 quam
3446 3855 3613 3911 habet
3641 3856 3694 3909 in
3723 3857 3901 3920 nobis,

2319 3951 2422 4006 nisi
2448 3951 2574 4020 quia
2603 3951 2670 4006 de
2691 3951 2894 4021 Spiritu
2921 3967 3020 4008 suo
3045 3951 3058 4002 i
3092 3952 3237 4007 dedit
3258 3951 3447 4006 nobis?
3470 3951 3612 4022 Ergo
3633 3967 3760 4006 cum
3789 3951 3904 4021 Spi-

2320 4041 2457 4096 ritus
2479 4041 2658 4106 datur,
2689 4040 2894 4098 Christi
2926 4043 3167 4098 charitas
3213 4041 3555 4107 dill'unditur,
3601 4042 3747 4097 sicut
3776 4043 3903 4097 Pau~

2319 4133 2402 4189 lus
2433 4141 2663 4189 testatur
2686 4134 2981 4205 apostolus,
3011 4134 3152 4205 quod
3179 4134 3410 4189 charitas
3456 4133 3552 4188 Dei
3603 4134 3808 4202 diibusa
3831 4143 3902 4188 est

2318 4225 2372 4278 in
2401 4224 2646 4278 cordibus
2681 4226 2874 4279 nostris
2897 4242 2991 4296 per
3011 4224 3266 4296 Spiritum
3302 4235 3567 4288 sanctum,
3616 4226 3710 4295 qui
3754 4225 3905 4278 datus

2317 4325 2392 4370 est
2412 4316 2560 4370 nobis
2582 4314 2754 4386 (Rom.
2771 4332 2826 4382 v,
2841 4316 2921 4387 5).
2942 4317 3096 4374 Unde
3108 4332 3230 4373 cum
3253 4333 3417 4388 super
3433 4317 3714 4388 apostolos
3736 4318 3901 4382 venit,

635 4407 837 4463 stantia
890 4415 992 4462 est.
1037 4403 1205 4460 Recte
1254 4403 1421 4474 igitur
1471 4401 1844 4494 intelligimus,
1896 4400 2024 4494 quia
2075 4400 2217 4494 Deus
2245 4433 2296 4494 υ
2320 4407 2373 4463 in
2399 4407 2611 4464 fervore
2638 4407 2778 4477 ignis
2818 4409 3088 4480 apparuit,
3118 4408 3243 4478 quia
3293 4408 3531 4463 charitas
3561 4423 3708 4478 quos
3732 4409 3902 4481 reple-

637 4499 798 4558 Pater
825 4498 1063 4553 charitas
1093 4504 1199 4561 est,
1225 4505 1280 4550 et
1304 4495 1444 4550 Deus
1485 4493 1654 4549 Filius
1681 4492 1932 4549 similiter
1980 4493 2220 4548 charitas
2249 4492 2278 4494 ⁷
2321 4497 2476 4562 verit,
2494 4495 2749 4552 ardentes
2773 4494 2924 4562 facit,
2948 4495 3168 4567 Deoque
3194 4494 3488 4567 conjungit.
3510 4495 3670 4552 Unde
3696 4498 3743 4552 si
3765 4496 3900 4552 Deus

631 4598 737 4654 est,
766 4597 822 4643 et
844 4588 986 4642 Deus
1013 4586 1249 4656 Spiritus
1279 4594 1521 4640 sanctus.
1578 4595 1602 4623 ο
1656 4582 1811 4639 Sicut
1855 4591 1910 4638 et
1951 4582 2216 4654 sapientia

633 4683 775 4740 Deus
800 4680 961 4737 Pater
983 4688 1086 4745 est,
1113 4689 1169 4734 et
1192 4679 1332 4733 Deus
1363 4677 1551 4742 Filius,
1581 4685 1638 4732 et
1671 4677 1813 4731 Deus
1835 4675 2070 4745 Spiritus
2091 4690 2217 4729 san-

637 4783 786 4839 etus,
812 4789 918 4831 non
969 4781 1149 4830 tamen
1201 4779 1312 4824 tres
1340 4768 1636 4825 charitates
1675 4765 1799 4822 ideo
1823 4765 2078 4831 dicimus,
2117 4773 2214 4819 aut

634 4877 746 4920 tres
771 4865 1096 4936 sapientias;
1125 4862 1218 4916 sed
1248 4877 1410 4916 unam
1432 4860 1778 4930 sapientiam,
1826 4866 1880 4914 et
1903 4873 2064 4913 unam
2086 4859 2216 4913 cha-

636 4958 884 5021 ritatem;
917 4955 1055 5010 sicut
1095 4963 1152 5008 et
1197 4967 1362 5008 unum
1412 4951 1578 5006 Deum
1623 4949 1859 5014 Patrem,
1914 4958 1970 5003 et
2018 4948 2213 5003 Filium

635 5057 796 5118 atque
827 5045 1088 5116 Spiritum
1116 5053 1364 5100 sanetum
1394 5042 1736 5097 conﬁtemur.
1789 5041 1855 5098 Et
1905 5039 2048 5094 sicut
2093 5054 2216 5109 ριιοο

634 5139 750 5207 prie
778 5138 1000 5193 verbum
1025 5135 1119 5190 Dei
1141 5135 1306 5191 etiam
1330 5133 1427 5188 Dei
1453 5131 1716 5202 sapientia
1763 5129 1934 5186 Filius
1977 5130 2176 5186 dicitur
2199 5148 2212 5183 :

636 5239 708 5284 tta
737 5244 866 5299 ergo
887 5227 1126 5284 charitas
1151 5226 1434 5298 aptissime
1469 5224 1706 5294 Spiritus
1733 5232 1953 5280 sanctus
1997 5232 2082 5279 est
2129 5239 2218 5294 ap-

704 5375 728 5402 ιι
761 5360 903 5432 Edil.
916 5401 931 5424 ,
961 5361 1234 5432 quidquid.

703 5432 732 5471 δ
761 5431 819 5486 In
843 5426 1004 5487 editis
1037 5426 1374 5485 desideratur
1397 5426 1616 5482 Christi.

709 5511 731 5540 ε
765 5501 932 5565 Edit.,
966 5502 1166 5555 usiodis
1197 5500 1390 5556 melius
1417 5497 1604 5552 usialis
1631 5512 1660 5551 a
1693 5496 1882 5553 Grzeco
1906 5499 2056 5554 οὐσία
2075 5496 2214 5567 quod

609 5571 706 5629 ’δἐι
737 5571 1050 5626 substantia.

703 5643 727 5681 ἀ
761 5642 929 5704 Edit.,
957 5640 1108 5694 Tum.

711 5727 731 5754 ν
762 5711 815 5769 l-t
847 5705 1368 5769 editis'desideratur
1391 5711 1522 5766 sicut
1555 5720 1601 5764 et
1641 5709 1898 5782 sapientia
1917 5706 2061 5764 Deus
2105 5707 2210 5763 Pa-

2319 4585 2478 4642 Pater
2505 4586 2744 4642 charitas
2771 4596 2873 4652 est,
2905 4595 2960 4644 ot
3005 4587 3173 4643 Filius
3219 4587 3458 4642 charitas
3497 4596 3583 4642 est
3615 4607 3629 4642 :
3663 4588 3902 4644 charitas

2318 4687 2497 4732 autem
2529 4677 2725 4744 Patris,
2767 4686 2822 4734 et
2847 4679 3090 4735 charitas
3132 4678 3254 4733 Filii
3299 4695 3468 4734 unum
3519 4689 3672 4744 sunt,
3715 4692 3899 4736 etnon

2319 4785 2476 4825 unus.
2503 4769 2582 4826 Ex
2633 4785 2742 4840 quo
2782 4780 3180 4840 consequenter
3215 4785 3379 4825 unum
3431 4771 3573 4826 bene
3627 4773 3897 4836 dicuntur,

2316 4861 2408 4930 qui
2442 4861 2666 4915 veniunt
2710 4861 2871 4914 simul
2923 4863 2991 4916 ad
3037 4860 3226 4925 Deum,
3291 4862 3382 4931 qui
3437 4860 3665 4932 perfecti
3697 4863 3899 4917 suntin

2317 4950 2606 5015 charitate,
2633 4951 2786 5020 juxta
2819 4951 3064 5005 veritatis
3083 4951 3533 5016 assertionem,et
3561 4953 3898 5008 mansionem

2317 5043 2457 5113 apud
2483 5058 2606 5097 eum
2640 5043 2863 5098 faciunt.
2896 5042 3126 5113 Propter
3147 5044 3290 5111 quod
3331 5043 3454 5098 talis
3480 5044 3750 5108 charitas,
3787 5061 3901 5116 qua?

2317 5134 2458 5189 Deus
2482 5142 2586 5199 est,
2615 5149 2738 5189 cum
2765 5133 2929 5189 fuerit
2966 5134 3020 5188 in
3074 5133 3277 5203 aliquo,
3325 5135 3370 5189 is
3415 5133 3548 5188 nihil
3604 5143 3892 5194 terrenum,

2316 5221 2451 5278 nihil
2500 5221 2807 5288 materiale,
2848 5221 3090 5290 nihilque
3151 5221 3502 5292 corruptibile
3533 5221 3747 5293 diligit;
3780 5223 3896 5294 quia

2317 5365 2394 5416 ter
2421 5363 2517 5418 est,
2548 5364 2594 5410 et
2628 5353 2767 5409 Deus
2798 5351 2969 5407 Filius
2989 5362 3088 5418 est,
3113 5362 3162 5408 et
3191 5352 3333 5408 Deus
3353 5350 3586 5422 Spiritus
3616 5363 3851 5409 sanctus.

2394 5425 2413 5464 ί
2451 5426 2508 5480 In
2537 5425 2670 5480 edit.
2699 5425 2851 5478 deest
2870 5433 3104 5478 sanctus.

2390 5498 2416 5537 ⁸
2442 5495 2581 5550 Edit.
2593 5535 2608 5560 ,
2636 5495 2773 5548 ideo.

2389 5567 2413 5606 ιι
2446 5565 2608 5629 Edit.,
2639 5563 2797 5628 male,
2829 5561 2987 5616 simul
3015 5561 3174 5632 longe
3199 5561 3389 5616 melius
3407 5562 3538 5632 sine.

2395 5636 2408 5675 ί
2446 5634 2631 5688 Editor
2658 5632 2958 5690 emendavit
2989 5631 3129 5701 quid
3145 5642 3219 5686 est
3245 5648 3350 5686 non
3381 5631 3536 5685 male.

2392 5703 2405 5754 ἓ
2445 5704 2559 5763 Non
2584 5705 2657 5760 ita
2688 5705 2823 5763 bene
2849 5703 3088 5758 correxit
3115 5711 3296 5756 sancto
3321 5716 3419 5772 pro
3445 5717 3562 5762 suo.
