4148 6344
339 335 463 394 ιιϐι

1250 328 1338 385 DE
1375 326 1551 394 FIDE,
1592 315 1719 382 SPE
1753 322 1842 380 ET
1883 318 2294 378 CHARITATE.
2332 354 2402 364 —
2440 323 2566 379 LIB.
2603 323 2688 379 lll.

3441 320 3588 378 “62‘

336 457 528 505 contra
561 453 806 520 naturam
827 451 911 501 est
928 443 1208 499 charitatis
1248 440 1519 511 quidpiam
1547 433 1898 507 corruptibile
1927 434 1977 494 Α
2004 443 2147 490 ctum
2190 445 2273 491 est
2317 439 2458 494 enim
2529 441 2671 510 quod
2713 427 2902 497 similis
2943 442 3172 498 similem
3221 441 3322 498 sibi
3363 443 3569 511 diligat.

337 539 578 609 diligere.
606 536 901 607 praesertim
924 550 1044 589 cum
1074 535 1186 604 ipse
1215 534 1286 588 sit
1312 534 1430 586 fons
1459 527 1900 596 incorruptionis.

337 629 454 698 Ipsa
479 633 564 681 est
584 626 728 680 enim
759 624 869 679 sola
901 623 1106 678 habens
1132 621 1614 683 immortalitatem,
1639 617 1904 687 siquidem

338 717 477 771 Deus
503 725 576 770 est
623 715 878 779 charitas,
927 713 1015 783 qui
1062 711 1204 766 solus
1240 711 1389 764 liabet
1438 707 1902 769 immortalitatem,

335 808 577 860 habitans
601 805 765 859 lucem
793 803 1196 858 inaccessibilem
1220 802 1272 874 (1
1300 801 1461 856 Joan.
1487 816 1562 865 Iv,
1595 788 1691 864 i6;
1720 797 1743 852 I
1768 797 1903 850 Tim.

338 914 410 963 γι,
463 899 567 962 16).
605 897 742 964 Quid
785 896 927 950 aliud
983 895 1380 959 immortalitas,
1431 894 1532 948 nisi
1571 893 1680 947 vita
1706 900 1907 946 interna

337 987 612 1042 creditur?
661 986 832 1054 Quam
861 987 1106 1041 daturum
1138 1001 1197 1041 se
1217 985 1482 1056 promittit
1509 984 1652 1038 Deus
1677 982 1907 1038 creden-

339 1077 481 1132 tibus
518 1077 572 1131 in
606 1076 779 1147 ipsum
805 1078 978 1132 solum
1005 1092 1189 1132 verum
1213 1077 1403 1142 Deum,
1437 1087 1461 1116 α
1493 1085 1549 1130 et
1573 1089 1734 1145 quem
1761 1071 1910 1128 misit

336 1165 518 1222 Iesum
543 1161 820 1221 Christum
843 1166 1037 1220 Filium
1067 1165 1202 1234 ejus.

409 1259 464 1312 5.
500 1255 705 1311 Idcirco
737 1267 862 1311 ante
881 1257 1082 1318 omnia,
1115 1264 1167 1310 et
1214 1270 1375 1326 super
1417 1253 1596 1309 omnia
1643 1252 1908 1323 imprimis

339 1351 442 1404 hoc
478 1348 732 1413 amabile,
780 1357 837 1404 et
879 1348 1273 1417 beneplacitum
1301 1347 1497 1400 dicitur
1527 1359 1647 1400 esse
1682 1345 1812 1409 Deo,
1852 1351 1910 1398 ut

337 1438 524 1510 diligat
553 1435 782 1508 quisque
811 1438 1096 1492 Dominum
1135 1436 1304 1491 Deum
1332 1451 1486 1492 suum
1512 1450 1578 1489 ex
1608 1442 1720 1489 toto
1748 1437 1910 1490 corde

339 1545 456 1596 suo,
491 1539 546 1586 et
570 1545 637 1586 ex
666 1539 774 1587 tota
807 1530 985 1584 anima
1010 1545 1127 1593 sua,
1164 1537 1220 1584 et
1259 1545 1326 1584 ex
1377 1527 1504 1583 totis
1529 1527 1735 1582 viribus
1774 1527 1907 1592 suis,

336 1619 460 1688 quia
488 1619 630 1674 Deus
655 1618 912 1682 charitas,
940 1627 994 1673 et
1018 1617 1209 1683 Filius,
1240 1618 1333 1686 qui
1359 1630 1424 1671 ex
1456 1617 1565 1672 Deo
1593 1625 1696 1680 est,
1728 1616 1907 1671 chari-

337 1719 420 1763 tas
441 1717 544 1764 est.
580 1709 733 1766 Unde
761 1709 840 1764 sui
870 1709 1045 1764 simile
1073 1707 1275 1777 aliquid
1295 1708 1348 1761 in
1381 1707 1536 1762 nobis
1560 1706 1702 1761 Deus
1727 1706 1906 1776 requi-

2009 526 2161 582 Unde
2189 529 2315 583 dum
2339 531 2540 596 vitiosi,
2590 532 2813 587 vitiosos
2849 531 3145 603 diligimus,
3183 546 3290 589 non
3319 533 3442 602 quia
3473 533 3576 587 hoc

2009 626 2138 672 sunt
2165 619 2310 687 quod
2341 621 2507 673 creati
2547 621 2818 686 sunt,'sed
2858 623 2982 690 quia
3025 622 3204 676 vitiosi
3250 631 3396 686 sunt,
3431 638 3572 677 nuu-

2008 705 2138 776 quid
2171 707 2294 762 talis
2343 707 2561 764 dilectio
2593 711 2834 765 charitas
2876 720 2958 766 cst
2999 712 3338 782 appellanda,
3380 721 3474 766 aut
3508 725 3574 764 ex

2009 797 2119 853 Deo
2139 800 2253 853 eSt?
2278 799 2451 854 Absit.
2483 799 2615 855 Nam
2641 802 2817 856 omnis
2850 802 2940 871 qui
2967 802 3158 873 diligit,
3187 817 3254 857 ex
3282 803 3393 858 Deo
3418 809 3578 856 natus

2009 895 2116 941 est.
2157 887 2248 942 llle
2273 903 2407 944 vero
2437 890 2529 959 qui
2567 891 2646 945 sic
2683 890 2875 961 diligit,
2905 891 3093 960 utique
3131 905 3189 946 se
3229 891 3482 960 primum,
3523 899 3578 944 ct

2008 990 2134 1030 eum
2187 993 2348 1047 quem
2393 980 2618 1050 diligere
2667 980 2903 1045 videtur,
2951 981 3083 1045 odit,
3125 981 3382 1049 quoniam
3407 980 3576 1034 omnis

2008 1069 2098 1139 qui
2121 1068 2293 1139 diligit
2323 1070 2669 1141 iniquitatem,
2711 1071 2818 1126 odit
2853 1071 3086 1126 animam
3130 1087 3302 1126 suam.
3357 1069 3579 1125 Verum-

2011 1170 2190 1217 tamen
2219 1161 2347 1217 licet
2376 1163 2558 1218 odium
2591 1163 2684 1227 sit,
2740 1162 2956 1218 dilectio
2983 1161 3139 1230 juxta
3169 1160 3319 1217 verbi
3372 1171 3579 1232 etymo-

2014 1252 2208 1324 logiam
2238 1261 2480 1319 vocatur,
2531 1261 2585 1308 et
2634 1253 2772 1319 ideo,
2818 1263 2876 1307 ut
2902 1252 3034 1318 dixi,
3065 1268 3172 1308 non
3219 1252 3352 1308 satis
3385 1252 3580 1321 ubique

2013 1343 2212 1399 latinus
2273 1344 2372 1400 iste
2423 1359 2603 1400 sermo
2655 1345 2763 1400 vim
2805 1344 3088 1400 charitalis
3134 1343 3405 1414 exprimit,
3454 1344 3578 1412 quia

2013 1435 2250 1490 charitas
2295 1449 2586 1504 nunquam,
2635 1435 2738 1490 nisi
2773 1449 2838 1489 ex
2873 1435 2999 1497 Deo,
3029 1434 3113 1490 vel
3166 1434 3220 1488 in
3260 1433 3453 1499 Deum,
3494 1431 3580 1487 vel

2013 1533 2232 1596 propter
2266 1526 2432 1580 Deum
2463 1524 2584 1594 jure
2615 1527 2833 1581 dicitur.
2872 1525 3096 1580 Dilectio
3121 1539 3252 1580 vero
3291 1522 3579 1593 aliquando

2011 1617 2194 1673 odium
2227 1617 2577 1688 approbatur,
2609 1619 2748 1675 sicut
2784 1619 3092 1674 econtrario
3119 1618 3322 1681 odium,
3363 1616 3580 1672 dilectio

2013 1724 2139 1763 vera
2189 1710 2480 1765 secundum
2511 1710 2812 1764 divinarum
2846 1709 3246 1780 Scripturarum
3279 1707 3583 1777 intelligen-

338 1800 424 1869 rit,
456 1809 512 1860 ut
537 1816 634 1876 per
655 1802 792 1861 hanc
816 1801 1156 1869 claruit-atem,
1185 1814 1307 1874 qur
1332 1806 1414 1852 est
1442 1797 1494 1857 in
1516 1797 1731 1858 Christo
1758 1796 1908 1866 Jcsu,
1939 1793 1985 1852 B
2015 1800 2143 1853 tiam
2171 1817 2184 1852 :
2221 1807 2280 1852 ut
2311 1808 2392 1854 est
2422 1799 2550 1854 illud
2582 1818 2594 1852 :
2635 1800 2738 1866 Qui
2778 1801 2884 1854 odit
2926 1801 3154 1854 animum
3191 1815 3342 1853 suam
3389 1800 3443 1853 in
3487 1799 3583 1852 hoc

330 1895 424 1964 qui
446 1905 530 1950 est
553 1896 814 1960 charitas,
837 1895 979 1951 velut
1001 1897 1232 1967 quadam
1261 1903 1488 1964 cognata
1511 1909 1611 1963 per
1628 1893 1908 1948 charitatis

340 2001 535 2042 nomen
584 1985 843 2042 afﬁnitate
871 1987 1159 2041 sociemur.
1192 1985 1346 2040 Sicut
1380 1983 1578 2038 Paulus
1622 1983 1734 2054 jam
1783 1998 1910 2038 con-

336 2073 556 2143 iunctus
581 2076 632 2129 ei
665 2075 878 2130 dicebat
915 2094 928 2130 :
962 2075 1090 2142 Quis
1139 2092 1229 2134 nos
1268 2074 1527 2146 separabit
1576 2092 1608 2127 a
1662 2074 1910 2128 charitnte

335 2165 456 2230 Dei,
493 2179 610 2234 qua:
632 2175 707 2218 est
742 2182 795 2218 tn
816 2163 1024 2219 Christo
1063 2166 1190 2220 Jesu
1235 2165 1457 2219 Domino
1489 2165 1706 2218 nostra?
1731 2163 1905 2234 (Rom.

337 2272 456 2322 vui,
480 2256 594 2329 35.)
624 2256 748 2312 llatc
772 2258 1026 2312 nimirum
1049 2258 1285 2314 charitas
1313 2258 1582 2312 hominem
1605 2257 1908 2326 proximum

336 2347 390 2401 in
421 2347 651 2403 invicem
679 2347 781 2402 sibi
805 2358 860 2403 et
888 2349 998 2404 Deo
1039 2349 1188 2415 facit,
1212 2349 1370 2405 sicuti
1401 2350 1615 2405 Veritas
1657 2350 1710 2404 in
1735 2350 1910 2404 Evan-

336 2435 477 2505 gelio
498 2435 650 2509 (Luc.
672 2437 729 2508 ι)
753 2437 1090 2516 demonstrat
1115 2439 1299 2495 dicens
1320 2439 1533 2495 cuidam
1555 2439 1908 2510 superbienti,

333 2527 478 2597 quod
500 2528 719 2597 quidam
739 2543 862 2584 cum
890 2530 1331 2586 descendissetah
1350 2528 1683 2586 Hierusalem
1705 2531 1757 2585 in
1767 2529 1911 2587 leri-

335 2617 464 2682 cho,
495 2618 746 2674 inciderit
777 2619 826 2674 in
856 2621 1124 2688 latrones;
1149 2638 1309 2692 quem
1331 2637 1451 2677 cum
1484 2621 1821 2677 vulneratum
1849 2638 1912 2678 ac

334 2706 654 2761 semivivum
684 2709 957 2774 sacerdos,
986 2726 1050 2765 ac
1080 2710 1268 2765 Levita
1298 2711 1683 2780 praeterierint,
1711 2713 1912 2781 ample.

334 2797 502 2851 ctitur
541 2795 936 2865 Samaritanus,
981 2802 1072 2870 qui
1117 2801 1546 2856 misericordiam
1584 2802 1635 2856 ei
1685 2801 1908 2868 fecerat,

334 2889 585 2957 huncque
611 2891 914 2956 proximum
943 2889 1110 2946 fuisse
1157 2891 1394 2946 declarat
1420 2906 1605 2947 eorum
1636 2891 1688 2958 ιδ,
1740 2901 1795 2946 et
1842 2893 1910 2948 ab

334 2980 504 3048 ipsius
529 2981 868 3036 confessione
888 2983 1192 3052 proximum
1217 2982 1384 3038 fuisse
1404 2982 1731 3038 manifestat.
1757 2970 1908 3037 Unde

333 3070 529 3140 adjecit
557 3090 571 3126 :
613 3071 770 3138 Vade,
799 3074 992 3143 inquit,
1012 3084 1058 3128 et
1081 3082 1136 3127 tu
1156 3074 1240 3143 [ac
1265 3074 1507 3128 similiter
1551 3073 1734 3145 (Ibid.,
1793 3075 1904 3145 57);

2011 1890 2204 1946 mundo
2233 1889 2395 1959 (Joau
2439 1905 2538 1956 xu,
2561 1892 2675 1961 “2.5),
2704 1899 2831 1956 etc.,
2860 1905 2978 1960 quae
2999 1890 3268 1961 leguntur.
3292 1889 3398 1944 Sed
3424 1889 3584 1944 Joan-

2010 2000 2106 2040 nes
2156 2001 2261 2039 non
2312 1987 2379 2040 de
2421 1979 2525 2039 alia
2573 1982 2884 2050 dilectione,
2917 1983 3022 2037 nisi
3054 1998 3173 2052 qua!
3221 1998 3288 2037 ex
3339 1985 3468 2048 Deo,
3529 1993 3582 2037 et

2013 2074 2152 2129 Deus
2166 2084 2268 2129 est.
2297 2074 2448 2130 Unde
2472 2075 2712 2130 absolute
2737 2073 3116 2130 univcrsaliter
3144 2073 3331 2128 definit
3349 2074 3534 2127 dicens
3568 2092 3580 2126 :

2012 2163 2196 2219 Omnis
2225 2167 2314 2237 qui
2345 2165 2540 2236 diligit,
2564 2183 2626 2221 ea:
2646 2166 2755 2220 Deo
2780 2176 2934 2221 natus
2957 2176 3052 2232 est,
3079 2177 3125 2220 et
3147 2165 3380 2237 cognovi!
3398 2163 3582 2221 Deum.

2013 2253 2118 2319 Qui
2146 2253 2174 2292 ἀ
2211 2271 2316 2308 non
2342 2255 2533 2325 diligit,
2557 2273 2660 2310 non
2681 2258 2821 2310 novit
2837 2256 3281 2327 Deum,quoniam
3303 2254 3443 2309 Deus
3469 2255 3588 2307 cha-

2012 2344 2142 2398 ritas
2172 2354 2244 2398 est
2270 2344 2319 2416 (1
2347 2344 2509 2399 Joan.
2537 2361 2612 2412 tv,
2643 2347 2695 2411 7,
2727 2345 2802 2417 8).
2832 2345 2901 2399 Et
2930 2347 3044 2400 haec
3072 2355 3156 2401 est
3185 2345 3398 2399 dilectio
3432 2344 3586 2398 Chri-

2012 2437 2332 2503 stianorum,
2348 2445 2407 2490 ut
2438 2436 2628 2502 Deum,
2647 2447 2702 2492 et
2723 2437 2774 2491 in
2790 2437 2983 2502 Deum,
2999 2446 3052 2491 et
3081 2445 3299 2506 propter
3317 2435 3487 2488 Deum
3507 2435 3585 2488 di-

2012 2529 2167 2598 ligas.
2200 2530 2367 2584 Deum
2394 2536 2574 2583 autem
2601 2529 2654 2584 in
2681 2544 2760 2596 se,
2791 2538 3012 2600 propter
3037 2544 3118 2594 se,
3154 2529 3280 2598 quia
3312 2543 3583 2582 summum

2011 2621 2210 2676 bonum
2264 2629 2376 2686 est;
2422 2620 2664 2674 membra
2710 2637 2839 2678 vero
2895 2619 3096 2675 Christi
3135 2620 3186 2673 in
3230 2618 3421 2684 Deum,
3458 2619 3584 2687 quia

2013 2715 2258 2771 membra
2287 2725 2413 2770 sunt
2442 2716 2578 2785 ejus,
2607 2716 2698 2787 qui
2718 2715 2860 2771 Deus
2891 2725 3006 2782 est;
3034 2726 3090 2771 et
3130 2716 3248 2770 ideo
3294 2714 3350 2769 in
3388 2715 3580 2780 Deum,

2012 2807 2139 2878 quia
2164 2807 2308 2862 Deus
2334 2807 2594 2871 charitas,
2625 2805 2852 2863 diﬂ‘usus
2882 2808 2934 2862 in
2969 2822 3156 2862 eormn
3185 2806 3457 2872 cordibus,
3499 2804 3581 2860 fa-

2012 2897 2088 2953 cit
2112 2911 2205 2953 eos
2231 2907 2450 2952 manere
2477 2899 2530 2952 in
2561 2897 2728 2953 Deum
2753 2912 2849 2968 per
2877 2897 3123 2967 Spiritum
3151 2895 3478 2965 adoptionis,
3510 2895 3583 2949 ita

2012 2997 2073 3043 ut
2101 2988 2195 3044 ﬁlii
2234 2989 2358 3061 jure
2390 2989 2759 3054 nominentur,
2789 2996 2844 3043 et
2880 2988 3005 3042 sint.
3052 2985 3435 3041 Verumtamen
3476 2999 3581 3040 non

2016 3079 2091 3134 ita
2117 3080 2273 3149 quasi
2320 3095 2588 3134 summum
2632 3079 2830 3134 bonum
2861 3079 2990 3141 sint,
3014 3075 3288 3147 diligendi,
3320 3076 3414 3131 sed
3457 3075 3584 3144 quia

330 3177 399 3217 ac
422 3163 467 3218 si
495 3173 682 3232 aperte
707 3165 852 3218 dicat
884 3183 896 3217 :
925 3163 1178 3235 Quisquis
1206 3166 1497 3220 secundum
1522 3144 1687 3219 Deum
1726 3144 1907 3236 proxi-
1937 3144 1984 3208 C
2014 3173 2071 3228 in
2109 3144 2320 3229 summo
2349 3174 2490 3229 bono
2536 3181 2664 3229 sunt
2703 3172 2828 3228 boni
2868 3171 2986 3237 filii,
3027 3144 3134 3242 per
3158 3170 3416 3240 Spiritum
3457 3185 3585 3224 san-

330 3267 452 3308 mus
502 3253 633 3309 velit
675 3270 816 3320 esse,
868 3255 1034 3310 faciat
1083 3257 1363 3310 charitatis
1400 3272 1584 3326 opera,
1625 3273 1743 3327 quae
1782 3265 1906 3312 sunt

334 3344 540 3399 viscera
566 3347 862 3400 secundum
888 3346 1200 3401 interiorem
1248 3346 1541 3411 hominem,
1565 3355 1624 3400 ut
1654 3355 1908 3402 maneant

329 3436 491 3491 simul
520 3453 682 3492 unum
711 3438 762 3492 in
781 3438 1025 3493 Domino.
1043 3437 1175 3492 Nam
1203 3437 1436 3493 caelestis
1461 3437 1549 3492 illa
1571 3437 1906 3493 Hierusalem

329 3527 444 3584 sola
493 3527 898 3583 convisceratur
939 3528 1239 3592 charitate;
1297 3527 1446 3583 illinc
1487 3542 1552 3582 ex
1595 3542 1698 3598 qua
1724 3529 1904 3583 omnis

329 3617 661 3687 germanitas
689 3627 918 3682 constat,
965 3627 1020 3673 et
1044 3625 1297 3688 perpetua
1332 3618 1583 3672 societas.
1617 3617 1769 3673 Unde
1796 3619 1903 3689 jam

329 3707 421 3762 hic
450 3709 629 3763 anima
656 3719 1080 3780 concorporetur
1105 3711 1156 3764 in
1182 3711 1439 3765 membris
1459 3710 1753 3774 Christi,et
1773 3724 1905 3765 con-

329 3799 587 3870 llagretur
614 3811 636 3839 ο
661 3801 867 3855 εωιρειί
900 3800 1118 3855 lumine.
1154 3800 1252 3855 llic
1276 3817 1506 3872 namque
1532 3811 1613 3856 est
1633 3801 1774 3872 ignis
1793 3801 1902 3868 ille,

329 3904 489 3957 quem
534 3887 690 3944 Jesus
735 3876 881 3944 venit
908 3889 1122 3944 mittere
1169 3889 1222 3944 in
1253 3898 1473 3955 terram,
1525 3901 1581 3945 et
1609 3890 1737 3960 quid
1769 3889 1900 3955 vult,

329 3977 439 4032 nisi
461 3985 519 4032 ut
541 3979 730 4033 ardeat
755 3978 905 4050 (Luc.
943 3979 1065 4049 xu),
1096 3992 1152 4034 et
1201 3989 1392 4034 exurat
1431 3980 1612 4034 omnia
1669 3980 1903 4034 carnalis

327 4071 453 4124 vita:
476 4069 782 4125 desideria?
808 4070 912 4126 Iste
933 4071 1130 4140 quippe
1150 4069 1288 4141 ignis
1309 4079 1412 4136 est,
1445 4071 1536 4140 qui
1563 4071 1628 4126 de
1651 4070 1790 4126 caelo
1812 4085 1904 4125 ve-

327 4159 410 4214 nit
456 4160 510 4214 in
539 4159 723 4215 Veteri
772 4159 1142 4225 Testamento,
1190 4175 1349 4230 quem
1393 4160 1596 4232 jugiter
1635 4160 1903 4216 sacerdoti

329 4251 524 4304 nutriri
551 4251 860 4317 mandatur,
888 4267 957 4306 ne
989 4253 1317 4324 exstinguat,
1347 4252 1472 4324 quia
1497 4253 1643 4309 nullo
1681 4269 1749 4310 ex
1797 4252 1904 4311 alio

327 4341 720 4407 holocaustum,
751 4343 832 4398 vel
858 4344 1186 4400 sacrificium
1222 4345 1329 4401 Deo
1362 4347 1581 4417 dignum
1604 4356 1900 4403 crematur.

328 4431 386 4487 Si
412 4433 533 4502 quis
568 4448 696 4489 vero
722 4434 952 4489 alienum
984 4421 1257 4502 obtulerit,
1300 4437 1440 4492 sicut
1480 4437 1678 4493 factum
1720 4447 1800 4495 est
1832 4438 1898 4493 il-

2009 3271 2158 3320 ctum
2207 3263 2335 3320 boni
2371 3264 2608 3334 przcsciti
2640 3271 2694 3318 et
2719 3262 3106 3332 prmdestinati,
3139 3269 3197 3316 ut
3230 3269 3484 3316 maneant
3528 3261 3583 3315 in

2011 3355 2201 3426 spiritu
2225 3355 2548 3426 adoptionis.
2580 3355 2790 3425 Reliqui
2814 3369 3002 3408 omnes
3021 3363 3242 3424 propter
3263 3354 3429 3407 Deum
3459 3361 3585 3407 sunt

2011 3447 2300 3519 diligendi;
2333 3448 2456 3517 quia
2488 3447 2612 3502 boni
2661 3463 2689 3500 a
2737 3446 2876 3501 bono
2916 3447 3025 3501 Deo
3065 3456 3190 3501 sunt
3219 3445 3408 3508 creati,
3457 3443 3585 3499 licet

2009 3535 2142 3589 vitio
2174 3549 2272 3589 suo
2301 3535 2408 3589 sint
2437 3535 2559 3589 mali
2590 3534 2787 3590 effecti.
2834 3533 2968 3588 Nam
2998 3543 3052 3588 ct
3079 3534 3297 3588 dilectio
3333 3534 3474 3587 dicta
3503 3533 3582 3586 vi-

2009 3625 2168 3681 detur
2191 3639 2255 3680 eo
2293 3626 2436 3695 quod
2470 3625 2615 3695 liget.
2650 3626 2794 3680 Duos
2822 3625 2966 3680 enim
3012 3625 3063 3679 in
3096 3624 3324 3678 invicem
3359 3621 3578 3691 alligat;

2009 3716 2135 3786 quia
2161 3730 2268 3770 non
2301 3715 2500 3780 minus,
2532 3730 2692 3783 quam
2721 3715 2860 3770 inter
2886 3716 3021 3768 duos
3046 3713 3282 3768 charitas
3326 3726 3446 3766 esse
3483 3725 3582 3780 po—

2009 3814 2116 3862 test
2143 3823 2155 3859 :
2189 3804 2320 3860 facit
2360 3819 2592 3874 namque
2620 3804 2904 3859 unanimes
2934 3805 2985 3859 in
3017 3804 3196 3867 domo,
3233 3803 3305 3856 ita
3330 3811 3389 3855 ut
3415 3801 3583 3870 pluri-

2009 3896 2080 3950 mi
2108 3896 2217 3950 sint
2246 3909 2341 3950 cor
2367 3909 2529 3949 unum
2560 3904 2617 3948 et
2661 3894 2840 3948 anima
2884 3909 3012 3948 una.
3053 3893 3392 3962 Quapropter
3437 3898 3582 3945 recte

2009 3985 2270 4040 vinculum
2311 3985 2643 4056 perfectionis
2693 3982 2831 4056 (Col.
2882 4001 2964 4050 ιιι,
3019 3983 3109 4050 14)
3147 3992 3390 4038 vocatur.
3425 3979 3582 4051 Ligal.

2006 4077 2170 4132 etiam
2196 4076 2405 4130 animas
2435 4075 2793 4130 indissolubili
2819 4075 3022 4129 amoris
3049 4073 3265 4128 vinculo
3290 4071 3357 4126 ad
3390 4071 3577 4134 Deum,

2007 4184 2142 4239 quas
2173 4169 2323 4239 prius
2352 4168 2465 4239 ipse
2494 4182 2604 4222 suae
2629 4166 2934 4222 dilectionis
2964 4165 3081 4220 loro
3105 4164 3206 4219 sibi
3240 4161 3577 4227 astrinxerit,

2008 4267 2066 4314 ut
2083 4265 2337 4314 maneant
2363 4258 2416 4312 in
2444 4259 2632 4313 Deum.
2653 4256 2808 4313 Unde
2819 4255 3108 4312 Dominus:
3135 4252 3289 4320 Volo,
3309 4251 3492 4318 Pater,
3508 4252 3584 4306 in-

2005 4350 2143 4421 quit,
2172 4359 2226 4404 ut
2240 4360 2288 4404 et
2304 4350 2402 4420 ipsi
2423 4365 2586 4403 unum
2606 4350 2709 4403 sint
2730 4351 2785 4402 in
2806 4348 2971 4414 nobis,
2998 4348 3132 4402 sicut
3161 4363 3254 4417 ego
3277 4356 3323 4399 et
3340 4355 3396 4400 tu
3418 4360 3581 4398 unum

2005 4461 2186 4500 sumus
2216 4443 2396 4516 (Joan.
2423 4459 2554 4507 xvn,
2581 4441 2695 4510 22).
2721 4440 2969 4511 Alioquin
2996 4440 3187 4496 civitas
3210 4438 3295 4492 illa
3321 4437 3582 4491 Hierusa-

327 4521 412 4587 lis,
449 4537 586 4592 quos
630 4523 767 4594 ignis
808 4527 1033 4591 exussit,
1066 4525 1252 4580 Nadab
1289 4535 1343 4580 et
1396 4527 1532 4582 Abiu
1561 4528 1747 4597 (Num.
1792 4529 1897 4599 ιιι),
1923 4491 1980 4556 D
2006 4535 2111 4591 lem
2154 4491 2394 4589 ctelestis
2444 4491 2714 4602 qudmodo
2765 4491 3040 4585 codstaret
3089 4544 3157 4583 ex
3200 4537 3307 4583 tam
3350 4525 3578 4580 diversis

327 4625 499 4670 morte
541 4617 804 4688 plectetur
850 4627 1072 4685 acterna,
1116 4621 1370 4690 quoniam
1405 4621 1542 4692 ignis
1577 4622 1678 4678 iste
1707 4639 1897 4693 perpe-

327 4716 450 4764 tuus
477 4717 579 4763 est.

944 4823 1171 4880 CAPUT
1207 4823 1270 4879 ll.

740 4937 905 5008 Cujus
927 4936 1110 5010 lingua
1135 4940 1202 4993 sit
1228 4938 1480 4992 charitas.

2005 4626 2154 4680 unita
2181 4626 2233 4678 in
2256 4625 2444 4687 Deum,
2473 4631 2531 4676 ut
2557 4621 2695 4677 ultra
2718 4622 2831 4692 jam
2855 4636 2962 4675 non
3009 4621 3181 4691 possit
3209 4616 3450 4679 dissolvi,
3477 4630 3576 4670 nec

2004 4716 2112 4770 ullo
2143 4715 2346 4770 fraudis
2379 4713 2502 4769 dolo
2547 4713 2844 4784 corrumpi,
2895 4713 3000 4768 nisi
3047 4720 3195 4769 esset
3233 4709 3479 4772 interius,
3523 4715 3578 4759 et

2002 4807 2243 4861 exterius
2271 4804 2540 4860 charitate
2565 4804 2767 4860 Christi
2795 4805 2875 4860 sic
2904 4803 3142 4874 perfusa,
3171 4809 3441 4872 quatenus
3477 4812 3577 4852 nec

2003 4899 2146 4954 inter
2176 4897 2370 4952 ﬂuctus
2417 4896 2597 4952 saeculi
2653 4896 2926 4967 submergi
2972 4903 3154 4965 queat.
3207 4892 3341 4948 Hinc
3381 4891 3578 4959 quippe

2003 4987 2198 5044 dicitur
2223 5006 2235 5042 :
2265 4985 2334 5042 Et
2358 4987 2526 5042 linivit
2551 5003 2731 5042 arcam
2761 4986 2877 5041 Noe
2899 4985 3144 5040 bitumine
3185 4984 3324 5037 intus
3356 4991 3403 5036 et
3451 4980 3578 5050 [oris

399 5065 450 5118 1.
488 5066 738 5122 Charitas
768 5083 896 5140 ergo
922 5070 1167 5125 Graecum
1213 5079 1314 5134 est,
1344 5071 1483 5140 quod
1521 5071 1574 5125 in
1599 5069 1795 5127 Latino
1819 5073 1902 5128 di-
2003 5075 2157 5150 (Gen.
2193 5077 2292 5148 vt).
2337 5077 2467 5147 Quae
2515 5078 2621 5135 nisi
2647 5087 2789 5135 esset
2817 5078 2991 5143 linita,
3035 5077 3177 5131 inter
3209 5076 3381 5130 undas
3412 5073 3575 5128 illaesa

325 5150 479 5207 lectio
503 5155 822 5223 appellatur.
871 5157 978 5214 Sed
1011 5159 1202 5214 melius
1227 5159 1280 5212 in
1306 5158 1496 5214 Gnaeo
1521 5160 1762 5216 charitas
1791 5163 1896 5217 vim

325 5256 441 5298 suae
485 5245 897 5316 significationis
933 5249 1206 5318 exprimit,
1239 5265 1397 5320 quam
1427 5249 1664 5317 dilectio,
1697 5267 1816 5322 qua;
1865 5268 1895 5308 a

326 5334 596 5407 diligendo
615 5340 889 5409 quidpiam
918 5342 1244 5396 nominatur.
1265 5341 1418 5412 Saepe
1447 5344 1589 5399 enim
1621 5344 1891 5415 diligimus

323 5427 464 5494 quod
493 5427 706 5482 demum
757 5431 1167 5501 improbandum
1216 5433 1405 5489 melius
1448 5434 1768 5506 judicamus.
1806 5435 1895 5490 Di-

398 5573 424 5602 ι
449 5561 506 5617 In
531 5564 659 5620 edit.
686 5567 941 5623 omissum
970 5579 1050 5625 est
1084 5570 1265 5625 Deum.

398 5632 426 5672 δ
465 5631 630 5700 Editi,
661 5653 858 5692 coram.

397 5711 421 5742 ⁸
462 5700 622 5772 Editi,
647 5708 912 5777 ﬂagretur.

2001 5170 2293 5240 superferri
2357 5189 2462 5228 non
2509 5181 2691 5244 posset
2720 5189 2733 5227 :
2762 5172 2903 5243 quod
2940 5171 2985 5226 si
3007 5157 3170 5226 'inter
3195 5185 3354 5225 auras
3397 5166 3576 5225 saeculi

2003 5275 2032 5316 a
2066 5261 2175 5316 Deo
2195 5262 2431 5318 Ecclesia
2460 5263 2724 5318 solidatur
2750 5278 2818 5316 ne
2842 5261 3114 5332 corrumpi
3153 5260 3348 5331 possit,
3377 5265 3579 5329 quanto

2004 5353 2174 5440 magis
2216 5352 2269 5406 in
2294 5353 2491 5422 patria,
2528 5353 2622 5407 ubi
2643 5353 2759 5423 jam
2789 5351 2967 5406 nullus
2992 5350 3348 5423 procellarum
3399 5355 3579 5403 motus

2002 5439 2140 5499 erit?
2165 5443 2303 5500 Hinc
2324 5459 2537 5514 quoque
2567 5445 2734 5500 David
2755 5446 2902 5501 canit
2924 5443 3095 5516 (Psal.
3122 5459 3322 5509 cxcvn,
3351 5439 3573 5506 lQ—H):

2069 5575 2097 5614 ά
2140 5575 2193 5628 1η
2218 5575 2376 5631 editis
2405 5575 2740 5647 desideratur
2768 5577 2856 5647 qui
2902 5593 3004 5631 non
3045 5574 3263 5647 diligit,
3287 5590 3391 5627 non
3441 5571 3573 5625 norit

2001 5643 2334 5714 Deum:qu:c
2364 5655 2541 5700 tamen
2569 5646 2730 5701 verba
2756 5643 2971 5702 exstant
2993 5647 3047 5702 in
3075 5643 3299 5723 Joannis
3331 5651 3503 5698 textu.
