4104 6340
601 307 738 365 N65

602 512 863 578 Quoniam
919 511 1227 579 confutavit
1287 526 1431 563 seras
1484 520 1754 578 portarum
1803 518 2032 571 tuarum,
2097 524 2164 563 ne

601 620 790 658 rursus
836 615 1037 672 queam
1080 601 1320 672 infringi.
1349 601 1550 655 Deinde
1609 599 1813 654 addidit
1845 618 1857 652 :
1890 598 2164 654 Benedixit

603 695 738 764 ﬁlios
765 705 879 748 tuos
903 695 1040 755 inte,
1069 694 1158 762 qui
1183 693 1353 762 posuit
1377 694 1506 762 ﬁnes
1532 703 1648 745 tuos
1679 707 1880 760 pacem.
1921 689 2166 743 Exclusis

601 787 798 857 quippe
828 785 1072 856 reprobis
1100 793 1153 838 et
1190 783 1621 838 maledictiouum
1653 783 1798 845 ﬁliis,
1828 795 2016 836 omnes
2037 796 2168 834 una-

601 883 777 936 nimes
819 879 980 934 futuri
1021 879 1086 932 ad
1117 879 1393 932 dexteram
1445 876 1624 930 Patris
1681 873 1949 930 benedicti
1985 881 2165 936 erunt,

601 986 833 1042 quorum
871 971 960 1024 hic
999 969 1191 1038 anima:
1225 968 1336 1038 jam
1377 967 1429 1019 in
1463 965 1678 1020 Christo
1707 979 1869 1016 unum
1899 977 2016 1018 esse
2057 976 2168 1015 cce-

602 1069 818 1133 perunt,
857 1069 917 1114 ut
941 1059 1048 1114 illic
1078 1059 1130 1112 in
1153 1058 1358 1112 unitate
1385 1056 1560 1110 Patris
1581 1053 1789 1124 plenius
1825 1052 2165 1122 colligantur.

675 1153 730 1206 2.
771 1151 1011 1219 Denique
1065 1149 1245 1204 unitas
1285 1162 1560 1216 nunquam
1619 1143 1899 1206 dividitur,
1942 1143 2172 1209 ideoque

606 1241 863 1315 quidquid
881 1242 1084 1296 unitate
1098 1238 1375 1299 solidatur,
1402 1235 1709 1290 ﬁrmissimo
1730 1231 2032 1287 dilectionis
2051 1231 2169 1284 vin-

605 1335 728 1392 culo
755 1341 965 1388 tenetur
982 1347 1042 1386 ac
1067 1330 1282 1400 ligatur.
1315 1327 1453 1382 Hinc
1478 1341 1709 1394 namque
1735 1324 2012 1392 Scriptura
2043 1337 2172 1376 san-

605 1435 691 1478 cta
716 1422 871 1490 quasi
903 1419 1194 1475 honestiori
1222 1415 1482 1471 vocabulo
1525 1429 1624 1484 pro
1654 1426 1860 1475 amore,
1887 1411 1972 1464 vel
2019 1409 2171 1479 cupi-

613 1515 739 1569 dine
765 1510 1121 1567 usitatissime
1149 1507 1470 1564 eharitatem
1494 1504 1649 1575 ponit
1686 1503 1769 1557 vel
1805 1501 2172 1564 dilectionem,

606 1607 733 1662 licet
753 1617 1147 1673 nonnunquam
1175 1609 1232 1656 et
1257 1614 1438 1654 amore
1466 1597 1710 1653 fruamur
1755 1596 1992 1658 Christo,
2037 1594 2178 1649 sicut

605 1712 689 1758 est
758 1702 809 1756 in
850 1697 1087 1755 Canticis
1127 1698 1192 1750 de
1235 1707 1430 1762 sponsa
1475 1704 1492 1744 :
1543 1690 1679 1756 Quia
1727 1703 1903 1742 amore
1953 1685 2174 1755 langueo

1373 306 1431 360 S.
1472 305 1823 362 PASGHASII
1863 305 2206 359 RADBERTI
2243 305 2530 364 AilBATlS
2567 309 3014 366 COItBElENSIS

601 419 806 483 Lauda,
840 417 1154 480 Jerusalem,
1191 416 1504 479 Dominum;
1539 433 1602 472 ac
1629 417 1671 471 si
1703 425 1948 487 patenter
1974 418 2117 472 dicat
2145 435 2158 473 :
2196 422 2238 480 Α

3713 313 3854 369 ιισι

2335 422 2389 475 5.
2430 423 2652 476 Constat
2689 423 2708 461 ί
2751 423 2931 492 igitur,
2977 431 3032 475 ut
3055 423 3187 488 dixi,
3218 423 3360 491 quod
3385 438 3544 495 amor
3571 440 3685 495 quo
3711 427 3852 482 dile-

2267 513 2375 568 ctio
2405 511 2641 576 fulcitur,
2685 528 3076 581 nonnunquam
3122 514 3174 566 in
3221 513 3364 568 malo
3404 493 3718 585 accipitur;
3761 520 3856 572 sed

2266 604 2691 658 Christianorum
2713 620 2817 659 non
2841 606 2943 659 nisi
2967 605 3020 658 in
3050 605 3287 670 bono,ut
3307 608 3571 676 quidquid
3599 609 3656 662 in
3681 609 3856 665 Deum

2266 706 2359 750 aut
2391 707 2607 766 propter
2648 698 2815 752 Deum
2865 698 3061 768 diligis,
3112 714 3263 754 ames
3296 714 3521 754 necesse
3576 710 3666 754 est
3713 703 3858 756 sicut

2268 789 2628 858 temetipsum.
2667 789 2834 842 Deum
2873 804 3002 844 vero
3039 799 3254 850 extoto
3295 791 3481 852 corde,
3531 799 3590 844 et
3625 807 3700 845 ex
3745 800 3854 846 tota

2268 877 2465 940 anima,
2497 886 2552 931 et
2577 893 2644 932 ex
2677 887 2787 932 tota
2810 879 3012 933 virtute
3040 879 3324 948 diligasvet
3352 896 3538 944 ames;
3588 882 3854 950 quoniam

2270 981 2422 1020 amor
2448 977 2503 1021 et
2541 967 2759 1021 dilectio
2797 967 3192 1023 convisceratio
3214 977 3299 1023 est
3343 971 3515 1037 patris
3558 970 3618 1023 in
3659 969 3857 1034 ﬁlium,

2270 1062 2324 1109 et
2350 1054 2582 1109 ﬁliorum
2611 1055 2810 1109 refusio
2839 1056 2893 1109 in
2927 1064 3126 1124 patres,
3172 1056 3410 1110 fraterna
3457 1072 3684 1127 quoque
3733 1075 3858 1128 ger-

2272 1145 2519 1199 manitas.
2590 1145 2840 1215 Alioquin
2894 1145 3018 1200 tolle
3074 1146 3441 1210 dilectionem,
3503 1149 3640 1216 quid
3695 1150 3862 1203 habet

2272 1243 2425 1305 pater
2444 1236 2510 1288 ad
2539 1235 2731 1300 ﬁlium,
2758 1245 2850 1289 aut
2877 1236 3019 1291 ﬁlius
3038 1238 3104 1291 ad
3129 1246 3359 1306 patrem,
3382 1239 3468 1292 vel
3494 1240 3631 1308 quid
3659 1241 3860 1295 fratres

2274 1329 2340 1381 ad
2380 1328 2644 1382 invicem?
2686 1327 2890 1383 Idcirco
2941 1337 3016 1392 tu,
3072 1329 3254 1396 homo,
3299 1330 3487 1401 dilige,
3529 1332 3664 1400 quia
3719 1333 3862 1386 Dens

2274 1421 2490 1475 dilectio
2519 1429 2622 1476 est.
2655 1421 2762 1476 Sed
2785 1423 2914 1491 quid
2942 1431 3027 1477 est
3052 1424 3194 1492 quod
3239 1439 3346 1478 non
3390 1425 3639 1495 diligeris
3668 1443 3700 1480 ει
3725 1426 3857 1489 Deo,

2276 1511 2378 1566 nisi
2401 1517 2523 1580 quia
2549 1527 2655 1566 non
2677 1511 2888 1582 diligis?
2913 1513 3148 1581 alioquin
3178 1513 3318 1569 Deus
3337 1513 3556 1568 dilectio
3584 1517 3863 1584 quomodo

2278 1612 2457 1674 potest
2484 1618 2588 1656 non
2609 1603 2849 1674 diligere,
2873 1619 2995 1658 cum
3021 1605 3093 1658 sit
3116 1605 3230 1674 ipse
3253 1605 3505 1659 dilectio?
3529 1606 3692 1672 Quod
3723 1609 3863 1662 bene

2280 1691 2538 1762 prodigus
2579 1691 2814 1746 insinuat
2857 1691 3016 1747 ﬁlius.
3059 1692 3394 1764 Consumpto
3423 1695 3616 1764 itaque
3647 1697 3677 1736 ⁸
3703 1695 3863 1749 luxn-

604 1791 782 1862 (Cant.
815 1806 868 1854 v,
888 1789 962 1859 2).
995 1786 1102 1842 Nec
1125 1791 1245 1839 'non
1275 1792 1330 1838 et
1357 1783 1422 1836 de
1450 1779 1711 1851 sapientia
1737 1779 1790 1832 in
1821 1775 2126 1831 Proverbiis
2161 1793 2174 1829 :
2207 1769 2251 1828 Β
2279 1783 2421 1862 tinge
2449 1783 2772 1852 patrimonio
2803 1791 2859 1838 ει
2887 1785 3118 1854 ρει-ἀίω,
3153 1787 3368 1839 tandem
3413 1787 3482 1840 ad
3527 1802 3592 1841 se
3645 1788 3864 1844 rediens

604 1887 738 1939 Ama
753 1899 866 1937 eam
885 1891 932 1934 et
947 1879 1170 1947 servabit
1199 1886 1246 1930 te
1263 1874 1444 1943 (Prov.
1472 1874 1555 1940 ιι),
1583 1887 1676 1926 seu
1699 1879 1799 1924 etlt
1822 1869 1876 1922 in
1907 1867 2028 1922 aliis
2048 1868 2169 1938 qui-

605 1973 838 2030 buslibet
872 1971 1025 2025 locis.
1079 1967 1282 2021 Tamen
1308 1965 1338 2004 δ
1365 1963 1454 2016 ubi
1497 1960 1695 2037 nullius
1737 1958 1918 2027 lapsus
1959 1955 2168 2010 videtur

605 2061 978 2129 occasio,jure
1004 2060 1057 2113 in
1081 2054 1378 2124 Scripturis
1413 2052 1615 2107 sanctis
1641 2064 1834 2104 nomen
1865 2046 2065 2102 amoris
2094 2047 2175 2100 in-

607 2157 806 2214 seritur
833 2173 847 2209 :
873 2162 1126 2209 caeterum
1155 2150 1244 2205 ubi
1269 2148 1462 2204 celsior
1485 2145 1721 2215 dignitas
1759 2141 1994 2197 nominis
2025 2155 2176 2194 com-

609 2247 914 2306 mendatur,
940 2243 1180 2298 charitas
1195 2240 1277 2294 vel
1301 2237 1515 2294 dilectio
1535 2236 1753 2290 dicitur.
1776 2232 1890 2286 Etsi
1908 2242 1930 2270 θ
1951 2230 2084 2284 nihil
2105 2229 2178 2283 sit

607 2338 661 2393 in
690 2335 885 2390 divinis
921 2332 1149 2402 eloquiis
1178 2338 1358 2384 utrum
1391 2343 1543 2382 amor
1579 2327 1693 2389 Dei,
1728 2340 1794 2378 an
1828 2323 2066 2378 charitas
2106 2336 2175 2375 an

607 2427 822 2484 dilectio
851 2425 1176 2486 nominetur,
1203 2430 1383 2476 tamen
1412 2435 1604 2474 nomen
1636 2415 1915 2472 eharitatis
1952 2414 2008 2468 in
2049 2421 2174 2468 tan-

608 2528 720 2573 tum
767 2513 1060 2574 extollitur,
1113 2520 1172 2566 ut
1218 2510 1358 2565 Deus
1412 2507 1577 2562 etiam
1629 2505 1742 2574 ipsa
1788 2502 2029 2558 charitas
2082 2516 2175 2570 ap-

605 2607 850 2676 pelletur.
881 2603 1017 2659 Hiuc
1058 2615 1271 2673 quoque
1317 2599 1548 2654 Joannes
1573 2595 1649 2649 ait
1682 2614 1694 2648 :
1724 2592 2053 2657 Charissimi,
2088 2591 2174 2644 di-

604 2700 828 2769 ligamus
867 2695 1101 2758 invicem,
1127 2693 1250 2763 quia
1296 2690 1524 2744 charitas
1556 2704 1620 2742 ea:
1659 2686 1765 2740 Deo
1806 2694 1902 2748 est,
1929 2693 1977 2738 et
2008 2682 2176 2736 omnis

605 2791 696 2860 qui
722 2787 890 2857 diligit
918 2803 981 2839 ea:
1004 2785 1111 2838 Deo
1140 2793 1293 2836 natus
1334 2790 1428 2843 est,
1456 2790 1505 2834 et
1557 2777 1815 2847 cognoscit
1847 2774 2012 2829 Deum
2041 2790 2058 2828 :
2085 2773 2175 2843 qui

605 2889 781 2934 autem
825 2895 928 2931 non
973 2875 1162 2944 diligit,
1194 2889 1296 2927 non
1326 2871 1586 2942 cognoscit
1622 2869 1808 2933 Deum,
1862 2867 1983 2938 quia
2031 2865 2173 2920 Deus

606 2971 834 3024 charitas
878 2976 952 3020 est
983 2965 1034 3034 (Ι
1079 2965 1231 3018 Joan.
1261 2980 1335 3028 Iv,
1389 2963 1444 3028 7,
1477 2961 1553 3033 8).
1594 2959 1741 3014 Talis
1792 2958 1956 3026 igitur
2000 2957 2173 3010 virtus

607 3062 765 3132 longe
780 3059 1024 3114 diﬂ'ertur
1043 3057 1069 3096 ἀ
1095 3073 1123 3110 a
1147 3055 1396 3124 cupidine
1424 3053 1507 3108 vel
1535 3068 1740 3116 amore,
1772 3051 1836 3106 de
1863 3049 2062 3119 quibus
2083 3063 2170 3103 sa-

606 3154 815 3225 pientes
839 3149 1016 3206 szeculi
1039 3147 1297 3218 quasdam
1324 3154 1492 3208 artes,
1515 3143 1710 3212 quibus
1739 3156 1892 3196 amor
1915 3139 1968 3193 in
1991 3137 2168 3192 anima
2197 3125 2242 3188 C

606 3241 756 3298 nasci
808 3239 890 3294 vel
931 3237 1113 3308 augeri
1165 3243 1368 3305 posset,
1419 3231 1758 3301 conscriptas
1811 3228 2170 3296 reliquerunt.

608 3333 714 3388 Sed
747 3328 990 3402 profecto
1019 3329 1114 3381 has
1144 3327 1342 3394 quique
1369 3322 1616 3378 carnales
1649 3321 1716 3374 ad
1745 3319 1937 3374 vitiosa
1966 3325 2023 3372 et
2055 3315 2174 3371 cul-

605 3424 796 3496 pabilis
826 3420 1026 3476 amoris
1056 3419 1400 3472 incitamenta
1449 3420 1749 3469 traxerunt.
1786 3409 1938 3466 Unde
1987 3415 2176 3463 sancta

608 3517 888 3586 Scriptura
956 3509 1274 3565 eharitatem
1323 3504 1606 3574 gloriosius
1673 3499 2041 3564 commendat,
2107 3513 2174 3554 ne

607 3607 748 3678 apud
787 3620 910 3668 nos,
946 3601 1035 3656 ubi
1063 3605 1265 3669 quanto
1294 3596 1475 3666 plures
1497 3593 1872 3664 simpliciores,
1901 3599 2049 3645 tanto
2074 3589 2179 3644 im-

606 3696 893 3768 peritiores
919 3691 1080 3760 hujus
1100 3688 1386 3744 occasione
1409 3684 1654 3740 vocabuli
1681 3683 1749 3738 ad
1773 3696 2015 3736 amorem
2057 3695 2177 3735 car-

606 3788 808 3843 nalium
853 3797 1033 3838 rerum
1063 3781 1334 3842 labantur,
1365 3775 1525 3832 sicuti
1574 3773 1820 3829 fecerunt
1851 3771 1928 3836 hi,
1959 3769 2051 3839 qui
2075 3784 2176 3838 pro

607 3880 692 3934 his
718 3893 838 3947 quae
865 3876 1007 3930 dicta
1045 3881 1172 3928 sunt
1203 3869 1270 3924 de
1308 3867 1509 3924 amoris
1542 3874 1734 3920 natura
1764 3865 1817 3918 in
1846 3862 2028 3932 lapsus
2057 3877 2176 3914 car-

604 3969 808 4024 nalium
859 3974 915 4021 et
967 3963 1419 4034 impudicitiarum
1466 3959 1762 4030 praecipitia
1796 3965 2166 4013 corruerunt:

605 4057 907 4127 praesertim
949 4071 1071 4110 cum
1112 4055 1186 4107 illi
1222 4052 1466 4108 volentes
1499 4051 1787 4106 ostendere
1819 4048 1928 4102 vim
1971 4045 2174 4100 amoris

605 4149 743 4204 nihil
786 4147 930 4200 aliud
981 4160 1122 4209 esse,
1174 4160 1336 4214 quam
1377 4145 1652 4206 virtutem,
1695 4157 1816 4211 quze
1854 4140 2063 4194 animas
2107 4137 2175 4192 de

605 4238 769 4294 terris
797 4238 864 4292 ad
886 4235 1097 4304 fastigia
1127 4234 1248 4288 οωιὶ
1275 4233 1414 4287 celsa
1444 4231 1728 4300 perducat,
1770 4244 1876 4304 nec
1918 4229 1984 4283 ad
2028 4242 2176 4282 sum-

602 4344 749 4386 mam
779 4342 936 4399 posse
965 4324 1350 4380 beatitudinem
1383 4320 1673 4392 perveniri,
1703 4301 1808 4374 nisi
1853 4317 2053 4373 amoris
2082 4317 2174 4372 de-

601 4418 803 4475 siderio
833 4415 1190 4472 succendatur
1212 4413 1443 4466 animus.
1472 4409 1635 4465 Multa
1663 4410 1730 4464 de
1752 4408 1952 4463 amoris
1979 4415 2171 4462 natura

2275 1884 2485 1946 patrem
2510 1883 2667 1929 vocat
2695 1891 2856 1945 quem
2887 1876 3200 1932 deseruerat
3225 1876 3377 1946 (Luc.
3428 1879 3543 1948 xv).
3583 1878 3653 1932 Et
3703 1881 3860 1935 bene.

2275 1963 2410 2031 Quia
2461 1964 2585 2019 licet
2631 1963 2716 2018 ille
2770 1980 2876 2019 non
2923 1965 3158 2020 amando
3185 1965 3422 2034 degener
3462 1974 3614 2020 esset
3659 1965 3860 2030 factus.

2274 2056 2508 2125 paterin
2551 2070 2609 2110 se
2647 2071 2873 2110 manens
2921 2072 3026 2110 non
3073 2055 3333 2110 amiserat
3367 2055 3576 2109 viscera
3621 2057 3866 2124 paterni-

2277 2144 2423 2207 tatis,
2468 2159 2587 2213 quae
2637 2145 2890 2200 nimirum
2935 2147 3142 2200 viscera
3183 2146 3423 2200 charitas
3454 2155 3561 2199 est.
3629 2147 3698 2200 Et
3743 2147 3864 2202 ideo

2277 2235 2427 2289 misit
2453 2234 2596 2290 Deus
2622 2233 2878 2304 Spiritum
2911 2250 3089 2299 suum,
3137 2235 3229 2304 qui
3267 2243 3352 2289 est
3396 2235 3650 2289 charitas
3677 2238 3864 2305 poprie

2275 2333 2518 2390 vocatus,
2556 2333 2610 2379 et
2655 2340 2723 2378 ex
2772 2323 2931 2379 Patre
2959 2323 3201 2394 Filioque
3240 2323 3484 2394 procedit
3513 2325 3568 2378 in
3607 2325 3864 2379 cordibus

2276 2416 2497 2479 nostris,
2528 2424 2586 2469 ut
2607 2430 2704 2485 per
2716 2415 3037 2470 eharitatem
3058 2431 3514 2484 concorporemur
3542 2415 3602 2468 in
3631 2431 3864 2484 corpore

2276 2506 2500 2570 Christi,
2527 2515 2792 2576 quatenus
2820 2507 2870 2559 in
2899 2505 3059 2560 Patre
3088 2514 3142 2561 et
3172 2506 3330 2572 Filio,
3357 2521 3461 2559 una
3488 2521 3620 2560 cum
3655 2505 3863 2575 Spiritu

2278 2608 2468 2654 sancto
2497 2613 2593 2652 nos
2621 2613 2788 2652 unum
2843 2599 3033 2663 simus,
3075 2599 3220 2653 sicut
3266 2608 3321 2652 et
3360 2599 3460 2668 ipsi
3511 2599 3564 2652 in
3601 2614 3666 2652 se
3697 2615 3860 2654 unum

2276 2698 2419 2743 sunt.
2445 2687 2579 2754 Quia
2602 2696 2744 2742 totus
2776 2687 2916 2742 Deus
2941 2688 3100 2742 Pater
3126 2697 3180 2743 et
3214 2685 3383 2742 Filius
3413 2698 3583 2757 atque
3612 2687 3855 2756 Spiritus

2277 2785 2496 2833 sanctus
2519 2793 2624 2832 una
2647 2777 2907 2841 charitas,
2937 2787 2990 2832 et
3017 2793 3121 2830 una
3162 2778 3293 2841 vita,
3333 2785 3497 2847 atque
3535 2793 3648 2831 una
3681 2778 3864 2834 Deitas

2278 2877 2398 2930 est;
2436 2879 2490 2922 et
2522 2867 2642 2922 ideo
2665 2869 2802 2923 bene
2834 2868 2926 2938 qui
2955 2868 3150 2939 diligit,
3182 2869 3268 2923 cui
3304 2867 3491 2921 datum
3532 2877 3622 2922 est
3649 2878 3706 2922 ut
3743 2869 3860 2922 dili-

2278 2969 2392 3031 gat,
2423 2975 2488 3014 ex
2516 2959 2626 3014 Deo
2655 2968 2812 3014 natus
2857 2967 2959 3014 est.
2997 2960 3064 3013 Et
3115 2959 3207 3028 qui
3256 2967 3437 3013 manet
3487 2959 3541 3014 in
3593 2959 3704 3014 hac
3731 2960 3864 3015 dile~

2278 3049 2472 3113 ctione,
2503 3050 2554 3103 in
2585 3049 2694 3104 Deo
2715 3056 2916 3113 manet,
2941 3056 2994 3101 et
3018 3047 3157 3104 Deus
3186 3049 3240 3102 in
3266 3064 3330 3104 eo
3356 3047 3407 3119 (1
3437 3047 3605 3102 Joan.
3639 3052 3754 3119 ιιι).

2882 3179 3107 3237 CAPUT
3156 3180 3241 3236 Ill.

2276 3295 2352 3350 De
2383 3295 2633 3349 sententia
2663 3293 2842 3358 Pauli,
2873 3293 2960 3346 ubi
2989 3294 3062 3346 ait
3086 3312 3103 3348 :
3125 3293 3264 3364 quod
3292 3292 3460 3362 Major
3487 3302 3574 3348 est
3593 3295 3858 3353 charitas.

2348 3414 2398 3467 1.
2437 3410 2526 3466 Ait
2553 3411 2697 3466 enim
2729 3429 2743 3464 :
2776 3409 2992 3464 Manent
3020 3418 3191 3463 autem
3223 3426 3358 3463 nunc
3389 3409 3542 3477 fides,
3571 3428 3716 3478 spes,
3743 3413 3863 3463 rha—

2276 3506 2427 3568 ritat,
2459 3505 2561 3557 tria
2583 3503 2712 3557 lucc.
2739 3501 2918 3570 Major
2945 3512 3120 3555 autem
3145 3501 3352 3564 horum,
3386 3499 3467 3554 vel
3500 3502 3667 3555 sicuti
3690 3504 3859 3556 nostri

2277 3597 2490 3652 codices
2515 3596 2736 3659 habent,
2773 3593 2953 3663 Major
2977 3604 3152 3648 autem
3182 3595 3263 3647 Itis
3288 3605 3364 3648 est
3386 3595 3620 3648 charitas
3659 3595 3711 3662 (Ι
3737 3596 3858 3647 Cor.

2281 3703 2401 3750 xm,
2435 3685 2545 3757 15).
2585 3685 2691 3739 Sed
2740 3684 2930 3740 beatus
2958 3685 3315 3754 Augustinus,
3345 3686 3520 3753 major
3555 3697 3736 3737 autem
3765 3688 3858 3736 Ito-

2279 3793 2414 3840 rum,
2452 3791 2550 3831 nos
2579 3776 2761 3831 dicere
2798 3776 2994 3830 debere
3021 3777 3280 3830 insinuat.
3313 3776 3454 3830 Dicit
3476 3777 3624 3828 enim
3669 3776 3768 3836 ita,
3815 3777 3858 3829 si

2277 3870 2550 3923 videretur
2564 3869 2760 3930 dicere,
2791 3867 2970 3936 Major
3007 3879 3180 3922 autem
3195 3869 3615 3922 hisestcharitas
3645 3883 3664 3919 :
3697 3869 3854 3922 aliam

2277 3957 2597 4012 eharitatem
2631 3957 2658 3996 ιι
2685 3957 2837 4025 quasi
2863 3966 3115 4026 quartum
3139 3957 3340 4026 aliquid
3371 3957 3630 4012 inducere
3653 3959 3858 4012 videre.-

2277 4055 2384 4112 tur,
2415 4047 2558 4117 quod
2586 4047 2757 4102 tribus
2784 4047 3162 4112 dinumeratis,
3194 4047 3317 4102 ﬁdei
3345 4047 3624 4113 videlicet,
3659 4050 3773 4118 spei
3803 4058 3856 4102 et

2276 4140 2526 4196 charitati
2556 4150 2909 4209 praeponeret.
2946 4140 3114 4196 Porro
3144 4143 3572 4210 comparativus,
3607 4144 3738 4212 quia
3765 4160 3856 4212 ge-

2276 4231 2500 4286 nitivum
2545 4230 2808 4300 pluralem
2861 4231 3152 4300 aliquando
3202 4229 3360 4302 i'egit,
3403 4233 3621 4287 videtur
3661 4235 3854 4290 melius

2275 4336 2372 4390 per
2399 4321 2650 4376 eumdem
2677 4336 2864 4376 casum
2897 4337 3091 4377 sonare
3117 4342 3130 4377 :
3159 4323 3301 4378 sicut
3327 4332 3526 4378 etcum
3573 4325 3640 4378 de
3685 4327 3853 4380 tribus

2276 4411 2606 4481 quibuslibet
2657 4412 3076 4481 interrogamus,
3127 4413 3247 4482 quis
3295 4413 3510 4467 illorum
3555 4414 3710 4484 prior
3749 4427 3848 4479 est,

601 4509 792 4565 dixere
820 4507 1039 4578 quidam
1069 4516 1092 4544 ε
1119 4519 1238 4574 quas
1284 4504 1601 4558 adumbrata
1642 4498 2015 4571 protulerunt;
2068 4497 2163 4552 sed
2200 4475 2248 4533 θ
2273 4475 2514 4559 volentes
2541 4520 2706 4558 unum
2735 4505 2801 4559 de
2841 4475 2974 4574 ipsis
3019 4475 3250 4574 priorem
3277 4475 3574 4576 agnoscere
3599 4525 3612 4560 :
3641 4509 3692 4561 si
3719 4475 3854 4562 dici;

600 4598 722 4653 ideo
743 4611 956 4651 errasse
976 4593 1221 4665 contigit,
1245 4592 1368 4661 quia
1397 4583 1501 4646 non
1531 4587 2000 4660 apprehenderunt
2026 4585 2166 4654 quod

597 4691 742 4746 Deus
770 4689 1012 4746 charitas
1039 4696 1202 4744 esset.
1237 4685 1389 4742 Unde
1421 4699 1527 4740 non
1553 4689 1925 4753 cognoverunt
1974 4679 2166 4744 Deum,

597 4793 772 4850 neque
793 4779 1114 4834 dilexerunt.
1150 4775 1262 4831 Nos
1287 4784 1491 4840 autem,
1515 4773 1640 4844 quia
1668 4772 1960 4842 diligimus,
1986 4769 2169 4837 utique

597 4879 654 4924 ct
673 4869 1046 4939 cognoscimus
1075 4886 1087 4921 :
1123 4874 1510 4937 cognoscentes
1555 4872 1734 4918 autem
1766 4861 1976 4932 plenius
2020 4874 2168 4912 ama-

598 4974 740 5022 mus,
773 4967 829 5011 et
854 4960 977 5028 quia
1007 4973 1272 5021 amamus,
1309 4957 1361 5012 in
1391 4956 1640 5010 omnibus
1689 4961 1832 5008 recte
1860 4952 2166 5012 ohedimus,

599 5052 674 5104 ita
715 5049 955 5103 utetiam
1007 5049 1253 5103 inimicos
1307 5047 1592 5116 diligamus
1627 5063 1642 5100 :
1679 5044 1768 5113 qui
1821 5042 2063 5112 profecto
2111 5048 2172 5094 ut

597 5156 784 5196 eorum
817 5139 954 5194 vitia
1001 5139 1300 5202 oderimus,
1352 5138 1430 5192 sic
1470 5145 1597 5191 sunt
1652 5133 1928 5204 diligendi,
1964 5131 2091 5202 quia
2137 5147 2166 5184 a

595 5233 737 5287 bono
763 5241 910 5297 sunt,
943 5240 1003 5286 ut
1047 5231 1102 5285 iu
1134 5231 1333 5285 bonum
1389 5229 1553 5284 Deum
1589 5226 1834 5289 redeant,
1865 5232 1922 5280 ct
1956 5237 2168 5296 perma-

595 5338 760 5386 neant
785 5329 929 5384 boni.

2021 5407 2084 5430 σε

666 5496 690 5524 ι
735 5483 900 5546 Edit.,
930 5483 1081 5536 sicin
1107 5482 1248 5536 aliis.

665 5554 694 5594 δ
732 5546 873 5608 Edit.
904 5568 999 5620 pro
1027 5562 1200 5605 tamen
1225 5553 1420 5612 habent
1453 5551 1664 5606 scilicet.

665 5633 685 5660 ε
730 5621 897 5684 Edit.,
931 5621 1042 5676 Etsi
1073 5630 1263 5675 autem.

663 5691 686 5729 "
731 5691 866 5745 Edit.
879 5731 891 5752 ,
924 5691 1121 5755 (li/fert.

2273 4612 2413 4662 mus,
2449 4598 2571 4666 quis
2617 4597 2722 4652 illis
2761 4597 2912 4667 prior
2950 4598 3080 4652 est?
3116 4597 3297 4652 nescio
3345 4613 3506 4667 quam
3561 4614 3849 4668 personam

2271 4696 2520 4755 quartam
2564 4688 2809 4744 videmur
2841 4687 3133 4756 inquirere,
3180 4702 3301 4755 quae
3332 4688 3506 4741 tribus
3547 4689 3660 4743 illis
3706 4691 3852 4757 prior

2275 4776 2363 4830 sit.
2399 4777 2492 4831 llis
2523 4777 2591 4830 ita
2625 4776 2800 4838 dictis,
2848 4776 3200 4845 qumrendum
3242 4793 3412 4846 quare
3462 4778 3670 4832 dixerit
3713 4781 3850 4848 Apo-

2275 4865 2462 4930 stolus,
2491 4881 2612 4919 cum
2643 4877 2895 4920 maneant
2924 4867 3011 4920 hic
3048 4866 3153 4919 tria
3187 4866 3320 4929 lucc,
3369 4876 3424 4920 et
3463 4867 3627 4921 simul
3667 4870 3846 4920 omnia

2275 4965 2459 5026 agant,
2498 4972 2600 5011 nec
2650 4971 2754 5010 una
2797 4957 2914 5011 sine
2952 4957 3120 5010 altera
3151 4956 3321 5025 possit
3368 4955 3654 5025 perﬁcere,
3707 4957 3845 5026 quod

2279 5046 2460 5114 maior
2489 5047 2703 5100 illarum
2735 5047 2808 5102 sit
2838 5047 3099 5110 charitas,
3134 5046 3384 5100 videlicet
3412 5044 3514 5098 ﬁde
3540 5055 3594 5098 et
3625 5060 3724 5114 spe
3751 5047 3846 5098 im-

2270 5139 2708 5210 praesentiarum,
2733 5138 2849 5192 siue
2881 5137 3076 5205 quibus
3107 5131 3250 5190 nulla
3279 5145 3364 5190 est
3389 5135 3649 5189 charitas.
3682 5134 3844 5200 Major

2270 5238 2448 5284 autem
2474 5228 2614 5284 forte
2640 5229 2878 5284 charitas
2906 5228 3026 5282 ideo
3044 5227 3258 5292 dicitur,
3291 5226 3416 5296 quia
3441 5227 3624 5279 omnia
3649 5227 3842 5284 credit,

2270 5320 2450 5376 etnuia
2489 5326 2690 5389 sperat,
2737 5317 3033 5388 praesertim
3083 5331 3209 5370 cum
3269 5329 3376 5369 non
3417 5311 3578 5371 facile
3612 5311 3842 5367 dixerim

2351 5488 2374 5514 ε
2411 5474 2576 5544 Edit.,
2601 5474 2826 5544 quidem.

2349 5545 2367 5582 ί
2410 5543 2572 5616 Ειῇιτ,
2600 5543 2776 5598 restat.
2913 5608 2920 5616 .

2347 5617 2370 5653 8
2408 5613 2571 5676 Editi,
2604 5630 2840 5682 namque.

2342 5685 2365 5724 δ
2409 5684 2570 5749 Ει,ιὶι.,
2609 5676 2879 5752 ηιιι]‹ἱι·τ·ιιι,
2911 5685 3060 5753 qua‘si
3085 5691 3324 5755 quartum
3351 5676 3585 5746 aliquod.
