4148 6344
327 314 463 373 “65

1249 307 1336 364 DE
1373 308 1552 375 FIDE,
1595 307 1721 363 SPE
1761 307 1851 363 ET
1892 306 2308 364 CHARITATE.
2349 340 2418 352 —
2456 311 2582 366 LIB.
2625 310 2706 366 ΙΙΙ.

3445 318 3467 372 1
3478 319 3580 374 ιὸϐ

325 427 605 488 continuo,
636 421 781 493 quod
809 422 983 477 omnis
1031 423 1164 478 ﬁdes
1197 423 1491 492 perl‘ectam
1538 424 1734 478 haheat
1769 422 1896 478 cha-
1921 425 1970 484 Α
1999 424 2236 480 charitas
2257 434 2361 492 est,
2400 435 2455 480 et
2483 427 2787 498 regnabant
2814 425 2868 480 in
2901 425 3154 482 omnibus
3179 427 3375 497 singuli
3413 447 3578 488 unum

325 520 570 574 ritatem.
598 512 753 569 Unde
769 511 1055 582 Apostolus
1080 531 1092 566 :
1120 512 1181 567 Si
1203 512 1456 576 habuero,
1482 513 1676 582 inquit,
1694 529 1896 567 omnem

323 609 502 677 ﬁdem,
535 607 608 659 ita
655 614 712 658 ut
750 614 948 657 montes
979 604 1314 673 transferam,
1365 604 1673 658 charitatem
1723 615 1896 659 autem

325 713 432 752 non
477 696 717 760 habeam,
770 694 903 748 nihil
945 695 1072 747 mihi
1099 693 1306 764 prodest
1337 692 1405 762 (1
1463 693 1585 748 Cor.
1631 711 1750 758 xm,
1800 695 1896 765 2).

326 787 434 843 Sed
461 786 672 841 videtur
729 785 862 839 mihi
901 800 1006 839 non
1055 799 1213 854 posse
1245 785 1442 839 habere
1479 800 1694 840 omnem
1739 785 1899 840 ﬁdem

323 879 417 946 qui
447 877 764 933 charitatem
811 890 916 928 non
949 874 1215 937 habuerit,
1271 874 1343 928 ita
1388 883 1446 927 ιιι
1477 883 1688 929 montes
1718 885 1897 930 trans-

322 967 483 1022 ferat.
541 963 793 1033 Alioquin
852 963 1124 1032 quomodo,
1195 963 1393 1018 habere
1465 972 1643 1032 potest
1703 964 1898 1032 aliquis

323 1058 505 1113 ontnia
554 1054 810 1126 mysteria
857 1063 910 1107 et
934 1068 1147 1108 omnem
1188 1053 1489 1116 scientiam,
1525 1063 1584 1108 ut
1640 1055 1782 1110 idem
1826 1056 1901 1110 ait

323 1143 627 1214 Apostolus,
679 1142 780 1196 nisi
826 1141 1072 1196 habuerit
1117 1141 1467 1207 charitatem;
1512 1143 1748 1198 maxime
1775 1159 1899 1200 cum

323 1234 468 1288 dicat
504 1231 776 1286 Joannes:
813 1230 996 1285 Omnis
1044 1232 1135 1302 qui
1173 1232 1334 1286 credit
1377 1233 1501 1302 quia
1541 1231 1779 1288 Christus
1823 1243 1899 1289 est

322 1325 532 1384 veritas.
567 1338 632 1376 ex
660 1321 768 1376 Deo
798 1332 952 1376 natus
995 1331 1104 1386 est;
1133 1332 1182 1376 et
1213 1322 1300 1393 qui
1341 1339 1406 1376 ex
1450 1321 1558 1376 Deo
1605 1335 1759 1378 natus
1800 1334 1896 1389 est,

324 1430 426 1466 non
461 1422 636 1479 peccat
679 1409 730 1480 (1
776 1411 938 1464 Joan.
992 1427 1044 1476 v,
1095 1413 1146 1474 l,
1194 1411 1303 1482 18).
1355 1411 1506 1468 Unde
1561 1426 1586 1454 ι
1631 1414 1902 1487 colligitur

325 1499 513 1573 [quod]
536 1501 584 1556 is
608 1500 698 1571 qui
723 1501 895 1555 credit
923 1501 1048 1570 quia
1069 1501 1316 1556 Christus
1343 1510 1427 1557 est
1452 1502 1674 1568 veritas,
1698 1519 1765 1558 ex
1788 1505 1900 1560 Deo

321 1604 484 1648 natus
511 1602 623 1657 est;
653 1602 708 1648 et
736 1593 826 1662 qui
853 1608 915 1647 ex
949 1593 1056 1648 Deo
1102 1601 1260 1648 natus
1285 1603 1387 1658 est,
1413 1609 1518 1650 non
1558 1605 1765 1665 peccat.
1797 1596 1899 1663 Qui

323 1694 506 1740 autem
530 1695 719 1755 peccat
744 1699 848 1738 non
882 1685 1072 1749 credit,
1105 1699 1206 1738 nec
1239 1684 1429 1755 diligit,
1455 1694 1508 1740 et
1550 1695 1772 1755 peccato
1796 1688 1897 1749 ob-

1999 530 2195 585 corpus
2224 531 2346 571 cum
2397 517 2527 584 Deo,
2571 518 2708 573 alter
2757 517 2982 573 alterius
3025 520 3267 575 membra
3314 521 3431 578 sine
3472 523 3580 581 ﬁne

1998 609 2164 664 beati.

2068 697 2122 751 5.
2173 697 2300 753 Haec
2344 706 2469 753 sunt
2510 713 2743 767 namque
2795 699 3004 753 viscera
3034 698 3175 753 illius
3219 701 3474 766 civitatis,
3523 711 3581 758 et

2000 788 2102 842 ista
2128 803 2388 859 compago
2416 803 2481 842 ac
2511 788 2619 841 vita
2650 789 2905 858 perennis
2934 789 3136 857 gloriae.
3167 789 3318 844 Unde
3358 804 3580 846 necesse

1999 887 2104 942 est,
2129 877 2173 932 si
2196 879 2317 948 quis
2348 878 2473 932 illuc
2498 877 2613 930 vult
2638 877 2841 941 vivere,
2874 877 2960 931 hic
2989 874 3101 943 jam
3135 892 3230 946 per
3254 878 3577 933 charitatem

1999 968 2242 1037 incipiat,
2291 977 2346 1021 et
2395 980 2490 1036 per
2537 982 2656 1020 eam
2701 975 2990 1034 operetur;
3041 968 3294 1033 quoniam
3340 966 3576 1036 quidqud

1999 1059 2118 1114 sine
2146 1057 2414 1113 charitate
2434 1066 2520 1112 est
2557 1065 2650 1111 aut
2679 1059 2761 1120 ﬁt,
2787 1055 3045 1125 prodesse
3092 1055 3158 1108 ad
3209 1057 3452 1110 eamdem
3499 1055 3580 1108 vi-

2000 1159 2109 1204 tam
2141 1163 2244 1203 non
2269 1157 2464 1218 potest.
2496 1148 2600 1202 Ista
2630 1164 2759 1216 ergo
2781 1157 2865 1201 est
2891 1146 3217 1201 eminentior
3261 1147 3370 1210 via,
3415 1161 3574 1216 quam

1998 1239 2287 1310 Apostolus
2324 1240 2452 1294 solis
2482 1239 2605 1293 ﬁliis
2628 1240 2984 1302 demonstrat,
3035 1246 3090 1292 et
3137 1237 3401 1292 excelsior
3449 1253 3577 1291 cun-

1999 1332 2121 1387 ctis.
2153 1330 2288 1385 Hinc
2313 1345 2526 1400 quoque
2555 1329 2726 1399 magis
2749 1329 2999 1382 hortatur
3035 1327 3258 1382 dicens:
3293 1325 3579 1382 Sectamini

1999 1421 2308 1476 charitatem
2360 1420 2411 1489 (1
2457 1419 2580 1474 Cor.
2616 1435 2728 1484 xw,
2763 1417 2846 1489 l);
2879 1417 3120 1487 profecto
3164 1417 3290 1486 quia
3339 1417 3580 1470 charitas

1997 1513 2119 1584 plus
2146 1523 2228 1568 est
2257 1528 2418 1582 quam
2474 1512 2714 1566 omnium
2742 1510 3127 1565 charismatum
3151 1510 3310 1572 dona,
3336 1521 3400 1561 eo
3433 1509 3579 1576 quod

1999 1620 2104 1658 una
2140 1619 2208 1656 ex
2253 1603 2504 1658 omnibus
2551 1600 2896 1670 aditnpletur,
2927 1609 2984 1654 et
3027 1599 3233 1670 singula
3283 1607 3341 1652 ut
3369 1597 3581 1667 prosint

2001 1711 2069 1750 ex
2089 1712 2151 1751 ea
2173 1695 2516 1750 viviﬁcantur
2539 1703 2594 1749 et
2619 1701 2888 1749 crescunt.
2924 1692 3062 1747 Sunt
3083 1692 3226 1746 enim
3263 1693 3316 1745 in
3363 1689 3578 1745 virtuti-

320 1777 514 1831 noxius
533 1786 632 1831 est.
659 1775 882 1830 Constat
910 1775 1070 1846 igitur
1091 1775 1234 1844 quod
1255 1790 1360 1830 non
1385 1775 1558 1844 diligit
1579 1777 1669 1846 qui
1691 1786 1898 1846 peccat.
1929 1771 1978 1832 B
2004 1786 2104 1840 bus
2131 1787 2416 1856 principia,
2441 1795 2566 1840 sum
2593 1787 2785 1849 media,
2819 1792 2944 1840 sum
2975 1791 3028 1838 ει
3053 1798 3283 1838 summa,
3317 1781 3468 1837 unde
3493 1796 3580 1835 sa-

319 1864 567 1921 Charitas
597 1880 726 1936 ergo
773 1864 1028 1934 peccandi
1069 1864 1306 1919 excludit
1334 1863 1606 1930 aﬁ‘ectum,
1655 1867 1899 1936 quando-

319 1960 537 2029 quidem
590 1968 646 2014 et
687 1959 933 2015 timorem
997 1959 1234 2015 excludit
1289 1958 1468 2023 foras,
1536 1958 1660 2014 ﬁdei
1720 1966 1899 2013 autem

318 2049 490 2120 plenas
515 2047 753 2118 perfecta
781 2058 866 2104 est
919 2050 1178 2113 charitas,
1231 2050 1324 2104 sed
1367 2047 1502 2104 ﬁdes
1531 2063 1637 2103 non
1687 2063 1902 2118 semper

318 2140 475 2210 plena
497 2147 600 2194 est.
620 2138 754 2194 Hinc
773 2149 830 2196 et
854 2140 1112 2210 apostoli:
1134 2139 1376 2205 Domine,
1393 2155 1526 2210 auge
1550 2139 1696 2194 nobis
1716 2139 1896 2207 ﬁdem,

317 2229 524 2284 scilicet
554 2238 613 2284 ut
635 2228 996 2284 inﬁrmantem
1033 2238 1249 2291 sanaret
1271 2228 1452 2283 ﬁdem.

391 2321 446 2374 2.
478 2321 638 2377 Fides
658 2336 788 2376 vero
813 2321 960 2376 velut
984 2321 1183 2391 prmvia
1217 2320 1502 2376 charitatis
1524 2327 1752 2391 occupat
1779 2320 1898 2374 ani-

319 2429 485 2478 mam,
526 2415 651 2483 quia
696 2414 962 2468 credendo
1008 2414 1374 2484 unusquisque
1417 2413 1640 2484 diligere
1689 2413 1898 2483 incipit,

318 2509 590 2566 credendo
614 2509 823 2580 plenam
873 2509 1191 2564 charitatem
1236 2507 1492 2577 possidet.
1526 2505 1679 2562 Unde
1709 2513 1897 2570 restat,

313 2604 468 2674 juxta
498 2601 625 2656 illud
653 2602 914 2671 Apostoli,
952 2603 1094 2671 quod
1123 2601 1264 2656 sicut
1299 2601 1539 2656 charitas
1579 2599 1752 2655 credit
1787 2615 1901 2654 om-

320 2695 434 2757 nia,
464 2694 537 2748 ita
565 2702 619 2748 et
663 2693 899 2762 perfecta
925 2693 1058 2748 ﬁdes
1087 2693 1570 2762 impraesentiarum
1602 2692 1761 2746 ﬁdem
1793 2691 1894 2746 ha-

319 2787 446 2839 beat
475 2799 720 2848 omnem;
771 2784 1024 2854 quoniam
1058 2781 1188 2839 ﬁdes
1213 2784 1436 2838 semitas
1466 2791 1731 2852 pra-parat
1759 2796 1898 2836 verte

320 2873 628 2938 dilectioni;
658 2888 723 2927 ac
753 2887 850 2942 per
893 2873 993 2928 hoc
1018 2874 1195 2926 omnis
1245 2872 1375 2926 ﬁdes
1419 2880 1504 2926 est
1541 2871 1629 2925 ubi
1663 2869 1898 2940 perfecta

318 2965 560 3019 charitas
585 2974 696 3030 est;
730 2965 853 3033 quia
877 2964 1114 3020 charitas
1138 2964 1312 3020 credit
1337 2963 1538 3026 omnia,
1581 2963 1633 3017 id
1659 2971 1742 3017 est
1771 2962 1900 3016 facit

319 3072 418 3127 per
439 3056 597 3114 ﬁdem
620 3057 798 3111 omnia
830 3058 1074 3119 credere,
1099 3065 1152 3112 et
1194 3057 1396 3112 habere
1442 3055 1746 3124 hujusmodi
1782 3055 1899 3109 ani-

320 3161 423 3201 ma:
453 3146 479 3185 δ
505 3161 717 3200 omnem
751 3145 927 3212 ﬁdem,
957 3147 1114 3202 sicuti
1137 3155 1192 3202 et
1211 3162 1426 3202 omnem
1447 3161 1618 3216 spem,
1647 3145 1902 3216 quoniam

322 3238 505 3293 omnia
537 3246 738 3308 sperat.
791 3236 944 3292 Unde
990 3238 1246 3292 nimirum
1299 3236 1472 3306 major
1513 3246 1598 3292 est
1640 3236 1902 3300 charitas,

323 3331 446 3400 quia
478 3345 574 3398 per
599 3329 756 3384 ﬁdem
784 3345 1040 3399 spemque
1072 3329 1465 3398 complectitur.
1513 3327 1578 3382 Et
1613 3327 1734 3382 talis
1778 3327 1906 3380 cha-

324 3425 457 3479 ritas
482 3425 614 3481 nihil
642 3426 815 3489 timet,
843 3426 934 3479 sed
966 3423 1203 3480 excludit
1233 3425 1378 3479 foras
1414 3424 1679 3477 timorem.
1714 3422 1905 3477 Omnia

324 3515 529 3579 suffert,
562 3515 740 3570 omnia
769 3526 790 3553 ο
831 3515 1092 3577 sustinet;
1144 3523 1200 3567 et
1237 3514 1328 3583 qui
1358 3513 1384 3551 ἀ
1418 3512 1648 3566 sustinet
1696 3512 1900 3576 omnia,

325 3607 488 3662 etiam
513 3605 829 3676 martyrium
861 3623 963 3659 non
998 3606 1167 3669 timet,
1205 3619 1270 3658 eo
1297 3603 1441 3672 quod
1483 3603 1530 3656 ei
1567 3601 1677 3670 jam
1719 3601 1902 3656 cruci-

328 3697 467 3752 ﬁxus
497 3698 727 3751 mundus
761 3698 852 3761 sit,
882 3707 938 3752 et
965 3697 1054 3752 ille
1081 3697 1300 3760 mundo,
1334 3704 1391 3749 ut
1423 3710 1528 3749 non
1578 3696 1767 3750 timeat
1789 3709 1910 3764 qua:

328 3789 537 3850 suntin
585 3788 804 3843 mundo.
842 3789 1005 3843 Recte
1051 3789 1213 3843 etiam
1261 3787 1501 3842 charitas
1539 3785 1729 3854 major,
1775 3801 1908 3855 quo-

325 3879 472 3935 niam
498 3881 676 3935 omnia
717 3891 740 3920 ο
774 3881 1030 3933 virtutum
1085 3893 1282 3950 genera
1338 3877 1556 3948 agenda:
1593 3876 1714 3930 vitae
1764 3891 1908 3931 com-

327 3971 635 4042 prehendit,
685 3971 827 4025 sicut
879 3986 1003 4024 suas
1055 3983 1299 4038 quasque
1346 3967 1553 4036 species
1596 3956 1784 4036 genus.
1839 3965 1908 4020 Et

329 4070 546 4118 constat
577 4077 641 4116 ex
676 4061 945 4124 omnibus,
998 4059 1140 4114 sicut
1173 4067 1228 4112 et
1275 4055 1456 4110 omnia
1502 4070 1568 4110 ex
1627 4069 1689 4109 ea
1737 4053 1912 4108 subsi-

331 4162 499 4210 stunt.
534 4151 788 4207 Soliditas
815 4153 833 4190 ί
868 4166 998 4221 ergo
1037 4165 1245 4211 earum,
1277 4155 1332 4202 ct
1383 4143 1640 4215 perfectio
1670 4143 1910 4198 charitas

329 4253 432 4308 est,
465 4245 722 4314 quoniam
761 4259 826 4298 ex
871 4242 1142 4296 charitate
1195 4239 1506 4293 radicantur
1547 4233 1801 4289 universa
1854 4239 1910 4286 et

331 4335 646 4398 fundantur,
699 4342 760 4387 ut
813 4340 1034 4400 accepta
1089 4331 1198 4384 Deo
1242 4337 1298 4382 et
1343 4325 1581 4395 perfecta
1609 4328 1826 4378 maneat
1861 4323 1911 4376 ³.

334 4423 540 4478 Deinde
585 4420 923 4478 cessantibus
969 4419 1109 4484 aliis,
1159 4417 1398 4472 charitas
1437 4414 1715 4470 ardentior
1752 4413 1908 4466 beata

333 4515 461 4579 erit,
485 4522 542 4569 ut
563 4523 690 4584 puta
725 4512 856 4567 ﬁdes
876 4520 930 4566 et
952 4526 1096 4580 spes,
1131 4525 1252 4563 cum
1277 4523 1372 4578 per
1405 4505 1666 4561 visionem
1705 4503 1907 4559 Christi

334 4615 605 4664 evacuatze
641 4605 862 4668 fuerint,
913 4603 1040 4674 quia
1068 4610 1186 4654 cum
1225 4597 1513 4668 pervenerit
1550 4595 1688 4666 quod
1733 4593 1908 4663 perfe-

333 4706 472 4752 ctum
506 4708 600 4758 est,
635 4693 968 4748 evaruabitur
1003 4689 1141 4760 quod
1189 4703 1252 4742 ea:
1279 4695 1426 4756 parte
1461 4693 1555 4738 est.
1609 4683 1761 4736 Tunc
1795 4681 1906 4735 sola

335 4788 572 4843 charitas
612 4785 783 4854 major
816 4782 1086 4845 omnibus,
1137 4778 1299 4833 etiam
1325 4777 1481 4846 juxta
1509 4775 1650 4844 quod
1701 4773 1911 4841 imprae-

335 4877 630 4932 sentiarum
660 4881 764 4937 est,
799 4880 854 4928 et
895 4887 954 4926 se
997 4869 1281 4942 gloriosior
1308 4864 1522 4920 virebit.
1566 4863 1832 4918 Caeterum
1858 4861 1910 4913 in

337 4968 441 5022 hac
470 4964 606 5018 valle
632 4961 1015 5034 lacrymarum,
1047 4959 1174 5030 quia
1203 4956 1270 5011 de
1309 4954 1461 5010 ccelis
1502 4960 1607 5017 est,
1633 4950 1787 5020 quasi
1825 4962 1918 5018 pe-

339 5059 551 5128 regrina
600 5066 655 5111 et
685 5057 804 5112 ideo
855 5071 977 5109 rara
1009 5061 1208 5108 manet.
1252 5050 1417 5104 Porro
1447 5047 1499 5102 in
1529 5045 1777 5116 supernis
1806 5051 1915 5098 tota

339 5149 480 5218 regit
508 5155 564 5202 et
597 5155 816 5217 regnat;
846 5161 910 5200 ac
950 5157 1044 5214 per
1083 5144 1186 5197 hoc
1228 5155 1351 5195 cum
1393 5145 1710 5208 perventum
1753 5133 1917 5189 fuerit

339 5244 393 5300 in
424 5258 542 5307 sua,
570 5243 676 5297 erit
712 5241 950 5297 charitas
977 5239 1156 5293 omnia
1205 5237 1260 5290 in
1297 5234 1570 5298 omnibus,
1602 5232 1728 5303 quia
1778 5233 1919 5287 Deus

411 5364 440 5394 ι
470 5351 527 5408 In
556 5353 685 5407 edit.
715 5353 887 5415 deest,
915 5350 1051 5404 unde
1094 5347 1357 5418 colligitur
1385 5343 1570 5418 [quod]
1607 5344 1650 5396 is
1675 5344 1765 5413 qui
1807 5359 1920 5418 cret
1960 5389 1964 5392 .

339 5425 416 5478 dit
446 5425 570 5483 quia
599 5421 838 5476 Christus
875 5414 948 5475 est
974 5422 1183 5482 veritas,
1217 5414 1292 5472 ex
1321 5414 1428 5472 Deo
1456 5414 1608 5470 natus
1637 5425 1735 5481 est,
1758 5424 1804 5468 et
1828 5414 1918 5483 qui

337 5511 404 5549 ea:
430 5500 541 5548 Deo
571 5504 725 5547 natus
753 5503 851 5556 est,
883 5508 985 5544 non
1010 5500 1206 5560 peccat.

414 5565 440 5604 δ
471 5563 635 5622 Edit..
669 5563 920 5616 animum.

415 5647 434 5672 ι·
474 5633 613 5688 Editt
654 5631 855 5686 addunt
886 5632 1061 5686 omnia
1086 5638 1278 5699 sperat.

411 5703 436 5742 δ
471 5703 630 5767 Edil.,
663 5712 711 5756 et
741 5703 883 5773 quia.

1998 1879 2199 1948 pienlia
2249 1878 2316 1932 de
2352 1893 2412 1932 se
2440 1878 2669 1947 loquens
2698 1877 2863 1931 dicit:
2901 1876 3159 1930 Dominus
3197 1873 3385 1926 creavit
3408 1887 3488 1924 me
3524 1871 3580 1923 in

1997 1972 2251 2041 prinripio
2279 1971 2482 2023 viarum
2517 1984 2733 2022 suarum
2765 1965 2946 2036 (Prov.
2971 1982 3090 2030 vm,
3117 1963 3232 2033 ΞΩ),
3257 1970 3315 2015 ιιι
3348 1961 3472 2015 inde
3499 1960 3582 2013 in-

2000 2060 2260 2130 ciperent,
2302 2059 2354 2112 id
2385 2067 2463 2113 est
2494 2073 2523 2111 a
2552 2057 2769 2112 Christo
2801 2055 3047 2110 videlicet
3072 2052 3334 2122 sapientia
3353 2049 3450 2106 Dei
3477 2049 3579 2105 Pa-

2000 2152 2121 2217 tris,
2146 2150 2236 2219 qui
2266 2150 2463 2204 vellent
2491 2149 2678 2203 venire
2704 2147 2770 2202 ad
2799 2147 3034 2201 Patrem.
3064 2144 3170 2198 Sed
3195 2141 3578 2212 etApostolus,

2001 2257 2122 2299 cum
2152 2240 2454 2295 ambularet
2485 2241 2536 2294 in
2582 2239 2666 2293 via
2715 2253 2834 2307 quae
2880 2236 3129 2292 Christus
3157 2244 3259 2298 est,
3290 2243 3344 2289 et
3382 2233 3448 2287 ad
3468 2231 3583 2302 pal-

1999 2347 2143 2387 mam
2165 2345 2412 2402 superna:
2435 2328 2733 2384 vocationis
2753 2335 3072 2394 sequeretur
3092 2331 3370 2378 vocantem
3389 2321 3578 2384 Deum,

2000 2439 2062 2478 ea
2085 2437 2204 2492 quae
2229 2431 2374 2476 retro
2414 2431 2542 2474 sunt
2588 2418 3030 2480 obliviscebatur,
3063 2413 3360 2468 extendens
3403 2426 3462 2465 se
3511 2411 3580 2464 ad

1999 2530 2061 2570 ca
2097 2529 2217 2584 quae
2244 2521 2369 2567 ante
2401 2519 2543 2574 sunt,
2577 2520 2635 2564 ut
2658 2509 2725 2562 ad
2753 2522 2962 2563 summa
3003 2506 3225 2559 veniret.
3265 2501 3580 2556 Transierat

1998 2605 2143 2661 enim
2193 2603 2516 2673 principium
2560 2601 2766 2654 viarum
2801 2598 2919 2663 Dei,
2975 2595 3101 2664 quia
3159 2609 3264 2648 non
3305 2593 3580 2662 indigebat

2000 2693 2346 2764 aggrediendi
2389 2691 2640 2755 exordio;
2677 2689 2770 2744 sed
2801 2688 2868 2742 ad
2910 2685 3190 2739 veritatem
3242 2683 3295 2737 in
3330 2682 3412 2735 via
3455 2696 3580 2750 gra-

2001 2788 2154 2842 diens
2202 2785 2501 2856 pervenire,
2533 2792 2693 2851 atque
2717 2793 3037 2851 permanere
3057 2777 3085 2816 ιι
3113 2777 3164 2830 in
3196 2775 3280 2828 via
3313 2774 3578 2827 charitate

2002 2881 2257 2950 repletus,
2288 2887 2342 2933 et
2369 2893 2466 2947 per
2491 2875 2808 2931 charitatem
2851 2871 3143 2942 adoptione
3165 2874 3378 2936 recepta
3412 2863 3579 2919 Filius

2001 2971 2055 3025 in
2079 2970 2236 3024 domo
2270 2984 2392 3022 cum
2419 2966 2578 3020 Patre
2616 2965 2733 3019 sine
2756 2962 2862 3016 ﬁne
2889 2961 3080 3015 beatus
3108 2960 3152 3011 ί.
3182 2958 3260 3010 Ex
3290 2970 3396 3025 quo
3415 2953 3584 3022 liquet

2008 3061 2148 3129 quod
2174 3059 2315 3113 nulla
2344 3074 2431 3112 res
2460 3057 2514 3111 in
2540 3057 2624 3110 via
2660 3064 2842 3108 tenere
2869 3067 2969 3107 nos
2996 3050 3209 3113 debeat,
3244 3046 3457 3116 quando
3481 3057 3580 3098 nec

1933 3126 1976 3186 Ο
2010 3151 2124 3220 ipse
2151 3149 2432 3218 Dominus,
2477 3147 2530 3200 iu
2570 3152 2828 3216 quantum
2860 3142 2943 3194 via
2977 3149 3159 3193 nostra
3189 3152 3310 3191 esse
3337 3136 3586 3206 dignatus

2006 3249 2109 3305 est,
2133 3249 2318 3294 tenere
2345 3253 2442 3293 uos
2475 3236 2669 3300 voluit;
2694 3235 2786 3290 sed
2813 3247 3025 3301 semper
3056 3229 3302 3289 transire,
3331 3241 3399 3280 ne
3422 3227 3584 3281 rebus

2008 3330 2411 3400 temporalibus,
2442 3326 2687 3396 quamvis
2709 3341 2806 3394 pro
2833 3323 3004 3378 salute
3030 3329 3210 3375 nostra
3238 3317 3502 3387 susceptis
3529 3327 3586 3372 et

2007 3418 2193 3489 gestis,
2225 3415 2364 3472 male
2386 3416 2684 3469 lmreamus
2714 3411 2934 3475 inﬁrmi,
2963 3409 3204 3479 quiuimo
3241 3421 3347 3477 per
3379 3420 3473 3460 eas
3496 3421 3586 3472 po-

2009 3508 2116 3562 tius
2145 3519 2428 3560 curramus
2454 3503 2707 3557 alacriter
2751 3502 2816 3556 ad
2857 3500 3103 3554 eumdem
3155 3498 3326 3566 ipsum
3369 3497 3460 3564 qui
3491 3509 3590 3548 no-

2009 3605 2178 3652 stram
2211 3603 2454 3649 naturam
2507 3592 2894 3662 temporalibus
2925 3588 3192 3652 liberavit,
3222 3594 3275 3639 et
3301 3583 3586 3640 collocavit

2011 3688 2078 3743 ad
2105 3688 2383 3742 dexteram
2415 3685 2608 3740 Patris.
2641 3685 2752 3738 lloc
2782 3682 2980 3752 quippe
3009 3688 3096 3733 est
3117 3677 3259 3746 quod
3302 3677 3413 3745 ipse
3451 3673 3579 3726 alibi

2009 3781 2136 3835 ait:
2185 3779 2302 3833 Etsi
2343 3792 2648 3832 noveramus
2697 3774 2962 3828 Christum
3006 3769 3293 3824 secundum
3353 3781 3583 3826 carnem,

2001 3871 2121 3940 jam
2167 3885 2270 3922 non
2314 3868 2546 3922 novimus
2578 3864 2662 3936 (II
2693 3864 2816 3918 Cor.
2848 3878 2903 3927 v,
2936 3860 3044 3929 16),
3098 3858 3222 3928 quia
3247 3865 3440 3912 exutus
3469 3870 3586 3908 om-
3615 3865 3624 3877 '

2013 3961 2162 4015 nium
2195 3957 2523 4020 mortalitate
2559 3963 2614 4010 et
2664 3950 3060 4024 temporalitate
3104 3949 3244 4001 Deus
3293 3954 3348 4000 et
3402 3945 3583 4007 homo,

1992 4067 2152 4114 ~unus
2182 4050 2439 4104 Dominus
2460 4047 2617 4103 Jesus
2649 4043 2899 4100 Christus
2929 4057 3052 4097 cum
3089 4039 3251 4094 Patre
3285 4033 3588 4092 coaeternus

2011 4140 2168 4206 vivit,
2200 4147 2383 4194 manet
2406 4146 2462 4194 et
2479 4145 2680 4208 regnat
2699 4135 2860 4190 Deus.

2621 4267 2848 4324 CAPUT
2884 4267 2972 4321 IV.

2425 4381 2578 4447 Quod
2606 4380 2834 4434 charitas
2857 4376 3062 4446 gemina
3091 4373 3176 4426 sit.

2087 4500 2140 4552 1.
2168 4498 2246 4552 Ex
2272 4494 2521 4550 omnibus
2549 4499 2604 4546 et
2644 4492 2697 4544 in
2728 4489 2980 4543 omnibus
3029 4484 3427 4552 Scripturarum
3459 4477 3592 4532 locis

2015 4596 2184 4659 patet,
2209 4585 2352 4656 quod
2393 4583 2632 4638 charitas
2661 4595 2768 4634 una
2811 4579 3106 4643 eademque
3151 4571 3360 4644 gemina
3389 4578 3493 4632 est,
3538 4567 3594 4621 id

2016 4679 2136 4736 esti
2180 4678 2272 4732 Dei
2298 4686 2351 4730 et
2382 4675 2612 4746 proximi
2646 4692 2658 4727 :
2687 4687 2786 4728 nec
2810 4686 2914 4725 una
2936 4668 3060 4738 jure
3095 4669 3211 4722 sine
3237 4665 3436 4728 altera;
3463 4677 3594 4731 quo-

2019 4771 2163 4826 niam
2204 4770 2343 4824 Deus
2381 4767 2621 4822 charitas
2666 4767 2737 4820 ita
2777 4764 2956 4834 jubet,
2987 4772 3049 4817 ut
3075 4762 3165 4832 qui
3203 4759 3378 4828 diligit
3404 4756 3590 4818 Deum,

2019 4860 2207 4931 diligat
2240 4867 2294 4914 et
2318 4859 2624 4928 proximum
2655 4872 2833 4912 suum.
2867 4855 2982 4910 Una
3014 4853 3208 4922 quippe
3232 4848 3469 4911 dilectio,
3501 4847 3596 4902 sed

2021 4952 2228 5009 duobus
2250 4950 2524 5005 mandatis
2551 4957 2798 5004 movetur
2825 4945 3074 5008 aﬁ‘ectus,
3098 4951 3156 4996 ut
3191 4940 3358 4995 Deum
3392 4955 3459 4994 ex
3485 4946 3597 4993 toto

2021 5045 2204 5108 corde,
2224 5053 2280 5098 et
2306 5058 2371 5096 ex
2399 5052 2508 5097 tota
2535 5042 2805 5104 anima,et
2834 5055 2898 5093 ex
2925 5046 3034 5090 tota
3058 5031 3615 5102 virtute,proximunt°

2021 5151 2151 5192 vero
2181 5135 2323 5189 sicut
2353 5139 2565 5188 nosmet
2591 5131 2643 5184 in
2677 5131 2844 5184 Deum
2870 5126 3171 5196 diligamus.
3203 5123 3271 5177 Et
3295 5122 3398 5176 hoc
3439 5133 3595 5174 man-

2023 5228 2205 5283 datum
2237 5223 2524 5288 habemus,
2569 5230 2630 5276 ut
2657 5220 2750 5290 qui
2780 5218 2955 5288 diligit
2982 5217 3150 5271 Deum
3191 5213 3381 5285 diligat
3404 5218 3463 5268 et
3481 5209 3594 5266 fra-

2102 5351 2126 5381 °
2157 5339 2214 5394 ln
2244 5338 2405 5393 editis
2429 5338 2580 5391 deest
2604 5334 2799 5389 omnia.
3587 5331 3599 5342 ⁴

2104 5410 2123 5450 ί
2151 5410 2317 5473 Edil.,
2351 5407 2624 5462 sodalitas.

2102 5483 2128 5522 ⁸
2158 5479 2322 5540 Editi,
2352 5486 2619 5530 maneant.

2099 5552 2125 5592 ιι
2154 5550 2211 5604 In
2237 5549 2368 5605 edit.
2393 5549 2542 5602 deest
2567 5559 2868 5614 permanere
2899 5542 2948 5594 in
2977 5543 3083 5614 ria._
3110 5606 3112 5608 ν

2111 5624 2123 5660 ί
2155 5621 2210 5674 In
2247 5619 2374 5674 edit.
2405 5607 2619 5670 additur
2645 5629 2942 5683 permanere
2968 5607 3236 5665 cupiebat-

2110 5691 2122 5740 i
2158 5690 2213 5744 lu
2237 5689 2396 5745 editis
2419 5685 2755 5742 desideratur
2776 5683 2828 5737 id
2854 5691 2948 5736 est.
