  <div class='ocr_page' id='page_1' title='image "/cluster/home/n/w/nwhite01/storage/ocr_20150623/120/hvd.32044015466923/740.png"; bbox 0 0 4148 6344; ppageno 0'>
   <div class='ocr_carea' id='block_1_1' title="bbox 371 319 508 378">
    <p class='ocr_par' dir='ltr' id='par_1_1' title="bbox 371 319 508 378">
     <span class='ocr_line' id='line_1_1' title="bbox 371 319 508 378; baseline 0.007 -1"><span class='ocrx_word' id='word_1_1' title='bbox 371 319 508 378; x_wconf 69' lang='lat'><strong>“69</strong></span> 
     </span>
    </p>
   </div>
   <div class='ocr_carea' id='block_1_2' title="bbox 1288 317 2728 386">
    <p class='ocr_par' dir='ltr' id='par_1_2' title="bbox 1288 317 2728 386">
     <span class='ocr_line' id='line_1_2' title="bbox 1288 317 2728 386; baseline 0.008 -10"><span class='ocrx_word' id='word_1_2' title='bbox 1288 317 1376 376; x_wconf 85' lang='lat' dir='ltr'><strong>DE</strong></span> <span class='ocrx_word' id='word_1_3' title='bbox 1414 317 1590 386; x_wconf 85' lang='lat' dir='ltr'><strong>FIDE,</strong></span> <span class='ocrx_word' id='word_1_4' title='bbox 1633 317 1759 376; x_wconf 84' lang='lat' dir='ltr'><strong>SPE</strong></span> <span class='ocrx_word' id='word_1_5' title='bbox 1799 318 1885 375; x_wconf 79' lang='lat' dir='ltr'><strong>ET</strong></span> <span class='ocrx_word' id='word_1_6' title='bbox 1921 319 2331 380; x_wconf 62' lang='lat' dir='ltr'><strong>CilARlTATE.</strong></span> <span class='ocrx_word' id='word_1_7' title='bbox 2372 358 2442 368; x_wconf 91' lang='lat'>—</span> <span class='ocrx_word' id='word_1_8' title='bbox 2475 327 2603 385; x_wconf 85' lang='lat' dir='ltr'><strong>LiB.</strong></span> <span class='ocrx_word' id='word_1_9' title='bbox 2645 329 2728 386; x_wconf 78' lang='lat' dir='ltr'><strong>Ill.</strong></span> 
     </span>
    </p>
   </div>
   <div class='ocr_carea' id='block_1_3' title="bbox 3491 341 3626 403">
    <p class='ocr_par' dir='ltr' id='par_1_3' title="bbox 3491 341 3626 403">
     <span class='ocr_line' id='line_1_3' title="bbox 3491 341 3626 403; baseline 0.052 -7"><span class='ocrx_word' id='word_1_10' title='bbox 3491 341 3626 403; x_wconf 71' lang='grc' dir='ltr'><strong>ηπ)</strong></span> 
     </span>
    </p>
   </div>
   <div class='ocr_carea' id='block_1_4' title="bbox 363 411 3619 518">
    <p class='ocr_par' dir='ltr' id='par_1_4' title="bbox 363 411 3619 518">
     <span class='ocr_line' id='line_1_4' title="bbox 363 411 3619 518; baseline 0.006 -31"><span class='ocrx_word' id='word_1_11' title='bbox 363 433 514 489; x_wconf 80' lang='lat' dir='ltr'><strong>venit</strong></span> <span class='ocrx_word' id='word_1_12' title='bbox 559 429 716 487; x_wconf 70' lang='lat' dir='ltr'><strong>Iesus</strong></span> <span class='ocrx_word' id='word_1_13' title='bbox 753 429 964 484; x_wconf 87' lang='lat' dir='ltr'><strong>mittere</strong></span> <span class='ocrx_word' id='word_1_14' title='bbox 1012 429 1064 484; x_wconf 92' lang='lat' dir='ltr'><strong>in</strong></span> <span class='ocrx_word' id='word_1_15' title='bbox 1115 439 1336 498; x_wconf 88' lang='lat' dir='ltr'><strong>terram,</strong></span> <span class='ocrx_word' id='word_1_16' title='bbox 1389 434 1606 502; x_wconf 77' lang='lat' dir='ltr'><strong>vultque</strong></span> <span class='ocrx_word' id='word_1_17' title='bbox 1646 434 1932 499; x_wconf 85' lang='lat' dir='ltr'><strong>utarJeat,</strong></span> <span class='ocrx_word' id='word_1_18' title='bbox 1969 449 2012 509; x_wconf 69' lang='grc' dir='ltr'><strong>Α</strong></span> <span class='ocrx_word' id='word_1_19' title='bbox 2044 411 3619 518; x_wconf 75' lang='lat' dir='ltr'><strong>turillectelestis,recteetproximus,etfraterfratris,etd</strong></span> 
     </span>
    </p>
   </div>
   <div class='ocr_carea' id='block_1_5' title="bbox 365 520 1939 594">
    <p class='ocr_par' dir='ltr' id='par_1_5' title="bbox 365 520 1939 594">
     <span class='ocr_line' id='line_1_5' title="bbox 365 520 1939 594; baseline 0.003 -16"><span class='ocrx_word' id='word_1_20' title='bbox 365 538 580 592; x_wconf 79' lang='lat' dir='ltr'><strong>semper</strong></span> <span class='ocrx_word' id='word_1_21' title='bbox 621 522 688 576; x_wconf 87' lang='lat' dir='ltr'><strong>ad</strong></span> <span class='ocrx_word' id='word_1_22' title='bbox 718 521 949 591; x_wconf 89' lang='lat' dir='ltr'><strong>patriam</strong></span> <span class='ocrx_word' id='word_1_23' title='bbox 995 520 1277 587; x_wconf 72' lang='lat' dir='ltr'><strong>festinans,</strong></span> <span class='ocrx_word' id='word_1_24' title='bbox 1303 537 1544 594; x_wconf 87' lang='lat' dir='ltr'><strong>quosque</strong></span> <span class='ocrx_word' id='word_1_25' title='bbox 1574 524 1939 582; x_wconf 81' lang='lat' dir='ltr'><strong>inﬂammave-</strong></span> 
     </span>
    </p>
   </div>
   <div class='ocr_carea' id='block_1_6' title="bbox 367 609 1941 685">
    <p class='ocr_par' dir='ltr' id='par_1_6' title="bbox 367 609 1941 685">
     <span class='ocr_line' id='line_1_6' title="bbox 367 609 1941 685; baseline 0.006 -22"><span class='ocrx_word' id='word_1_26' title='bbox 367 611 462 674; x_wconf 91' lang='lat' dir='ltr'><strong>rit,</strong></span> <span class='ocrx_word' id='word_1_27' title='bbox 489 609 614 664; x_wconf 88' lang='lat' dir='ltr'><strong>illuc</strong></span> <span class='ocrx_word' id='word_1_28' title='bbox 659 617 812 679; x_wconf 76' lang='lat' dir='ltr'><strong>Optat</strong></span> <span class='ocrx_word' id='word_1_29' title='bbox 857 624 1070 679; x_wconf 88' lang='lat' dir='ltr'><strong>rapere,</strong></span> <span class='ocrx_word' id='word_1_30' title='bbox 1101 620 1158 666; x_wconf 88' lang='lat' dir='ltr'><strong>et</strong></span> <span class='ocrx_word' id='word_1_31' title='bbox 1197 627 1260 666; x_wconf 92' lang='lat' dir='ltr'><strong>ea</strong></span> <span class='ocrx_word' id='word_1_32' title='bbox 1297 628 1418 682; x_wconf 73' lang='lat' dir='ltr'><strong>qua:</strong></span> <span class='ocrx_word' id='word_1_33' title='bbox 1455 614 1522 668; x_wconf 87' lang='lat' dir='ltr'><strong>de</strong></span> <span class='ocrx_word' id='word_1_34' title='bbox 1543 617 1786 685; x_wconf 87' lang='lat' dir='ltr'><strong>supernis</strong></span> <span class='ocrx_word' id='word_1_35' title='bbox 1815 626 1941 672; x_wconf 91' lang='lat' dir='ltr'><strong>sunt</strong></span> 
     </span>
    </p>
   </div>
   <div class='ocr_carea' id='block_1_7' title="bbox 369 698 1937 773">
    <p class='ocr_par' dir='ltr' id='par_1_7' title="bbox 369 698 1937 773">
     <span class='ocr_line' id='line_1_7' title="bbox 369 698 1937 773; baseline 0.001 -15"><span class='ocrx_word' id='word_1_36' title='bbox 369 715 582 770; x_wconf 81' lang='lat' dir='ltr'><strong>semper</strong></span> <span class='ocrx_word' id='word_1_37' title='bbox 603 698 842 770; x_wconf 77' lang='lat' dir='ltr'><strong>diligere.</strong></span> <span class='ocrx_word' id='word_1_38' title='bbox 867 698 1017 764; x_wconf 82' lang='lat' dir='ltr'><strong>Quod</strong></span> <span class='ocrx_word' id='word_1_39' title='bbox 1044 699 1090 754; x_wconf 95' lang='lat' dir='ltr'><strong>si</strong></span> <span class='ocrx_word' id='word_1_40' title='bbox 1118 699 1333 756; x_wconf 84' lang='lat' dir='ltr'><strong>dilectio</strong></span> <span class='ocrx_word' id='word_1_41' title='bbox 1359 709 1462 769; x_wconf 90' lang='lat' dir='ltr'><strong>est,</strong></span> <span class='ocrx_word' id='word_1_42' title='bbox 1483 717 1590 757; x_wconf 93' lang='lat' dir='ltr'><strong>non</strong></span> <span class='ocrx_word' id='word_1_43' title='bbox 1613 714 1788 773; x_wconf 83' lang='lat' dir='ltr'><strong>potest</strong></span> <span class='ocrx_word' id='word_1_44' title='bbox 1815 721 1937 760; x_wconf 91' lang='lat' dir='ltr'><strong>eum</strong></span> 
     </span>
    </p>
   </div>
   <div class='ocr_carea' id='block_1_8' title="bbox 369 789 1936 866">
    <p class='ocr_par' dir='ltr' id='par_1_8' title="bbox 369 789 1936 866">
     <span class='ocr_line' id='line_1_8' title="bbox 369 789 1936 866; baseline 0.004 -21"><span class='ocrx_word' id='word_1_45' title='bbox 369 807 398 845; x_wconf 88' lang='lat' dir='ltr'><strong>a</strong></span> <span class='ocrx_word' id='word_1_46' title='bbox 423 807 528 861; x_wconf 90' lang='lat' dir='ltr'><strong>quo</strong></span> <span class='ocrx_word' id='word_1_47' title='bbox 555 799 659 855; x_wconf 92' lang='lat' dir='ltr'><strong>est,</strong></span> <span class='ocrx_word' id='word_1_48' title='bbox 681 800 735 844; x_wconf 94' lang='lat' dir='ltr'><strong>et</strong></span> <span class='ocrx_word' id='word_1_49' title='bbox 764 805 820 844; x_wconf 89' lang='lat' dir='ltr'><strong>se</strong></span> <span class='ocrx_word' id='word_1_50' title='bbox 849 789 900 844; x_wconf 91' lang='lat' dir='ltr'><strong>in</strong></span> <span class='ocrx_word' id='word_1_51' title='bbox 947 790 1038 845; x_wconf 87' lang='lat' dir='ltr'><strong>illo</strong></span> <span class='ocrx_word' id='word_1_52' title='bbox 1067 791 1119 845; x_wconf 92' lang='lat' dir='ltr'><strong>in</strong></span> <span class='ocrx_word' id='word_1_53' title='bbox 1149 807 1256 861; x_wconf 91' lang='lat' dir='ltr'><strong>quo</strong></span> <span class='ocrx_word' id='word_1_54' title='bbox 1297 801 1400 859; x_wconf 87' lang='lat' dir='ltr'><strong>est,</strong></span> <span class='ocrx_word' id='word_1_55' title='bbox 1445 810 1550 848; x_wconf 93' lang='lat' dir='ltr'><strong>non</strong></span> <span class='ocrx_word' id='word_1_56' title='bbox 1583 797 1824 866; x_wconf 85' lang='lat' dir='ltr'><strong>diligere,</strong></span> <span class='ocrx_word' id='word_1_57' title='bbox 1871 813 1936 852; x_wconf 89' lang='lat' dir='ltr'><strong>ac</strong></span> 
     </span>
    </p>
   </div>
   <div class='ocr_carea' id='block_1_9' title="bbox 361 879 1938 956">
    <p class='ocr_par' dir='ltr' id='par_1_9' title="bbox 361 879 1938 956">
     <span class='ocr_line' id='line_1_9' title="bbox 361 879 1938 956; baseline 0.004 -21"><span class='ocrx_word' id='word_1_58' title='bbox 361 896 462 952; x_wconf 92' lang='lat' dir='ltr'><strong>per</strong></span> <span class='ocrx_word' id='word_1_59' title='bbox 497 880 599 934; x_wconf 91' lang='lat' dir='ltr'><strong>hoc</strong></span> <span class='ocrx_word' id='word_1_60' title='bbox 621 880 746 934; x_wconf 89' lang='lat' dir='ltr'><strong>dum</strong></span> <span class='ocrx_word' id='word_1_61' title='bbox 777 879 948 950; x_wconf 80' lang='lat' dir='ltr'><strong>diligit</strong></span> <span class='ocrx_word' id='word_1_62' title='bbox 975 896 1098 935; x_wconf 87' lang='lat' dir='ltr'><strong>eum</strong></span> <span class='ocrx_word' id='word_1_63' title='bbox 1125 897 1159 934; x_wconf 92' lang='lat' dir='ltr'><strong>a</strong></span> <span class='ocrx_word' id='word_1_64' title='bbox 1191 898 1298 951; x_wconf 91' lang='lat' dir='ltr'><strong>quo</strong></span> <span class='ocrx_word' id='word_1_65' title='bbox 1339 892 1442 948; x_wconf 89' lang='lat' dir='ltr'><strong>est,</strong></span> <span class='ocrx_word' id='word_1_66' title='bbox 1483 884 1656 956; x_wconf 79' lang='lat' dir='ltr'><strong>diligit</strong></span> <span class='ocrx_word' id='word_1_67' title='bbox 1693 896 1746 940; x_wconf 87' lang='lat' dir='ltr'><strong>et</strong></span> <span class='ocrx_word' id='word_1_68' title='bbox 1767 902 1846 952; x_wconf 85' lang='lat' dir='ltr'><strong>se,</strong></span> <span class='ocrx_word' id='word_1_69' title='bbox 1877 897 1938 942; x_wconf 89' lang='lat' dir='ltr'><strong>ut</strong></span> 
     </span>
    </p>
   </div>
   <div class='ocr_carea' id='block_1_10' title="bbox 362 969 1934 1041">
    <p class='ocr_par' dir='ltr' id='par_1_10' title="bbox 362 969 1934 1041">
     <span class='ocr_line' id='line_1_10' title="bbox 362 969 1934 1041; baseline 0.003 -15"><span class='ocrx_word' id='word_1_70' title='bbox 362 971 417 1026; x_wconf 90' lang='lat' dir='ltr'><strong>in</strong></span> <span class='ocrx_word' id='word_1_71' title='bbox 483 969 598 1041; x_wconf 90' lang='lat' dir='ltr'><strong>ipso</strong></span> <span class='ocrx_word' id='word_1_72' title='bbox 650 978 862 1023; x_wconf 90' lang='lat' dir='ltr'><strong>maneat</strong></span> <span class='ocrx_word' id='word_1_73' title='bbox 911 970 961 1024; x_wconf 92' lang='lat' dir='ltr'><strong>iu</strong></span> <span class='ocrx_word' id='word_1_74' title='bbox 1011 987 1119 1040; x_wconf 91' lang='lat' dir='ltr'><strong>quo</strong></span> <span class='ocrx_word' id='word_1_75' title='bbox 1151 981 1252 1026; x_wconf 90' lang='lat' dir='ltr'><strong>est.</strong></span> <span class='ocrx_word' id='word_1_76' title='bbox 1307 973 1425 1040; x_wconf 88' lang='lat' dir='ltr'><strong>Quo</strong></span> <span class='ocrx_word' id='word_1_77' title='bbox 1479 975 1732 1030; x_wconf 77' lang='lat' dir='ltr'><strong>nimirum</strong></span> <span class='ocrx_word' id='word_1_78' title='bbox 1789 975 1934 1031; x_wconf 85' lang='lat' dir='ltr'><strong>fonte</strong></span> 
     </span>
    </p>
   </div>
   <div class='ocr_carea' id='block_1_11' title="bbox 362 1063 1931 1138">
    <p class='ocr_par' dir='ltr' id='par_1_11' title="bbox 362 1063 1931 1138">
     <span class='ocr_line' id='line_1_11' title="bbox 362 1063 1931 1138; baseline 0.004 -20"><span class='ocrx_word' id='word_1_79' title='bbox 362 1063 541 1118; x_wconf 88' lang='lat' dir='ltr'><strong>anima</strong></span> <span class='ocrx_word' id='word_1_80' title='bbox 567 1071 753 1116; x_wconf 90' lang='lat' dir='ltr'><strong>renata</strong></span> <span class='ocrx_word' id='word_1_81' title='bbox 789 1063 985 1118; x_wconf 81' lang='lat' dir='ltr'><strong>transit</strong></span> <span class='ocrx_word' id='word_1_82' title='bbox 1028 1065 1078 1118; x_wconf 92' lang='lat' dir='ltr'><strong>in</strong></span> <span class='ocrx_word' id='word_1_83' title='bbox 1122 1065 1311 1130; x_wconf 91' lang='lat' dir='ltr'><strong>Deum,</strong></span> <span class='ocrx_word' id='word_1_84' title='bbox 1342 1083 1446 1121; x_wconf 92' lang='lat' dir='ltr'><strong>non</strong></span> <span class='ocrx_word' id='word_1_85' title='bbox 1477 1083 1573 1138; x_wconf 90' lang='lat' dir='ltr'><strong>per</strong></span> <span class='ocrx_word' id='word_1_86' title='bbox 1599 1069 1931 1124; x_wconf 87' lang='lat' dir='ltr'><strong>immutatio-</strong></span> 
     </span>
    </p>
   </div>
   <div class='ocr_carea' id='block_1_12' title="bbox 362 1153 1934 1230">
    <p class='ocr_par' dir='ltr' id='par_1_12' title="bbox 362 1153 1934 1230">
     <span class='ocr_line' id='line_1_12' title="bbox 362 1153 1934 1230; baseline 0.006 -21"><span class='ocrx_word' id='word_1_87' title='bbox 362 1168 485 1209; x_wconf 88' lang='lat' dir='ltr'><strong>nem</strong></span> <span class='ocrx_word' id='word_1_88' title='bbox 527 1153 862 1230; x_wconf 69' lang='lat' dir='ltr'><strong>snbstantim,</strong></span> <span class='ocrx_word' id='word_1_89' title='bbox 896 1155 987 1209; x_wconf 90' lang='lat' dir='ltr'><strong>sed</strong></span> <span class='ocrx_word' id='word_1_90' title='bbox 1038 1171 1134 1226; x_wconf 91' lang='lat' dir='ltr'><strong>per</strong></span> <span class='ocrx_word' id='word_1_91' title='bbox 1169 1158 1560 1213; x_wconf 89' lang='lat' dir='ltr'><strong>renascentiam</strong></span> <span class='ocrx_word' id='word_1_92' title='bbox 1589 1157 1832 1224; x_wconf 81' lang='lat' dir='ltr'><strong>aﬂ&#39;ectus,</strong></span> <span class='ocrx_word' id='word_1_93' title='bbox 1875 1171 1934 1218; x_wconf 87' lang='lat' dir='ltr'><strong>ut</strong></span> 
     </span>
    </p>
   </div>
   <div class='ocr_carea' id='block_1_13' title="bbox 359 1247 1928 1324">
    <p class='ocr_par' dir='ltr' id='par_1_13' title="bbox 359 1247 1928 1324">
     <span class='ocr_line' id='line_1_13' title="bbox 359 1247 1928 1324; baseline 0.006 -22"><span class='ocrx_word' id='word_1_94' title='bbox 359 1262 432 1312; x_wconf 75' lang='lat' dir='ltr'><strong>ex</strong></span> <span class='ocrx_word' id='word_1_95' title='bbox 456 1255 568 1302; x_wconf 91' lang='lat' dir='ltr'><strong>toto</strong></span> <span class='ocrx_word' id='word_1_96' title='bbox 590 1247 775 1318; x_wconf 78' lang='lat' dir='ltr'><strong>diligat</strong></span> <span class='ocrx_word' id='word_1_97' title='bbox 805 1247 971 1304; x_wconf 90' lang='lat' dir='ltr'><strong>Deum</strong></span> <span class='ocrx_word' id='word_1_98' title='bbox 1004 1251 1136 1306; x_wconf 91' lang='lat' dir='ltr'><strong>:sed</strong></span> <span class='ocrx_word' id='word_1_99' title='bbox 1173 1252 1298 1321; x_wconf 87' lang='lat' dir='ltr'><strong>quia</strong></span> <span class='ocrx_word' id='word_1_100' title='bbox 1335 1268 1719 1324; x_wconf 85' lang='lat' dir='ltr'><strong>nonnunquam</strong></span> <span class='ocrx_word' id='word_1_101' title='bbox 1750 1256 1928 1312; x_wconf 68' lang='lat' dir='ltr'><strong>saeculi</strong></span> 
     </span>
    </p>
   </div>
   <div class='ocr_carea' id='block_1_14' title="bbox 356 1338 1931 1411">
    <p class='ocr_par' dir='ltr' id='par_1_14' title="bbox 356 1338 1931 1411">
     <span class='ocr_line' id='line_1_14' title="bbox 356 1338 1931 1411; baseline 0.007 -19"><span class='ocrx_word' id='word_1_102' title='bbox 356 1338 682 1411; x_wconf 80' lang='lat' dir='ltr'><strong>praepeditur</strong></span> <span class='ocrx_word' id='word_1_103' title='bbox 703 1339 1132 1407; x_wconf 74' lang='lat' dir='ltr'><strong>oblectamentis,</strong></span> <span class='ocrx_word' id='word_1_104' title='bbox 1184 1344 1314 1399; x_wconf 91' lang='lat' dir='ltr'><strong>dicit</strong></span> <span class='ocrx_word' id='word_1_105' title='bbox 1347 1345 1399 1399; x_wconf 91' lang='lat' dir='ltr'><strong>in</strong></span> <span class='ocrx_word' id='word_1_106' title='bbox 1444 1345 1681 1402; x_wconf 86' lang='lat' dir='ltr'><strong>Canticis</strong></span> <span class='ocrx_word' id='word_1_107' title='bbox 1712 1365 1724 1402; x_wconf 92' lang='lat'><strong>:</strong></span> <span class='ocrx_word' id='word_1_108' title='bbox 1761 1347 1931 1403; x_wconf 73' lang='lat' dir='ltr'><strong>Trans</strong></span> 
     </span>
    </p>
   </div>
   <div class='ocr_carea' id='block_1_15' title="bbox 357 1433 1928 1505">
    <p class='ocr_par' dir='ltr' id='par_1_15' title="bbox 357 1433 1928 1505">
     <span class='ocr_line' id='line_1_15' title="bbox 357 1433 1928 1505; baseline 0.008 -24"><span class='ocrx_word' id='word_1_109' title='bbox 357 1445 438 1481; x_wconf 87' lang='lat' dir='ltr'><strong>me</strong></span> <span class='ocrx_word' id='word_1_110' title='bbox 459 1438 570 1499; x_wconf 75' lang='lat' dir='ltr'><strong>post</strong></span> <span class='ocrx_word' id='word_1_111' title='bbox 600 1440 667 1495; x_wconf 86' lang='lat' dir='ltr'><strong>te,</strong></span> <span class='ocrx_word' id='word_1_112' title='bbox 692 1447 960 1486; x_wconf 75' lang='lat' dir='ltr'><strong>curremus</strong></span> <span class='ocrx_word' id='word_1_113' title='bbox 994 1433 1046 1486; x_wconf 81' lang='lat' dir='ltr'><strong>in</strong></span> <span class='ocrx_word' id='word_1_114' title='bbox 1078 1435 1288 1488; x_wconf 90' lang='lat' dir='ltr'><strong>odorem</strong></span> <span class='ocrx_word' id='word_1_115' title='bbox 1314 1447 1694 1505; x_wconf 84' lang='lat' dir='ltr'><strong>unguentorum</strong></span> <span class='ocrx_word' id='word_1_116' title='bbox 1719 1448 1928 1494; x_wconf 88' lang='lat' dir='ltr'><strong>tuorum</strong></span> 
     </span>
    </p>
   </div>
   <div class='ocr_carea' id='block_1_16' title="bbox 355 1515 1930 1596">
    <p class='ocr_par' dir='ltr' id='par_1_16' title="bbox 355 1515 1930 1596">
     <span class='ocr_line' id='line_1_16' title="bbox 355 1515 1930 1596; baseline 0.01 -25"><span class='ocrx_word' id='word_1_117' title='bbox 355 1515 531 1588; x_wconf 85' lang='lat' dir='ltr'><strong>(Cant.</strong></span> <span class='ocrx_word' id='word_1_118' title='bbox 559 1533 598 1586; x_wconf 85' lang='lat' dir='ltr'><strong>t,</strong></span> <span class='ocrx_word' id='word_1_119' title='bbox 624 1519 700 1591; x_wconf 78' lang='grc'><strong>5).</strong></span> <span class='ocrx_word' id='word_1_120' title='bbox 732 1519 842 1576; x_wconf 84' lang='lat' dir='ltr'><strong>Nec</strong></span> <span class='ocrx_word' id='word_1_121' title='bbox 875 1521 1054 1592; x_wconf 86' lang='lat' dir='ltr'><strong>itaque</strong></span> <span class='ocrx_word' id='word_1_122' title='bbox 1075 1525 1198 1594; x_wconf 87' lang='lat' dir='ltr'><strong>quia</strong></span> <span class='ocrx_word' id='word_1_123' title='bbox 1230 1525 1402 1596; x_wconf 77' lang='lat' dir='ltr'><strong>diligit</strong></span> <span class='ocrx_word' id='word_1_124' title='bbox 1424 1527 1537 1581; x_wconf 88' lang='lat' dir='ltr'><strong>sola</strong></span> <span class='ocrx_word' id='word_1_125' title='bbox 1566 1528 1681 1584; x_wconf 93' lang='lat' dir='ltr'><strong>vult</strong></span> <span class='ocrx_word' id='word_1_126' title='bbox 1711 1545 1930 1586; x_wconf 88' lang='lat' dir='ltr'><strong>currere</strong></span> 
     </span>
    </p>
   </div>
   <div class='ocr_carea' id='block_1_17' title="bbox 349 1612 1928 1683">
    <p class='ocr_par' dir='ltr' id='par_1_17' title="bbox 349 1612 1928 1683">
     <span class='ocr_line' id='line_1_17' title="bbox 349 1612 1928 1683; baseline 0.008 -20"><span class='ocrx_word' id='word_1_127' title='bbox 349 1619 472 1678; x_wconf 88' lang='lat' dir='ltr'><strong>post</strong></span> <span class='ocrx_word' id='word_1_128' title='bbox 489 1623 610 1663; x_wconf 91' lang='lat' dir='ltr'><strong>eum</strong></span> <span class='ocrx_word' id='word_1_129' title='bbox 632 1625 792 1680; x_wconf 86' lang='lat' dir='ltr'><strong>quem</strong></span> <span class='ocrx_word' id='word_1_130' title='bbox 816 1612 1013 1683; x_wconf 76' lang='lat' dir='ltr'><strong>diligit;</strong></span> <span class='ocrx_word' id='word_1_131' title='bbox 1045 1615 1154 1668; x_wconf 87' lang='lat' dir='ltr'><strong>vult</strong></span> <span class='ocrx_word' id='word_1_132' title='bbox 1173 1617 1316 1671; x_wconf 90' lang='lat' dir='ltr'><strong>enim</strong></span> <span class='ocrx_word' id='word_1_133' title='bbox 1340 1625 1398 1670; x_wconf 94' lang='lat' dir='ltr'><strong>ut</strong></span> <span class='ocrx_word' id='word_1_134' title='bbox 1423 1626 1478 1672; x_wconf 91' lang='lat' dir='ltr'><strong>et</strong></span> <span class='ocrx_word' id='word_1_135' title='bbox 1505 1633 1631 1673; x_wconf 90' lang='lat' dir='ltr'><strong>caro</strong></span> <span class='ocrx_word' id='word_1_136' title='bbox 1651 1635 1832 1674; x_wconf 92' lang='lat' dir='ltr'><strong>secum</strong></span> <span class='ocrx_word' id='word_1_137' title='bbox 1859 1620 1928 1674; x_wconf 90' lang='lat' dir='ltr'><strong>ad</strong></span> 
     </span>
    </p>
   </div>
   <div class='ocr_carea' id='block_1_18' title="bbox 347 1697 1921 1777">
    <p class='ocr_par' dir='ltr' id='par_1_18' title="bbox 347 1697 1921 1777">
     <span class='ocr_line' id='line_1_18' title="bbox 347 1697 1921 1777; baseline 0.008 -26"><span class='ocrx_word' id='word_1_138' title='bbox 347 1697 805 1770; x_wconf 89' lang='lat' dir='ltr'><strong>incorruptionem</strong></span> <span class='ocrx_word' id='word_1_139' title='bbox 856 1711 1136 1769; x_wconf 86' lang='lat' dir='ltr'><strong>transeat,</strong></span> <span class='ocrx_word' id='word_1_140' title='bbox 1189 1705 1327 1760; x_wconf 85' lang='lat' dir='ltr'><strong>sicut</strong></span> <span class='ocrx_word' id='word_1_141' title='bbox 1377 1705 1646 1777; x_wconf 86' lang='lat' dir='ltr'><strong>Propheta</strong></span> <span class='ocrx_word' id='word_1_142' title='bbox 1712 1710 1866 1764; x_wconf 91' lang='lat' dir='ltr'><strong>canit</strong></span> <span class='ocrx_word' id='word_1_143' title='bbox 1907 1727 1921 1764; x_wconf 88' lang='lat'><strong>:</strong></span> 
     </span>
    </p>
   </div>
   <div class='ocr_carea' id='block_1_19' title="bbox 350 1788 1924 1868">
    <p class='ocr_par' dir='ltr' id='par_1_19' title="bbox 350 1788 1924 1868">
     <span class='ocr_line' id='line_1_19' title="bbox 350 1788 1924 1868; baseline 0.006 -23"><span class='ocrx_word' id='word_1_144' title='bbox 350 1788 522 1845; x_wconf 77' lang='lat' dir='ltr'><strong>Sitirit</strong></span> <span class='ocrx_word' id='word_1_145' title='bbox 556 1791 610 1845; x_wconf 86' lang='lat' dir='ltr'><strong>in</strong></span> <span class='ocrx_word' id='word_1_146' title='bbox 636 1802 684 1846; x_wconf 90' lang='lat' dir='ltr'><strong>te</strong></span> <span class='ocrx_word' id='word_1_147' title='bbox 707 1793 884 1848; x_wconf 84' lang='lat' dir='ltr'><strong>anima</strong></span> <span class='ocrx_word' id='word_1_148' title='bbox 917 1811 1056 1859; x_wconf 85' lang='lat' dir='ltr'><strong>mea,</strong></span> <span class='ocrx_word' id='word_1_149' title='bbox 1086 1813 1243 1866; x_wconf 88' lang='lat' dir='ltr'><strong>quam</strong></span> <span class='ocrx_word' id='word_1_150' title='bbox 1287 1798 1646 1868; x_wconf 78' lang='lat' dir='ltr'><strong>multipliciter</strong></span> <span class='ocrx_word' id='word_1_151' title='bbox 1682 1800 1775 1853; x_wconf 81' lang='lat' dir='ltr'><strong>tibi</strong></span> <span class='ocrx_word' id='word_1_152' title='bbox 1801 1817 1924 1854; x_wconf 73' lang='lat' dir='ltr'><strong>caro</strong></span> 
     </span>
    </p>
   </div>
   <div class='ocr_carea' id='block_1_20' title="bbox 344 1880 1922 1960">
    <p class='ocr_par' dir='ltr' id='par_1_20' title="bbox 344 1880 1922 1960">
     <span class='ocr_line' id='line_1_20' title="bbox 344 1880 1922 1960; baseline 0.009 -28"><span class='ocrx_word' id='word_1_153' title='bbox 344 1880 493 1933; x_wconf 86' lang='lat' dir='ltr'><strong>mea!</strong></span> <span class='ocrx_word' id='word_1_154' title='bbox 530 1881 701 1949; x_wconf 81' lang='lat' dir='ltr'><strong>(Psal.</strong></span> <span class='ocrx_word' id='word_1_155' title='bbox 733 1898 866 1949; x_wconf 82' lang='lat' dir='ltr'><strong>an,</strong></span> <span class='ocrx_word' id='word_1_156' title='bbox 895 1883 975 1951; x_wconf 76' lang='lat'><strong>2.)</strong></span> <span class='ocrx_word' id='word_1_157' title='bbox 1008 1885 1074 1940; x_wconf 84' lang='lat' dir='ltr'><strong>Et</strong></span> <span class='ocrx_word' id='word_1_158' title='bbox 1097 1886 1220 1940; x_wconf 92' lang='lat' dir='ltr'><strong>dum</strong></span> <span class='ocrx_word' id='word_1_159' title='bbox 1253 1886 1456 1957; x_wconf 84' lang='lat' dir='ltr'><strong>integre</strong></span> <span class='ocrx_word' id='word_1_160' title='bbox 1485 1904 1542 1944; x_wconf 91' lang='lat' dir='ltr'><strong>se</strong></span> <span class='ocrx_word' id='word_1_161' title='bbox 1567 1889 1734 1960; x_wconf 80' lang='lat' dir='ltr'><strong>diligit</strong></span> <span class='ocrx_word' id='word_1_162' title='bbox 1761 1890 1922 1948; x_wconf 85' lang='lat' dir='ltr'><strong>homo</strong></span> 
     </span>
    </p>
   </div>
   <div class='ocr_carea' id='block_1_21' title="bbox 342 1970 1921 2048">
    <p class='ocr_par' dir='ltr' id='par_1_21' title="bbox 342 1970 1921 2048">
     <span class='ocr_line' id='line_1_21' title="bbox 342 1970 1921 2048; baseline 0.007 -21"><span class='ocrx_word' id='word_1_163' title='bbox 342 1970 394 2027; x_wconf 89' lang='lat' dir='ltr'><strong>in</strong></span> <span class='ocrx_word' id='word_1_164' title='bbox 421 1974 606 2039; x_wconf 85' lang='lat' dir='ltr'><strong>Deum,</strong></span> <span class='ocrx_word' id='word_1_165' title='bbox 646 1974 817 2044; x_wconf 86' lang='lat' dir='ltr'><strong>diligit</strong></span> <span class='ocrx_word' id='word_1_166' title='bbox 849 1985 903 2031; x_wconf 91' lang='lat' dir='ltr'><strong>et</strong></span> <span class='ocrx_word' id='word_1_167' title='bbox 930 1978 1235 2048; x_wconf 87' lang='lat' dir='ltr'><strong>proximum</strong></span> <span class='ocrx_word' id='word_1_168' title='bbox 1277 1983 1570 2036; x_wconf 90' lang='lat' dir='ltr'><strong>secundum</strong></span> <span class='ocrx_word' id='word_1_169' title='bbox 1615 1983 1806 2038; x_wconf 88' lang='lat' dir='ltr'><strong>Deum.</strong></span> <span class='ocrx_word' id='word_1_170' title='bbox 1855 1983 1921 2038; x_wconf 85' lang='lat' dir='ltr'><strong>Et</strong></span> 
     </span>
    </p>
   </div>
   <div class='ocr_carea' id='block_1_22' title="bbox 342 2059 1917 2142">
    <p class='ocr_par' dir='ltr' id='par_1_22' title="bbox 342 2059 1917 2142">
     <span class='ocr_line' id='line_1_22' title="bbox 342 2059 1917 2142; baseline 0.008 -27"><span class='ocrx_word' id='word_1_171' title='bbox 342 2059 455 2116; x_wconf 71' lang='lat' dir='ltr'><strong>hmc</strong></span> <span class='ocrx_word' id='word_1_172' title='bbox 483 2071 568 2118; x_wconf 88' lang='lat' dir='ltr'><strong>est</strong></span> <span class='ocrx_word' id='word_1_173' title='bbox 596 2079 722 2118; x_wconf 85' lang='lat' dir='ltr'><strong>vera</strong></span> <span class='ocrx_word' id='word_1_174' title='bbox 753 2075 808 2119; x_wconf 89' lang='lat' dir='ltr'><strong>et</strong></span> <span class='ocrx_word' id='word_1_175' title='bbox 834 2066 1040 2135; x_wconf 91' lang='lat' dir='ltr'><strong>integra</strong></span> <span class='ocrx_word' id='word_1_176' title='bbox 1069 2067 1330 2133; x_wconf 84' lang='lat' dir='ltr'><strong>charitas,</strong></span> <span class='ocrx_word' id='word_1_177' title='bbox 1359 2079 1418 2123; x_wconf 91' lang='lat' dir='ltr'><strong>ut</strong></span> <span class='ocrx_word' id='word_1_178' title='bbox 1464 2071 1651 2142; x_wconf 85' lang='lat' dir='ltr'><strong>diligat</strong></span> <span class='ocrx_word' id='word_1_179' title='bbox 1680 2088 1746 2126; x_wconf 84' lang='lat' dir='ltr'><strong>ex</strong></span> <span class='ocrx_word' id='word_1_180' title='bbox 1805 2081 1917 2128; x_wconf 92' lang='lat' dir='ltr'><strong>toto</strong></span> 
     </span>
    </p>
   </div>
   <div class='ocr_carea' id='block_1_23' title="bbox 341 2150 1916 2234">
    <p class='ocr_par' dir='ltr' id='par_1_23' title="bbox 341 2150 1916 2234">
     <span class='ocr_line' id='line_1_23' title="bbox 341 2150 1916 2234; baseline 0.009 -29"><span class='ocrx_word' id='word_1_181' title='bbox 341 2150 506 2208; x_wconf 92' lang='lat' dir='ltr'><strong>Deum</strong></span> <span class='ocrx_word' id='word_1_182' title='bbox 539 2170 642 2209; x_wconf 93' lang='lat' dir='ltr'><strong>non</strong></span> <span class='ocrx_word' id='word_1_183' title='bbox 688 2163 908 2226; x_wconf 85' lang='lat' dir='ltr'><strong>propter</strong></span> <span class='ocrx_word' id='word_1_184' title='bbox 952 2158 1120 2222; x_wconf 88' lang='lat' dir='ltr'><strong>aliud,</strong></span> <span class='ocrx_word' id='word_1_185' title='bbox 1172 2160 1264 2214; x_wconf 82' lang='lat' dir='ltr'><strong>sed</strong></span> <span class='ocrx_word' id='word_1_186' title='bbox 1298 2170 1519 2230; x_wconf 85' lang='lat' dir='ltr'><strong>propter</strong></span> <span class='ocrx_word' id='word_1_187' title='bbox 1555 2163 1749 2232; x_wconf 90' lang='lat' dir='ltr'><strong>ipsum,</strong></span> <span class='ocrx_word' id='word_1_188' title='bbox 1790 2166 1916 2234; x_wconf 86' lang='lat' dir='ltr'><strong>quia</strong></span> 
     </span>
    </p>
   </div>
   <div class='ocr_carea' id='block_1_24' title="bbox 338 2241 1916 2318">
    <p class='ocr_par' dir='ltr' id='par_1_24' title="bbox 338 2241 1916 2318">
     <span class='ocr_line' id='line_1_24' title="bbox 338 2241 1916 2318; baseline 0.009 -22"><span class='ocrx_word' id='word_1_189' title='bbox 338 2241 774 2301; x_wconf 84' lang='lat' dir='ltr'><strong>incommutabile</strong></span> <span class='ocrx_word' id='word_1_190' title='bbox 831 2255 885 2302; x_wconf 87' lang='lat' dir='ltr'><strong>et</strong></span> <span class='ocrx_word' id='word_1_191' title='bbox 941 2264 1212 2304; x_wconf 89' lang='lat' dir='ltr'><strong>summum</strong></span> <span class='ocrx_word' id='word_1_192' title='bbox 1275 2251 1474 2306; x_wconf 90' lang='lat' dir='ltr'><strong>bonum</strong></span> <span class='ocrx_word' id='word_1_193' title='bbox 1537 2261 1655 2318; x_wconf 87' lang='lat' dir='ltr'><strong>est;</strong></span> <span class='ocrx_word' id='word_1_194' title='bbox 1724 2255 1916 2310; x_wconf 89' lang='lat' dir='ltr'><strong>deinde</strong></span> 
     </span>
    </p>
   </div>
   <div class='ocr_carea' id='block_1_25' title="bbox 336 2333 1910 2413">
    <p class='ocr_par' dir='ltr' id='par_1_25' title="bbox 336 2333 1910 2413">
     <span class='ocr_line' id='line_1_25' title="bbox 336 2333 1910 2413; baseline 0.01 -28"><span class='ocrx_word' id='word_1_195' title='bbox 336 2333 639 2401; x_wconf 77' lang='lat' dir='ltr'><strong>proximum</strong></span> <span class='ocrx_word' id='word_1_196' title='bbox 667 2335 719 2390; x_wconf 92' lang='lat' dir='ltr'><strong>in</strong></span> <span class='ocrx_word' id='word_1_197' title='bbox 749 2335 940 2404; x_wconf 84' lang='lat' dir='ltr'><strong>Deum,</strong></span> <span class='ocrx_word' id='word_1_198' title='bbox 971 2347 1024 2393; x_wconf 90' lang='lat' dir='ltr'><strong>et</strong></span> <span class='ocrx_word' id='word_1_199' title='bbox 1049 2348 1268 2410; x_wconf 90' lang='lat' dir='ltr'><strong>pr0pter</strong></span> <span class='ocrx_word' id='word_1_200' title='bbox 1294 2341 1484 2406; x_wconf 89' lang='lat' dir='ltr'><strong>Deum,</strong></span> <span class='ocrx_word' id='word_1_201' title='bbox 1517 2354 1785 2413; x_wconf 90' lang='lat' dir='ltr'><strong>quatenus</strong></span> <span class='ocrx_word' id='word_1_202' title='bbox 1825 2352 1910 2400; x_wconf 87' lang='lat' dir='ltr'><strong>to-</strong></span> 
     </span>
    </p>
   </div>
   <div class='ocr_carea' id='block_1_26' title="bbox 337 2426 1914 2502">
    <p class='ocr_par' dir='ltr' id='par_1_26' title="bbox 337 2426 1914 2502">
     <span class='ocr_line' id='line_1_26' title="bbox 337 2426 1914 2502; baseline 0.011 -25"><span class='ocrx_word' id='word_1_203' title='bbox 337 2432 422 2478; x_wconf 91' lang='lat' dir='ltr'><strong>tus</strong></span> <span class='ocrx_word' id='word_1_204' title='bbox 452 2426 613 2482; x_wconf 89' lang='lat' dir='ltr'><strong>homo</strong></span> <span class='ocrx_word' id='word_1_205' title='bbox 641 2437 829 2486; x_wconf 89' lang='lat' dir='ltr'><strong>noster</strong></span> <span class='ocrx_word' id='word_1_206' title='bbox 854 2445 1012 2500; x_wconf 91' lang='lat' dir='ltr'><strong>quam</strong></span> <span class='ocrx_word' id='word_1_207' title='bbox 1041 2431 1413 2502; x_wconf 90' lang='lat' dir='ltr'><strong>multipliciter</strong></span> <span class='ocrx_word' id='word_1_208' title='bbox 1448 2434 1595 2489; x_wconf 88' lang='lat' dir='ltr'><strong>sitiat</strong></span> <span class='ocrx_word' id='word_1_209' title='bbox 1620 2451 1684 2492; x_wconf 90' lang='lat' dir='ltr'><strong>ac</strong></span> <span class='ocrx_word' id='word_1_210' title='bbox 1707 2438 1914 2494; x_wconf 82' lang='lat' dir='ltr'><strong>deside-</strong></span> 
     </span>
    </p>
   </div>
   <div class='ocr_carea' id='block_1_27' title="bbox 333 2516 634 2576">
    <p class='ocr_par' dir='ltr' id='par_1_27' title="bbox 333 2516 634 2576">
     <span class='ocr_line' id='line_1_27' title="bbox 333 2516 634 2576; baseline 0.02 -7"><span class='ocrx_word' id='word_1_211' title='bbox 333 2525 415 2571; x_wconf 88' lang='lat' dir='ltr'><strong>ret</strong></span> <span class='ocrx_word' id='word_1_212' title='bbox 439 2516 634 2576; x_wconf 73' lang='lat' dir='ltr'><strong>Deum.</strong></span> 
     </span>
    </p>
   </div>
   <div class='ocr_carea' id='block_1_28' title="bbox 933 2591 1284 2650">
    <p class='ocr_par' dir='ltr' id='par_1_28' title="bbox 933 2591 1284 2650">
     <span class='ocr_line' id='line_1_28' title="bbox 933 2591 1284 2650; baseline 0.006 -2"><span class='ocrx_word' id='word_1_213' title='bbox 933 2591 1159 2650; x_wconf 85' lang='lat' dir='ltr'><strong>CAPUT</strong></span> <span class='ocrx_word' id='word_1_214' title='bbox 1197 2595 1284 2650; x_wconf 76' lang='lat' dir='ltr'><strong>Vl.</strong></span> 
     </span>
    </p>
   </div>
   <div class='ocr_carea' id='block_1_29' title="bbox 491 2676 1740 2758">
    <p class='ocr_par' dir='ltr' id='par_1_29' title="bbox 491 2676 1740 2758">
     <span class='ocr_line' id='line_1_29' title="bbox 491 2676 1740 2758; baseline 0.01 -28"><span class='ocrx_word' id='word_1_215' title='bbox 491 2676 633 2744; x_wconf 85' lang='lat' dir='ltr'><strong>Quid</strong></span> <span class='ocrx_word' id='word_1_216' title='bbox 661 2679 729 2733; x_wconf 77' lang='lat' dir='ltr'><strong>sit</strong></span> <span class='ocrx_word' id='word_1_217' title='bbox 757 2681 1028 2750; x_wconf 71' lang='lat' dir='ltr'><strong>proximus</strong></span> <span class='ocrx_word' id='word_1_218' title='bbox 1054 2699 1206 2752; x_wconf 80' lang='lat' dir='ltr'><strong>quem</strong></span> <span class='ocrx_word' id='word_1_219' title='bbox 1223 2684 1478 2753; x_wconf 88' lang='lat' dir='ltr'><strong>jubemur</strong></span> <span class='ocrx_word' id='word_1_220' title='bbox 1507 2685 1740 2758; x_wconf 80' lang='lat' dir='ltr'><strong>diligere.</strong></span> 
     </span>
    </p>
   </div>
   <div class='ocr_carea' id='block_1_30' title="bbox 398 2792 1912 2870">
    <p class='ocr_par' dir='ltr' id='par_1_30' title="bbox 398 2792 1912 2870">
     <span class='ocr_line' id='line_1_30' title="bbox 398 2792 1912 2870; baseline 0.007 -23"><span class='ocrx_word' id='word_1_221' title='bbox 398 2792 684 2850; x_wconf 80' lang='lat' dir='ltr'><strong>Proximus</strong></span> <span class='ocrx_word' id='word_1_222' title='bbox 715 2805 900 2851; x_wconf 88' lang='lat' dir='ltr'><strong>noster</strong></span> <span class='ocrx_word' id='word_1_223' title='bbox 915 2797 1090 2852; x_wconf 87' lang='lat' dir='ltr'><strong>omnis</strong></span> <span class='ocrx_word' id='word_1_224' title='bbox 1123 2797 1284 2852; x_wconf 90' lang='lat' dir='ltr'><strong>homo</strong></span> <span class='ocrx_word' id='word_1_225' title='bbox 1313 2798 1574 2869; x_wconf 86' lang='lat' dir='ltr'><strong>accipitur</strong></span> <span class='ocrx_word' id='word_1_226' title='bbox 1591 2801 1673 2854; x_wconf 93' lang='lat' dir='ltr'><strong>vel</strong></span> <span class='ocrx_word' id='word_1_227' title='bbox 1695 2810 1912 2870; x_wconf 84' lang='lat' dir='ltr'><strong>propter</strong></span> 
     </span>
    </p>
   </div>
   <div class='ocr_carea' id='block_1_31' title="bbox 329 2883 1905 2963">
    <p class='ocr_par' dir='ltr' id='par_1_31' title="bbox 329 2883 1905 2963">
     <span class='ocr_line' id='line_1_31' title="bbox 329 2883 1905 2963; baseline 0.007 -25"><span class='ocrx_word' id='word_1_228' title='bbox 329 2883 688 2941; x_wconf 90' lang='lat' dir='ltr'><strong>conditionem</strong></span> <span class='ocrx_word' id='word_1_229' title='bbox 713 2883 942 2954; x_wconf 70' lang='lat' dir='ltr'><strong>natnrm,</strong></span> <span class='ocrx_word' id='word_1_230' title='bbox 975 2888 1060 2943; x_wconf 91' lang='lat' dir='ltr'><strong>vel</strong></span> <span class='ocrx_word' id='word_1_231' title='bbox 1087 2898 1307 2960; x_wconf 90' lang='lat' dir='ltr'><strong>propter</strong></span> <span class='ocrx_word' id='word_1_232' title='bbox 1334 2889 1676 2947; x_wconf 74' lang='lat' dir='ltr'><strong>efﬁcientiam</strong></span> <span class='ocrx_word' id='word_1_233' title='bbox 1706 2896 1905 2963; x_wconf 91' lang='lat' dir='ltr'><strong>operis,</strong></span> 
     </span>
    </p>
   </div>
   <div class='ocr_carea' id='block_1_32' title="bbox 327 2975 1908 3057">
    <p class='ocr_par' dir='ltr' id='par_1_32' title="bbox 327 2975 1908 3057">
     <span class='ocr_line' id='line_1_32' title="bbox 327 2975 1908 3057; baseline 0.007 -27"><span class='ocrx_word' id='word_1_234' title='bbox 327 2975 409 3030; x_wconf 82' lang='lat' dir='ltr'><strong>vel</strong></span> <span class='ocrx_word' id='word_1_235' title='bbox 445 2978 872 3047; x_wconf 89' lang='lat' dir='ltr'><strong>eompassionem</strong></span> <span class='ocrx_word' id='word_1_236' title='bbox 922 2980 1327 3036; x_wconf 78' lang='lat' dir='ltr'><strong>misericordiae.</strong></span> <span class='ocrx_word' id='word_1_237' title='bbox 1360 2980 1502 3036; x_wconf 86' lang='lat' dir='ltr'><strong>Nihil</strong></span> <span class='ocrx_word' id='word_1_238' title='bbox 1547 2984 1691 3038; x_wconf 90' lang='lat' dir='ltr'><strong>enim</strong></span> <span class='ocrx_word' id='word_1_239' title='bbox 1737 2987 1908 3057; x_wconf 86' lang='lat' dir='ltr'><strong>magis</strong></span> 
     </span>
    </p>
   </div>
   <div class='ocr_carea' id='block_1_33' title="bbox 324 3068 1906 3141">
    <p class='ocr_par' dir='ltr' id='par_1_33' title="bbox 324 3068 1906 3141">
     <span class='ocr_line' id='line_1_33' title="bbox 324 3068 1906 3141; baseline 0.008 -22"><span class='ocrx_word' id='word_1_240' title='bbox 324 3068 651 3134; x_wconf 79' lang='lat' dir='ltr'><strong>proximum,</strong></span> <span class='ocrx_word' id='word_1_241' title='bbox 681 3084 841 3138; x_wconf 91' lang='lat' dir='ltr'><strong>quam</strong></span> <span class='ocrx_word' id='word_1_242' title='bbox 874 3069 976 3125; x_wconf 88' lang='lat' dir='ltr'><strong>hoc</strong></span> <span class='ocrx_word' id='word_1_243' title='bbox 1031 3086 1150 3125; x_wconf 88' lang='lat' dir='ltr'><strong>esse</strong></span> <span class='ocrx_word' id='word_1_244' title='bbox 1188 3072 1330 3141; x_wconf 89' lang='lat' dir='ltr'><strong>quod</strong></span> <span class='ocrx_word' id='word_1_245' title='bbox 1357 3088 1454 3127; x_wconf 90' lang='lat' dir='ltr'><strong>nos</strong></span> <span class='ocrx_word' id='word_1_246' title='bbox 1482 3088 1687 3139; x_wconf 90' lang='lat' dir='ltr'><strong>sumus,</strong></span> <span class='ocrx_word' id='word_1_247' title='bbox 1719 3084 1772 3129; x_wconf 88' lang='lat' dir='ltr'><strong>et</strong></span> <span class='ocrx_word' id='word_1_248' title='bbox 1803 3077 1906 3132; x_wconf 90' lang='lat' dir='ltr'><strong>hoc</strong></span> 
     </span>
    </p>
   </div>
   <div class='ocr_carea' id='block_1_34' title="bbox 2047 527 3623 601">
    <p class='ocr_par' dir='ltr' id='par_1_34' title="bbox 2047 527 3623 601">
     <span class='ocr_line' id='line_1_34' title="bbox 2047 527 3623 601; baseline 0.012 -21"><span class='ocrx_word' id='word_1_249' title='bbox 2047 527 2145 598; x_wconf 90' lang='lat' dir='ltr'><strong>ipsi</strong></span> <span class='ocrx_word' id='word_1_250' title='bbox 2170 529 2222 583; x_wconf 94' lang='lat' dir='ltr'><strong>in</strong></span> <span class='ocrx_word' id='word_1_251' title='bbox 2235 545 2324 596; x_wconf 92' lang='lat' dir='ltr'><strong>eo,</strong></span> <span class='ocrx_word' id='word_1_252' title='bbox 2339 533 2431 601; x_wconf 91' lang='lat' dir='ltr'><strong>qui</strong></span> <span class='ocrx_word' id='word_1_253' title='bbox 2453 540 2534 588; x_wconf 88' lang='lat' dir='ltr'><strong>est</strong></span> <span class='ocrx_word' id='word_1_254' title='bbox 2558 534 2813 600; x_wconf 74' lang='lat' dir='ltr'><strong>caelestis,</strong></span> <span class='ocrx_word' id='word_1_255' title='bbox 2829 536 3080 593; x_wconf 82' lang='lat' dir='ltr'><strong>caelestes</strong></span> <span class='ocrx_word' id='word_1_256' title='bbox 3105 537 3418 595; x_wconf 83' lang='lat' dir='ltr'><strong>elliciamur.</strong></span> <span class='ocrx_word' id='word_1_257' title='bbox 3434 540 3623 599; x_wconf 78' lang='lat' dir='ltr'><strong>Nullus</strong></span> 
     </span>
    </p>
   </div>
   <div class='ocr_carea' id='block_1_35' title="bbox 2043 625 3622 707">
    <p class='ocr_par' dir='ltr' id='par_1_35' title="bbox 2043 625 3622 707">
     <span class='ocr_line' id='line_1_35' title="bbox 2043 625 3622 707; baseline 0.013 -37"><span class='ocrx_word' id='word_1_258' title='bbox 2043 632 2172 689; x_wconf 91' lang='lat' dir='ltr'><strong>ergo</strong></span> <span class='ocrx_word' id='word_1_259' title='bbox 2198 629 2452 690; x_wconf 84' lang='lat' dir='ltr'><strong>exceptus</strong></span> <span class='ocrx_word' id='word_1_260' title='bbox 2476 633 2559 679; x_wconf 90' lang='lat' dir='ltr'><strong>est</strong></span> <span class='ocrx_word' id='word_1_261' title='bbox 2583 625 2762 690; x_wconf 90' lang='lat' dir='ltr'><strong>homo,</strong></span> <span class='ocrx_word' id='word_1_262' title='bbox 2794 629 2880 682; x_wconf 91' lang='lat' dir='ltr'><strong>cui</strong></span> <span class='ocrx_word' id='word_1_263' title='bbox 2935 629 3359 688; x_wconf 89' lang='lat' dir='ltr'><strong>misericordiam</strong></span> <span class='ocrx_word' id='word_1_264' title='bbox 3393 635 3622 707; x_wconf 33' lang='lat' dir='ltr'><strong>deneges</strong></span> 
     </span>
    </p>
   </div>
   <div class='ocr_carea' id='block_1_36' title="bbox 2043 712 3617 794">
    <p class='ocr_par' dir='ltr' id='par_1_36' title="bbox 2043 712 3617 794">
     <span class='ocr_line' id='line_1_36' title="bbox 2043 712 3617 794; baseline 0.011 -34"><span class='ocrx_word' id='word_1_265' title='bbox 2043 722 2182 773; x_wconf 88' lang='lat' dir='ltr'><strong>mus;</strong></span> <span class='ocrx_word' id='word_1_266' title='bbox 2201 712 2416 780; x_wconf 88' lang='lat' dir='ltr'><strong>quando</strong></span> <span class='ocrx_word' id='word_1_267' title='bbox 2426 714 2589 768; x_wconf 88' lang='lat' dir='ltr'><strong>etiam</strong></span> <span class='ocrx_word' id='word_1_268' title='bbox 2613 715 2859 772; x_wconf 90' lang='lat' dir='ltr'><strong>inimicos</strong></span> <span class='ocrx_word' id='word_1_269' title='bbox 2872 716 3368 788; x_wconf 89' lang='lat' dir='ltr'><strong>diligerejubemur.</strong></span> <span class='ocrx_word' id='word_1_270' title='bbox 3388 722 3617 794; x_wconf 79' lang='lat' dir='ltr'><strong>Diligite,</strong></span> 
     </span>
    </p>
   </div>
   <div class='ocr_carea' id='block_1_37' title="bbox 2039 796 3619 880">
    <p class='ocr_par' dir='ltr' id='par_1_37' title="bbox 2039 796 3619 880">
     <span class='ocr_line' id='line_1_37' title="bbox 2039 796 3619 880; baseline 0.011 -30"><span class='ocrx_word' id='word_1_271' title='bbox 2039 796 2238 868; x_wconf 85' lang='lat' dir='ltr'><strong>inquit,</strong></span> <span class='ocrx_word' id='word_1_272' title='bbox 2281 803 2519 857; x_wconf 79' lang='lat' dir='ltr'><strong>inimicos</strong></span> <span class='ocrx_word' id='word_1_273' title='bbox 2552 815 2766 871; x_wconf 75' lang='lat' dir='ltr'><strong>vestros,</strong></span> <span class='ocrx_word' id='word_1_274' title='bbox 2813 807 3096 876; x_wconf 81' lang='lat' dir='ltr'><strong>benefacite</strong></span> <span class='ocrx_word' id='word_1_275' title='bbox 3137 810 3218 863; x_wconf 78' lang='lat' dir='ltr'><strong>his</strong></span> <span class='ocrx_word' id='word_1_276' title='bbox 3263 811 3351 880; x_wconf 87' lang='lat' dir='ltr'><strong>qui</strong></span> <span class='ocrx_word' id='word_1_277' title='bbox 3401 814 3619 867; x_wconf 74' lang='lat' dir='ltr'><strong>oderunt</strong></span> 
     </span>
    </p>
   </div>
   <div class='ocr_carea' id='block_1_38' title="bbox 2037 890 3616 970">
    <p class='ocr_par' dir='ltr' id='par_1_38' title="bbox 2037 890 3616 970">
     <span class='ocr_line' id='line_1_38' title="bbox 2037 890 3616 970; baseline 0.01 -28"><span class='ocrx_word' id='word_1_278' title='bbox 2037 904 2125 943; x_wconf 79' lang='lat' dir='ltr'><strong>vos</strong></span> <span class='ocrx_word' id='word_1_279' title='bbox 2146 890 2370 959; x_wconf 76' lang='lat' dir='ltr'><strong>(Matth.</strong></span> <span class='ocrx_word' id='word_1_280' title='bbox 2393 909 2447 960; x_wconf 84' lang='lat' dir='ltr'><strong>v,</strong></span> <span class='ocrx_word' id='word_1_281' title='bbox 2471 895 2572 965; x_wconf 76' lang='grc'><strong>44)</strong></span> <span class='ocrx_word' id='word_1_282' title='bbox 2608 907 2653 949; x_wconf 73' lang='grc' dir='ltr'><strong>θ.</strong></span> <span class='ocrx_word' id='word_1_283' title='bbox 2686 895 2872 952; x_wconf 88' lang='lat' dir='ltr'><strong>Omnis</strong></span> <span class='ocrx_word' id='word_1_284' title='bbox 2895 899 3040 952; x_wconf 85' lang='lat' dir='ltr'><strong>enim</strong></span> <span class='ocrx_word' id='word_1_285' title='bbox 3067 901 3246 964; x_wconf 83' lang='lat' dir='ltr'><strong>humo,</strong></span> <span class='ocrx_word' id='word_1_286' title='bbox 3280 913 3369 956; x_wconf 90' lang='lat' dir='ltr'><strong>aut</strong></span> <span class='ocrx_word' id='word_1_287' title='bbox 3389 905 3616 970; x_wconf 91' lang='lat' dir='ltr'><strong>amicus,</strong></span> 
     </span>
    </p>
   </div>
   <div class='ocr_carea' id='block_1_39' title="bbox 2039 981 3619 1062">
    <p class='ocr_par' dir='ltr' id='par_1_39' title="bbox 2039 981 3619 1062">
     <span class='ocr_line' id='line_1_39' title="bbox 2039 981 3619 1062; baseline 0.01 -30"><span class='ocrx_word' id='word_1_288' title='bbox 2039 989 2131 1034; x_wconf 89' lang='lat' dir='ltr'><strong>aut</strong></span> <span class='ocrx_word' id='word_1_289' title='bbox 2155 981 2407 1038; x_wconf 91' lang='lat' dir='ltr'><strong>inimicus</strong></span> <span class='ocrx_word' id='word_1_290' title='bbox 2438 986 2594 1040; x_wconf 91' lang='lat' dir='ltr'><strong>nobis</strong></span> <span class='ocrx_word' id='word_1_291' title='bbox 2625 987 2912 1055; x_wconf 87' lang='lat' dir='ltr'><strong>probatur;</strong></span> <span class='ocrx_word' id='word_1_292' title='bbox 2939 989 3139 1044; x_wconf 88' lang='lat' dir='ltr'><strong>idcirco</strong></span> <span class='ocrx_word' id='word_1_293' title='bbox 3171 1005 3328 1046; x_wconf 88' lang='lat' dir='ltr'><strong>nemo</strong></span> <span class='ocrx_word' id='word_1_294' title='bbox 3353 994 3619 1062; x_wconf 79' lang='lat' dir='ltr'><strong>excipitur</strong></span> 
     </span>
    </p>
   </div>
   <div class='ocr_carea' id='block_1_40' title="bbox 2039 1070 3617 1148">
    <p class='ocr_par' dir='ltr' id='par_1_40' title="bbox 2039 1070 3617 1148">
     <span class='ocr_line' id='line_1_40' title="bbox 2039 1070 3617 1148; baseline 0.009 -24"><span class='ocrx_word' id='word_1_295' title='bbox 2039 1071 2107 1124; x_wconf 92' lang='lat' dir='ltr'><strong>ab</strong></span> <span class='ocrx_word' id='word_1_296' title='bbox 2136 1070 2310 1127; x_wconf 80' lang='lat' dir='ltr'><strong>oﬂicio</strong></span> <span class='ocrx_word' id='word_1_297' title='bbox 2346 1075 2582 1144; x_wconf 90' lang='lat' dir='ltr'><strong>pietatis,</strong></span> <span class='ocrx_word' id='word_1_298' title='bbox 2617 1077 2741 1145; x_wconf 90' lang='lat' dir='ltr'><strong>quia</strong></span> <span class='ocrx_word' id='word_1_299' title='bbox 2773 1078 2990 1134; x_wconf 86' lang='lat' dir='ltr'><strong>dilectio</strong></span> <span class='ocrx_word' id='word_1_300' title='bbox 3016 1081 3243 1148; x_wconf 80' lang='lat' dir='ltr'><strong>proximi</strong></span> <span class='ocrx_word' id='word_1_301' title='bbox 3276 1082 3476 1136; x_wconf 89' lang='lat' dir='ltr'><strong>malum</strong></span> <span class='ocrx_word' id='word_1_302' title='bbox 3509 1098 3617 1138; x_wconf 90' lang='lat' dir='ltr'><strong>non</strong></span> 
     </span>
    </p>
   </div>
   <div class='ocr_carea' id='block_1_41' title="bbox 2035 1168 3620 1237">
    <p class='ocr_par' dir='ltr' id='par_1_41' title="bbox 2035 1168 3620 1237">
     <span class='ocr_line' id='line_1_41' title="bbox 2035 1168 3620 1237; baseline 0.007 -22"><span class='ocrx_word' id='word_1_303' title='bbox 2035 1172 2327 1230; x_wconf 87' lang='lat' dir='ltr'><strong>operatur;</strong></span> <span class='ocrx_word' id='word_1_304' title='bbox 2362 1181 2548 1220; x_wconf 89' lang='lat' dir='ltr'><strong>verum</strong></span> <span class='ocrx_word' id='word_1_305' title='bbox 2597 1168 2760 1221; x_wconf 90' lang='lat' dir='ltr'><strong>etiam</strong></span> <span class='ocrx_word' id='word_1_306' title='bbox 2811 1169 3286 1237; x_wconf 61' lang='lat' dir='ltr'><strong>praestantissimos</strong></span> <span class='ocrx_word' id='word_1_307' title='bbox 3335 1171 3401 1224; x_wconf 90' lang='lat' dir='ltr'><strong>ad</strong></span> <span class='ocrx_word' id='word_1_308' title='bbox 3459 1187 3620 1228; x_wconf 89' lang='lat' dir='ltr'><strong>omne</strong></span> 
     </span>
    </p>
   </div>
   <div class='ocr_carea' id='block_1_42' title="bbox 2035 1252 3619 1330">
    <p class='ocr_par' dir='ltr' id='par_1_42' title="bbox 2035 1252 3619 1330">
     <span class='ocr_line' id='line_1_42' title="bbox 2035 1252 3619 1330; baseline 0.008 -26"><span class='ocrx_word' id='word_1_309' title='bbox 2035 1264 2169 1319; x_wconf 91' lang='lat' dir='ltr'><strong>opus</strong></span> <span class='ocrx_word' id='word_1_310' title='bbox 2192 1252 2387 1308; x_wconf 91' lang='lat' dir='ltr'><strong>bonum</strong></span> <span class='ocrx_word' id='word_1_311' title='bbox 2419 1270 2516 1310; x_wconf 93' lang='lat' dir='ltr'><strong>nos</strong></span> <span class='ocrx_word' id='word_1_312' title='bbox 2539 1255 2695 1322; x_wconf 83' lang='lat' dir='ltr'><strong>facit;</strong></span> <span class='ocrx_word' id='word_1_313' title='bbox 2729 1258 2872 1312; x_wconf 89' lang='lat' dir='ltr'><strong>unde</strong></span> <span class='ocrx_word' id='word_1_314' title='bbox 2910 1259 3184 1328; x_wconf 90' lang='lat' dir='ltr'><strong>plenitudo</strong></span> <span class='ocrx_word' id='word_1_315' title='bbox 3224 1259 3356 1330; x_wconf 82' lang='lat' dir='ltr'><strong>legis</strong></span> <span class='ocrx_word' id='word_1_316' title='bbox 3381 1260 3619 1316; x_wconf 80' lang='lat' dir='ltr'><strong>Charitas</strong></span> 
     </span>
    </p>
   </div>
   <div class='ocr_carea' id='block_1_43' title="bbox 2035 1340 3617 1420">
    <p class='ocr_par' dir='ltr' id='par_1_43' title="bbox 2035 1340 3617 1420">
     <span class='ocr_line' id='line_1_43' title="bbox 2035 1340 3617 1420; baseline 0.008 -28"><span class='ocrx_word' id='word_1_317' title='bbox 2035 1340 2353 1408; x_wconf 75' lang='lat' dir='ltr'><strong>appellatur.</strong></span> <span class='ocrx_word' id='word_1_318' title='bbox 2392 1342 2736 1399; x_wconf 84' lang='lat' dir='ltr'><strong>Manifestum</strong></span> <span class='ocrx_word' id='word_1_319' title='bbox 2763 1346 2926 1417; x_wconf 85' lang='lat' dir='ltr'><strong>igitur</strong></span> <span class='ocrx_word' id='word_1_320' title='bbox 2950 1347 3050 1402; x_wconf 91' lang='lat' dir='ltr'><strong>sub</strong></span> <span class='ocrx_word' id='word_1_321' title='bbox 3080 1349 3181 1404; x_wconf 89' lang='lat' dir='ltr'><strong>hoc</strong></span> <span class='ocrx_word' id='word_1_322' title='bbox 3203 1361 3486 1420; x_wconf 73' lang='lat' dir='ltr'><strong>pnecepto,</strong></span> <span class='ocrx_word' id='word_1_323' title='bbox 3507 1365 3617 1419; x_wconf 92' lang='lat' dir='ltr'><strong>quo</strong></span> 
     </span>
    </p>
   </div>
   <div class='ocr_carea' id='block_1_44' title="bbox 2033 1429 3615 1511">
    <p class='ocr_par' dir='ltr' id='par_1_44' title="bbox 2033 1429 3615 1511">
     <span class='ocr_line' id='line_1_44' title="bbox 2033 1429 3615 1511; baseline 0.009 -30"><span class='ocrx_word' id='word_1_324' title='bbox 2033 1429 2306 1497; x_wconf 79' lang='lat' dir='ltr'><strong>proximos</strong></span> <span class='ocrx_word' id='word_1_325' title='bbox 2347 1433 2571 1504; x_wconf 89' lang='lat' dir='ltr'><strong>diligere</strong></span> <span class='ocrx_word' id='word_1_326' title='bbox 2607 1434 2878 1504; x_wconf 74' lang='lat' dir='ltr'><strong>iubemur,</strong></span> <span class='ocrx_word' id='word_1_327' title='bbox 2924 1437 3086 1492; x_wconf 83' lang='lat' dir='ltr'><strong>etiam</strong></span> <span class='ocrx_word' id='word_1_328' title='bbox 3138 1447 3354 1494; x_wconf 89' lang='lat' dir='ltr'><strong>sanctos</strong></span> <span class='ocrx_word' id='word_1_329' title='bbox 3397 1439 3615 1511; x_wconf 86' lang='lat' dir='ltr'><strong>angelos</strong></span> 
     </span>
    </p>
   </div>
   <div class='ocr_carea' id='block_1_45' title="bbox 2031 1522 3612 1601">
    <p class='ocr_par' dir='ltr' id='par_1_45' title="bbox 2031 1522 3612 1601">
     <span class='ocr_line' id='line_1_45' title="bbox 2031 1522 3612 1601; baseline 0.008 -26"><span class='ocrx_word' id='word_1_330' title='bbox 2031 1522 2315 1587; x_wconf 87' lang='lat' dir='ltr'><strong>contineri,</strong></span> <span class='ocrx_word' id='word_1_331' title='bbox 2345 1539 2374 1578; x_wconf 91' lang='lat' dir='ltr'><strong>a</strong></span> <span class='ocrx_word' id='word_1_332' title='bbox 2406 1527 2601 1595; x_wconf 91' lang='lat' dir='ltr'><strong>quibus</strong></span> <span class='ocrx_word' id='word_1_333' title='bbox 2628 1529 2781 1582; x_wconf 90' lang='lat' dir='ltr'><strong>nobis</strong></span> <span class='ocrx_word' id='word_1_334' title='bbox 2810 1537 2970 1584; x_wconf 71' lang='lat' dir='ltr'><strong>tanta:</strong></span> <span class='ocrx_word' id='word_1_335' title='bbox 3000 1531 3384 1585; x_wconf 74' lang='lat' dir='ltr'><strong>misericordiae</strong></span> <span class='ocrx_word' id='word_1_336' title='bbox 3403 1532 3612 1601; x_wconf 90' lang='lat' dir='ltr'><strong>impen-</strong></span> 
     </span>
    </p>
   </div>
   <div class='ocr_carea' id='block_1_46' title="bbox 2031 1611 3610 1690">
    <p class='ocr_par' dir='ltr' id='par_1_46' title="bbox 2031 1611 3610 1690">
     <span class='ocr_line' id='line_1_46' title="bbox 2031 1611 3610 1690; baseline 0.006 -24"><span class='ocrx_word' id='word_1_337' title='bbox 2031 1611 2231 1667; x_wconf 91' lang='lat' dir='ltr'><strong>duntur</strong></span> <span class='ocrx_word' id='word_1_338' title='bbox 2249 1615 2443 1680; x_wconf 79' lang='lat' dir='ltr'><strong>cilicia,</strong></span> <span class='ocrx_word' id='word_1_339' title='bbox 2474 1626 2676 1685; x_wconf 89' lang='lat' dir='ltr'><strong>quanta</strong></span> <span class='ocrx_word' id='word_1_340' title='bbox 2715 1618 2767 1672; x_wconf 92' lang='lat' dir='ltr'><strong>in</strong></span> <span class='ocrx_word' id='word_1_341' title='bbox 2803 1617 3100 1690; x_wconf 89' lang='lat' dir='ltr'><strong>Scripturis</strong></span> <span class='ocrx_word' id='word_1_342' title='bbox 3131 1621 3334 1675; x_wconf 82' lang='lat' dir='ltr'><strong>sanctis</strong></span> <span class='ocrx_word' id='word_1_343' title='bbox 3373 1621 3610 1675; x_wconf 88' lang='lat' dir='ltr'><strong>animad-</strong></span> 
     </span>
    </p>
   </div>
   <div class='ocr_carea' id='block_1_47' title="bbox 2029 1711 3606 1784">
    <p class='ocr_par' dir='ltr' id='par_1_47' title="bbox 2029 1711 3606 1784">
     <span class='ocr_line' id='line_1_47' title="bbox 2029 1711 3606 1784; baseline 0.008 -27"><span class='ocrx_word' id='word_1_344' title='bbox 2029 1714 2237 1760; x_wconf 75' lang='lat' dir='ltr'><strong>vertere</strong></span> <span class='ocrx_word' id='word_1_345' title='bbox 2267 1722 2590 1776; x_wconf 90' lang='lat' dir='ltr'><strong>possumus;</strong></span> <span class='ocrx_word' id='word_1_346' title='bbox 2623 1711 2877 1779; x_wconf 91' lang='lat' dir='ltr'><strong>quoniam</strong></span> <span class='ocrx_word' id='word_1_347' title='bbox 2913 1712 3207 1766; x_wconf 84' lang='lat' dir='ltr'><strong>secundum</strong></span> <span class='ocrx_word' id='word_1_348' title='bbox 3235 1712 3548 1784; x_wconf 85' lang='lat' dir='ltr'><strong>Apostolum</strong></span> <span class='ocrx_word' id='word_1_349' title='bbox 3583 1712 3606 1752; x_wconf 71' lang='grc' dir='ltr'><em>τ</em></span> 
     </span>
    </p>
   </div>
   <div class='ocr_carea' id='block_1_48' title="bbox 2026 1795 3603 1874">
    <p class='ocr_par' dir='ltr' id='par_1_48' title="bbox 2026 1795 3603 1874">
     <span class='ocr_line' id='line_1_48' title="bbox 2026 1795 3603 1874; baseline 0.008 -27"><span class='ocrx_word' id='word_1_350' title='bbox 2026 1795 2126 1864; x_wconf 85' lang='lat' dir='ltr'><strong>ipsi</strong></span> <span class='ocrx_word' id='word_1_351' title='bbox 2146 1797 2596 1855; x_wconf 79' lang='lat' dir='ltr'><strong>administratores</strong></span> <span class='ocrx_word' id='word_1_352' title='bbox 2621 1811 2740 1856; x_wconf 79' lang='lat' dir='ltr'><strong>sunt</strong></span> <span class='ocrx_word' id='word_1_353' title='bbox 2787 1819 2965 1856; x_wconf 83' lang='lat' dir='ltr'><strong>eorum</strong></span> <span class='ocrx_word' id='word_1_354' title='bbox 2989 1804 3042 1858; x_wconf 86' lang='lat' dir='ltr'><strong>in</strong></span> <span class='ocrx_word' id='word_1_355' title='bbox 3091 1805 3380 1859; x_wconf 80' lang='lat' dir='ltr'><strong>ministerio</strong></span> <span class='ocrx_word' id='word_1_356' title='bbox 3422 1806 3603 1874; x_wconf 78' lang='lat' dir='ltr'><strong>positi,</strong></span> 
     </span>
    </p>
   </div>
   <div class='ocr_carea' id='block_1_49' title="bbox 2023 1883 3602 1964">
    <p class='ocr_par' dir='ltr' id='par_1_49' title="bbox 2023 1883 3602 1964">
     <span class='ocr_line' id='line_1_49' title="bbox 2023 1883 3602 1964; baseline 0.007 -29"><span class='ocrx_word' id='word_1_357' title='bbox 2023 1883 2115 1952; x_wconf 85' lang='lat' dir='ltr'><strong>qui</strong></span> <span class='ocrx_word' id='word_1_358' title='bbox 2134 1885 2489 1940; x_wconf 74' lang='lat' dir='ltr'><strong>[nereditatem</strong></span> <span class='ocrx_word' id='word_1_359' title='bbox 2535 1891 2798 1958; x_wconf 85' lang='lat' dir='ltr'><strong>accepturi</strong></span> <span class='ocrx_word' id='word_1_360' title='bbox 2822 1899 2942 1944; x_wconf 78' lang='lat' dir='ltr'><strong>sunt</strong></span> <span class='ocrx_word' id='word_1_361' title='bbox 2987 1890 3174 1945; x_wconf 74' lang='lat' dir='ltr'><strong>salutis</strong></span> <span class='ocrx_word' id='word_1_362' title='bbox 3204 1891 3388 1961; x_wconf 81' lang='lat' dir='ltr'><strong>(Hebr.</strong></span> <span class='ocrx_word' id='word_1_363' title='bbox 3415 1908 3455 1958; x_wconf 80' lang='grc' dir='ltr'><strong>ι,</strong></span> <span class='ocrx_word' id='word_1_364' title='bbox 3482 1892 3602 1964; x_wconf 63' lang='lat' dir='ltr'><strong>id).</strong></span> 
     </span>
    </p>
   </div>
   <div class='ocr_carea' id='block_1_50' title="bbox 2023 1972 3607 2056">
    <p class='ocr_par' dir='ltr' id='par_1_50' title="bbox 2023 1972 3607 2056">
     <span class='ocr_line' id='line_1_50' title="bbox 2023 1972 3607 2056; baseline 0.009 -31"><span class='ocrx_word' id='word_1_365' title='bbox 2023 1972 2361 2044; x_wconf 82' lang='lat' dir='ltr'><strong>Quapropter</strong></span> <span class='ocrx_word' id='word_1_366' title='bbox 2383 1975 2508 2044; x_wconf 87' lang='lat' dir='ltr'><strong>jure</strong></span> <span class='ocrx_word' id='word_1_367' title='bbox 2540 1980 2565 2018; x_wconf 74' lang='grc' dir='ltr'><strong>δ</strong></span> <span class='ocrx_word' id='word_1_368' title='bbox 2586 1979 2816 2048; x_wconf 83' lang='lat' dir='ltr'><strong>proximi</strong></span> <span class='ocrx_word' id='word_1_369' title='bbox 2851 1991 3159 2048; x_wconf 89' lang='lat' dir='ltr'><strong>censentur,</strong></span> <span class='ocrx_word' id='word_1_370' title='bbox 3189 1985 3278 2052; x_wconf 90' lang='lat' dir='ltr'><strong>qui</strong></span> <span class='ocrx_word' id='word_1_371' title='bbox 3315 1986 3468 2040; x_wconf 91' lang='lat' dir='ltr'><strong>nobis</strong></span> <span class='ocrx_word' id='word_1_372' title='bbox 3489 1986 3607 2056; x_wconf 87' lang='lat' dir='ltr'><strong>plu-</strong></span> 
     </span>
    </p>
   </div>
   <div class='ocr_carea' id='block_1_51' title="bbox 2022 2064 3606 2144">
    <p class='ocr_par' dir='ltr' id='par_1_51' title="bbox 2022 2064 3606 2144">
     <span class='ocr_line' id='line_1_51' title="bbox 2022 2064 3606 2144; baseline 0.009 -27"><span class='ocrx_word' id='word_1_373' title='bbox 2022 2064 2158 2118; x_wconf 93' lang='lat' dir='ltr'><strong>rima</strong></span> <span class='ocrx_word' id='word_1_374' title='bbox 2201 2066 2584 2122; x_wconf 71' lang='lat' dir='ltr'><strong>misericordiae</strong></span> <span class='ocrx_word' id='word_1_375' title='bbox 2613 2083 2776 2138; x_wconf 81' lang='lat' dir='ltr'><strong>Opera</strong></span> <span class='ocrx_word' id='word_1_376' title='bbox 2808 2070 3139 2140; x_wconf 87' lang='lat' dir='ltr'><strong>impendunt,</strong></span> <span class='ocrx_word' id='word_1_377' title='bbox 3171 2088 3235 2127; x_wconf 86' lang='lat' dir='ltr'><strong>ex</strong></span> <span class='ocrx_word' id='word_1_378' title='bbox 3277 2090 3382 2144; x_wconf 92' lang='lat' dir='ltr'><strong>quo</strong></span> <span class='ocrx_word' id='word_1_379' title='bbox 3423 2086 3477 2131; x_wconf 92' lang='lat' dir='ltr'><strong>et</strong></span> <span class='ocrx_word' id='word_1_380' title='bbox 3500 2077 3606 2131; x_wconf 95' lang='lat' dir='ltr'><strong>Do-</strong></span> 
     </span>
    </p>
   </div>
   <div class='ocr_carea' id='block_1_52' title="bbox 2021 2156 3602 2231">
    <p class='ocr_par' dir='ltr' id='par_1_52' title="bbox 2021 2156 3602 2231">
     <span class='ocr_line' id='line_1_52' title="bbox 2021 2156 3602 2231; baseline 0.008 -22"><span class='ocrx_word' id='word_1_381' title='bbox 2021 2156 2201 2210; x_wconf 85' lang='lat' dir='ltr'><strong>minus</strong></span> <span class='ocrx_word' id='word_1_382' title='bbox 2224 2167 2426 2224; x_wconf 90' lang='lat' dir='ltr'><strong>noster,</strong></span> <span class='ocrx_word' id='word_1_383' title='bbox 2469 2160 2593 2229; x_wconf 89' lang='lat' dir='ltr'><strong>quia</strong></span> <span class='ocrx_word' id='word_1_384' title='bbox 2645 2160 3022 2217; x_wconf 84' lang='lat' dir='ltr'><strong>Samaritanus</strong></span> <span class='ocrx_word' id='word_1_385' title='bbox 3058 2174 3244 2219; x_wconf 89' lang='lat' dir='ltr'><strong>noster</strong></span> <span class='ocrx_word' id='word_1_386' title='bbox 3269 2182 3388 2221; x_wconf 88' lang='lat' dir='ltr'><strong>esse</strong></span> <span class='ocrx_word' id='word_1_387' title='bbox 3414 2167 3602 2231; x_wconf 85' lang='lat' dir='ltr'><strong>voluit,</strong></span> 
     </span>
    </p>
   </div>
   <div class='ocr_carea' id='block_1_53' title="bbox 2019 2251 3600 2328">
    <p class='ocr_par' dir='ltr' id='par_1_53' title="bbox 2019 2251 3600 2328">
     <span class='ocr_line' id='line_1_53' title="bbox 2019 2251 3600 2328; baseline 0.007 -24"><span class='ocrx_word' id='word_1_388' title='bbox 2019 2251 2238 2307; x_wconf 88' lang='lat' dir='ltr'><strong>relictos</strong></span> <span class='ocrx_word' id='word_1_389' title='bbox 2271 2269 2368 2307; x_wconf 89' lang='lat' dir='ltr'><strong>nos</strong></span> <span class='ocrx_word' id='word_1_390' title='bbox 2391 2269 2422 2306; x_wconf 91' lang='lat' dir='ltr'><strong>a</strong></span> <span class='ocrx_word' id='word_1_391' title='bbox 2454 2253 2756 2310; x_wconf 89' lang='lat' dir='ltr'><strong>latronibus</strong></span> <span class='ocrx_word' id='word_1_392' title='bbox 2778 2255 3067 2312; x_wconf 77' lang='lat' dir='ltr'><strong>semiviros</strong></span> <span class='ocrx_word' id='word_1_393' title='bbox 3089 2257 3333 2328; x_wconf 74' lang='lat' dir='ltr'><strong>iacentes</strong></span> <span class='ocrx_word' id='word_1_394' title='bbox 3368 2261 3600 2316; x_wconf 90' lang='lat' dir='ltr'><strong>invenit:</strong></span> 
     </span>
    </p>
   </div>
   <div class='ocr_carea' id='block_1_54' title="bbox 2016 2345 3603 2418">
    <p class='ocr_par' dir='ltr' id='par_1_54' title="bbox 2016 2345 3603 2418">
     <span class='ocr_line' id='line_1_54' title="bbox 2016 2345 3603 2418; baseline 0.006 -20"><span class='ocrx_word' id='word_1_395' title='bbox 2016 2353 2069 2398; x_wconf 90' lang='lat' dir='ltr'><strong>et</strong></span> <span class='ocrx_word' id='word_1_396' title='bbox 2095 2345 2218 2414; x_wconf 89' lang='lat' dir='ltr'><strong>quia</strong></span> <span class='ocrx_word' id='word_1_397' title='bbox 2251 2345 2571 2400; x_wconf 87' lang='lat' dir='ltr'><strong>medicinam</strong></span> <span class='ocrx_word' id='word_1_398' title='bbox 2593 2347 2784 2401; x_wconf 86' lang='lat' dir='ltr'><strong>salutis</strong></span> <span class='ocrx_word' id='word_1_399' title='bbox 2808 2347 3088 2417; x_wconf 82' lang='lat' dir='ltr'><strong>impendit,</strong></span> <span class='ocrx_word' id='word_1_400' title='bbox 3115 2350 3392 2418; x_wconf 82' lang='lat' dir='ltr'><strong>proximus</strong></span> <span class='ocrx_word' id='word_1_401' title='bbox 3431 2351 3603 2408; x_wconf 88' lang='lat' dir='ltr'><strong>factus</strong></span> 
     </span>
    </p>
   </div>
   <div class='ocr_carea' id='block_1_55' title="bbox 2016 2435 3600 2507">
    <p class='ocr_par' dir='ltr' id='par_1_55' title="bbox 2016 2435 3600 2507">
     <span class='ocr_line' id='line_1_55' title="bbox 2016 2435 3600 2507; baseline 0.005 -19"><span class='ocrx_word' id='word_1_402' title='bbox 2016 2444 2097 2489; x_wconf 90' lang='lat' dir='ltr'><strong>est</strong></span> <span class='ocrx_word' id='word_1_403' title='bbox 2129 2435 2304 2498; x_wconf 88' lang='lat' dir='ltr'><strong>nobis,</strong></span> <span class='ocrx_word' id='word_1_404' title='bbox 2336 2437 2402 2489; x_wconf 88' lang='lat' dir='ltr'><strong>ad</strong></span> <span class='ocrx_word' id='word_1_405' title='bbox 2439 2451 2538 2490; x_wconf 93' lang='lat' dir='ltr'><strong>nos</strong></span> <span class='ocrx_word' id='word_1_406' title='bbox 2567 2437 2787 2492; x_wconf 88' lang='lat' dir='ltr'><strong>veniens</strong></span> <span class='ocrx_word' id='word_1_407' title='bbox 2825 2452 2922 2505; x_wconf 91' lang='lat' dir='ltr'><strong>per</strong></span> <span class='ocrx_word' id='word_1_408' title='bbox 2949 2438 3048 2492; x_wconf 92' lang='lat' dir='ltr'><strong>hoc</strong></span> <span class='ocrx_word' id='word_1_409' title='bbox 3077 2439 3220 2507; x_wconf 91' lang='lat' dir='ltr'><strong>quod</strong></span> <span class='ocrx_word' id='word_1_410' title='bbox 3244 2455 3371 2494; x_wconf 92' lang='lat' dir='ltr'><strong>caro</strong></span> <span class='ocrx_word' id='word_1_411' title='bbox 3398 2439 3600 2496; x_wconf 90' lang='lat' dir='ltr'><strong>factum</strong></span> 
     </span>
    </p>
   </div>
   <div class='ocr_carea' id='block_1_56' title="bbox 2015 2523 3596 2598">
    <p class='ocr_par' dir='ltr' id='par_1_56' title="bbox 2015 2523 3596 2598">
     <span class='ocr_line' id='line_1_56' title="bbox 2015 2523 3596 2598; baseline 0.004 -21"><span class='ocrx_word' id='word_1_412' title='bbox 2015 2531 2100 2578; x_wconf 89' lang='lat' dir='ltr'><strong>est</strong></span> <span class='ocrx_word' id='word_1_413' title='bbox 2129 2523 2472 2579; x_wconf 86' lang='lat' dir='ltr'><strong>cthabitavit</strong></span> <span class='ocrx_word' id='word_1_414' title='bbox 2521 2525 2572 2578; x_wconf 93' lang='lat' dir='ltr'><strong>in</strong></span> <span class='ocrx_word' id='word_1_415' title='bbox 2621 2524 2796 2581; x_wconf 89' lang='lat' dir='ltr'><strong>nobis.</strong></span> <span class='ocrx_word' id='word_1_416' title='bbox 2851 2524 2987 2580; x_wconf 82' lang='lat' dir='ltr'><strong>llinc</strong></span> <span class='ocrx_word' id='word_1_417' title='bbox 3025 2541 3240 2596; x_wconf 88' lang='lat' dir='ltr'><strong>quoque</strong></span> <span class='ocrx_word' id='word_1_418' title='bbox 3289 2527 3596 2598; x_wconf 88' lang='lat' dir='ltr'><strong>Propheta:</strong></span> 
     </span>
    </p>
   </div>
   <div class='ocr_carea' id='block_1_57' title="bbox 2018 2614 3602 2687">
    <p class='ocr_par' dir='ltr' id='par_1_57' title="bbox 2018 2614 3602 2687">
     <span class='ocr_line' id='line_1_57' title="bbox 2018 2614 3602 2687; baseline 0.004 -20"><span class='ocrx_word' id='word_1_419' title='bbox 2018 2614 2182 2679; x_wconf 72' lang='lat' dir='ltr'><strong>Quasi</strong></span> <span class='ocrx_word' id='word_1_420' title='bbox 2203 2616 2520 2685; x_wconf 73' lang='lat' dir='ltr'><strong>proximum,</strong></span> <span class='ocrx_word' id='word_1_421' title='bbox 2538 2616 2730 2686; x_wconf 88' lang='lat' dir='ltr'><strong>inquit,</strong></span> <span class='ocrx_word' id='word_1_422' title='bbox 2749 2624 2797 2670; x_wconf 84' lang='lat' dir='ltr'><strong>et</strong></span> <span class='ocrx_word' id='word_1_423' title='bbox 2816 2618 2970 2687; x_wconf 83' lang='lat' dir='ltr'><strong>quasi</strong></span> <span class='ocrx_word' id='word_1_424' title='bbox 2991 2617 3208 2685; x_wconf 78' lang='lat' dir='ltr'><strong>fratrem</strong></span> <span class='ocrx_word' id='word_1_425' title='bbox 3233 2629 3486 2685; x_wconf 76' lang='lat' dir='ltr'><strong>nostrum,</strong></span> <span class='ocrx_word' id='word_1_426' title='bbox 3523 2620 3602 2674; x_wconf 75' lang='lat' dir='ltr'><strong>sic</strong></span> 
     </span>
    </p>
   </div>
   <div class='ocr_carea' id='block_1_58' title="bbox 2014 2706 3599 2780">
    <p class='ocr_par' dir='ltr' id='par_1_58' title="bbox 2014 2706 3599 2780">
     <span class='ocr_line' id='line_1_58' title="bbox 2014 2706 3599 2780; baseline 0.005 -21"><span class='ocrx_word' id='word_1_427' title='bbox 2014 2707 2396 2777; x_wconf 85' lang='lat' dir='ltr'><strong>complacebam</strong></span> <span class='ocrx_word' id='word_1_428' title='bbox 2446 2706 2573 2779; x_wconf 78' lang='lat' dir='ltr'><strong>(Ps.</strong></span> <span class='ocrx_word' id='word_1_429' title='bbox 2605 2725 2789 2772; x_wconf 76' lang='lat' dir='ltr'><strong>xxxiv,</strong></span> <span class='ocrx_word' id='word_1_430' title='bbox 2833 2709 2964 2778; x_wconf 58' lang='lat' dir='ltr'><strong>l5):</strong></span> <span class='ocrx_word' id='word_1_431' title='bbox 3007 2725 3101 2764; x_wconf 91' lang='lat' dir='ltr'><strong>seu</strong></span> <span class='ocrx_word' id='word_1_432' title='bbox 3129 2710 3381 2780; x_wconf 87' lang='lat' dir='ltr'><strong>quoniam</strong></span> <span class='ocrx_word' id='word_1_433' title='bbox 3416 2713 3599 2766; x_wconf 83' lang='lat' dir='ltr'><strong>excel-</strong></span> 
     </span>
    </p>
   </div>
   <div class='ocr_carea' id='block_1_59' title="bbox 2011 2797 3598 2867">
    <p class='ocr_par' dir='ltr' id='par_1_59' title="bbox 2011 2797 3598 2867">
     <span class='ocr_line' id='line_1_59' title="bbox 2011 2797 3598 2867; baseline 0.006 -17"><span class='ocrx_word' id='word_1_434' title='bbox 2011 2797 2208 2852; x_wconf 92' lang='lat' dir='ltr'><strong>lentior</strong></span> <span class='ocrx_word' id='word_1_435' title='bbox 2236 2814 2397 2866; x_wconf 89' lang='lat' dir='ltr'><strong>supra</strong></span> <span class='ocrx_word' id='word_1_436' title='bbox 2445 2815 2544 2855; x_wconf 86' lang='lat' dir='ltr'><strong>nos</strong></span> <span class='ocrx_word' id='word_1_437' title='bbox 2591 2809 2674 2854; x_wconf 91' lang='lat' dir='ltr'><strong>est</strong></span> <span class='ocrx_word' id='word_1_438' title='bbox 2721 2801 2902 2855; x_wconf 88' lang='lat' dir='ltr'><strong>divina</strong></span> <span class='ocrx_word' id='word_1_439' title='bbox 2949 2809 3176 2867; x_wconf 89' lang='lat' dir='ltr'><strong>natura,</strong></span> <span class='ocrx_word' id='word_1_440' title='bbox 3227 2801 3482 2857; x_wconf 84' lang='lat' dir='ltr'><strong>distincta</strong></span> <span class='ocrx_word' id='word_1_441' title='bbox 3514 2812 3598 2859; x_wconf 79' lang='lat' dir='ltr'><strong>est</strong></span> 
     </span>
    </p>
   </div>
   <div class='ocr_carea' id='block_1_60' title="bbox 2012 2887 3586 2962">
    <p class='ocr_par' dir='ltr' id='par_1_60' title="bbox 2012 2887 3586 2962">
     <span class='ocr_line' id='line_1_60' title="bbox 2012 2887 3586 2962; baseline 0.004 -20"><span class='ocrx_word' id='word_1_442' title='bbox 2012 2887 2105 2943; x_wconf 91' lang='lat' dir='ltr'><strong>Dei</strong></span> <span class='ocrx_word' id='word_1_443' title='bbox 2136 2888 2352 2943; x_wconf 85' lang='lat' dir='ltr'><strong>dilectio</strong></span> <span class='ocrx_word' id='word_1_444' title='bbox 2382 2905 2411 2943; x_wconf 90' lang='lat' dir='ltr'><strong>a</strong></span> <span class='ocrx_word' id='word_1_445' title='bbox 2443 2890 2726 2945; x_wconf 86' lang='lat' dir='ltr'><strong>dilectione</strong></span> <span class='ocrx_word' id='word_1_446' title='bbox 2754 2892 2986 2960; x_wconf 85' lang='lat' dir='ltr'><strong>proximi</strong></span> <span class='ocrx_word' id='word_1_447' title='bbox 3012 2909 3025 2945; x_wconf 91' lang='lat'><strong>:</strong></span> <span class='ocrx_word' id='word_1_448' title='bbox 3052 2891 3304 2962; x_wconf 90' lang='lat' dir='ltr'><strong>quoniam</strong></span> <span class='ocrx_word' id='word_1_449' title='bbox 3338 2893 3451 2962; x_wconf 86' lang='lat' dir='ltr'><strong>ipse</strong></span> <span class='ocrx_word' id='word_1_450' title='bbox 3473 2894 3586 2948; x_wconf 89' lang='lat' dir='ltr'><strong>sola</strong></span> 
     </span>
    </p>
   </div>
   <div class='ocr_carea' id='block_1_61' title="bbox 2008 2979 3592 3052">
    <p class='ocr_par' dir='ltr' id='par_1_61' title="bbox 2008 2979 3592 3052">
     <span class='ocr_line' id='line_1_61' title="bbox 2008 2979 3592 3052; baseline 0.001 -18"><span class='ocrx_word' id='word_1_451' title='bbox 2008 2993 2102 3034; x_wconf 87' lang='lat' dir='ltr'><strong>sua</strong></span> <span class='ocrx_word' id='word_1_452' title='bbox 2131 2979 2370 3033; x_wconf 89' lang='lat' dir='ltr'><strong>bonitate</strong></span> <span class='ocrx_word' id='word_1_453' title='bbox 2414 2979 2616 3049; x_wconf 64' lang='lat' dir='ltr'><strong>praebet</strong></span> <span class='ocrx_word' id='word_1_454' title='bbox 2664 2981 2816 3035; x_wconf 92' lang='lat' dir='ltr'><strong>nobis</strong></span> <span class='ocrx_word' id='word_1_455' title='bbox 2861 2985 2995 3051; x_wconf 79' lang='lat' dir='ltr'><strong>opus</strong></span> <span class='ocrx_word' id='word_1_456' title='bbox 3023 2981 3426 3047; x_wconf 78' lang='lat' dir='ltr'><strong>misericordize,</strong></span> <span class='ocrx_word' id='word_1_457' title='bbox 3462 2983 3592 3052; x_wconf 88' lang='lat' dir='ltr'><strong>quia</strong></span> 
     </span>
    </p>
   </div>
   <div class='ocr_carea' id='block_1_62' title="bbox 2009 3068 3594 3136">
    <p class='ocr_par' dir='ltr' id='par_1_62' title="bbox 2009 3068 3594 3136">
     <span class='ocr_line' id='line_1_62' title="bbox 2009 3068 3594 3136; baseline 0.004 -14"><span class='ocrx_word' id='word_1_458' title='bbox 2009 3083 2278 3123; x_wconf 89' lang='lat' dir='ltr'><strong>summum</strong></span> <span class='ocrx_word' id='word_1_459' title='bbox 2327 3068 2528 3123; x_wconf 90' lang='lat' dir='ltr'><strong>bonum</strong></span> <span class='ocrx_word' id='word_1_460' title='bbox 2586 3083 2702 3136; x_wconf 89' lang='lat' dir='ltr'><strong>est;</strong></span> <span class='ocrx_word' id='word_1_461' title='bbox 2739 3085 2836 3126; x_wconf 91' lang='lat' dir='ltr'><strong>nos</strong></span> <span class='ocrx_word' id='word_1_462' title='bbox 2881 3086 3010 3126; x_wconf 87' lang='lat' dir='ltr'><strong>vero</strong></span> <span class='ocrx_word' id='word_1_463' title='bbox 3061 3072 3218 3128; x_wconf 88' lang='lat' dir='ltr'><strong>nobis</strong></span> <span class='ocrx_word' id='word_1_464' title='bbox 3267 3072 3320 3126; x_wconf 87' lang='lat' dir='ltr'><strong>in</strong></span> <span class='ocrx_word' id='word_1_465' title='bbox 3365 3073 3594 3129; x_wconf 86' lang='lat' dir='ltr'><strong>invicem</strong></span> 
     </span>
    </p>
   </div>
   <div class='ocr_carea' id='block_1_63' title="bbox 329 3155 3592 3245">
    <p class='ocr_par' dir='ltr' id='par_1_63' title="bbox 329 3155 3592 3245">
     <span class='ocr_line' id='line_1_63' title="bbox 329 3155 3592 3245; baseline 0.005 -45"><span class='ocrx_word' id='word_1_466' title='bbox 329 3155 465 3211; x_wconf 69' lang='lat' dir='ltr'><strong>vene</strong></span> <span class='ocrx_word' id='word_1_467' title='bbox 516 3159 658 3227; x_wconf 76' lang='lat' dir='ltr'><strong>quod</strong></span> <span class='ocrx_word' id='word_1_468' title='bbox 707 3159 863 3214; x_wconf 76' lang='lat' dir='ltr'><strong>nobis</strong></span> <span class='ocrx_word' id='word_1_469' title='bbox 903 3160 1168 3220; x_wconf 69' lang='lat' dir='ltr'><strong>volumus.</strong></span> <span class='ocrx_word' id='word_1_470' title='bbox 1213 3161 1363 3216; x_wconf 78' lang='lat' dir='ltr'><strong>Unde</strong></span> <span class='ocrx_word' id='word_1_471' title='bbox 1413 3164 1668 3220; x_wconf 77' lang='lat' dir='ltr'><strong>Dominus</strong></span> <span class='ocrx_word' id='word_1_472' title='bbox 1720 3167 1904 3224; x_wconf 71' lang='lat' dir='ltr'><strong>volens</strong></span> <span class='ocrx_word' id='word_1_473' title='bbox 1933 3182 1976 3245; x_wconf 68' lang='grc' dir='ltr'><strong>Ο</strong></span> <span class='ocrx_word' id='word_1_474' title='bbox 2009 3168 2228 3230; x_wconf 91' lang='lat' dir='ltr'><strong>pr0pter</strong></span> <span class='ocrx_word' id='word_1_475' title='bbox 2249 3161 2416 3230; x_wconf 87' lang='lat' dir='ltr'><strong>ipsius</strong></span> <span class='ocrx_word' id='word_1_476' title='bbox 2435 3161 2687 3232; x_wconf 87' lang='lat' dir='ltr'><strong>gratiam,</strong></span> <span class='ocrx_word' id='word_1_477' title='bbox 2721 3173 2779 3216; x_wconf 90' lang='lat' dir='ltr'><strong>ut</strong></span> <span class='ocrx_word' id='word_1_478' title='bbox 2800 3162 2852 3216; x_wconf 90' lang='lat' dir='ltr'><strong>in</strong></span> <span class='ocrx_word' id='word_1_479' title='bbox 2875 3161 2966 3216; x_wconf 89' lang='lat' dir='ltr'><strong>illo</strong></span> <span class='ocrx_word' id='word_1_480' title='bbox 2987 3177 3084 3217; x_wconf 89' lang='lat' dir='ltr'><strong>nos</strong></span> <span class='ocrx_word' id='word_1_481' title='bbox 3108 3163 3592 3233; x_wconf 50' lang='lat' dir='ltr'><strong>invenlam&#39;ur,‘qui</strong></span> 
     </span>
    </p>
   </div>
   <div class='ocr_carea' id='block_1_64' title="bbox 325 3249 1904 3322">
    <p class='ocr_par' dir='ltr' id='par_1_64' title="bbox 325 3249 1904 3322">
     <span class='ocr_line' id='line_1_64' title="bbox 325 3249 1904 3322; baseline 0.006 -20"><span class='ocrx_word' id='word_1_482' title='bbox 325 3249 482 3304; x_wconf 84' lang='lat' dir='ltr'><strong>nobis</strong></span> <span class='ocrx_word' id='word_1_483' title='bbox 503 3249 779 3304; x_wconf 88' lang='lat' dir='ltr'><strong>insinuare</strong></span> <span class='ocrx_word' id='word_1_484' title='bbox 804 3251 932 3320; x_wconf 90' lang='lat' dir='ltr'><strong>quid</strong></span> <span class='ocrx_word' id='word_1_485' title='bbox 983 3251 1054 3306; x_wconf 91' lang='lat' dir='ltr'><strong>sit</strong></span> <span class='ocrx_word' id='word_1_486' title='bbox 1097 3253 1400 3322; x_wconf 77' lang='lat' dir='ltr'><strong>proximus,</strong></span> <span class='ocrx_word' id='word_1_487' title='bbox 1427 3253 1641 3308; x_wconf 88' lang='lat' dir='ltr'><strong>cuidam</strong></span> <span class='ocrx_word' id='word_1_488' title='bbox 1672 3256 1904 3312; x_wconf 78' lang='lat' dir='ltr'><strong>interro-</strong></span> 
     </span>
    </p>
   </div>
   <div class='ocr_carea' id='block_1_65' title="bbox 322 3335 1902 3416">
    <p class='ocr_par' dir='ltr' id='par_1_65' title="bbox 322 3335 1902 3416">
     <span class='ocr_line' id='line_1_65' title="bbox 322 3335 1902 3416; baseline 0.006 -25"><span class='ocrx_word' id='word_1_489' title='bbox 322 3338 490 3408; x_wconf 89' lang='lat' dir='ltr'><strong>ganti,</strong></span> <span class='ocrx_word' id='word_1_490' title='bbox 521 3335 591 3390; x_wconf 84' lang='lat' dir='ltr'><strong>Et</strong></span> <span class='ocrx_word' id='word_1_491' title='bbox 623 3339 738 3410; x_wconf 75' lang='lat' dir='ltr'><strong>quis</strong></span> <span class='ocrx_word' id='word_1_492' title='bbox 771 3349 844 3393; x_wconf 77' lang='lat' dir='ltr'><strong>est</strong></span> <span class='ocrx_word' id='word_1_493' title='bbox 887 3355 1032 3394; x_wconf 79' lang='lat' dir='ltr'><strong>meus</strong></span> <span class='ocrx_word' id='word_1_494' title='bbox 1081 3341 1394 3411; x_wconf 74' lang='lat' dir='ltr'><strong>proximus?</strong></span> <span class='ocrx_word' id='word_1_495' title='bbox 1421 3343 1731 3412; x_wconf 90' lang='lat' dir='ltr'><strong>parabolam</strong></span> <span class='ocrx_word' id='word_1_496' title='bbox 1778 3361 1902 3416; x_wconf 90' lang='lat' dir='ltr'><strong>pro-</strong></span> 
     </span>
    </p>
   </div>
   <div class='ocr_carea' id='block_1_66' title="bbox 321 3427 1900 3501">
    <p class='ocr_par' dir='ltr' id='par_1_66' title="bbox 321 3427 1900 3501">
     <span class='ocr_line' id='line_1_66' title="bbox 321 3427 1900 3501; baseline 0.008 -21"><span class='ocrx_word' id='word_1_497' title='bbox 321 3428 536 3498; x_wconf 88' lang='lat' dir='ltr'><strong>posuit:</strong></span> <span class='ocrx_word' id='word_1_498' title='bbox 570 3427 742 3484; x_wconf 83' lang='lat' dir='ltr'><strong>Homo</strong></span> <span class='ocrx_word' id='word_1_499' title='bbox 768 3432 982 3501; x_wconf 84' lang='lat' dir='ltr'><strong>quidam</strong></span> <span class='ocrx_word' id='word_1_500' title='bbox 1011 3431 1350 3488; x_wconf 78' lang='lat' dir='ltr'><strong>descendebat</strong></span> <span class='ocrx_word' id='word_1_501' title='bbox 1383 3431 1445 3486; x_wconf 80' lang='lat' dir='ltr'><strong>ab</strong></span> <span class='ocrx_word' id='word_1_502' title='bbox 1484 3432 1816 3490; x_wconf 79' lang='lat' dir='ltr'><strong>Hierusalem</strong></span> <span class='ocrx_word' id='word_1_503' title='bbox 1845 3438 1900 3493; x_wconf 85' lang='lat' dir='ltr'><strong>in</strong></span> 
     </span>
    </p>
   </div>
   <div class='ocr_carea' id='block_1_67' title="bbox 319 3519 1894 3595">
    <p class='ocr_par' dir='ltr' id='par_1_67' title="bbox 319 3519 1894 3595">
     <span class='ocr_line' id='line_1_67' title="bbox 319 3519 1894 3595; baseline 0.004 -21"><span class='ocrx_word' id='word_1_504' title='bbox 319 3519 529 3574; x_wconf 78' lang='lat' dir='ltr'><strong>Iericho</strong></span> <span class='ocrx_word' id='word_1_505' title='bbox 552 3519 711 3592; x_wconf 86' lang='lat' dir='ltr'><strong>(Luc.</strong></span> <span class='ocrx_word' id='word_1_506' title='bbox 732 3537 789 3588; x_wconf 63' lang='grc' dir='ltr'><strong>χ,</strong></span> <span class='ocrx_word' id='word_1_507' title='bbox 821 3522 912 3586; x_wconf 74' lang='grc'><strong>29,</strong></span> <span class='ocrx_word' id='word_1_508' title='bbox 933 3522 1060 3592; x_wconf 77' lang='lat'><strong>30),</strong></span> <span class='ocrx_word' id='word_1_509' title='bbox 1089 3537 1153 3576; x_wconf 90' lang='lat' dir='ltr'><strong>ac</strong></span> <span class='ocrx_word' id='word_1_510' title='bbox 1178 3531 1372 3576; x_wconf 84' lang='lat' dir='ltr'><strong>caetera</strong></span> <span class='ocrx_word' id='word_1_511' title='bbox 1399 3537 1520 3592; x_wconf 69' lang='lat' dir='ltr'><strong>qua:</strong></span> <span class='ocrx_word' id='word_1_512' title='bbox 1559 3535 1894 3595; x_wconf 73' lang='lat' dir='ltr'><strong>sequuntur!</strong></span> 
     </span>
    </p>
   </div>
   <div class='ocr_carea' id='block_1_68' title="bbox 319 3603 1895 3684">
    <p class='ocr_par' dir='ltr' id='par_1_68' title="bbox 319 3603 1895 3684">
     <span class='ocr_line' id='line_1_68' title="bbox 319 3603 1895 3684; baseline 0.004 -18"><span class='ocrx_word' id='word_1_513' title='bbox 319 3610 410 3666; x_wconf 89' lang='lat' dir='ltr'><strong>ubi</strong></span> <span class='ocrx_word' id='word_1_514' title='bbox 441 3612 581 3667; x_wconf 90' lang='lat' dir='ltr'><strong>inter</strong></span> <span class='ocrx_word' id='word_1_515' title='bbox 599 3620 792 3668; x_wconf 68' lang='lat' dir='ltr'><strong>caetera</strong></span> <span class='ocrx_word' id='word_1_516' title='bbox 817 3613 1019 3668; x_wconf 91' lang='lat' dir='ltr'><strong>nullum</strong></span> <span class='ocrx_word' id='word_1_517' title='bbox 1042 3603 1436 3684; x_wconf 15' lang='lat' dir='ltr'><strong>proximiorem.</strong></span> <span class='ocrx_word' id='word_1_518' title='bbox 1454 3613 1617 3670; x_wconf 92' lang='lat' dir='ltr'><strong>fuisse</strong></span> <span class='ocrx_word' id='word_1_519' title='bbox 1638 3617 1895 3684; x_wconf 89' lang='lat' dir='ltr'><strong>insinuat,</strong></span> 
     </span>
    </p>
   </div>
   <div class='ocr_carea' id='block_1_69' title="bbox 319 3701 1892 3774">
    <p class='ocr_par' dir='ltr' id='par_1_69' title="bbox 319 3701 1892 3774">
     <span class='ocr_line' id='line_1_69' title="bbox 319 3701 1892 3774; baseline 0.003 -18"><span class='ocrx_word' id='word_1_520' title='bbox 319 3715 481 3770; x_wconf 89' lang='lat' dir='ltr'><strong>quam</strong></span> <span class='ocrx_word' id='word_1_521' title='bbox 521 3703 611 3773; x_wconf 92' lang='lat' dir='ltr'><strong>qui</strong></span> <span class='ocrx_word' id='word_1_522' title='bbox 644 3719 826 3758; x_wconf 90' lang='lat' dir='ltr'><strong>curam</strong></span> <span class='ocrx_word' id='word_1_523' title='bbox 854 3701 971 3771; x_wconf 89' lang='lat' dir='ltr'><strong>ejus</strong></span> <span class='ocrx_word' id='word_1_524' title='bbox 1018 3703 1208 3774; x_wconf 88' lang='lat' dir='ltr'><strong>gessit,</strong></span> <span class='ocrx_word' id='word_1_525' title='bbox 1239 3719 1482 3774; x_wconf 89' lang='lat' dir='ltr'><strong>opusque</strong></span> <span class='ocrx_word' id='word_1_526' title='bbox 1513 3705 1892 3762; x_wconf 74' lang='lat' dir='ltr'><strong>misericordia:</strong></span> 
     </span>
    </p>
   </div>
   <div class='ocr_carea' id='block_1_70' title="bbox 316 3794 1884 3864">
    <p class='ocr_par' dir='ltr' id='par_1_70' title="bbox 316 3794 1884 3864">
     <span class='ocr_line' id='line_1_70' title="bbox 316 3794 1884 3864; baseline 0.003 -17"><span class='ocrx_word' id='word_1_527' title='bbox 316 3794 462 3848; x_wconf 87' lang='lat' dir='ltr'><strong>circa</strong></span> <span class='ocrx_word' id='word_1_528' title='bbox 514 3808 636 3848; x_wconf 90' lang='lat' dir='ltr'><strong>eum</strong></span> <span class='ocrx_word' id='word_1_529' title='bbox 685 3794 964 3864; x_wconf 84' lang='lat' dir='ltr'><strong>impendit,</strong></span> <span class='ocrx_word' id='word_1_530' title='bbox 1007 3795 1058 3848; x_wconf 91' lang='lat' dir='ltr'><strong>in</strong></span> <span class='ocrx_word' id='word_1_531' title='bbox 1098 3801 1328 3859; x_wconf 90' lang='lat' dir='ltr'><strong>tantum,</strong></span> <span class='ocrx_word' id='word_1_532' title='bbox 1365 3803 1425 3850; x_wconf 92' lang='lat' dir='ltr'><strong>ut</strong></span> <span class='ocrx_word' id='word_1_533' title='bbox 1466 3795 1626 3864; x_wconf 65' lang='lat' dir='ltr'><strong>ipsell</strong></span> <span class='ocrx_word' id='word_1_534' title='bbox 1657 3796 1884 3852; x_wconf 78' lang='lat' dir='ltr'><strong>interro-</strong></span> 
     </span>
    </p>
   </div>
   <div class='ocr_carea' id='block_1_71' title="bbox 316 3885 1896 3958">
    <p class='ocr_par' dir='ltr' id='par_1_71' title="bbox 316 3885 1896 3958">
     <span class='ocr_line' id='line_1_71' title="bbox 316 3885 1896 3958; baseline 0.001 -17"><span class='ocrx_word' id='word_1_535' title='bbox 316 3896 474 3958; x_wconf 86' lang='lat' dir='ltr'><strong>gatus</strong></span> <span class='ocrx_word' id='word_1_536' title='bbox 501 3886 603 3941; x_wconf 88' lang='lat' dir='ltr'><strong>ista</strong></span> <span class='ocrx_word' id='word_1_537' title='bbox 626 3885 860 3941; x_wconf 81' lang='lat' dir='ltr'><strong>fateatur</strong></span> <span class='ocrx_word' id='word_1_538' title='bbox 889 3905 900 3940; x_wconf 88' lang='lat'><strong>:</strong></span> <span class='ocrx_word' id='word_1_539' title='bbox 946 3887 1032 3941; x_wconf 93' lang='lat' dir='ltr'><strong>cui</strong></span> <span class='ocrx_word' id='word_1_540' title='bbox 1061 3887 1320 3942; x_wconf 86' lang='lat' dir='ltr'><strong>Dominus</strong></span> <span class='ocrx_word' id='word_1_541' title='bbox 1347 3886 1557 3956; x_wconf 89' lang='lat' dir='ltr'><strong>inquit:</strong></span> <span class='ocrx_word' id='word_1_542' title='bbox 1593 3885 1737 3946; x_wconf 74' lang='lat' dir='ltr'><strong>,Vade</strong></span> <span class='ocrx_word' id='word_1_543' title='bbox 1762 3899 1809 3942; x_wconf 92' lang='lat' dir='ltr'><strong>et</strong></span> <span class='ocrx_word' id='word_1_544' title='bbox 1839 3899 1896 3942; x_wconf 91' lang='lat' dir='ltr'><strong>tu</strong></span> 
     </span>
    </p>
   </div>
   <div class='ocr_carea' id='block_1_72' title="bbox 315 3979 1892 4051">
    <p class='ocr_par' dir='ltr' id='par_1_72' title="bbox 315 3979 1892 4051">
     <span class='ocr_line' id='line_1_72' title="bbox 315 3979 1892 4051; baseline 0.001 -16"><span class='ocrx_word' id='word_1_545' title='bbox 315 3981 401 4051; x_wconf 72' lang='lat' dir='ltr'><strong>{ac</strong></span> <span class='ocrx_word' id='word_1_546' title='bbox 430 3979 670 4034; x_wconf 72' lang='lat' dir='ltr'><strong>similiter</strong></span> <span class='ocrx_word' id='word_1_547' title='bbox 699 3980 858 4044; x_wconf 87' lang='lat' dir='ltr'><strong>(Luc.</strong></span> <span class='ocrx_word' id='word_1_548' title='bbox 890 3997 942 4044; x_wconf 85' lang='lat' dir='ltr'><strong>x,</strong></span> <span class='ocrx_word' id='word_1_549' title='bbox 965 3980 1090 4051; x_wconf 78' lang='lat'><strong>&#39;57).</strong></span> <span class='ocrx_word' id='word_1_550' title='bbox 1122 3981 1257 4036; x_wconf 88' lang='lat' dir='ltr'><strong>Hinc</strong></span> <span class='ocrx_word' id='word_1_551' title='bbox 1291 3996 1508 4051; x_wconf 87' lang='lat' dir='ltr'><strong>quoque</strong></span> <span class='ocrx_word' id='word_1_552' title='bbox 1533 3981 1892 4036; x_wconf 85' lang='lat' dir='ltr'><strong>exhibendum</strong></span> 
     </span>
    </p>
   </div>
   <div class='ocr_carea' id='block_1_73' title="bbox 315 4071 1894 4142">
    <p class='ocr_par' dir='ltr' id='par_1_73' title="bbox 315 4071 1894 4142">
     <span class='ocr_line' id='line_1_73' title="bbox 315 4071 1894 4142; baseline -0.001 -14"><span class='ocrx_word' id='word_1_553' title='bbox 315 4081 400 4128; x_wconf 86' lang='lat' dir='ltr'><strong>est</strong></span> <span class='ocrx_word' id='word_1_554' title='bbox 423 4071 680 4141; x_wconf 88' lang='lat' dir='ltr'><strong>quidquid</strong></span> <span class='ocrx_word' id='word_1_555' title='bbox 697 4071 943 4134; x_wconf 84' lang='lat' dir='ltr'><strong>volendo,</strong></span> <span class='ocrx_word' id='word_1_556' title='bbox 973 4071 1204 4141; x_wconf 87' lang='lat' dir='ltr'><strong>agendo,</strong></span> <span class='ocrx_word' id='word_1_557' title='bbox 1251 4071 1398 4125; x_wconf 91' lang='lat' dir='ltr'><strong>circa</strong></span> <span class='ocrx_word' id='word_1_558' title='bbox 1433 4071 1759 4141; x_wconf 85' lang='lat' dir='ltr'><strong>proximum,</strong></span> <span class='ocrx_word' id='word_1_559' title='bbox 1781 4072 1894 4142; x_wconf 88' lang='lat' dir='ltr'><strong>pie-</strong></span> 
     </span>
    </p>
   </div>
   <div class='ocr_carea' id='block_1_74' title="bbox 315 4158 1894 4230">
    <p class='ocr_par' dir='ltr' id='par_1_74' title="bbox 315 4158 1894 4230">
     <span class='ocr_line' id='line_1_74' title="bbox 315 4158 1894 4230; baseline 0 -15"><span class='ocrx_word' id='word_1_560' title='bbox 315 4161 440 4216; x_wconf 88' lang='lat' dir='ltr'><strong>tatis</strong></span> <span class='ocrx_word' id='word_1_561' title='bbox 469 4158 644 4216; x_wconf 86' lang='lat' dir='ltr'><strong>ollicio</strong></span> <span class='ocrx_word' id='word_1_562' title='bbox 671 4175 980 4230; x_wconf 89' lang='lat' dir='ltr'><strong>possumus,</strong></span> <span class='ocrx_word' id='word_1_563' title='bbox 1011 4169 1071 4215; x_wconf 87' lang='lat' dir='ltr'><strong>ut</strong></span> <span class='ocrx_word' id='word_1_564' title='bbox 1091 4159 1180 4215; x_wconf 91' lang='lat' dir='ltr'><strong>ille</strong></span> <span class='ocrx_word' id='word_1_565' title='bbox 1211 4159 1367 4215; x_wconf 90' lang='lat' dir='ltr'><strong>nobis</strong></span> <span class='ocrx_word' id='word_1_566' title='bbox 1395 4161 1676 4230; x_wconf 87' lang='lat' dir='ltr'><strong>proximus</strong></span> <span class='ocrx_word' id='word_1_567' title='bbox 1700 4162 1768 4216; x_wconf 93' lang='lat' dir='ltr'><strong>sit</strong></span> <span class='ocrx_word' id='word_1_568' title='bbox 1815 4161 1894 4215; x_wconf 84' lang='lat' dir='ltr'><strong>vi-</strong></span> 
     </span>
    </p>
   </div>
   <div class='ocr_carea' id='block_1_75' title="bbox 313 4251 1894 4324">
    <p class='ocr_par' dir='ltr' id='par_1_75' title="bbox 313 4251 1894 4324">
     <span class='ocr_line' id='line_1_75' title="bbox 313 4251 1894 4324; baseline -0.001 -15"><span class='ocrx_word' id='word_1_569' title='bbox 313 4253 496 4309; x_wconf 86' lang='lat' dir='ltr'><strong>cissim</strong></span> <span class='ocrx_word' id='word_1_570' title='bbox 520 4252 751 4324; x_wconf 90' lang='lat' dir='ltr'><strong>agendo,</strong></span> <span class='ocrx_word' id='word_1_571' title='bbox 783 4268 986 4322; x_wconf 87' lang='lat' dir='ltr'><strong>nosque</strong></span> <span class='ocrx_word' id='word_1_572' title='bbox 1020 4252 1094 4307; x_wconf 92' lang='lat' dir='ltr'><strong>illi</strong></span> <span class='ocrx_word' id='word_1_573' title='bbox 1122 4251 1288 4308; x_wconf 90' lang='lat' dir='ltr'><strong>etiam</strong></span> <span class='ocrx_word' id='word_1_574' title='bbox 1327 4253 1496 4324; x_wconf 89' lang='lat' dir='ltr'><strong>gratis</strong></span> <span class='ocrx_word' id='word_1_575' title='bbox 1521 4268 1656 4323; x_wconf 89' lang='lat' dir='ltr'><strong>opus</strong></span> <span class='ocrx_word' id='word_1_576' title='bbox 1683 4253 1894 4308; x_wconf 92' lang='lat' dir='ltr'><strong>miseri-</strong></span> 
     </span>
    </p>
   </div>
   <div class='ocr_carea' id='block_1_76' title="bbox 311 4341 1888 4416">
    <p class='ocr_par' dir='ltr' id='par_1_76' title="bbox 311 4341 1888 4416">
     <span class='ocr_line' id='line_1_76' title="bbox 311 4341 1888 4416; baseline 0 -17"><span class='ocrx_word' id='word_1_577' title='bbox 311 4343 510 4399; x_wconf 71' lang='lat' dir='ltr'><strong>cordia:</strong></span> <span class='ocrx_word' id='word_1_578' title='bbox 561 4342 936 4412; x_wconf 91' lang='lat' dir='ltr'><strong>impendendo.</strong></span> <span class='ocrx_word' id='word_1_579' title='bbox 991 4341 1098 4398; x_wconf 87' lang='lat' dir='ltr'><strong>Sed</strong></span> <span class='ocrx_word' id='word_1_580' title='bbox 1145 4358 1304 4398; x_wconf 92' lang='lat' dir='ltr'><strong>nemo</strong></span> <span class='ocrx_word' id='word_1_581' title='bbox 1350 4343 1518 4415; x_wconf 84' lang='lat' dir='ltr'><strong>gratis</strong></span> <span class='ocrx_word' id='word_1_582' title='bbox 1559 4343 1610 4399; x_wconf 92' lang='lat' dir='ltr'><strong>id</strong></span> <span class='ocrx_word' id='word_1_583' title='bbox 1644 4345 1771 4416; x_wconf 84' lang='lat' dir='ltr'><strong>agit,</strong></span> <span class='ocrx_word' id='word_1_584' title='bbox 1799 4345 1888 4416; x_wconf 91' lang='lat' dir='ltr'><strong>qui</strong></span> 
     </span>
    </p>
   </div>
   <div class='ocr_carea' id='block_1_77' title="bbox 309 4431 1892 4505">
    <p class='ocr_par' dir='ltr' id='par_1_77' title="bbox 309 4431 1892 4505">
     <span class='ocr_line' id='line_1_77' title="bbox 309 4431 1892 4505; baseline 0.003 -20"><span class='ocrx_word' id='word_1_585' title='bbox 309 4443 530 4502; x_wconf 69' lang='lat' dir='ltr'><strong>promer</strong></span> <span class='ocrx_word' id='word_1_586' title='bbox 569 4433 736 4488; x_wconf 92' lang='lat' dir='ltr'><strong>Deum</strong></span> <span class='ocrx_word' id='word_1_587' title='bbox 771 4431 826 4488; x_wconf 90' lang='lat' dir='ltr'><strong>id</strong></span> <span class='ocrx_word' id='word_1_588' title='bbox 863 4433 1018 4505; x_wconf 86' lang='lat' dir='ltr'><strong>agit;</strong></span> <span class='ocrx_word' id='word_1_589' title='bbox 1064 4433 1317 4502; x_wconf 89' lang='lat' dir='ltr'><strong>quoniam</strong></span> <span class='ocrx_word' id='word_1_590' title='bbox 1360 4433 1474 4504; x_wconf 88' lang='lat' dir='ltr'><strong>ipse</strong></span> <span class='ocrx_word' id='word_1_591' title='bbox 1515 4434 1665 4504; x_wconf 91' lang='lat' dir='ltr'><strong>prior</strong></span> <span class='ocrx_word' id='word_1_592' title='bbox 1705 4434 1892 4490; x_wconf 83' lang='lat' dir='ltr'><strong>dilexit</strong></span> 
     </span>
    </p>
   </div>
   <div class='ocr_carea' id='block_1_78' title="bbox 2006 3250 3594 3322">
    <p class='ocr_par' dir='ltr' id='par_1_78' title="bbox 2006 3250 3594 3322">
     <span class='ocr_line' id='line_1_78' title="bbox 2006 3250 3594 3322; baseline 0.002 -19"><span class='ocrx_word' id='word_1_593' title='bbox 2006 3250 2200 3318; x_wconf 89' lang='lat' dir='ltr'><strong>perditi</strong></span> <span class='ocrx_word' id='word_1_594' title='bbox 2222 3266 2457 3306; x_wconf 87' lang='lat' dir='ltr'><strong>eramus.</strong></span> <span class='ocrx_word' id='word_1_595' title='bbox 2484 3251 2575 3305; x_wconf 89' lang='lat' dir='ltr'><strong>Ille</strong></span> <span class='ocrx_word' id='word_1_596' title='bbox 2607 3251 2870 3321; x_wconf 87' lang='lat' dir='ltr'><strong>siquidem</strong></span> <span class='ocrx_word' id='word_1_597' title='bbox 2912 3252 3052 3322; x_wconf 71' lang='lat' dir='ltr'><strong>agit,</strong></span> <span class='ocrx_word' id='word_1_598' title='bbox 3074 3260 3132 3306; x_wconf 91' lang='lat' dir='ltr'><strong>ut</strong></span> <span class='ocrx_word' id='word_1_599' title='bbox 3163 3267 3229 3307; x_wconf 95' lang='lat' dir='ltr'><strong>eo</strong></span> <span class='ocrx_word' id='word_1_600' title='bbox 3250 3251 3594 3322; x_wconf 88' lang='lat' dir='ltr'><strong>perfruamur</strong></span> 
     </span>
    </p>
   </div>
   <div class='ocr_carea' id='block_1_79' title="bbox 2002 3339 3580 3410">
    <p class='ocr_par' dir='ltr' id='par_1_79' title="bbox 2002 3339 3580 3410">
     <span class='ocr_line' id='line_1_79' title="bbox 2002 3339 3580 3410; baseline 0.001 -18"><span class='ocrx_word' id='word_1_601' title='bbox 2002 3339 2164 3404; x_wconf 86' lang='lat' dir='ltr'><strong>bono,</strong></span> <span class='ocrx_word' id='word_1_602' title='bbox 2189 3340 2331 3408; x_wconf 90' lang='lat' dir='ltr'><strong>quod</strong></span> <span class='ocrx_word' id='word_1_603' title='bbox 2361 3341 2472 3409; x_wconf 91' lang='lat' dir='ltr'><strong>ipse</strong></span> <span class='ocrx_word' id='word_1_604' title='bbox 2503 3348 2604 3404; x_wconf 90' lang='lat' dir='ltr'><strong>est,</strong></span> <span class='ocrx_word' id='word_1_605' title='bbox 2631 3355 2727 3394; x_wconf 92' lang='lat' dir='ltr'><strong>nos</strong></span> <span class='ocrx_word' id='word_1_606' title='bbox 2753 3353 2881 3394; x_wconf 86' lang='lat' dir='ltr'><strong>vero</strong></span> <span class='ocrx_word' id='word_1_607' title='bbox 2916 3340 2968 3394; x_wconf 90' lang='lat' dir='ltr'><strong>in</strong></span> <span class='ocrx_word' id='word_1_608' title='bbox 3019 3340 3248 3395; x_wconf 91' lang='lat' dir='ltr'><strong>invicem</strong></span> <span class='ocrx_word' id='word_1_609' title='bbox 3291 3339 3580 3410; x_wconf 89' lang='lat' dir='ltr'><strong>diligimus,</strong></span> 
     </span>
    </p>
   </div>
   <div class='ocr_carea' id='block_1_80' title="bbox 2002 3430 3584 3500">
    <p class='ocr_par' dir='ltr' id='par_1_80' title="bbox 2002 3430 3584 3500">
     <span class='ocr_line' id='line_1_80' title="bbox 2002 3430 3584 3500; baseline 0.001 -17"><span class='ocrx_word' id='word_1_610' title='bbox 2002 3445 2065 3484; x_wconf 88' lang='lat' dir='ltr'><strong>ac</strong></span> <span class='ocrx_word' id='word_1_611' title='bbox 2091 3431 2413 3485; x_wconf 89' lang='lat' dir='ltr'><strong>miseremur</strong></span> <span class='ocrx_word' id='word_1_612' title='bbox 2441 3431 2632 3496; x_wconf 90' lang='lat' dir='ltr'><strong>nostri,</strong></span> <span class='ocrx_word' id='word_1_613' title='bbox 2669 3439 2728 3484; x_wconf 88' lang='lat' dir='ltr'><strong>ut</strong></span> <span class='ocrx_word' id='word_1_614' title='bbox 2777 3430 3121 3500; x_wconf 88' lang='lat' dir='ltr'><strong>perfruamur</strong></span> <span class='ocrx_word' id='word_1_615' title='bbox 3146 3430 3235 3484; x_wconf 91' lang='lat' dir='ltr'><strong>illo</strong></span> <span class='ocrx_word' id='word_1_616' title='bbox 3262 3431 3366 3493; x_wconf 89' lang='lat' dir='ltr'><strong>cui,</strong></span> <span class='ocrx_word' id='word_1_617' title='bbox 3412 3430 3584 3499; x_wconf 89' lang='lat' dir='ltr'><strong>culpis</strong></span> 
     </span>
    </p>
   </div>
   <div class='ocr_carea' id='block_1_81' title="bbox 2001 3520 3589 3592">
    <p class='ocr_par' dir='ltr' id='par_1_81' title="bbox 2001 3520 3589 3592">
     <span class='ocr_line' id='line_1_81' title="bbox 2001 3520 3589 3592; baseline 0 -18"><span class='ocrx_word' id='word_1_618' title='bbox 2001 3522 2354 3592; x_wconf 75' lang='lat' dir='ltr'><strong>exigentibus,</strong></span> <span class='ocrx_word' id='word_1_619' title='bbox 2404 3522 2672 3592; x_wconf 71' lang='lat' dir='ltr'><strong>nobismet</strong></span> <span class='ocrx_word' id='word_1_620' title='bbox 2725 3522 2778 3576; x_wconf 90' lang='lat' dir='ltr'><strong>in</strong></span> <span class='ocrx_word' id='word_1_621' title='bbox 2826 3521 3054 3576; x_wconf 81' lang='lat' dir='ltr'><strong>invicem</strong></span> <span class='ocrx_word' id='word_1_622' title='bbox 3099 3520 3243 3576; x_wconf 88' lang='lat' dir='ltr'><strong>male</strong></span> <span class='ocrx_word' id='word_1_623' title='bbox 3303 3520 3457 3575; x_wconf 88' lang='lat' dir='ltr'><strong>abusi</strong></span> <span class='ocrx_word' id='word_1_624' title='bbox 3500 3535 3589 3575; x_wconf 89' lang='lat' dir='ltr'><strong>su-</strong></span> 
     </span>
    </p>
   </div>
   <div class='ocr_carea' id='block_1_82' title="bbox 2001 3627 2142 3667">
    <p class='ocr_par' dir='ltr' id='par_1_82' title="bbox 2001 3627 2142 3667">
     <span class='ocr_line' id='line_1_82' title="bbox 2001 3627 2142 3667; baseline 0 -1"><span class='ocrx_word' id='word_1_625' title='bbox 2001 3627 2142 3667; x_wconf 91' lang='lat' dir='ltr'><strong>mus.</strong></span> 
     </span>
    </p>
   </div>
   <div class='ocr_carea' id='block_1_83' title="bbox 2606 3681 2981 3737">
    <p class='ocr_par' dir='ltr' id='par_1_83' title="bbox 2606 3681 2981 3737">
     <span class='ocr_line' id='line_1_83' title="bbox 2606 3681 2981 3737; baseline -0.005 -1"><span class='ocrx_word' id='word_1_626' title='bbox 2606 3681 2832 3737; x_wconf 83' lang='lat' dir='ltr'><strong>CAPUT</strong></span> <span class='ocrx_word' id='word_1_627' title='bbox 2871 3682 2981 3736; x_wconf 80' lang='lat' dir='ltr'><strong>Vll.</strong></span> 
     </span>
    </p>
   </div>
   <div class='ocr_carea' id='block_1_84' title="bbox 2273 3765 3321 3849">
    <p class='ocr_par' dir='ltr' id='par_1_84' title="bbox 2273 3765 3321 3849">
     <span class='ocr_line' id='line_1_84' title="bbox 2273 3765 3321 3849; baseline 0 -17"><span class='ocrx_word' id='word_1_628' title='bbox 2273 3765 2420 3842; x_wconf 15' lang='lat' dir='ltr'><strong>Quid.</strong></span> <span class='ocrx_word' id='word_1_629' title='bbox 2437 3779 2716 3848; x_wconf 83' lang='lat' dir='ltr'><strong>fruendum</strong></span> <span class='ocrx_word' id='word_1_630' title='bbox 2744 3779 2931 3849; x_wconf 81' lang='lat' dir='ltr'><strong>quidve</strong></span> <span class='ocrx_word' id='word_1_631' title='bbox 2954 3777 3207 3832; x_wconf 86' lang='lat' dir='ltr'><strong>utendum</strong></span> <span class='ocrx_word' id='word_1_632' title='bbox 3233 3777 3321 3832; x_wconf 72' lang='grc' dir='ltr'><strong>εει.</strong></span> 
     </span>
    </p>
   </div>
   <div class='ocr_carea' id='block_1_85' title="bbox 2069 3886 3587 3958">
    <p class='ocr_par' dir='ltr' id='par_1_85' title="bbox 2069 3886 3587 3958">
     <span class='ocr_line' id='line_1_85' title="bbox 2069 3886 3587 3958; baseline 0.003 -18"><span class='ocrx_word' id='word_1_633' title='bbox 2069 3886 2360 3942; x_wconf 86' lang='lat' dir='ltr'><strong>Definitum</strong></span> <span class='ocrx_word' id='word_1_634' title='bbox 2390 3887 2586 3958; x_wconf 91' lang='lat' dir='ltr'><strong>quippe</strong></span> <span class='ocrx_word' id='word_1_635' title='bbox 2611 3903 2640 3941; x_wconf 88' lang='lat' dir='ltr'><strong>a</strong></span> <span class='ocrx_word' id='word_1_636' title='bbox 2672 3887 2875 3942; x_wconf 89' lang='lat' dir='ltr'><strong>sanctis</strong></span> <span class='ocrx_word' id='word_1_637' title='bbox 2893 3886 3143 3942; x_wconf 90' lang='lat' dir='ltr'><strong>Patribus</strong></span> <span class='ocrx_word' id='word_1_638' title='bbox 3171 3894 3274 3951; x_wconf 90' lang='lat' dir='ltr'><strong>est,</strong></span> <span class='ocrx_word' id='word_1_639' title='bbox 3299 3887 3440 3958; x_wconf 88' lang='lat' dir='ltr'><strong>quod</strong></span> <span class='ocrx_word' id='word_1_640' title='bbox 3469 3887 3587 3944; x_wconf 74' lang='lat' dir='ltr'><strong>alim</strong></span> 
     </span>
    </p>
   </div>
   <div class='ocr_carea' id='block_1_86' title="bbox 1997 3977 3588 4048">
    <p class='ocr_par' dir='ltr' id='par_1_86' title="bbox 1997 3977 3588 4048">
     <span class='ocr_line' id='line_1_86' title="bbox 1997 3977 3588 4048; baseline -0.002 -16"><span class='ocrx_word' id='word_1_641' title='bbox 1997 3986 2120 4032; x_wconf 89' lang='lat' dir='ltr'><strong>sunt</strong></span> <span class='ocrx_word' id='word_1_642' title='bbox 2164 3992 2273 4041; x_wconf 91' lang='lat' dir='ltr'><strong>res,</strong></span> <span class='ocrx_word' id='word_1_643' title='bbox 2296 3978 2490 4046; x_wconf 89' lang='lat' dir='ltr'><strong>quibus</strong></span> <span class='ocrx_word' id='word_1_644' title='bbox 2510 3977 2639 4043; x_wconf 87' lang='lat' dir='ltr'><strong>frui,</strong></span> <span class='ocrx_word' id='word_1_645' title='bbox 2663 3977 2781 4032; x_wconf 75' lang='lat' dir='ltr'><strong>alia:</strong></span> <span class='ocrx_word' id='word_1_646' title='bbox 2806 3977 3001 4047; x_wconf 91' lang='lat' dir='ltr'><strong>quibus</strong></span> <span class='ocrx_word' id='word_1_647' title='bbox 3030 3977 3128 4042; x_wconf 87' lang='lat' dir='ltr'><strong>uti,</strong></span> <span class='ocrx_word' id='word_1_648' title='bbox 3161 3977 3280 4033; x_wconf 70' lang='lat' dir='ltr'><strong>alite</strong></span> <span class='ocrx_word' id='word_1_649' title='bbox 3301 3979 3494 4048; x_wconf 92' lang='lat' dir='ltr'><strong>quibus</strong></span> <span class='ocrx_word' id='word_1_650' title='bbox 3520 3981 3588 4036; x_wconf 90' lang='lat' dir='ltr'><strong>si.</strong></span> 
     </span>
    </p>
   </div>
   <div class='ocr_carea' id='block_1_87' title="bbox 1995 4065 3584 4137">
    <p class='ocr_par' dir='ltr' id='par_1_87' title="bbox 1995 4065 3584 4137">
     <span class='ocr_line' id='line_1_87' title="bbox 1995 4065 3584 4137; baseline 0.003 -16"><span class='ocrx_word' id='word_1_651' title='bbox 1995 4065 2104 4121; x_wconf 93' lang='lat' dir='ltr'><strong>mul</strong></span> <span class='ocrx_word' id='word_1_652' title='bbox 2121 4065 2220 4120; x_wconf 86' lang='lat' dir='ltr'><strong>frui</strong></span> <span class='ocrx_word' id='word_1_653' title='bbox 2246 4077 2300 4120; x_wconf 93' lang='lat' dir='ltr'><strong>et</strong></span> <span class='ocrx_word' id='word_1_654' title='bbox 2324 4068 2399 4120; x_wconf 91' lang='lat' dir='ltr'><strong>uti</strong></span> <span class='ocrx_word' id='word_1_655' title='bbox 2417 4068 2693 4122; x_wconf 91' lang='lat' dir='ltr'><strong>debemus.</strong></span> <span class='ocrx_word' id='word_1_656' title='bbox 2711 4067 2817 4121; x_wconf 71' lang='lat' dir='ltr'><strong>lllze</strong></span> <span class='ocrx_word' id='word_1_657' title='bbox 2833 4082 3063 4136; x_wconf 89' lang='lat' dir='ltr'><strong>namque</strong></span> <span class='ocrx_word' id='word_1_658' title='bbox 3087 4068 3282 4137; x_wconf 90' lang='lat' dir='ltr'><strong>quibus</strong></span> <span class='ocrx_word' id='word_1_659' title='bbox 3299 4069 3584 4127; x_wconf 75' lang='lat' dir='ltr'><strong>frtien‘dum</strong></span> 
     </span>
    </p>
   </div>
   <div class='ocr_carea' id='block_1_88' title="bbox 1993 4157 3584 4232">
    <p class='ocr_par' dir='ltr' id='par_1_88' title="bbox 1993 4157 3584 4232">
     <span class='ocr_line' id='line_1_88' title="bbox 1993 4157 3584 4232; baseline 0.004 -20"><span class='ocrx_word' id='word_1_660' title='bbox 1993 4167 2094 4222; x_wconf 89' lang='lat' dir='ltr'><strong>est,</strong></span> <span class='ocrx_word' id='word_1_661' title='bbox 2128 4158 2288 4213; x_wconf 88' lang='lat' dir='ltr'><strong>Pater</strong></span> <span class='ocrx_word' id='word_1_662' title='bbox 2311 4168 2364 4213; x_wconf 87' lang='lat' dir='ltr'><strong>et</strong></span> <span class='ocrx_word' id='word_1_663' title='bbox 2385 4157 2552 4214; x_wconf 87' lang='lat' dir='ltr'><strong>Filius</strong></span> <span class='ocrx_word' id='word_1_664' title='bbox 2573 4167 2626 4214; x_wconf 92' lang='lat' dir='ltr'><strong>et</strong></span> <span class='ocrx_word' id='word_1_665' title='bbox 2655 4158 2890 4229; x_wconf 74' lang='lat' dir='ltr'><strong>Spiritus</strong></span> <span class='ocrx_word' id='word_1_666' title='bbox 2912 4169 3132 4214; x_wconf 88' lang='lat' dir='ltr'><strong>sanctus</strong></span> <span class='ocrx_word' id='word_1_667' title='bbox 3169 4167 3272 4223; x_wconf 88' lang='lat' dir='ltr'><strong>est,</strong></span> <span class='ocrx_word' id='word_1_668' title='bbox 3287 4161 3584 4232; x_wconf 90' lang='lat' dir='ltr'><strong>eademque</strong></span> 
     </span>
    </p>
   </div>
   <div class='ocr_carea' id='block_1_89' title="bbox 1995 4248 3578 4314">
    <p class='ocr_par' dir='ltr' id='par_1_89' title="bbox 1995 4248 3578 4314">
     <span class='ocr_line' id='line_1_89' title="bbox 1995 4248 3578 4314; baseline 0.003 -10"><span class='ocrx_word' id='word_1_669' title='bbox 1995 4248 2255 4314; x_wconf 89' lang='lat' dir='ltr'><strong>Trinitas,</strong></span> <span class='ocrx_word' id='word_1_670' title='bbox 2294 4265 2400 4304; x_wconf 92' lang='lat' dir='ltr'><strong>una</strong></span> <span class='ocrx_word' id='word_1_671' title='bbox 2428 4258 2484 4304; x_wconf 91' lang='lat' dir='ltr'><strong>et</strong></span> <span class='ocrx_word' id='word_1_672' title='bbox 2510 4263 2722 4303; x_wconf 91' lang='lat' dir='ltr'><strong>summa</strong></span> <span class='ocrx_word' id='word_1_673' title='bbox 2759 4264 2848 4304; x_wconf 89' lang='lat' dir='ltr'><strong>res</strong></span> <span class='ocrx_word' id='word_1_674' title='bbox 2895 4250 3200 4305; x_wconf 88' lang='lat' dir='ltr'><strong>communis</strong></span> <span class='ocrx_word' id='word_1_675' title='bbox 3233 4252 3486 4308; x_wconf 91' lang='lat' dir='ltr'><strong>omnibus</strong></span> <span class='ocrx_word' id='word_1_676' title='bbox 3513 4267 3578 4308; x_wconf 91' lang='lat' dir='ltr'><strong>ea</strong></span> 
     </span>
    </p>
   </div>
   <div class='ocr_carea' id='block_1_90' title="bbox 1991 4341 3581 4406">
    <p class='ocr_par' dir='ltr' id='par_1_90' title="bbox 1991 4341 3581 4406">
     <span class='ocr_line' id='line_1_90' title="bbox 1991 4341 3581 4406; baseline 0.001 -10"><span class='ocrx_word' id='word_1_677' title='bbox 1991 4341 2330 4398; x_wconf 88' lang='lat' dir='ltr'><strong>fruentibus:</strong></span> <span class='ocrx_word' id='word_1_678' title='bbox 2363 4342 2408 4398; x_wconf 92' lang='lat' dir='ltr'><strong>si</strong></span> <span class='ocrx_word' id='word_1_679' title='bbox 2437 4350 2615 4398; x_wconf 91' lang='lat' dir='ltr'><strong>tamen</strong></span> <span class='ocrx_word' id='word_1_680' title='bbox 2645 4356 2731 4396; x_wconf 90' lang='lat' dir='ltr'><strong>res</strong></span> <span class='ocrx_word' id='word_1_681' title='bbox 2770 4341 2996 4397; x_wconf 88' lang='lat' dir='ltr'><strong>dicenda</strong></span> <span class='ocrx_word' id='word_1_682' title='bbox 3039 4351 3142 4406; x_wconf 90' lang='lat' dir='ltr'><strong>est,</strong></span> <span class='ocrx_word' id='word_1_683' title='bbox 3185 4351 3241 4398; x_wconf 90' lang='lat' dir='ltr'><strong>et</strong></span> <span class='ocrx_word' id='word_1_684' title='bbox 3267 4359 3376 4400; x_wconf 91' lang='lat' dir='ltr'><strong>non</strong></span> <span class='ocrx_word' id='word_1_685' title='bbox 3401 4360 3581 4399; x_wconf 90' lang='lat' dir='ltr'><strong>rerum</strong></span> 
     </span>
    </p>
   </div>
   <div class='ocr_carea' id='block_1_91' title="bbox 1991 4419 3581 4504">
    <p class='ocr_par' dir='ltr' id='par_1_91' title="bbox 1991 4419 3581 4504">
     <span class='ocr_line' id='line_1_91' title="bbox 1991 4419 3581 4504; baseline 0.001 -16"><span class='ocrx_word' id='word_1_686' title='bbox 1991 4433 2231 4488; x_wconf 90' lang='lat' dir='ltr'><strong>omnium</strong></span> <span class='ocrx_word' id='word_1_687' title='bbox 2263 4448 2446 4496; x_wconf 88' lang='lat' dir='ltr'><strong>causa,</strong></span> <span class='ocrx_word' id='word_1_688' title='bbox 2487 4445 2694 4487; x_wconf 91' lang='lat' dir='ltr'><strong>necnon</strong></span> <span class='ocrx_word' id='word_1_689' title='bbox 2743 4431 2846 4486; x_wconf 90' lang='lat' dir='ltr'><strong>etsi</strong></span> <span class='ocrx_word' id='word_1_690' title='bbox 2901 4446 3062 4486; x_wconf 89' lang='lat' dir='ltr'><strong>causa</strong></span> <span class='ocrx_word' id='word_1_691' title='bbox 3098 4419 3418 4502; x_wconf 78' lang='lat' dir='ltr'><strong>praesertim,</strong></span> <span class='ocrx_word' id='word_1_692' title='bbox 3454 4435 3581 4504; x_wconf 84' lang='lat' dir='ltr'><strong>quia</strong></span> 
     </span>
    </p>
   </div>
   <div class='ocr_carea' id='block_1_92' title="bbox 309 4521 3580 4592">
    <p class='ocr_par' dir='ltr' id='par_1_92' title="bbox 309 4521 3580 4592">
     <span class='ocr_line' id='line_1_92' title="bbox 309 4521 3580 4592; baseline 0 -15"><span class='ocrx_word' id='word_1_693' title='bbox 309 4536 430 4586; x_wconf 88' lang='lat' dir='ltr'><strong>nos,</strong></span> <span class='ocrx_word' id='word_1_694' title='bbox 461 4529 522 4576; x_wconf 87' lang='lat' dir='ltr'><strong>ut.</strong></span> <span class='ocrx_word' id='word_1_695' title='bbox 567 4521 849 4592; x_wconf 87' lang='lat' dir='ltr'><strong>diligamus</strong></span> <span class='ocrx_word' id='word_1_696' title='bbox 893 4539 1037 4586; x_wconf 90' lang='lat' dir='ltr'><strong>eum,</strong></span> <span class='ocrx_word' id='word_1_697' title='bbox 1061 4523 1203 4578; x_wconf 89' lang='lat' dir='ltr'><strong>sicut</strong></span> <span class='ocrx_word' id='word_1_698' title='bbox 1231 4539 1351 4592; x_wconf 74' lang='lat' dir='ltr'><strong>qua:</strong></span> <span class='ocrx_word' id='word_1_699' title='bbox 1389 4524 1416 4561; x_wconf 73' lang='grc' dir='ltr'><strong>ι)</strong></span> <span class='ocrx_word' id='word_1_700' title='bbox 1446 4524 1510 4577; x_wconf 88' lang='lat' dir='ltr'><strong>de</strong></span> <span class='ocrx_word' id='word_1_701' title='bbox 1545 4523 1746 4592; x_wconf 90' lang='lat' dir='ltr'><strong>Spiritu</strong></span> <span class='ocrx_word' id='word_1_702' title='bbox 1775 4540 1891 4589; x_wconf 89' lang='lat' dir='ltr'><strong>suo,</strong></span> <span class='ocrx_word' id='word_1_703' title='bbox 1925 4532 1973 4591; x_wconf 78' lang='grc' dir='ltr'><strong>Ι)</strong></span> <span class='ocrx_word' id='word_1_704' title='bbox 2001 4525 2204 4579; x_wconf 91' lang='lat' dir='ltr'><strong>nullum</strong></span> <span class='ocrx_word' id='word_1_705' title='bbox 2235 4539 2429 4579; x_wconf 93' lang='lat' dir='ltr'><strong>nomen</strong></span> <span class='ocrx_word' id='word_1_706' title='bbox 2462 4522 2752 4584; x_wconf 86' lang='lat' dir='ltr'><strong>invenitur,</strong></span> <span class='ocrx_word' id='word_1_707' title='bbox 2794 4522 2934 4589; x_wconf 91' lang='lat' dir='ltr'><strong>quod</strong></span> <span class='ocrx_word' id='word_1_708' title='bbox 2965 4530 3127 4577; x_wconf 74' lang='lat' dir='ltr'><strong>tanta:</strong></span> <span class='ocrx_word' id='word_1_709' title='bbox 3176 4524 3458 4578; x_wconf 83' lang='lat' dir='ltr'><strong>conveniat</strong></span> <span class='ocrx_word' id='word_1_710' title='bbox 3479 4539 3580 4579; x_wconf 84' lang='lat' dir='ltr'><strong>ex-</strong></span> 
     </span>
    </p>
   </div>
   <div class='ocr_carea' id='block_1_93' title="bbox 310 4604 1898 4685">
    <p class='ocr_par' dir='ltr' id='par_1_93' title="bbox 310 4604 1898 4685">
     <span class='ocr_line' id='line_1_93' title="bbox 310 4604 1898 4685; baseline 0.002 -17"><span class='ocrx_word' id='word_1_711' title='bbox 310 4615 400 4684; x_wconf 91' lang='lat' dir='ltr'><strong>qui</strong></span> <span class='ocrx_word' id='word_1_712' title='bbox 432 4623 516 4670; x_wconf 89' lang='lat' dir='ltr'><strong>est</strong></span> <span class='ocrx_word' id='word_1_713' title='bbox 553 4615 812 4681; x_wconf 89' lang='lat' dir='ltr'><strong>charitas,</strong></span> <span class='ocrx_word' id='word_1_714' title='bbox 849 4615 998 4670; x_wconf 89' lang='lat' dir='ltr'><strong>dedit</strong></span> <span class='ocrx_word' id='word_1_715' title='bbox 1047 4615 1225 4678; x_wconf 90' lang='lat' dir='ltr'><strong>nobis,</strong></span> <span class='ocrx_word' id='word_1_716' title='bbox 1257 4623 1317 4668; x_wconf 91' lang='lat' dir='ltr'><strong>ut</strong></span> <span class='ocrx_word' id='word_1_717' title='bbox 1355 4604 1578 4685; x_wconf 84' lang='lat' dir='ltr'><strong>diligere</strong></span> <span class='ocrx_word' id='word_1_718' title='bbox 1629 4617 1898 4684; x_wconf 85' lang='lat' dir='ltr'><strong>possimus</strong></span> 
     </span>
    </p>
   </div>
   <div class='ocr_carea' id='block_1_94' title="bbox 307 4704 1898 4777">
    <p class='ocr_par' dir='ltr' id='par_1_94' title="bbox 307 4704 1898 4777">
     <span class='ocr_line' id='line_1_94' title="bbox 307 4704 1898 4777; baseline 0.001 -17"><span class='ocrx_word' id='word_1_719' title='bbox 307 4714 362 4760; x_wconf 91' lang='lat' dir='ltr'><strong>et</strong></span> <span class='ocrx_word' id='word_1_720' title='bbox 391 4706 512 4776; x_wconf 91' lang='lat' dir='ltr'><strong>ipsi,</strong></span> <span class='ocrx_word' id='word_1_721' title='bbox 543 4705 806 4777; x_wconf 91' lang='lat' dir='ltr'><strong>Spiritum</strong></span> <span class='ocrx_word' id='word_1_722' title='bbox 829 4715 1095 4762; x_wconf 90' lang='lat' dir='ltr'><strong>sanctum.</strong></span> <span class='ocrx_word' id='word_1_723' title='bbox 1125 4704 1277 4771; x_wconf 87' lang='lat' dir='ltr'><strong>Quod</strong></span> <span class='ocrx_word' id='word_1_724' title='bbox 1302 4705 1345 4759; x_wconf 89' lang='lat' dir='ltr'><strong>si</strong></span> <span class='ocrx_word' id='word_1_725' title='bbox 1367 4705 1700 4776; x_wconf 89' lang='lat' dir='ltr'><strong>germanitas</strong></span> <span class='ocrx_word' id='word_1_726' title='bbox 1717 4707 1898 4762; x_wconf 81' lang='lat' dir='ltr'><strong>carnis</strong></span> 
     </span>
    </p>
   </div>
   <div class='ocr_carea' id='block_1_95' title="bbox 307 4797 1894 4870">
    <p class='ocr_par' dir='ltr' id='par_1_95' title="bbox 307 4797 1894 4870">
     <span class='ocr_line' id='line_1_95' title="bbox 307 4797 1894 4870; baseline -0.001 -15"><span class='ocrx_word' id='word_1_727' title='bbox 307 4798 472 4855; x_wconf 87' lang='lat' dir='ltr'><strong>habet</strong></span> <span class='ocrx_word' id='word_1_728' title='bbox 491 4799 694 4868; x_wconf 91' lang='lat' dir='ltr'><strong>aliquid</strong></span> <span class='ocrx_word' id='word_1_729' title='bbox 719 4798 1120 4870; x_wconf 86' lang='lat' dir='ltr'><strong>germanitatis,</strong></span> <span class='ocrx_word' id='word_1_730' title='bbox 1139 4797 1308 4858; x_wconf 84' lang='lat' dir='ltr'><strong>multo</strong></span> <span class='ocrx_word' id='word_1_731' title='bbox 1323 4797 1493 4868; x_wconf 89' lang='lat' dir='ltr'><strong>magis</strong></span> <span class='ocrx_word' id='word_1_732' title='bbox 1520 4797 1735 4869; x_wconf 87' lang='lat' dir='ltr'><strong>adoptio</strong></span> <span class='ocrx_word' id='word_1_733' title='bbox 1753 4798 1894 4853; x_wconf 81' lang='lat' dir='ltr'><strong>filio-</strong></span> 
     </span>
    </p>
   </div>
   <div class='ocr_carea' id='block_1_96' title="bbox 307 4891 1888 4961">
    <p class='ocr_par' dir='ltr' id='par_1_96' title="bbox 307 4891 1888 4961">
     <span class='ocr_line' id='line_1_96' title="bbox 307 4891 1888 4961; baseline 0.002 -16"><span class='ocrx_word' id='word_1_734' title='bbox 307 4906 426 4946; x_wconf 89' lang='lat' dir='ltr'><strong>rum</strong></span> <span class='ocrx_word' id='word_1_735' title='bbox 454 4891 570 4956; x_wconf 91' lang='lat' dir='ltr'><strong>Dei,</strong></span> <span class='ocrx_word' id='word_1_736' title='bbox 602 4908 722 4961; x_wconf 74' lang='lat' dir='ltr'><strong>qua:</strong></span> <span class='ocrx_word' id='word_1_737' title='bbox 745 4899 857 4950; x_wconf 89' lang='lat' dir='ltr'><strong>tota</strong></span> <span class='ocrx_word' id='word_1_738' title='bbox 887 4892 1192 4948; x_wconf 85' lang='lat' dir='ltr'><strong>renascitur</strong></span> <span class='ocrx_word' id='word_1_739' title='bbox 1227 4907 1292 4946; x_wconf 85' lang='lat' dir='ltr'><strong>ex</strong></span> <span class='ocrx_word' id='word_1_740' title='bbox 1322 4891 1513 4961; x_wconf 85' lang='lat' dir='ltr'><strong>spiritu</strong></span> <span class='ocrx_word' id='word_1_741' title='bbox 1536 4891 1844 4948; x_wconf 86' lang='lat' dir='ltr'><strong>dilectionis</strong></span> <span class='ocrx_word' id='word_1_742' title='bbox 1874 4909 1888 4958; x_wconf 91' lang='lat'><strong>;</strong></span> 
     </span>
    </p>
   </div>
   <div class='ocr_carea' id='block_1_97' title="bbox 303 4980 1888 5051">
    <p class='ocr_par' dir='ltr' id='par_1_97' title="bbox 303 4980 1888 5051">
     <span class='ocr_line' id='line_1_97' title="bbox 303 4980 1888 5051; baseline -0.001 -13"><span class='ocrx_word' id='word_1_743' title='bbox 303 4991 358 5038; x_wconf 88' lang='lat' dir='ltr'><strong>et</strong></span> <span class='ocrx_word' id='word_1_744' title='bbox 407 4982 704 5038; x_wconf 83' lang='lat' dir='ltr'><strong>notandum</strong></span> <span class='ocrx_word' id='word_1_745' title='bbox 733 4982 877 5051; x_wconf 92' lang='lat' dir='ltr'><strong>quod</strong></span> <span class='ocrx_word' id='word_1_746' title='bbox 905 4997 1065 5037; x_wconf 89' lang='lat' dir='ltr'><strong>nemo</strong></span> <span class='ocrx_word' id='word_1_747' title='bbox 1089 4982 1205 5036; x_wconf 87' lang='lat' dir='ltr'><strong>sine</strong></span> <span class='ocrx_word' id='word_1_748' title='bbox 1235 4980 1484 5036; x_wconf 90' lang='lat' dir='ltr'><strong>mercede</strong></span> <span class='ocrx_word' id='word_1_749' title='bbox 1514 4981 1888 5036; x_wconf 87' lang='lat' dir='ltr'><strong>retributionis</strong></span> 
     </span>
    </p>
   </div>
   <div class='ocr_carea' id='block_1_98' title="bbox 302 5069 1883 5143">
    <p class='ocr_par' dir='ltr' id='par_1_98' title="bbox 302 5069 1883 5143">
     <span class='ocr_line' id='line_1_98' title="bbox 302 5069 1883 5143; baseline -0.002 -16"><span class='ocrx_word' id='word_1_750' title='bbox 302 5072 498 5143; x_wconf 88' lang='lat' dir='ltr'><strong>diligit,</strong></span> <span class='ocrx_word' id='word_1_751' title='bbox 542 5071 745 5126; x_wconf 89' lang='lat' dir='ltr'><strong>idcirco</strong></span> <span class='ocrx_word' id='word_1_752' title='bbox 803 5086 961 5126; x_wconf 89' lang='lat' dir='ltr'><strong>nemo</strong></span> <span class='ocrx_word' id='word_1_753' title='bbox 1006 5071 1178 5142; x_wconf 90' lang='lat' dir='ltr'><strong>gratis</strong></span> <span class='ocrx_word' id='word_1_754' title='bbox 1232 5069 1423 5140; x_wconf 88' lang='lat' dir='ltr'><strong>diligit.</strong></span> <span class='ocrx_word' id='word_1_755' title='bbox 1478 5069 1611 5123; x_wconf 82' lang='lat' dir='ltr'><strong>Nam</strong></span> <span class='ocrx_word' id='word_1_756' title='bbox 1651 5069 1883 5138; x_wconf 78' lang='lat' dir='ltr'><strong>proximi</strong></span> 
     </span>
    </p>
   </div>
   <div class='ocr_carea' id='block_1_99' title="bbox 299 5160 1883 5233">
    <p class='ocr_par' dir='ltr' id='par_1_99' title="bbox 299 5160 1883 5233">
     <span class='ocr_line' id='line_1_99' title="bbox 299 5160 1883 5233; baseline -0.002 -14"><span class='ocrx_word' id='word_1_757' title='bbox 299 5178 497 5219; x_wconf 92' lang='lat' dir='ltr'><strong>nomen</strong></span> <span class='ocrx_word' id='word_1_758' title='bbox 538 5164 605 5218; x_wconf 90' lang='lat' dir='ltr'><strong>ad</strong></span> <span class='ocrx_word' id='word_1_759' title='bbox 651 5164 850 5233; x_wconf 89' lang='lat' dir='ltr'><strong>aliquid</strong></span> <span class='ocrx_word' id='word_1_760' title='bbox 880 5173 984 5228; x_wconf 90' lang='lat' dir='ltr'><strong>est,</strong></span> <span class='ocrx_word' id='word_1_761' title='bbox 1015 5163 1173 5218; x_wconf 91' lang='lat' dir='ltr'><strong>sicuti</strong></span> <span class='ocrx_word' id='word_1_762' title='bbox 1215 5162 1388 5232; x_wconf 90' lang='lat' dir='ltr'><strong>patris</strong></span> <span class='ocrx_word' id='word_1_763' title='bbox 1417 5177 1481 5216; x_wconf 92' lang='lat' dir='ltr'><strong>ac</strong></span> <span class='ocrx_word' id='word_1_764' title='bbox 1523 5160 1726 5226; x_wconf 87' lang='lat' dir='ltr'><strong>fratris,</strong></span> <span class='ocrx_word' id='word_1_765' title='bbox 1757 5161 1883 5232; x_wconf 89' lang='lat' dir='ltr'><strong>quia</strong></span> 
     </span>
    </p>
   </div>
   <div class='ocr_carea' id='block_1_100' title="bbox 294 5249 1884 5320">
    <p class='ocr_par' dir='ltr' id='par_1_100' title="bbox 294 5249 1884 5320">
     <span class='ocr_line' id='line_1_100' title="bbox 294 5249 1884 5320; baseline 0 -14"><span class='ocrx_word' id='word_1_766' title='bbox 294 5251 591 5306; x_wconf 86' lang='lat' dir='ltr'><strong>nemonisi</strong></span> <span class='ocrx_word' id='word_1_767' title='bbox 624 5251 856 5320; x_wconf 89' lang='lat' dir='ltr'><strong>proximi</strong></span> <span class='ocrx_word' id='word_1_768' title='bbox 885 5251 1164 5320; x_wconf 78' lang='lat' dir='ltr'><strong>proximus</strong></span> <span class='ocrx_word' id='word_1_769' title='bbox 1191 5260 1296 5315; x_wconf 91' lang='lat' dir='ltr'><strong>est,</strong></span> <span class='ocrx_word' id='word_1_770' title='bbox 1328 5250 1471 5306; x_wconf 88' lang='lat' dir='ltr'><strong>sicut</strong></span> <span class='ocrx_word' id='word_1_771' title='bbox 1499 5266 1598 5306; x_wconf 91' lang='lat' dir='ltr'><strong>nec</strong></span> <span class='ocrx_word' id='word_1_772' title='bbox 1629 5249 1770 5304; x_wconf 84' lang='lat' dir='ltr'><strong>filius</strong></span> <span class='ocrx_word' id='word_1_773' title='bbox 1790 5259 1884 5306; x_wconf 87' lang='lat' dir='ltr'><strong>aut</strong></span> 
     </span>
    </p>
   </div>
   <div class='ocr_carea' id='block_1_101' title="bbox 294 5337 1880 5412">
    <p class='ocr_par' dir='ltr' id='par_1_101' title="bbox 294 5337 1880 5412">
     <span class='ocr_line' id='line_1_101' title="bbox 294 5337 1880 5412; baseline -0.005 -12"><span class='ocrx_word' id='word_1_774' title='bbox 294 5337 466 5400; x_wconf 64' lang='lat' dir='ltr'><strong>frater</strong></span> <span class='ocrx_word' id='word_1_775' title='bbox 478 5339 581 5395; x_wconf 89' lang='lat' dir='ltr'><strong>nisi</strong></span> <span class='ocrx_word' id='word_1_776' title='bbox 603 5340 773 5411; x_wconf 88' lang='lat' dir='ltr'><strong>patris</strong></span> <span class='ocrx_word' id='word_1_777' title='bbox 787 5348 841 5394; x_wconf 91' lang='lat' dir='ltr'><strong>et</strong></span> <span class='ocrx_word' id='word_1_778' title='bbox 856 5339 1042 5396; x_wconf 87' lang='lat' dir='ltr'><strong>fratris</strong></span> <span class='ocrx_word' id='word_1_779' title='bbox 1053 5351 1073 5378; x_wconf 73' lang='grc' dir='ltr'><strong>π</strong></span> <span class='ocrx_word' id='word_1_780' title='bbox 1084 5378 1100 5395; x_wconf 94' lang='grc'><strong>.</strong></span> <span class='ocrx_word' id='word_1_781' title='bbox 1115 5339 1324 5396; x_wconf 82' lang='lat' dir='ltr'><strong>Idcirco</strong></span> <span class='ocrx_word' id='word_1_782' title='bbox 1345 5339 1388 5395; x_wconf 91' lang='lat' dir='ltr'><strong>si</strong></span> <span class='ocrx_word' id='word_1_783' title='bbox 1399 5339 1456 5411; x_wconf 85' lang='lat' dir='ltr'><strong>ju</strong></span> <span class='ocrx_word' id='word_1_784' title='bbox 1467 5355 1522 5394; x_wconf 92' lang='lat' dir='ltr'><strong>re</strong></span> <span class='ocrx_word' id='word_1_785' title='bbox 1535 5348 1690 5412; x_wconf 89' lang='lat' dir='ltr'><strong>pater</strong></span> <span class='ocrx_word' id='word_1_786' title='bbox 1703 5339 1880 5412; x_wconf 88' lang='lat' dir='ltr'><strong>diligi-</strong></span> 
     </span>
    </p>
   </div>
   <div class='ocr_carea' id='block_1_102' title="bbox 364 5496 990 5567">
    <p class='ocr_par' dir='ltr' id='par_1_102' title="bbox 364 5496 990 5567">
     <span class='ocr_line' id='line_1_102' title="bbox 364 5496 990 5567; baseline 0.008 -17"><span class='ocrx_word' id='word_1_787' title='bbox 364 5509 392 5543; x_wconf 80' lang='grc' dir='ltr'>ιι</span> <span class='ocrx_word' id='word_1_788' title='bbox 427 5496 485 5551; x_wconf 90' lang='lat' dir='ltr'><strong>ln</strong></span> <span class='ocrx_word' id='word_1_789' title='bbox 517 5497 648 5552; x_wconf 88' lang='lat' dir='ltr'><strong>edit.</strong></span> <span class='ocrx_word' id='word_1_790' title='bbox 683 5499 835 5552; x_wconf 86' lang='lat' dir='ltr'><strong>deest</strong></span> <span class='ocrx_word' id='word_1_791' title='bbox 863 5498 990 5567; x_wconf 75' lang='lat' dir='ltr'><strong>ipse.</strong></span> 
     </span>
    </p>
   </div>
   <div class='ocr_carea' id='block_1_103' title="bbox 364 5567 842 5639">
    <p class='ocr_par' dir='ltr' id='par_1_103' title="bbox 364 5567 842 5639">
     <span class='ocr_line' id='line_1_103' title="bbox 364 5567 842 5639; baseline 0 0"><span class='ocrx_word' id='word_1_792' title='bbox 364 5567 394 5606; x_wconf 72' lang='grc' dir='ltr'><strong>ι»</strong></span> <span class='ocrx_word' id='word_1_793' title='bbox 429 5567 591 5639; x_wconf 64' lang='lat' dir='ltr'><strong>eam.</strong></span> <span class='ocrx_word' id='word_1_794' title='bbox 621 5585 842 5639; x_wconf 54' lang='lat' dir='ltr'><strong>quoque.</strong></span> 
     </span>
    </p>
   </div>
   <div class='ocr_carea' id='block_1_104' title="bbox 365 5637 930 5705">
    <p class='ocr_par' dir='ltr' id='par_1_104' title="bbox 365 5637 930 5705">
     <span class='ocr_line' id='line_1_104' title="bbox 365 5637 930 5705; baseline 0.009 -14"><span class='ocrx_word' id='word_1_795' title='bbox 365 5648 387 5676; x_wconf 71' lang='grc' dir='ltr'><strong>ε</strong></span> <span class='ocrx_word' id='word_1_796' title='bbox 429 5637 590 5702; x_wconf 80' lang='lat' dir='ltr'><strong>Editi,</strong></span> <span class='ocrx_word' id='word_1_797' title='bbox 621 5637 782 5701; x_wconf 84' lang='lat' dir='ltr'><strong>male,</strong></span> <span class='ocrx_word' id='word_1_798' title='bbox 810 5638 930 5705; x_wconf 76' lang='lat' dir='ltr'><strong>ﬁlii.</strong></span> 
     </span>
    </p>
   </div>
   <div class='ocr_carea' id='block_1_105' title="bbox 357 5707 815 5782">
    <p class='ocr_par' dir='ltr' id='par_1_105' title="bbox 357 5707 815 5782">
     <span class='ocr_line' id='line_1_105' title="bbox 357 5707 815 5782; baseline 0 -22"><span class='ocrx_word' id='word_1_799' title='bbox 357 5707 384 5750; x_wconf 73' lang='grc' dir='ltr'><strong>ει</strong></span> <span class='ocrx_word' id='word_1_800' title='bbox 421 5707 584 5772; x_wconf 82' lang='lat' dir='ltr'><strong>Editi,</strong></span> <span class='ocrx_word' id='word_1_801' title='bbox 609 5717 662 5761; x_wconf 86' lang='lat' dir='ltr'><strong>ut</strong></span> <span class='ocrx_word' id='word_1_802' title='bbox 695 5709 815 5782; x_wconf 79' lang='lat' dir='ltr'><strong>ipse.</strong></span> 
     </span>
    </p>
   </div>
   <div class='ocr_carea' id='block_1_106' title="bbox 2000 4609 3580 4681">
    <p class='ocr_par' dir='ltr' id='par_1_106' title="bbox 2000 4609 3580 4681">
     <span class='ocr_line' id='line_1_106' title="bbox 2000 4609 3580 4681; baseline 0.001 -14"><span class='ocrx_word' id='word_1_803' title='bbox 2000 4612 2260 4667; x_wconf 78' lang='lat' dir='ltr'><strong>cellentize</strong></span> <span class='ocrx_word' id='word_1_804' title='bbox 2314 4610 2635 4681; x_wconf 80' lang='lat' dir='ltr'><strong>majestatis,</strong></span> <span class='ocrx_word' id='word_1_805' title='bbox 2686 4618 2864 4664; x_wconf 91' lang='lat' dir='ltr'><strong>tamen</strong></span> <span class='ocrx_word' id='word_1_806' title='bbox 2913 4609 3112 4664; x_wconf 90' lang='lat' dir='ltr'><strong>dicitur</strong></span> <span class='ocrx_word' id='word_1_807' title='bbox 3155 4612 3296 4668; x_wconf 91' lang='lat' dir='ltr'><strong>Dens</strong></span> <span class='ocrx_word' id='word_1_808' title='bbox 3342 4611 3580 4668; x_wconf 87' lang='lat' dir='ltr'><strong>Trinitas</strong></span> 
     </span>
    </p>
   </div>
   <div class='ocr_carea' id='block_1_107' title="bbox 1999 4701 3578 4774">
    <p class='ocr_par' dir='ltr' id='par_1_107' title="bbox 1999 4701 3578 4774">
     <span class='ocr_line' id='line_1_107' title="bbox 1999 4701 3578 4774; baseline 0.002 -18"><span class='ocrx_word' id='word_1_809' title='bbox 1999 4718 2139 4758; x_wconf 90' lang='lat' dir='ltr'><strong>unus</strong></span> <span class='ocrx_word' id='word_1_810' title='bbox 2191 4701 2352 4765; x_wconf 83' lang='lat' dir='ltr'><strong>Deus,</strong></span> <span class='ocrx_word' id='word_1_811' title='bbox 2378 4717 2444 4756; x_wconf 91' lang='lat' dir='ltr'><strong>ex</strong></span> <span class='ocrx_word' id='word_1_812' title='bbox 2471 4715 2577 4770; x_wconf 91' lang='lat' dir='ltr'><strong>quo</strong></span> <span class='ocrx_word' id='word_1_813' title='bbox 2605 4701 2812 4763; x_wconf 90' lang='lat' dir='ltr'><strong>omnia,</strong></span> <span class='ocrx_word' id='word_1_814' title='bbox 2844 4713 2942 4770; x_wconf 88' lang='lat' dir='ltr'><strong>per</strong></span> <span class='ocrx_word' id='word_1_815' title='bbox 2965 4715 3125 4771; x_wconf 89' lang='lat' dir='ltr'><strong>quem</strong></span> <span class='ocrx_word' id='word_1_816' title='bbox 3153 4702 3359 4768; x_wconf 90' lang='lat' dir='ltr'><strong>omnia,</strong></span> <span class='ocrx_word' id='word_1_817' title='bbox 3382 4701 3438 4757; x_wconf 91' lang='lat' dir='ltr'><strong>in</strong></span> <span class='ocrx_word' id='word_1_818' title='bbox 3469 4719 3578 4774; x_wconf 89' lang='lat' dir='ltr'><strong>quo</strong></span> 
     </span>
    </p>
   </div>
   <div class='ocr_carea' id='block_1_108' title="bbox 1995 4789 3572 4861">
    <p class='ocr_par' dir='ltr' id='par_1_108' title="bbox 1995 4789 3572 4861">
     <span class='ocr_line' id='line_1_108' title="bbox 1995 4789 3572 4861; baseline 0.004 -17"><span class='ocrx_word' id='word_1_819' title='bbox 1995 4791 2198 4854; x_wconf 85' lang='lat' dir='ltr'><strong>omnia,</strong></span> <span class='ocrx_word' id='word_1_820' title='bbox 2226 4791 2388 4848; x_wconf 83' lang='lat' dir='ltr'><strong>Pater</strong></span> <span class='ocrx_word' id='word_1_821' title='bbox 2408 4791 2637 4855; x_wconf 81' lang='lat' dir='ltr'><strong>scilicet,</strong></span> <span class='ocrx_word' id='word_1_822' title='bbox 2664 4798 2721 4843; x_wconf 89' lang='lat' dir='ltr'><strong>et</strong></span> <span class='ocrx_word' id='word_1_823' title='bbox 2767 4789 2957 4855; x_wconf 84' lang='lat' dir='ltr'><strong>Filius,</strong></span> <span class='ocrx_word' id='word_1_824' title='bbox 2983 4801 3038 4846; x_wconf 88' lang='lat' dir='ltr'><strong>et</strong></span> <span class='ocrx_word' id='word_1_825' title='bbox 3073 4790 3310 4861; x_wconf 91' lang='lat' dir='ltr'><strong>Spiritus</strong></span> <span class='ocrx_word' id='word_1_826' title='bbox 3332 4803 3572 4850; x_wconf 83' lang='lat' dir='ltr'><strong>sanctus.</strong></span> 
     </span>
    </p>
   </div>
   <div class='ocr_carea' id='block_1_109' title="bbox 1997 4881 3579 4953">
    <p class='ocr_par' dir='ltr' id='par_1_109' title="bbox 1997 4881 3579 4953">
     <span class='ocr_line' id='line_1_109' title="bbox 1997 4881 3579 4953; baseline 0.001 -17"><span class='ocrx_word' id='word_1_827' title='bbox 1997 4881 2198 4938; x_wconf 85' lang='lat' dir='ltr'><strong>ilorum</strong></span> <span class='ocrx_word' id='word_1_828' title='bbox 2231 4897 2444 4953; x_wconf 90' lang='lat' dir='ltr'><strong>quoque</strong></span> <span class='ocrx_word' id='word_1_829' title='bbox 2474 4881 2718 4953; x_wconf 80' lang='lat' dir='ltr'><strong>singulus</strong></span> <span class='ocrx_word' id='word_1_830' title='bbox 2746 4882 2974 4951; x_wconf 90' lang='lat' dir='ltr'><strong>quisque</strong></span> <span class='ocrx_word' id='word_1_831' title='bbox 3004 4882 3164 4946; x_wconf 91' lang='lat' dir='ltr'><strong>Deus,</strong></span> <span class='ocrx_word' id='word_1_832' title='bbox 3195 4892 3249 4937; x_wconf 91' lang='lat' dir='ltr'><strong>et</strong></span> <span class='ocrx_word' id='word_1_833' title='bbox 3271 4883 3428 4953; x_wconf 90' lang='lat' dir='ltr'><strong>plena</strong></span> <span class='ocrx_word' id='word_1_834' title='bbox 3453 4886 3579 4938; x_wconf 81' lang='lat' dir='ltr'><strong>sul)-</strong></span> 
     </span>
    </p>
   </div>
   <div class='ocr_carea' id='block_1_110' title="bbox 1993 4973 3579 5041">
    <p class='ocr_par' dir='ltr' id='par_1_110' title="bbox 1993 4973 3579 5041">
     <span class='ocr_line' id='line_1_110' title="bbox 1993 4973 3579 5041; baseline -0.002 -11"><span class='ocrx_word' id='word_1_835' title='bbox 1993 4976 2214 5041; x_wconf 88' lang='lat' dir='ltr'><strong>stantia,</strong></span> <span class='ocrx_word' id='word_1_836' title='bbox 2264 4986 2318 5031; x_wconf 91' lang='lat' dir='ltr'><strong>et</strong></span> <span class='ocrx_word' id='word_1_837' title='bbox 2364 4975 2524 5032; x_wconf 85' lang='lat' dir='ltr'><strong>simul</strong></span> <span class='ocrx_word' id='word_1_838' title='bbox 2553 4989 2742 5030; x_wconf 90' lang='lat' dir='ltr'><strong>omnes</strong></span> <span class='ocrx_word' id='word_1_839' title='bbox 2771 4990 2908 5029; x_wconf 90' lang='lat' dir='ltr'><strong>unus</strong></span> <span class='ocrx_word' id='word_1_840' title='bbox 2937 4973 3078 5028; x_wconf 90' lang='lat' dir='ltr'><strong>Deus</strong></span> <span class='ocrx_word' id='word_1_841' title='bbox 3108 4984 3163 5028; x_wconf 90' lang='lat' dir='ltr'><strong>et</strong></span> <span class='ocrx_word' id='word_1_842' title='bbox 3194 4989 3300 5030; x_wconf 91' lang='lat' dir='ltr'><strong>una</strong></span> <span class='ocrx_word' id='word_1_843' title='bbox 3332 4977 3579 5029; x_wconf 83' lang='lat' dir='ltr'><strong>substan-</strong></span> 
     </span>
    </p>
   </div>
   <div class='ocr_carea' id='block_1_111' title="bbox 1997 5063 3575 5136">
    <p class='ocr_par' dir='ltr' id='par_1_111' title="bbox 1997 5063 3575 5136">
     <span class='ocr_line' id='line_1_111' title="bbox 1997 5063 3575 5136; baseline -0.003 -11"><span class='ocrx_word' id='word_1_844' title='bbox 1997 5069 2104 5133; x_wconf 91' lang='lat' dir='ltr'><strong>tia;</strong></span> <span class='ocrx_word' id='word_1_845' title='bbox 2137 5083 2255 5136; x_wconf 72' lang='lat' dir='ltr'><strong>quze</strong></span> <span class='ocrx_word' id='word_1_846' title='bbox 2285 5067 2537 5121; x_wconf 90' lang='lat' dir='ltr'><strong>nimirum</strong></span> <span class='ocrx_word' id='word_1_847' title='bbox 2570 5082 2658 5120; x_wconf 91' lang='lat' dir='ltr'><strong>res</strong></span> <span class='ocrx_word' id='word_1_848' title='bbox 2679 5065 2906 5121; x_wconf 89' lang='lat' dir='ltr'><strong>fruendo</strong></span> <span class='ocrx_word' id='word_1_849' title='bbox 2945 5064 3134 5119; x_wconf 82' lang='lat' dir='ltr'><strong>beatos</strong></span> <span class='ocrx_word' id='word_1_850' title='bbox 3163 5080 3260 5120; x_wconf 86' lang='lat' dir='ltr'><strong>nos</strong></span> <span class='ocrx_word' id='word_1_851' title='bbox 3282 5063 3428 5118; x_wconf 87' lang='lat' dir='ltr'><strong>facit.</strong></span> <span class='ocrx_word' id='word_1_852' title='bbox 3456 5064 3575 5121; x_wconf 72' lang='lat' dir='ltr'><strong>Cae-</strong></span> 
     </span>
    </p>
   </div>
   <div class='ocr_carea' id='block_1_112' title="bbox 1990 5157 3580 5230">
    <p class='ocr_par' dir='ltr' id='par_1_112' title="bbox 1990 5157 3580 5230">
     <span class='ocr_line' id='line_1_112' title="bbox 1990 5157 3580 5230; baseline -0.003 -12"><span class='ocrx_word' id='word_1_853' title='bbox 1990 5172 2162 5218; x_wconf 91' lang='lat' dir='ltr'><strong>terum</strong></span> <span class='ocrx_word' id='word_1_854' title='bbox 2191 5159 2440 5230; x_wconf 84' lang='lat' dir='ltr'><strong>iuvamur</strong></span> <span class='ocrx_word' id='word_1_855' title='bbox 2471 5161 2633 5215; x_wconf 88' lang='lat' dir='ltr'><strong>rebus</strong></span> <span class='ocrx_word' id='word_1_856' title='bbox 2655 5159 2847 5228; x_wconf 85' lang='lat' dir='ltr'><strong>quihus</strong></span> <span class='ocrx_word' id='word_1_857' title='bbox 2873 5157 3131 5212; x_wconf 88' lang='lat' dir='ltr'><strong>utendum</strong></span> <span class='ocrx_word' id='word_1_858' title='bbox 3159 5165 3262 5220; x_wconf 89' lang='lat' dir='ltr'><strong>est,</strong></span> <span class='ocrx_word' id='word_1_859' title='bbox 3289 5158 3580 5214; x_wconf 84' lang='lat' dir='ltr'><strong>tendentes</strong></span> 
     </span>
    </p>
   </div>
   <div class='ocr_carea' id='block_1_113' title="bbox 1990 5247 3578 5320">
    <p class='ocr_par' dir='ltr' id='par_1_113' title="bbox 1990 5247 3578 5320">
     <span class='ocr_line' id='line_1_113' title="bbox 1990 5247 3578 5320; baseline -0.003 -12"><span class='ocrx_word' id='word_1_860' title='bbox 1990 5253 2056 5308; x_wconf 91' lang='lat' dir='ltr'><strong>ad</strong></span> <span class='ocrx_word' id='word_1_861' title='bbox 2087 5251 2496 5312; x_wconf 89' lang='lat' dir='ltr'><strong>beatitudinem,</strong></span> <span class='ocrx_word' id='word_1_862' title='bbox 2530 5265 2664 5320; x_wconf 85' lang='lat' dir='ltr'><strong>quas</strong></span> <span class='ocrx_word' id='word_1_863' title='bbox 2692 5247 2932 5302; x_wconf 90' lang='lat' dir='ltr'><strong>omnimo</strong></span> <span class='ocrx_word' id='word_1_864' title='bbox 2958 5262 3057 5303; x_wconf 91' lang='lat' dir='ltr'><strong>nee</strong></span> <span class='ocrx_word' id='word_1_865' title='bbox 3095 5261 3300 5314; x_wconf 90' lang='lat' dir='ltr'><strong>amare,</strong></span> <span class='ocrx_word' id='word_1_866' title='bbox 3327 5262 3425 5304; x_wconf 84' lang='lat' dir='ltr'><strong>nec</strong></span> <span class='ocrx_word' id='word_1_867' title='bbox 3456 5247 3578 5303; x_wconf 87' lang='lat' dir='ltr'><strong>dili-</strong></span> 
     </span>
    </p>
   </div>
   <div class='ocr_carea' id='block_1_114' title="bbox 1988 5333 3580 5416">
    <p class='ocr_par' dir='ltr' id='par_1_114' title="bbox 1988 5333 3580 5416">
     <span class='ocr_line' id='line_1_114' title="bbox 1988 5333 3580 5416; baseline -0.004 -18"><span class='ocrx_word' id='word_1_868' title='bbox 1988 5358 2115 5416; x_wconf 87' lang='lat' dir='ltr'><strong>gere</strong></span> <span class='ocrx_word' id='word_1_869' title='bbox 2142 5342 2430 5407; x_wconf 87' lang='lat' dir='ltr'><strong>debemus;</strong></span> <span class='ocrx_word' id='word_1_870' title='bbox 2462 5341 2556 5395; x_wconf 88' lang='lat' dir='ltr'><strong>sed</strong></span> <span class='ocrx_word' id='word_1_871' title='bbox 2583 5339 2668 5394; x_wconf 90' lang='lat' dir='ltr'><strong>his</strong></span> <span class='ocrx_word' id='word_1_872' title='bbox 2695 5337 2797 5402; x_wconf 90' lang='lat' dir='ltr'><strong>uti,</strong></span> <span class='ocrx_word' id='word_1_873' title='bbox 2825 5345 2885 5392; x_wconf 89' lang='lat' dir='ltr'><strong>ut</strong></span> <span class='ocrx_word' id='word_1_874' title='bbox 2913 5337 2980 5392; x_wconf 88' lang='lat' dir='ltr'><strong>ad</strong></span> <span class='ocrx_word' id='word_1_875' title='bbox 3005 5336 3152 5392; x_wconf 90' lang='lat' dir='ltr'><strong>illam</strong></span> <span class='ocrx_word' id='word_1_876' title='bbox 3191 5333 3580 5404; x_wconf 62' lang='lat' dir='ltr'><strong>substantiam,</strong></span> 
     </span>
    </p>
   </div>
   <div class='ocr_carea' id='block_1_115' title="bbox 2051 5491 2855 5563">
    <p class='ocr_par' dir='ltr' id='par_1_115' title="bbox 2051 5491 2855 5563">
     <span class='ocr_line' id='line_1_115' title="bbox 2051 5491 2855 5563; baseline -0.01 -13"><span class='ocrx_word' id='word_1_877' title='bbox 2051 5508 2074 5536; x_wconf 78' lang='grc' dir='ltr'><strong>ο</strong></span> <span class='ocrx_word' id='word_1_878' title='bbox 2115 5494 2170 5550; x_wconf 91' lang='lat' dir='ltr'><strong>In</strong></span> <span class='ocrx_word' id='word_1_879' title='bbox 2197 5493 2329 5550; x_wconf 88' lang='lat' dir='ltr'><strong>edit.</strong></span> <span class='ocrx_word' id='word_1_880' title='bbox 2353 5491 2612 5563; x_wconf 80' lang='lat' dir='ltr'><strong>omissum</strong></span> <span class='ocrx_word' id='word_1_881' title='bbox 2641 5497 2723 5544; x_wconf 91' lang='lat' dir='ltr'><strong>est</strong></span> <span class='ocrx_word' id='word_1_882' title='bbox 2746 5505 2855 5563; x_wconf 49' lang='lat' dir='ltr'><strong>vos.</strong></span> 
     </span>
    </p>
   </div>
   <div class='ocr_carea' id='block_1_116' title="bbox 2050 5557 3580 5640">
    <p class='ocr_par' dir='ltr' id='par_1_116' title="bbox 2050 5557 3580 5640">
     <span class='ocr_line' id='line_1_116' title="bbox 2050 5557 3580 5640; baseline -0.001 -20"><span class='ocrx_word' id='word_1_883' title='bbox 2050 5565 2070 5606; x_wconf 78' lang='grc' dir='ltr'>ί</span> <span class='ocrx_word' id='word_1_884' title='bbox 2114 5565 2285 5640; x_wconf 85' lang='lat' dir='ltr'><strong>Edit.,_</strong></span> <span class='ocrx_word' id='word_1_885' title='bbox 2298 5565 2396 5632; x_wconf 79' lang='lat' dir='ltr'><strong>ipsi</strong></span> <span class='ocrx_word' id='word_1_886' title='bbox 2412 5557 2860 5640; x_wconf 49' lang='lat' dir='ltr'><strong>administratam;</strong></span> <span class='ocrx_word' id='word_1_887' title='bbox 2885 5569 3006 5614; x_wconf 67' lang='lat' dir='ltr'><strong>sunt</strong></span> <span class='ocrx_word' id='word_1_888' title='bbox 3029 5559 3084 5614; x_wconf 80' lang='lat' dir='ltr'><strong>in</strong></span> <span class='ocrx_word' id='word_1_889' title='bbox 3104 5559 3394 5616; x_wconf 71' lang='lat' dir='ltr'><strong>ministerio</strong></span> <span class='ocrx_word' id='word_1_890' title='bbox 3411 5557 3580 5633; x_wconf 64' lang='lat' dir='ltr'><strong>positi</strong></span> 
     </span>
    </p>
   </div>
   <div class='ocr_carea' id='block_1_117' title="bbox 1969 5651 2666 5773">
    <p class='ocr_par' dir='ltr' id='par_1_117' title="bbox 1969 5651 2666 5773">
     <span class='ocr_line' id='line_1_117' title="bbox 1969 5651 2666 5773; baseline -0.003 -14"><span class='ocrx_word' id='word_1_891' title='bbox 1969 5653 2166 5760; x_wconf 56' lang='lat' dir='ltr'><strong>“iiii:</strong></span> <span class='ocrx_word' id='word_1_892' title='bbox 2195 5651 2323 5773; x_wconf 62' lang='lat' dir='ltr'><strong>iiii.</strong></span> <span class='ocrx_word' id='word_1_893' title='bbox 2351 5701 2503 5758; x_wconf 87' lang='lat' dir='ltr'><strong>deest</strong></span> <span class='ocrx_word' id='word_1_894' title='bbox 2523 5702 2666 5770; x_wconf 61' lang='grc' dir='ltr'><strong>λιινο.</strong></span> 
     </span>
    </p>
   </div>
  </div>
