4148 6344
552 362 681 421 M7!

1350 362 1408 419 S.
1445 359 1798 418 PASCIIASII
1836 358 2185 415 RADBERTI
2221 357 2510 416 ABBATIS
2548 360 2996 418 COllBElENSlS

3682 370 3703 426 ί
3714 374 3823 429 472

466 454 467 457 Ἴ
549 494 657 551 qua
684 494 782 535 nos
807 476 995 534 beatos
1019 475 1181 531 faciat
1212 477 1551 546 apervenire.
1585 484 1747 546 atque
1774 475 1823 530 ei
1853 474 2120 529 inhaerere
2147 473 2199 533 A
2227 479 2403 526 tamur
2422 472 2585 528 licitis
2626 473 2680 527 in
2707 473 3039 544 superbiam,
3071 483 3126 531 et
3170 475 3388 533 miseria
3425 479 3479 534 in
3513 481 3831 555 quibusque

550 571 841 642 possimus.
892 567 1075 622 Tertio
1110 565 1228 621 loco
1269 582 1367 621 nos
1414 583 1623 631 sumus,
1667 566 1757 637 qui
1792 564 2024 619 fruimur
2073 571 2129 618 et

549 661 772 723 utimur,
806 658 945 713 inter
972 665 1228 726 utrasque
1272 656 1572 712 constituti.
1613 655 1823 710 Idcirco
1854 654 2012 709 nobis
2037 668 2129 708 ca-

550 753 781 808 vendum
814 760 921 815 est,
949 765 1017 805 ne
1061 748 1326 813 fruamur,
1369 748 1565 817 quibus
1599 748 1858 802 utendam
1906 754 2009 810 est,
2058 760 2128 799 ne

452 912 455 913 ν
550 844 690 901 forte
710 843 1104 914 praepediamur
1137 841 1188 895 in
1235 840 1344 904 via,
1378 855 1444 893 ne
1489 838 1771 893 veniamtts
1801 837 1868 892 ad
1897 836 2126 906 patriam

548 951 652 1008 qua
677 936 815 990 Deus
834 932 1071 1004 perfecte
1102 931 1356 986 fruendus
1383 940 1486 984 est.
1516 930 1611 983 Est
1639 929 1781 983 enim
1837 926 1938 981 frui
1989 925 2129 980 dile-

550 1028 728 1083 ctione
749 1026 1012 1097 perfecta,
1041 1023 1124 1079 vel
1148 1037 1332 1077 amore
1357 1021 1515 1075 alicui
1556 1021 1604 1075 ei
1644 1030 1863 1090 propter
1890 1018 2128 1088 seipsum

549 1120 833 1181 inhaerere,
860 1128 1022 1188 atque
1049 1116 1294 1171 eamdem
1323 1131 1433 1170 rem
1461 1129 1524 1169 ex
1557 1115 1721 1169 corde
1755 1112 1976 1182 diligere
2006 1129 2018 1166 :
2050 1109 2127 1164 uti

549 1218 752 1272 autem,
779 1209 921 1278 quod
953 1209 1006 1261 in
1030 1223 1183 1264 usum
1214 1207 1358 1261 venit
1380 1215 1577 1261 nostra:
1604 1194 1963 1268 necessitatis,
1988 1203 2054 1258 ad
2078 1201 2129 1257 id

549 1301 693 1369 quod
720 1299 1009 1370 diligimus,
1056 1308 1149 1352 aut
1174 1312 1418 1351 amamus
1458 1296 1829 1357 obtinendum,
1867 1296 1912 1349 si
1951 1303 2130 1349 tamen

550 1390 841 1445 amandum
867 1389 939 1444 sit
966 1388 1113 1452 illud,
1136 1387 1381 1458 profecto
1408 1402 1531 1442 cum
1574 1386 1709 1441 nihil
1730 1394 1950 1456 propter
1983 1385 2127 1459 seip-

546 1494 686 1539 sum.
715 1479 806 1534 sed
829 1486 1052 1550 propter
1080 1478 1246 1531 Deum
1275 1492 1460 1531 amare
1482 1477 1808 1542 debeamus;
1837 1476 1959 1544 quia
1985 1490 2131 1530 sum-

548 1584 697 1625 mum
724 1568 922 1622 bonum
970 1576 1092 1632 est;
1123 1574 1177 1620 et
1204 1566 1537 1635 proximum,
1587 1566 1711 1636 quia
1743 1581 1773 1620 a
1815 1579 2028 1620 summo
2056 1563 2129 1619 ita

547 1657 903 1714 constitutum
924 1666 1041 1710 est:
1065 1654 1302 1725 alioquin
1326 1672 1453 1709 usus
1483 1654 1699 1710 illicitus
1734 1654 1912 1725 potius
1940 1653 2130 1709 abusio

545 1748 874 1803 nominatur.
949 1746 1100 1803 Unde
1148 1747 1493 1816 Apostolus:
1546 1746 1853 1815 Quicunque
1907 1743 2127 1798 voluerit

541 1840 744 1895 amicus
772 1855 881 1894 esse
901 1839 1061 1909 hujus
1082 1837 1260 1893 sa'culi
1284 1838 1432 1909 (Jac.
1453 1854 1527 1902 tv,
1552 1838 1636 1909 ι),
1663 1838 1715 1893 id
1758 1845 1843 1892 est
1886 1837 1971 1892 his
1996 1835 2122 1902 frui,
2156 1826 2202 1886 B

541 1947 662 2002 quae
686 1931 870 1987 saeculi
899 1940 1043 1995 sunt,
1089 1939 1144 1986 et
1164 1929 1387 2000 diligere
1431 1938 1653 2000 pr0pter
1700 1944 1781 1994 se,
1808 1928 1936 1997 quia
1979 1927 2124 1982 bona

542 2031 690 2087 sunt,
730 2024 974 2077 inimicus
1018 2021 1116 2076 Dei
1174 2023 1535 2076 constituetur.
1572 2019 1720 2075 Bona
1754 2027 1881 2076 sunt
1908 2017 2127 2088 quidem

544 2125 697 2172 recte
717 2115 1033 2179 utentibus;
1061 2114 1155 2170 sed
1200 2113 1544 2169 abutentibus
1573 2128 1699 2169 vere
1728 2112 1757 2153 ι’
1786 2112 1841 2166 in
1877 2112 2127 2181 superbia

550 2210 708 2265 valde
737 2220 759 2248 ο
791 2208 1244 2279 perniciosissima
1295 2206 1733 2277 comprobantur.
1763 2204 1934 2260 Porro
1983 2212 2128 2261 recte

545 2300 822 2356 utentibus
863 2300 941 2355 sic
994 2307 1138 2364 sunt,
1186 2298 1343 2368 quasi
1388 2298 1433 2352 si
1492 2297 1687 2367 aliquis
1730 2295 2127 2368 peregrinando

545 2389 777 2446 festinus
805 2390 872 2446 ad
902 2391 1130 2459 patriam
1160 2389 1344 2443 venire
1384 2388 1619 2449 anhelet.
1649 2396 1876 2443 onustus
1904 2386 2128 2443 cibariis

540 2481 774 2545 incedat,
791 2481 987 2550 quibus
1016 2480 1272 2535 nimirum
1299 2488 1663 2550 praegravatus
1685 2495 1790 2533 non
1819 2487 2125 2549 propterea,

541 2573 668 2644 quia
722 2572 914 2643 diligit,
954 2573 1049 2628 sed
1093 2572 1179 2627 bis
1233 2572 1435 2644 utendo
1480 2573 1547 2627 ad
1582 2570 1764 2627 illud.l
1801 2586 1908 2641 quo
1957 2571 2129 2627 tendit

540 2665 827 2735 pervenire
857 2664 1048 2734 possit,
1080 2664 1208 2720 licet
1251 2665 1450 2720 invitus
1498 2665 1695 2719 utendo
1739 2673 1919 2734 portat
1948 2682 1962 2718 :
1993 2663 2127 2718 alio-

542 2754 672 2824 quin
694 2755 939 2824 quisquis
963 2770 1023 2809 ea
1052 2753 1248 2824 quibus
1277 2754 1446 2808 utitur
1474 2752 1702 2809 fruendo
1726 2754 1919 2825 diligit,
1958 2753 2126 2808 miser

541 2844 953 2914 illectus,atque
980 2860 1011 2899 a
1040 2844 1183 2900 bono
1198 2846 1500 2901 abstractus
1528 2846 1583 2899 in
1602 2846 1687 2900 via
1718 2846 1994 2916 torpescit.
2014 2843 2123 2901 Sed

541 2934 588 2988 si
622 2934 1041 2997 animadvertes,
1078 2950 1179 2989 nec
1204 2950 1263 2990 se
1293 2935 1455 2990 homo
1501 2935 1606 2990 frui
1646 2935 1824 3001 debet,
1859 2935 1985 3005 quia
2020 2949 2123 2990 nec

543 3035 890 3097 semetipsum
932 3034 1153 3095 propter
1180 3041 1259 3090 se,
1304 3026 1398 3081 sed
1428 3035 1647 3097 prepter
1677 3041 1800 3082 eum
1839 3027 1996 3081 debet
2040 3026 2121 3081 di—

541 3113 731 3183 ligere,
756 3130 864 3185 quo
892 3114 1176 3169 fruendum
1214 3122 1316 3170 est.
1347 3114 1597 3186 Alioquin
1633 3131 1739 3170 non
1774 3129 1833 3171 se
1861 3114 2026 3170 refert
2051 3114 2119 3169 ad

540 3204 710 3260 Deum
733 3206 826 3260 sed
851 3204 919 3259 ad
954 3204 1187 3275 seipsum
1214 3216 1237 3244 ο
1261 3220 1576 3271 conversus,
1595 3204 1711 3275 jam
1740 3222 1863 3261 cum
1913 3205 2125 3261 defectu

540 3312 600 3353 se
619 3297 845 3354 fruendo
876 3297 1041 3353 miser
1062 3307 1304 3367 remanet
1326 3315 1342 3364 ;
1370 3298 1496 3368 quia
1523 3314 1627 3353 non
1649 3299 1716 3353 ad
1737 3297 2125 3354 beatitudinem

539 3395 776 3452 erectus,
813 3386 907 3442 sed
936 3389 1003 3442 ad
1056 3387 1329 3442 miseriam
1372 3386 1661 3458 depressus
1688 3386 1855 3458 jacet.
1890 3385 2045 3443 Unde
2077 3386 2122 3441 si

539 3492 645 3534 nec
695 3491 755 3533 se
806 3477 969 3532 homo
1006 3477 1402 3546 quodammodo
1447 3459 1515 3532 ad
1568 3491 1628 3533 se
1684 3492 1979 3533 conversus
2019 3475 2122 3532 frui

544 3568 723 3631 debet,
754 3577 959 3637 quanto
1005 3568 1183 3622 minus
1212 3568 1343 3622 nihil
1389 3569 1534 3623 aliud
1580 3560 1710 3639 quid
1736 3568 1997 3640 diligere;
2031 3568 2125 3624 sed

540 3672 606 3711 eo
659 3658 735 3711 uti
786 3658 945 3712 debet
976 3658 1042 3713 ad
1080 3658 1479 3722 necessitatem,
1531 3667 1799 3727 quatenus
1841 3657 1965 3712 illuc
1996 3672 2124 3727 per-

540 3752 745 3815 veniat,
798 3765 904 3819 quo
957 3749 1078 3804 fons
1119 3749 1421 3805 dilectionis
1455 3757 1654 3804 manat.
1704 3747 1771 3802 Et
1820 3747 1940 3802 ideo
1966 3762 2124 3801 nemo

539 3855 598 3896 se
625 3839 644 3879 ΐ
677 3840 1230 3911 applandat,quilibct
1256 3841 1417 3895 homo
1447 3839 1693 3909 quamvis
1718 3839 1909 3902 bonus,
1942 3845 2123 3891 utrum

540 3940 763 4003 propter
783 3931 1017 4007 seipsum
1042 3930 1267 4001 diligere
1293 3931 1586 3986 debeamus
1610 3946 1625 3995 ;
1654 3928 1897 3998 quinimo
1944 3927 1998 3981 in
2025 3926 2125 3982 Do-

541 4023 710 4088 mino,
751 4022 835 4078 vel
877 4031 1099 4092 propter
1147 4022 1457 4085 Dominum,
1487 4030 1545 4075 ut
1582 4019 1650 4074 ad
1681 4019 1967 4074 Dominum
2014 4026 2124 4073 tota

542 4112 756 4168 dilectio
785 4122 969 4168 nostra
1023 4111 1308 4175 referatur,
1342 4120 1400 4165 ut
1433 4112 1483 4164 in
1515 4111 1605 4164 illo
1638 4111 1749 4165 ‘nos
1796 4109 1849 4163 in
1895 4108 2125 4163 invicem

541 4201 848 4271 diligamus,
896 4203 949 4256 in
980 4217 1107 4270 quo,
1159 4210 1214 4255 et
1262 4217 1327 4253 ex
1360 4216 1467 4269 quo
1498 4199 1639 4254 beati
1687 4214 1806 4253 esse
1856 4198 2125 4268 possimus

542 4291 676 4349 alias
706 4294 731 4333 ³
761 4300 937 4347 autem
971 4293 1160 4346 beatus
1210 4291 1485 4360 apostolus
1531 4290 1730 4345 Paulus
1774 4288 2073 4344 Philemoni
2108 4307 2122 4344 :

542 4383 897 4456 Ego,inquit,
921 4395 990 4448 te,
1022 4385 1208 4454 frater,
1254 4384 1407 4454 fruar
1449 4385 1505 4436 in
1547 4381 1769 4436 Domino
1806 4378 1971 4449 (Phil.
2009 4382 2123 4449 xx),

541 4472 645 4530 nisi
662 4474 954 4547 addidisset
974 4475 1026 4527 in
1053 4473 1295 4540 Domino,
1318 4474 1590 4530 videretur
1608 4487 1731 4527 eum
1757 4481 1977 4543 propter
1989 4474 2125 4540 seip-

541 4579 661 4620 sum
690 4564 930 4635 diligere.
966 4564 1073 4619 Sed
1122 4566 1309 4620 doctor
1346 4564 1597 4636 egregius
1644 4562 1698 4617 in
1729 4562 1821 4617 illo
1845 4578 1968 4618 eum
1999 4561 2119 4616 dili-

542 4672 670 4729 gere
692 4666 859 4728 optat,
890 4658 1087 4726 illoque
1112 4656 1244 4722 frui,
1287 4657 1341 4710 in
1369 4672 1476 4727 quo
1505 4672 1692 4712 eorum
1726 4666 1953 4725 uterque
1973 4654 2120 4710 beati

540 4755 663 4805 esse
683 4759 920 4819 possent.
938 4748 1287 4819 Quapropter
1313 4749 1599 4817 diligamus
1632 4748 1822 4814 Deum,
1859 4763 1964 4802 non
1994 4763 2120 4817 pro-

541 4850 665 4911 pter
684 4840 849 4906 aliud,
874 4840 966 4896 sed
996 4830 1225 4911 'pmpter
1264 4841 1533 4910 seipsum;
1557 4841 1680 4908 quia
1723 4855 1994 4894 summum
2018 4839 2117 4895 bo-

542 4945 671 4987 num
709 4941 813 4995 est,
859 4946 925 4987 ex
952 4941 1062 4988 toto
1083 4932 1246 4988 corde
1286 4940 1341 4986 et
1361 4947 1426 4985 es
1453 4939 1561 4984 tota
1592 4932 1797 4995 anima,
1831 4940 1885 4986 et
1909 4947 1973 4986 ex
2007 4939 2117 4986 tota

542 5032 725 5079 mente
750 5034 955 5079 nostra.
984 5023 1244 5094 Nullaque
1295 5038 1381 5078 res
1425 5024 1505 5086 ﬁt,
1543 5040 1645 5092 qua
1691 5022 1819 5090 frui,
1868 5023 1972 5076 nisi
2025 5024 2116 5080 illo

541 5116 852 5175 debeamus.
882 5118 1020 5172 Hine
1058 5125 1247 5180 restat,
1287 5124 1345 5168 ut
1379 5123 1489 5170 tota
1514 5114 1732 5170 dilectio
1780 5122 1965 5169 nostra
1991 5114 2118 5170 illuc

540 5222 599 5263 se
626 5209 821 5279 rapiat,
866 5208 958 5264 ubi
1002 5223 1270 5264 summum
1304 5207 1501 5261 bonum
1541 5214 1643 5269 est,
1695 5204 1967 5274 rebusque
2013 5205 2118 5261 illis

540 5300 805 5368 fruamur,
833 5302 1028 5371 quibus
1049 5301 1190 5357 beati
1230 5315 1352 5356 esse
1392 5313 1699 5370 possumus,
1734 5312 1801 5352 ne
1846 5294 1984 5352 forte
2022 5298 2116 5353 ab-

610 5423 641 5483 !
674 5411 842 5483 Edit.,
870 5414 1017 5483 facit.

612 5481 642 5523 δ
677 5481 735 5537 In
757 5481 885 5538 edit.
916 5484 1065 5539 deest
1084 5500 1215 5538 rere.

615 5564 637 5590 ο
679 5553 811 5608 Item
833 5552 984 5608 valde
1017 5554 1376 5608 desideratur.

612 5622 636 5661 (³
676 5624 840 5685 Edit.,
875 5626 943 5678 ad
974 5623 1142 5677 aliud.

618 5706 641 5731 υ
678 5694 842 5759 EdiL,
875 5694 941 5749 ad
972 5696 1159 5764 ipsum.
1188 5750 1199 5755 ,

2228 577 2621 618 remaneamus.
2653 564 2794 631 Ergo
2841 564 3110 635 nobismet
3136 575 3191 622 et
3236 569 3503 639 proximis
3551 570 3827 642 fruamur,

2229 652 2325 708 sed
2358 654 2412 708 in
2444 653 2533 707 illo
2561 653 2615 718 ιι,
2648 662 2707 707 ιιι
2734 656 3031 709 secundum
3083 656 3252 722 illum,
3301 668 3356 712 et
3395 669 3619 729 propter
3671 662 3831 719 illum

2228 755 2437 798 nosmet
2488 744 2540 797 in
2586 743 2814 798 invicem
2845 742 3154 812 diligamus,
3186 762 3291 800 non
3321 748 3509 817 quales
3545 767 3689 806 nunc
3728 768 3827 807 su-

2230 852 2379 897 mus,
2407 836 2500 891 sed
2531 835 2719 907 quales
2766 836 2932 891 futuri
2972 853 3094 893 esse
3122 840 3420 906 credimur,
3469 851 3528 896 ut
3577 843 3720 899 tales
3750 842 3828 900 illi

2230 941 2441 981 summo
2477 934 2531 980 et
2565 926 2988 981 incommutabili
3039 927 3181 982 bono
3230 937 3441 983 nosmet
3486 931 3830 989 meliorando

2231 1017 2471 1088 quotidie
2510 1019 2562 1072 in
2611 1018 2717 1083 via,
2749 1035 2869 1087 quae
2910 1018 3164 1074 Christus
3188 1028 3294 1085 est,
3323 1020 3650 1077 ambulando
3678 1014 3829 1078 Sem-

2228 1120 2326 1177 per
2352 1107 2731 1162 inhaereamus.
2783 1105 2988 1163 Deinde
3014 1109 3226 1163 caeteris
3257 1109 3417 1163 rebus
3449 1124 3546 1164 nec
3567 1109 3697 1175 frui,
3726 1113 3829 1167 sed

2230 1199 2308 1255 uti
2340 1200 2621 1255 debemus.
2666 1198 3013 1269 Quarumque
3047 1200 3068 1241 ί
3098 1215 3254 1254 usum
3304 1201 3393 1256 ad
3420 1201 3537 1271 ejus
3587 1204 3826 1269 gratiam

2228 1290 2455 1371 referre,
2493 1304 2654 1360 quem
2691 1290 2999 1361 diligimus;
3031 1297 3085 1345 et
3126 1289 3228 1345 ista
3251 1299 3334 1345 est
3362 1305 3487 1345 vera
3514 1291 3826 1347 dilectionis

2230 1381 2442 1455 regula,
2468 1393 2523 1435 ut
2569 1382 2821 1453 diligatur
2859 1382 3001 1437 Deus
3044 1397 3109 1437 ex
3152 1391 3264 1437 toto
3312 1382 3533 1453 propter
3559 1385 3822 1453 seipsum,

2229 1475 2353 1545 quia
2385 1473 2520 1529 nihil
2557 1474 2650 1528 illo
2684 1473 2896 1537 melius,
2928 1490 3027 1530 nec
3071 1475 3190 1530 sine
3227 1474 3318 1529 illo
3364 1475 3489 1530 boni
3542 1478 3828 1548 quidpiam

2230 1569 2520 1624 invenitur.
2552 1568 2756 1624 Deinde
2784 1569 3039 1640 diligatur
3067 1575 3369 1640 proximus,
3392 1572 3533 1628 sicut
3551 1564 3828 1643 seipsum,

2228 1661 2392 1716 homo
2441 1663 2738 1715 secundum
2792 1661 2981 1725 Demn,
3027 1674 3078 1718 et
3128 1673 3349 1734 propter
3400 1666 3568 1720 Deum
3624 1668 3825 1739 diligit.

2231 1749 2400 1806 Nemo
2413 1761 2497 1806 est
2525 1752 2687 1822 igitur
2712 1751 2805 1821 qui
2832 1767 2897 1806 ex
2927 1751 3164 1821 totojam
3189 1752 3459 1823 perfectus
3476 1752 3823 1821 inveniatur;

2230 1842 2324 1898 sed
2355 1844 2408 1897 in
2433 1852 2693 1913 quantum
2742 1843 3038 1898 secundum
3085 1844 3253 1897 Deum
3281 1858 3341 1898 se
3369 1843 3609 1915 perfecte
3648 1847 3829 1901 credit

2228 1935 2437 1998 vivere,
2493 1932 2683 2004 diligat
2723 1948 2785 1988 se
2836 1933 3019 1999 homo,
3053 1934 3105 1988 in
3154 1934 3246 1989 illo
3279 1943 3338 1989 ut
3382 1945 3744 2005 permaneat:
3771 1938 3826 1992 in

2229 2033 2494 2097 quantum
2528 2038 2660 2078 vero
2684 2031 2936 2092 peccator
2961 2031 3063 2088 est,
3089 2022 3278 2094 diligat
3301 2037 3358 2078 se
3380 2033 3605 2094 propter
3628 2025 3824 2087 Deum.

2230 2124 2289 2171 ut
2322 2113 2604 2184 perveniat
2632 2114 2700 2168 ad
2722 2113 3104 2184 perfectionem
3134 2122 3191 2169 et
3217 2114 3466 2184 gratiam,
3498 2124 3557 2167 ut
3597 2123 3750 2170 totus
3773 2124 3829 2171 et

2230 2207 2438 2277 integer
2478 2207 2641 2261 homo
2687 2204 3146 2260 incommutabilis
3199 2205 3614 2273 quodammodo,
3661 2214 3827 2276 atque

2228 2296 2651 2367 incorruptibilis
2677 2303 3004 2366 perseveret.
3044 2295 3125 2349 Ad
3173 2295 3276 2351 hoc
3321 2295 3520 2366 quippe
3553 2304 3608 2349 et
3639 2298 3827 2365 proxi-

2229 2406 2375 2446 mum
2424 2389 2682 2445 debemus
2711 2388 2967 2461 diligere;
2997 2389 3091 2446 sed
3130 2390 3256 2459 quia
3312 2406 3470 2445 nemo
3515 2399 3624 2445 tam
3650 2391 3825 2447 bonus

2228 2482 2282 2536 in
2312 2482 2414 2537 hac
2436 2482 2566 2546 vita,
2597 2480 2689 2552 qui
2716 2480 2839 2536 mali
2867 2482 3146 2552 quidpiam
3171 2481 3373 2551 aliquid
3396 2498 3501 2536 non
3528 2482 3819 2549 admittat;

2226 2587 2385 2628 nemo
2417 2581 2527 2628 tam
2564 2572 2756 2637 malus,
2782 2573 2874 2644 qui
2912 2573 3040 2629 boni
3086 2572 3287 2642 aliquid
3330 2588 3434 2627 non
3472 2573 3689 2633 haheat.
3743 2573 3824 2628 sic

2228 2661 2482 2734 diligendi
2506 2673 2632 2718 sunt
2670 2663 2799 2718 hinc
2828 2663 2954 2739 inde
2984 2664 3039 2718 in
3064 2663 3282 2719 Christo
3320 2664 3576 2733 proximi,
3601 2674 3661 2719 ut
3704 2680 3826 2719 ma-

2226 2754 2341 2809 litia
2399 2756 2547 2810 exuti
2592 2756 2659 2811 ad
2688 2771 2812 2811 eum
2856 2772 3048 2811 omnes
3091 2758 3408 2827 perveniant
3452 2758 3717 2827 praeseiti.
3762 2769 3821 2814 et

2224 2848 2584 2918 prtedestinati
2624 2865 2722 2921 per
2743 2849 2997 2919 gratiam,
3028 2849 3245 2919 sintque
3274 2857 3335 2904 ut
3364 2848 3540 2920 angeli
3570 2866 3623 2904 tn
3656 2848 3819 2915 caelo,

2224 2936 2453 2994 fruendo
2480 2937 2728 2996 claritaie
2746 2939 2873 3006 loci,
2900 2954 3113 3011 semper
3137 2939 3303 3006 beati,
3326 2939 3455 2995 etin
3488 2940 3647 2996 laude
3668 2940 3821 2996 Chri-

2225 3031 2293 3086 sti
2319 3030 2560 3103 gloriosi.

2812 3142 3042 3200 CAPUT
3079 3144 3211 3200 Vlll.

2695 3242 2773 3298 De
2819 3245 3003 3301 ordine
3042 3247 3337 3302 charitatis.

2297 3371 2549 3442 Legimus
2583 3372 2635 3426 in
2659 3370 2898 3429 Canticis
2925 3390 3178 3445 sponsam
3205 3375 3544 3447 gloriantem,
3567 3373 3661 3428 ubi
3687 3374 3772 3429 ait
3799 3392 3816 3429 :
3900 3440 3905 3443 _

2228 3464 2530 3520 Introduxit
2574 3481 2656 3519 me
2699 3482 2790 3520 rex
2821 3468 2874 3520 iu
2906 3467 3090 3522 cellam
3132 3469 3427 3533 vinariam,
3473 3477 3523 3521 et
3550 3466 3823 3521 ordinavit

2225 3557 2279 3611 in
2307 3574 2387 3611 me
2406 3557 2713 3611 charitatem
2742 3557 2917 3629 (Cant.
2951 3576 2992 3623 ι,
3022 3558 3101 3629 3).
3148 3559 3299 3627 Quod
3326 3559 3581 3614 nimirum
3606 3573 3821 3629 magna:

2226 3646 2400 3702 laudis
2446 3656 2551 3712 est,
2583 3663 2899 3719 magnteque
2926 3648 3230 3704 dilectionis
3278 3647 3537 3714 aﬂ‘ectus,
3567 3649 3696 3703 dum
3726 3649 3817 3704 in-

2226 3738 2345 3808 quit
2384 3754 2399 3793 :
2453 3737 2728 3793 Ordinavit
2773 3739 2829 3792 in
2880 3755 2963 3794 me
3020 3739 3361 3805 charitatem;
3400 3738 3672 3809 alioquin,
3710 3737 3819 3794 nisi

2227 3828 2475 3883 ordinata
2502 3827 2573 3883 sit
2605 3827 2866 3893 charitas,
2897 3828 3118 3884 omnino
3157 3844 3280 3884 vera
3309 3844 3432 3884 esse
3461 3844 3567 3883 non
3593 3829 3818 3898 poterit,

2230 3917 2312 3972 vel
2342 3914 2621 3988 perfecta;
2654 3917 2782 3989 quia
2818 3918 2910 3973 ille
2933 3917 3080 3987 juste
3108 3927 3164 3975 et
3209 3928 3399 3976 sancte
3431 3921 3584 3982 vivit,
3615 3920 3707 3991 qui
3748 3920 3820 3975 de

2228 4006 2452 4077 singulis
2490 4022 2609 4078 qum
2656 4016 2803 4073 sunt,
2842 4018 3003 4079 prout
3041 4020 3187 4075 sunt,
3214 4009 3360 4079 juste
3412 4011 3600 4074 sentit,
3640 4026 3820 4080 eaque

2228 4101 2498 4167 quomodo
2552 4099 2817 4170 diligenda
2851 4109 2979 4155 sunt
3026 4100 3221 4171 diligit,
3270 4100 3355 4156 vel
3408 4102 3681 4171 quomodo
3730 4101 3819 4156 his

2227 4188 2486 4243 utendum
2515 4188 2702 4243 utitur.
2743 4187 2876 4242 Nam
2918 4188 3032 4260 ipse
3065 4191 3368 4245 ordinatam
3422 4190 3586 4244 habet
3635 4189 3820 4244 chari-

2228 4288 2416 4345 tatem,
2434 4280 2523 4350 qtti
2547 4289 2641 4334 aut
2654 4280 2825 4351 diligit
2845 4282 2989 4349 quod
3004 4280 3333 4353 diligendum
3351 4289 3454 4346 est,
3472 4289 3569 4335 aut
3588 4282 3819 4337 omnino

2228 4388 2333 4427 non
2359 4372 2530 4443 diligit
2553 4372 2693 4442 quod
2717 4371 3046 4440 diligendum
3074 4386 3180 4426 non
3202 4380 3305 4436 est,
3327 4386 3501 4440 neque
3526 4372 3706 4425 minus
3735 4372 3819 4426 di-

2228 4467 2344 4538 ligit
2362 4467 2505 4536 quod
2533 4475 2617 4522 est
2644 4467 2874 4535 amplius
2890 4465 3244 4533 diligendum,
3271 4478 3371 4518 nec
3397 4462 3517 4532 plus
3539 4464 3683 4532 quod
3713 4463 3818 4517 uti-

2153 4530 2202 4591 D
2226 4530 2330 4629 que
2352 4530 2529 4613 minus
2550 4530 2873 4628 diligendum
2897 4530 3016 4611 esse
3037 4530 3411 4632 cognoscitur;
3437 4555 3532 4608 sed
3557 4530 3817 4624 iniquissi-

2225 4664 2313 4704 me
2334 4648 2506 4720 diligit
2538 4648 2683 4717 quod
2711 4648 2889 4701 minus
2919 4645 3001 4699 vel
3043 4645 3185 4714 quod
3208 4643 3437 4714 amplius
3475 4643 3815 4720 diligendum

2224 4751 2309 4795 est
2332 4757 2345 4793 :
2372 4718 2589 4794 anhelat
2609 4753 2825 4808 quoque
2847 4751 2913 4791 ne
2934 4746 3026 4790 aut
3054 4735 3232 4789 minus
3257 4733 3342 4788 vel
3365 4734 3600 4803 amplius
3632 4734 3701 4789 de
3728 4718 3815 4788 his

2225 4829 2455 4884 amando
2477 4828 2695 4893 sentiat,
2731 4841 2851 4896 qua:
2891 4822 3089 4880 debeti
3123 4822 3431 4893 aequissime
3468 4821 3725 4890 diligere,
3755 4831 3817 4875 ut

2223 4927 2353 4989 puta
2373 4918 2549 4974 omnis
2571 4924 2823 4987 peccator
2842 4915 2895 4970 in
2917 4923 3176 4986 quantum
3201 4920 3455 4985 peccator
3471 4919 3579 4975 est,
3596 4925 3708 4966 non
3728 4920 3815 4966 est

2218 5014 2404 5083 utique
2421 5009 2752 5082 diligendus;
2776 5009 2953 5064 omnis
2966 5021 3096 5062 vero
3122 5009 3281 5063 homo
3295 5007 3347 5061 in
3361 5011 3627 5076 quantum
3652 5005 3815 5059 homo

2218 5115 2321 5171 est,
2349 5103 2651 5174 diligendus
2678 5109 2763 5156 est
2789 5107 3011 5170 propter
3032 5099 3201 5153 Deum
3229 5115 3242 5151 :
3265 5106 3321 5151 et
3348 5095 3529 5150 omnia
3562 5094 3809 5147 membra

2218 5194 2442 5259 Christi,
2472 5194 2526 5249 in
2562 5200 2823 5262 quantum
2850 5191 3094 5245 membra
3124 5196 3271 5252 sunt,
3298 5184 3570 5256 diligenda
3592 5191 3730 5238 sunt
3756 5183 3811 5236 in

2221 5286 2411 5349 Deum,
2456 5280 2579 5355 quia
2630 5281 2870 5336 membra
2898 5278 3101 5334 Christi
3145 5285 3269 5332 sunt
3301 5294 3314 5330 :
3345 5275 3487 5328 Deus
3515 5287 3652 5327 vero
3683 5286 3813 5341 pro-

2300 5396 2319 5434 τ
2363 5395 2532 5459 Edit.,
2590 5393 2690 5448 sibi
2724 5390 3028 5463 [applaudat
3073 5389 3307 5461 quamvis
3364 5387 3555 5453 bonus,
3605 5375 3814 5439 omisso

2224 5465 2453 5540 quilibet“
2468 5465 2641 5540 homo.
2696 5532 2708 5540 _
2816 5522 2823 5529 _

2302 5538 2326 5575 Β
2360 5533 2526 5599 Edit.,
2560 5532 2730 5587 aliud.

2298 5608 2323 5645 ιι
2364 5603 2529 5668 Edit.,
2562 5602 2652 5656 se'd
2676 5603 2731 5656 in
2764 5600 3012 5655 Domino.

2306 5678 2317 5715 i
2364 5673 2528 5745 Edit.,
2551 5673 2870 5745 Earumque.

2302 5757 2315 5794 ι
2361 5744 2525 5813 Edit.,
2566 5742 2729 5798 decet.
