4148 6344
321 260 462 318 M75

1165 336 1182 351 .
1243 262 1327 317 DE
1367 261 1543 327 FIDE,
1587 263 1713 320 SPE
1751 263 1839 320 ET
1879 261 2290 319 CHAlllTATE.
2327 291 2398 339 7-—
2435 259 2562 315 LIR.
2601 256 2687 314 Ill.

3448 220 3584 312 ttit

318 385 442 447 pter
472 375 743 446 seipsum,
778 374 903 444 quia
942 388 1212 429 summum
1252 373 1459 429 bonum
1499 383 1584 429 est
1627 375 1811 444 utique
1836 391 1898 429 ex
1934 380 1978 438 Α
2009 374 2208 446 dicam)
2244 374 2487 431 eamdem
2536 372 2857 427 charitatem
2907 384 3029 439 qua:
3057 368 3197 424 Deus
3222 378 3331 435 est,
3376 385 3443 425 ex
3470 378 3585 427 toto

321 475 445 523 toto
461 466 761 536 diligendus
799 473 912 529 est;
949 465 1089 520 unde
1115 465 1159 519 si
1196 466 1337 519 Deus
1366 465 1512 519 omni
1544 465 1761 520 homine
1791 478 1901 519 am»

319 557 462 627 plius
508 556 809 627 diligendus
837 564 952 621 est,
1008 557 1376 627 unusquisque
1420 565 1729 611 nostrorum
1779 571 1904 611 vere

322 649 553 719 amplius
582 649 747 702 Deum
778 647 1004 718 diligere
1032 649 1208 711 debet,
1239 664 1401 716 quam
1429 647 1699 716 seipsum;
1729 648 1782 702 id
1822 657 1905 702 est

319 738 443 809 plus
476 753 643 807 quam.
683 739 918 791 animam
952 753 1141 801 suam;
1177 738 1304 806 quia
1330 738 1422 806 qui
1450 737 1623 807 diligit
1666 738 1903 791 animam

322 840 478 880 suam
518 825 636 894 plus
678 840 839 894 quam
874 824 1066 890 Deum,
1101 842 1204 881 non
1255 837 1339 881 est.
1374 827 1463 882 illo
1496 828 1716 896 dignus;
1766 829 1906 882 unde

323 918 495 973 sancti
524 927 791 989 martyres
813 917 932 988 plus
958 917 1127 974 Deuin
1155 920 1393 973 dilexere
1416 933 1442 960 ι
1465 935 1625 988 quam
1659 922 1903 989 seipsos:

324 1009 531 1065 idcirco
576 1009 945 1079 deposuerunt
998 1024 1227 1079 corpora
1292 1011 1583 1075 mortalia,
1636 1014 1907 1068 tradentes

328 1102 534 1156 animas
573 1116 721 1165 suas,
751 1110 810 1155 ut
836 1117 929 1157 eas
955 1102 1009 1156 in
1040 1102 1222 1163 vitam,
1248 1102 1405 1173 juxta
1433 1103 1757 1173 promissum
1788 1104 1905 1169 Dei,

327 1192 635 1246 invenirent
681 1200 961 1246 aeternam.
1018 1192 1218 1247 Deinde
1266 1193 1494 1263 amplius
1548 1194 1709 1249 homo
1770 1194 1907 1248 alius

326 1278 629 1350 diligendus
672 1289 773 1345 est,
826 1296 988 1351 quam
1021 1295 1217 1349 corpus
1252 1291 1528 1346 nostrum;
1562 1282 1686 1351 quia
1717 1298 1907 1339 secum

328 1370 455 1424 dum
497 1370 806 1425 interiorem
840 1371 1110 1425 hominem
1143 1371 1322 1425 anima
1369 1370 1486 1439 ejus
1528 1373 1602 1426 ita
1640 1372 1906 1443 diligenda

328 1469 447 1526 est,
484 1470 547 1516 ut
595 1464 773 1517 anima
836 1472 1040 1518 nostra.
1100 1463 1301 1518 Tamen
1345 1466 1416 1519 ita
1468 1466 1646 1519 omnia
1692 1480 1909 1536 propter

328 1552 496 1609 Deum
523 1563 578 1608 et
611 1555 665 1608 in
700 1555 807 1610 Deo
852 1554 1118 1625 diligenda
1170 1564 1295 1610 sunt
1325 1555 1445 1625 plus
1478 1570 1640 1624 quam
1676 1570 1905 1624 corpus;

329 1647 454 1715 quia
493 1654 669 1715 potest
708 1646 986 1701 nobiscum
1039 1646 1200 1701 homo
1242 1646 1469 1701 interior
1515 1646 1625 1699 Deo
1671 1644 1904 1715 perfrui;

2006 464 2191 526 corde,
2242 470 2298 515 et
2327 477 2393 516 ex
2433 469 2541 515 tota
2571 459 2772 523 anima,
2821 469 2875 513 et
2903 473 2968 513 ex
3002 466 3111 512 tota
3137 458 3364 526 virtute;
3390 458 3585 515 deinde

2006 552 2284 623 proximos
2337 551 2479 605 sicut
2525 556 2778 612 nosmet,
2833 556 2893 601 ut
2947 549 3087 616 quod
3140 548 3297 602 nobis
3340 546 3587 603 volumus

2007 646 2146 709 ﬁeri,
2176 644 2435 699 faciamus
2459 651 2513 698 et
2538 642 2679 705 aliis,
2711 649 2765 696 et
2812 639 2954 710 quod
2996 640 3246 694 nolumus
3274 638 3448 703 nobis,
3477 656 3585 696 non

2008 740 2307 807 irrogemus
2352 736 2463 790 ulli.
2500 736 2877 801 Istahamque
2905 740 2990 785 est
3036 732 3282 785 ordinata
3324 730 3583 793 charitas,

2008 829 2110 883 iste
2137 837 2221 882 est
2251 818 2389 897 ignis
2419 824 2507 879 ille
2552 832 2865 892 perpetuus,
2911 835 3071 888 quem
3103 819 3247 871 venit
3272 818 3428 883 Jesus
3458 819 3584 873 mit-

2011 928 2125 972 tere
2165 917 2216 971 in
2250 927 2449 971 terram
2497 912 2736 983 vultque,
2766 919 2825 964 ut
2853 910 3058 963 ardeat.
3108 908 3212 962 Ista
3236 916 3319 962 est
3339 910 3586 963 eminen-

2011 1012 2118 1064 tior
2144 1010 2229 1063 via
2261 1023 2421 1078 quam
2453 1006 2788 1060 demonstrat
2834 999 3149 1071 Apostolus,
3180 999 3298 1055 sine
3319 1014 3423 1068 qua
3455 999 3587 1059 nihil

2010 1100 2243 1171 prolicit,
2289 1106 2477 1153 contra
2529 1110 2691 1164 quam
2741 1091 2876 1146 nihil
2909 1092 3085 1162 valet;
3111 1088 3362 1159 quoniam
3405 1090 3480 1142 ita
3504 1097 3588 1143 est

2010 1200 2069 1244 ut
2105 1204 2251 1243 mors
2281 1182 2709 1254 inexpugnabilis
2754 1178 3013 1234 fortitudo
3062 1176 3378 1241 charitatis;
3423 1191 3587 1245 quam

2009 1282 2251 1354 profecto
2278 1256 2506 1349 quisque
2535 1274 2854 1330 charitatem
2888 1271 3048 1325 debet
3075 1268 3304 1333 nutrire,
3350 1266 3444 1321 Dei
3488 1266 3589 1320 im-

2008 1375 2203 1447 plendo
2231 1372 2505 1429 mandata.
2555 1375 2614 1421 ut
2649 1372 2843 1420 cuncta
2891 1377 3010 1432 quae
3058 1360 3268 1428 agimus
3316 1358 3419 1413 hoc
3466 1357 3586 1426 igne

2010 1472 2318 1522 crementur
2349 1461 2401 1515 in
2429 1464 2721 1527 conSpectu
2753 1453 2947 1509 divina:
2976 1447 3297 1519 majestatis,
3321 1455 3587 1516 quatenus

2012 1564 2232 1624 accepta
2275 1553 2408 1605 fiant
2436 1549 2565 1603 Deo.
2603 1544 2699 1599 His
2726 1544 2904 1612 itaque
2942 1540 3125 1594 anima
3165 1547 3351 1593 renata
3379 1533 3585 1590 allecti-

2013 1648 2116 1702 bus
2145 1644 2206 1698 lit
2225 1642 2618 1700 holocaustum,
2656 1634 2766 1688 Deo
2790 1632 3051 1689 exhibens
3078 1642 3294 1698 corpus,
3336 1625 3478 1696 quod
3501 1625 3583 1679 vi-

329 1714 469 1806 quod
496 1714 601 1791 non
623 1744 798 1805 potest
824 1750 1041 1805 corpus.
1066 1736 1273 1805 Corpus
1296 1751 1525 1805 namque
1546 1751 1643 1806 per
1667 1714 1901 1790 animam
1939 1753 1979 1810 Β
2008 1736 2255 1789 vincatur
2302 1730 2373 1785 ab
2417 1743 2482 1784 ea
2537 1726 2583 1792 ί,
2632 1724 2865 1780 hostiam
2912 1722 3109 1783 vivam,
3161 1728 3423 1779 sanctam,
3477 1714 3588 1770 Deo

327 1825 482 1890 vivit,
510 1840 614 1894 qua
645 1824 875 1880 fruimur
899 1823 1029 1889 Deo,
1063 1833 1117 1879 et
1142 1824 1262 1878 ideo
1283 1825 1519 1879 animam
1552 1824 1781 1893 proximi
1814 1839 1904 1878 se-

330 1918 563 1971 cundum
594 1917 909 1972 interiorem
935 1917 1205 1972 hominem
1238 1916 1525 1986 diligamus
1548 1926 1607 1971 ut
1631 1925 1903 1982 nostram;

331 2015 386 2059 et
411 2021 607 2074 torpus
633 2007 699 2060 ad
722 2006 1205 2075 incorruptionem,
1231 2005 1372 2061 sicut
1399 2014 1452 2060 et
1478 2015 1743 2061 nostrum.
1768 2005 1908 2060 ϐοη-

330 2104 436 2149 stat
482 2096 646 2164 igitur
694 2096 835 2165 quod
887 2111 1077 2152 omnes
1123 2112 1276 2168 teque
1318 2097 1426 2151 sint
1478 2095 1762 2167 diligendi;
1814 2097 1907 2151 sed

331 2200 456 2240 cum
487 2186 515 2225 δ
545 2188 799 2241 omnibus
822 2186 1079 2256 prodesse
1110 2203 1213 2240 non
1242 2202 1531 2256 possumus
1553 2227 1568 2251 ,
1622 2187 1706 2241 his
1736 2186 1898 2255 potis-

328 2278 527 2333 simum
555 2277 839 2333 consulere
867 2278 1140 2338 debemus,
1170 2279 1262 2348 qui
1303 2294 1401 2349 pro
1426 2277 1664 2332 locorum
1688 2286 1743 2330 et
1775 2285 1910 2331 tem-

329 2364 544 2439 porum,
583 2367 668 2421 vel
698 2366 1059 2436 quarumlibet
1087 2366 1488 2436 opportunitate
1517 2378 1697 2418 rerum
1752 2362 1910 2418 nobis

330 2457 675 2514 oonstrietius
710 2456 861 2525 quasi
903 2456 1135 2526 quadam
1165 2466 1311 2509 sorte
1337 2455 1656 2525 junguntur.
1689 2451 1823 2506 Nam
1855 2458 1906 2507 et

333 2549 472 2619 ignis
502 2549 604 2601 iste
652 2560 947 2616 corporeus
995 2554 1165 2614 magis
1203 2561 1296 2599 eos
1326 2557 1433 2598 tam
1464 2544 1644 2599 calore
1671 2558 1830 2611 quam
1857 2550 1913 2596 et

332 2638 536 2693 lumine
588 2638 778 2708 tangit,
828 2653 963 2706 quos
993 2638 1349 2706 proximiores
1392 2651 1515 2691 esse
1561 2634 1905 2699 constiterit;

331 2733 428 2787 sed
458 2731 598 2801 ignis
630 2730 730 2784 iste
770 2730 1075 2783 dilectionis
1106 2744 1296 2783 omnes
1342 2728 1394 2782 in
1423 2726 1641 2781 Christo
1677 2724 1760 2779 vel
1788 2739 1912 2794 pro-

333 2838 453 2894 pter
503 2820 777 2876 Christum
825 2820 1184 2891 amplectitur,
1231 2827 1525 2889 pnesentes
1573 2818 1909 2881 abscntesve,

333 2915 460 2967 dum
485 2923 541 2969 et
560 2902 784 2985 propter
811 2912 1183 2981 delinquentes
1212 2910 1394 2981 gemit,
1435 2920 1488 2965 et
1519 2918 1739 2980 propter
1780 2924 1909 2963 san-

334 3014 451 3060 ctos
500 3006 666 3061 Deum
698 3017 720 3044 ο
761 3005 980 3059 laudare
1029 3004 1307 3065 meminit,
1359 3019 1479 3058 cum
1523 3002 1718 3071 quibus
1758 3010 1815 3057 et
1854 3001 1910 3056 in

2006 1826 2331 1896 placentem,
2378 1826 2433 1871 et
2480 1816 2540 1870 lit
2593 1811 2910 1868 rationabile
2958 1807 3276 1877 obsequium
3322 1814 3586 1896 nostrum,

2007 1890 2272 1983 profecto,
2323 1907 2452 1977 quia
2501 1903 2741 1959 charitas
2786 1899 3036 1955 ordinata
3089 1896 3240 1967 prius
3284 1909 3379 1963 per
3410 1890 3585 1961 Spiri-

2009 1980 2125 2058 tum
2171 2004 2420 2055 sanetum
2464 1995 2521 2049 in
2586 1990 2841 2047 cordibus
2890 1985 3091 2042 nostris
3140 1982 3333 2039 ditfusa
3387 1980 3589 2053 iugiter

2010 2093 2305 2163 aspiratur.

2627 2199 2853 2265 CAPUT
2882 2196 2974 2252 IX.

2155 2319 2293 2386 Quid
2319 2317 2385 2372 sit
2409 2316 2615 2370 initium
2643 2311 2934 2374 charitatis,
2962 2306 3147 2379 quidve
3165 2302 3433 2375 perfectio.

2077 2450 2247 2511 Nemo
2266 2451 2428 2524 igitur
2447 2447 2701 2504 continuo
2720 2444 2783 2498 lit
2825 2454 3069 2497 summus
3108 2454 3122 2491 :
3168 2444 3225 2491 et
3270 2435 3389 2524 ideo
3440 2447 3589 2504 quaa-

2012 2542 2237 2597 rendum
2267 2521 2353 2593 est
2398 2534 2720 2607 principium
2766 2529 3070 2590 charitatis,
3120 2533 3180 2581 ut
3218 2524 3286 2578 ad
3316 2521 3433 2592 ejus
3468 2538 3592 2594 per-

2012 2630 2329 2692 fectionem,
2377 2628 2487 2682 Deo
2535 2623 2851 2693 inspirante,
2897 2619 3081 2672 venire
3126 2616 3416 2686 possimus.
3455 2611 3591 2668 Nam

2012 2721 2246 2778 ollicium
2275 2718 2393 2788 ejus
2433 2715 2567 2771 nihil
2612 2714 2755 2769 aliud
2801 2719 2883 2766 est
2919 2724 3079 2779 quam
3114 2708 3358 2778 diligere,
3391 2714 3443 2760 et
3471 2704 3592 2758 dili-

2013 2812 2186 2883 gendo
2212 2808 2464 2864 mandata
2502 2803 2703 2861 Christi
2741 2800 3050 2869 adimplere.
3086 2796 3415 2865 Principium
3464 2809 3593 2850 vero

2014 2903 2130 2973 ejus
2162 2902 2231 2956 ab
2260 2902 2346 2956 his
2386 2896 2577 2967 incipit
2623 2895 2782 2949 rebus
2825 2892 2975 2961 (licet
3005 2890 3148 2944 intus
3177 2890 3201 2928 ε
3232 2884 3590 2956 viviﬁceutur)

2013 3009 2136 3065 quae
2174 2992 2308 3048 foris
2352 2997 2508 3053 sunt;
2549 2986 2801 3057 quoniam
2855 2983 2995 3038 sicut
3017 2981 3217 3036 clamat
3254 2977 3589 3048 Apostolus:

333 3098 529 3165 quibus
558 3111 620 3153 se
644 3095 959 3167 participem
1008 3092 1238 3148 laetatur.
1281 3064 1431 3148 Tunc
1482 3064 1696 3147 Patrem
1756 3091 1912 3146 simul
1941 3087 1988 3151 C
2022 3064 2125 3151 Qui
2156 3068 2404 3137 habuerit
2436 3077 2791 3132 substantiam
2824 3070 2982 3139 hujus
3008 3068 3210 3167 mundi,
3242 3076 3305 3167 et.
3339 3064 3595 3121 clauserit

335 3204 456 3245 eum
488 3191 690 3247 eisdem
719 3192 949 3254 invocat,
981 3189 1166 3246 dicens
1195 3206 1209 3243 :
1239 3186 1401 3244 Pater
1427 3198 1629 3252 noster,
1657 3189 1747 3259 qui
1776 3204 1829 3240 es
1855 3186 1908 3241 in

312 3271 493 3334 faelis.
532 3279 664 3347 Quis
700 3280 843 3336 enim
888 3281 954 3336 de
985 3290 1131 3336 tanta
1178 3282 1464 3351 adoptione
1514 3295 1619 3333 non
1647 3278 1911 3349 gaudeat?

337 3373 460 3440 quis
487 3373 552 3427 de
583 3382 729 3428 tanta
772 3358 1127 3442 germanitate
1170 3372 1368 3441 ubique
1406 3368 1595 3425 diffusa
1625 3377 1912 3439 congratu-

336 3460 510 3517 letur?
536 3462 630 3517 sed
673 3463 814 3517 inter
841 3477 1031 3518 omnes
1066 3461 1156 3529 qui
1190 3459 1438 3515 fruuntur
1465 3459 1745 3514 nobiscum
1777 3457 1906 3519 Deo,

336 3555 531 3621 partim
564 3568 657 3608 eos
704 3552 1003 3620 diligimus,
1032 3566 1167 3621 quos
1199 3550 1301 3619 ipsi
1333 3549 1683 3618 adjuvamus;
1714 3549 1911 3618 partim

339 3657 370 3696 a
394 3643 589 3711 quibus
618 3643 955 3712 adjuvamur,
981 3642 1176 3713 partim
1203 3656 1431 3711 quorum
1455 3639 1756 3711 indigemus
1776 3654 1915 3709 pra:-

338 3730 499 3795 sidio,
541 3746 835 3800 eorumque
873 3730 899 3769 d
940 3731 1265 3800 indigentire'
1300 3730 1667 3795 subvenimus,
1715 3730 1911 3799 partim

337 3821 534 3891 quibus
561 3816 661 3876 nec
689 3821 787 3890 ipsi
817 3819 1144 3875 conferimus
1168 3819 1369 3889 aliquid
1400 3819 1667 3882 utilitatis,
1704 3834 1806 3873 nec
1843 3819 1912 3873 ab

337 3914 439 3979 eis,
477 3923 535 3968 ut
563 3914 718 3969 nobis
760 3914 1092 3978 conferatur,
1122 3913 1468 3967 attendimus.
1511 3911 1577 3966 Et
1610 3925 1799 3966 omnes
1830 3918 1911 3964 ta-

318 4002 463 4060 men
490 4005 711 4076 diligere
760 4006 1036 4070 debemus,
1069 4013 1209 4060 utet
1256 4004 1537 4058 nobiscum
1587 4000 1816 4071 diligant
1859 4007 1913 4053 et

338 4096 476 4152 velle
499 4112 660 4153 orare
684 4113 748 4152 ac
770 4097 1109 4160 desiderare;
1129 4096 1331 4150 idcirco
1357 4093 1536 4149 omnis
1562 4091 1778 4147 dilectio
1817 4104 1915 4144 no-

342 4195 451 4243 stra
481 4187 535 4241 in
567 4184 796 4242 invicem
822 4188 891 4242 ad
917 4202 1081 4241 unum
1120 4185 1267 4240 illum
1297 4186 1457 4240 linem
1502 4182 1782 4239 referenda
1808 4189 1912 4246 est,

342 4286 401 4331 ut
428 4277 621 4331 omnes
663 4275 914 4330 fruantur
951 4275 1095 4341 Deo,
1143 4284 1199 4331 et
1224 4274 1492 4331 nobismet
1519 4274 1574 4328 in
1610 4274 1741 4341 Deo,
1791 4272 1917 4327 licet

343 4366 615 4421 interdum
670 4375 888 4420 utamur
933 4366 1194 4435 proximis
1249 4364 1408 4421 sicuti
1456 4372 1513 4419 et
1567 4362 1668 4434 ipsi
1716 4362 1917 4417 nostris

2012 3176 2221 3231 viscera
2254 3168 2663 3230 misericordiae,
2692 3178 2757 3219 ne
2786 3161 3148 3229 lndigentibus
3179 3156 3454 3226 largiatur,
3484 3170 3592 3210 non

2012 3266 2134 3322 dico
2173 3262 2519 3322 charitatem,
2549 3255 2643 3312 sed
2670 3270 2770 3309 nec
2800 3251 3120 3323 principium
3145 3249 3344 3302 habere
3371 3253 3593 3316 putatur

2010 3353 2336 3412 dilectionis.
2390 3350 2530 3404 Dicit
2558 3348 2702 3402 enim
2727 3346 2830 3399 ita:
2866 3343 2969 3409 Qui
2990 3334 3592 3393 Itabueritsubstantiam

2011 3447 2079 3500 Im
2078 3445 2169 3516 jus
2184 3441 2389 3505 mundi,
2414 3438 2693 3507 videritqne
2705 3435 2921 3505 fratrem
2935 3446 3089 3486 suum
3116 3427 3468 3482 necessitatem
3489 3424 3592 3479 Ita-

2013 3537 2130 3602 bere
2173 3534 2472 3605 patientem,
2516 3537 2564 3583 et
2592 3526 2836 3580 clauserit
2868 3523 3062 3578 viscera
3091 3536 3187 3575 sua
3217 3517 3280 3571 ab
3327 3532 3406 3582 eo,
3458 3531 3593 3586 quo-

2012 3604 2424 3681 modoicharitas
2447 3620 2545 3675 Dei
2566 3629 2639 3673 est
2658 3618 2712 3671 in
2734 3615 2865 3670 illo?
2893 3612 2942 3685 (I
2965 3610 3125 3666 Joan.
3157 3624 3239 3673 tu,
3268 3605 3375 3677 Π.)
3404 3604 3482 3659 Ac
3510 3604 3592 3660 sic

2012 3725 2261 3790 patenter
2293 3715 2479 3770 dicat:
2516 3708 2795 3778 Quomodo
2838 3704 3059 3774 diligere
3106 3698 3302 3772 poterit
3342 3695 3593 3790 intrinse:

2014 3785 2112 3867 eus
2146 3809 2236 3879 qui
2293 3820 2358 3862 ea
2405 3820 2524 3874 quae
2566 3801 2905 3857 extrinsecus
2965 3802 3091 3851 sunt
3145 3808 3251 3849 non
3302 3785 3595 3859 impendit?

2014 3903 2192 3958 clausa
2228 3898 2445 3968 quippe
2492 3895 2700 3949 viscera
2755 3903 2975 3944 manare
3027 3900 3132 3940 non
3198 3882 3382 3937 sinunt
3424 3879 3594 3968 pieta-

2017 4001 2122 4047 tem
2152 3990 2217 4044 ad
2247 3967 2581 4057 proximum;
2620 3982 2747 4036 dum
2774 3994 2834 4034 se
2868 3985 2925 4032 et
2958 3990 3044 4029 res
3089 3969 3428 4027 transitorias
3477 3967 3597 4036 plus

2016 4080 2190 4151 diligit
2217 4092 2378 4149 quam
2407 4073 2732 4146 proximum.
2763 4066 3043 4138 Quomodo
3071 4077 3199 4132 ergo
3221 4064 3349 4117 dare
3374 4060 3597 4151 poterit,

2016 4150 2158 4240 quod
2186 4166 2466 4238 praecisum
2497 4161 2661 4227 dolet,
2695 4158 2912 4229 quando
2941 4156 2991 4211 id
3022 4167 3127 4210 non
3158 4151 3417 4222 impendit
3455 4150 3598 4240 quod

2016 4238 2238 4317 omnino
2263 4256 2600 4313 extrinsecus
2625 4251 2884 4306 amissum
2911 4263 3015 4302 non
3044 4243 3220 4301 dolet?
3249 4241 3474 4296 Constat
3503 4238 3603 4308 igi-

2019 4363 2109 4411 tur
2158 4367 2280 4410 esse
2339 4348 2665 4423 principium
2712 4343 2994 4401 charitatis
3052 4348 3214 4408 atque
3264 4333 3521 4423 indicium
3548 4329 3601 4423 ιι..

345 4454 399 4510 in
440 4455 669 4510 invicem
697 4459 919 4510 utuntur
942 4455 1231 4526 suffragiis.
1274 4454 1487 4511 Utimur
1514 4416 1695 4507 aulem
1724 4466 1911 4506 eorum
1944 4439 1992 4498 Ι)
2018 4445 2063 4501 si
2091 4444 2338 4514 proximo
2368 4455 2473 4494 non
2521 4449 2782 4507 negemus
2804 4472 2820 4497 ,
2846 4430 2989 4502 quod
3018 4429 3136 4526 sine
3170 4423 3364 4526 dolore
3407 4416 3606 4526 amitti-

346 4544 732 4614 temporalibus
760 4546 1043 4615 praesidiis,
1073 4544 1305 4598 fruimur
1323 4559 1453 4599 vero
1479 4543 1682 4599 eisdem
1714 4542 1768 4596 in
1813 4541 1917 4595 Do-

347 4635 514 4700 mino,
542 4634 835 4690 secundum
866 4635 1176 4689 interiorem
1207 4634 1500 4696 hominem,
1530 4641 1590 4687 ut
1613 4646 1804 4687 omnes
1834 4645 1920 4686 re-

346 4726 706 4782 novemurjin
754 4725 1028 4795 agnitione
1075 4724 1167 4778 lilii
1217 4723 1346 4788 Dei,
1377 4730 1434 4777 et
1464 4720 1820 4776 reformemur
1851 4718 1918 4771 ad

349 4815 637 4885 imaginem
669 4814 853 4886 glori:e
880 4814 1143 4868 claritatis
1176 4824 1199 4853 ο
1233 4828 1368 4868 suae.
1418 4812 1623 4877 Quibus
1668 4810 1918 4864 nimirum

350 4920 547 4976 sponsa
575 4904 836 4960 iuebriata
865 4903 1070 4973 poculis
1115 4903 1351 4958 exsultat
1384 4901 1571 4957 dicens
1617 4917 1632 4954 :
1672 4898 1924 4953 Introdu-

313 5028 317 5035 ο
350 4998 429 5051 xit
455 5012 536 5050 me
564 5011 657 5049 rex
682 4996 733 5048 in
758 4994 944 5048 cellam
990 4994 1244 5047 vinariam
1292 4991 1469 5062 (Cant.
1492 5007 1531 5056 ι,
1557 4990 1634 5061 5).
1663 4989 1768 5044 lsta
1802 4996 1927 5043 sunt

312 5124 317 5129 -
353 5101 587 5157 namque
625 5085 809 5155 pocula
849 5084 1128 5157 charitatis
1156 5084 1378 5147 Christi,
1427 5084 1623 5152 quibus
1654 5091 1925 5135 transmu-

313 5222 318 5226 η
353 5182 541 5236 tamur
557 5180 623 5234 ad
652 5178 881 5233 formam
912 5175 1332 5245 incorruptibilis
1355 5176 1478 5240 Dei;
1510 5173 1763 5243 quoniam
1788 5170 1930 5225 Deus

355 5272 596 5330 charitas
628 5279 749 5336 est,
800 5278 859 5324 ut
902 5284 999 5338 per
1041 5268 1355 5324 charitatem
1386 5266 1688 5338 .diligamus
1728 5265 1809 5336 (ut
1853 5263 1951 5317 ita.

429 5443 458 5473 ι
496 5431 657 5494 Editi,
696 5429 927 5499 diligere.

427 5501 459 5542 δ
495 5502 663 5565 Edit.,
701 5495 993 5554 sed'tamen
1016 5497 1139 5551 dum
1170 5495 1427 5550 omnibus.

431 5582 456 5610 ο
496 5571 553 5626 In
585 5570 743 5626 editis
778 5568 1112 5624 desideratur
1139 5567 1327 5621 Deum.

431 5640 459 5680 ει
496 5641 661 5705 Edit.,
701 5654 1042 5702 (morumque.

2019 4510 2163 4603 mus,
2193 4545 2249 4591 et
2291 4530 2562 4603 superﬂuo
2607 4526 2978 4598 possidemus;
3026 4520 3218 4575 deinde
3260 4527 3320 4571 ut
3368 4510 3605 4568 ofﬁciose

2020 4639 2355 4695 quaecunque
2382 4632 2670 4691 possumus
2711 4614 2972 4672 beneficia
3018 4621 3142 4667 actu
3188 4604 3601 4695 impendamus:

2023 4690 2529 4786 alioquin'dilectio,
2553 4721 2672 4778 qme
2698 4706 2914 4761 videtur
2943 4717 3084 4764 esse,
3108 4700 3233 4754 dum
3258 4701 3434 4764 torpet
3457 4690 3603 4792 elau-

2023 4806 2100 4862 sis
2127 4802 2448 4866 visceribus,
2481 4814 2587 4871 non
2612 4805 2699 4852 est
2722 4795 2962 4854 dilectio,
2995 4793 3119 4846 dum
3148 4792 3305 4856 negat
3336 4795 3606 4855 prorumo,

2028 4898 2174 4969 quod
2202 4910 2301 4951 nec
2335 4893 2621 4963 przecisum
2649 4889 2814 4945 dolet.
2860 4887 3003 4956 Ergo
3041 4880 3352 4952 aperiantur
3374 4875 3605 4969 viscera,

2031 4961 2090 5041 ut
2118 4987 2316 5041 haheat
2336 4961 2691 5054 principium,
2717 4987 2772 5034 et
2804 4992 2923 5048 qua:
2952 4973 3111 5041 hujus
3139 4966 3321 5023 mundi
3354 4973 3480 5019 sunt
3503 4961 3609 5054 sal-

2032 5088 2141 5134 tem
2170 5051 2415 5149 proximo
2457 5051 2563 5129 non
2614 5078 2904 5142 negentur;
2961 5060 3211 5133 quoniam
3264 5058 3399 5149 haec-
3425 5051 3607 5149 omnia

2033 5142 2390 5225 communiter
2414 5166 2538 5220 data
2588 5168 2900 5217 noscuntur.
2926 5154 3077 5212 Unde
3103 5150 3358 5205 Dominus
3386 5142 3557 5212 inquit
3588 5157 3603 5194 :

2036 5254 2258 5326 Quodsi
2283 5259 2338 5311 in
2362 5254 2532 5310 alieno
2557 5251 2736 5321 ﬁdeles
2758 5245 2861 5303 non
2882 5234 3099 5317 fuistis,
3119 5239 3256 5312 quod
3285 5248 3509 5293 vestrum
3531 5236 3608 5287 ια

2114 5424 2138 5454 ο
2175 5412 2343 5476 Edit.,
2366 5408 2637 5464 charitatis
2666 5421 2798 5461 sua.

2116 5483 2135 5524 ί
2170 5483 2335 5545 Edit.,
2380 5480 2444 5532 ab
2479 5494 2558 5531 eo.

2110 5553 2137 5595 ⁸
2175 5552 2341 5615 Edit.,
2379 5550 2494 5602 licet
2528 5546 2665 5600 Deus
2692 5545 2924 5614 t‘iviﬁcet.

2109 5624 2135 5662 ιι
2179 5622 2340 5684 Edit.,
2378 5618 2607 5671 initium.
