4148 6344
583 232 718 289 H75

1397 234 1452 286 S.
1495 231 1848 289 PASCIIASH
1887 232 2231 286 liADBl-le'l'l
2270 234 2562 290 ABBATIS
2596 235 3043 300 CORBEIENSIS

3717 243 3859 300 “76

579 349 698 420 quis
721 347 862 400 dabit
891 345 1068 399 was?
1110 342 1259 414 (Luc.
1298 358 1414 408 xw,
1445 343 1556 414 19..)
1603 343 1781 399 aliena
1810 347 2008 416 quippe
2035 355 2161 401 sunt
2192 350 2238 407 Α
2267 347 2531 403 charitate
2561 350 2742 404 omnia
2772 351 3013 420 pendunt
3043 361 3066 389 ο
3112 351 3386 418 mandata,
3436 362 3490 409 et
3531 354 3681 410 varia
3725 368 3860 414 mins

581 442 636 494 in
670 437 847 501 nobis,
878 451 998 506 quae
1026 433 1184 502 hujus
1213 435 1397 489 mundi
1450 444 1594 499 sunt,
1647 435 1771 490 licet
1807 437 1860 492 in
1914 452 2013 492 usu
2041 439 2163 494 data

580 537 708 585 sunt
738 546 751 582 :
783 527 984 582 idcirco
1011 525 1294 595 proximis,
1343 525 1494 594 quod.
1518 526 1770 580 omnibus
1799 527 1852 580 in
1879 542 2165 584 commune

580 620 767 673 datttm
794 625 896 678 cst,
927 629 1124 685 negare
1150 630 1256 668 non
1287 615 1565 669 debemus.
1595 615 1748 682 Quod
1775 616 1821 670 si
1845 617 1976 672 foris
2003 633 2163 689 nega-

580 723 702 763 mus
729 705 872 777 quod
895 705 1118 759 alterius
1143 713 1252 769 est,
1282 705 1426 760 intus
1453 706 1654 762 clausis
1682 707 1984 762 visceribus
2011 711 2165 764 amit-

579 797 747 850 timus
772 794 914 864 quod
945 804 1189 849 nostrum
1224 803 1310 850 est
1351 797 1444 849 sed
1472 796 1598 865 quia
1629 797 1952 866 principium
1978 798 2162 853 chari-

580 889 707 943 tatis
729 902 851 942 esse
892 887 1148 952 diximus,
1178 888 1533 943 substantiam
1579 889 1738 960 hujus
1763 890 1948 945 mundi
1979 889 2162 961 largiri

577 985 957 1044 liberalissime
1005 988 1305 1060 proximis,
1358 988 1706 1057 quaerendum
1782 996 1867 1043 est
1913 989 2043 1058 quid
2093 989 2165 1046 sit

575 1081 719 1150 quod
750 1081 827 1134 ait
849 1081 1183 1150 Apostolus:
1230 1077 1290 1134 Si
1315 1079 1632 1133 distribuere
1678 1079 1735 1132 in
1786 1078 1925 1133 cibos
1969 1095 2162 1150 paupe-

577 1187 695 1224 rum
719 1188 894 1225 omnes
921 1170 1194 1241 facultates
1220 1171 1731 1236 meas,ettradidero
1766 1187 1955 1250 corpus
1991 1188 2163 1226 meum

576 1264 649 1316 ita
682 1273 736 1316 ut
777 1264 1015 1327 ardeam,
1063 1264 1372 1318 rharitatem
1398 1273 1570 1315 autem
1607 1279 1712 1316 non
1737 1262 1989 1328 habuero,
2032 1262 2163 1316 nihil

575 1355 703 1407 mihi
741 1355 948 1423 prodest
979 1352 1030 1424 (l
1071 1352 1192 1408 Cor.
1231 1369 1354 1419 xm,
1383 1352 1461 1423 3).
1495 1353 1765 1408 Fortassis
1811 1369 1942 1425 ergo
1967 1353 2162 1422 aliquis

575 1445 706 1498 dare
734 1453 913 1514 potest
939 1444 1220 1500 facultates
1269 1459 1397 1499 suas
1449 1445 1566 1498 sine
1601 1443 1887 1498 dilectione
1916 1444 2163 1514 pauperi-

573 1536 695 1600 bus,
729 1545 822 1590 aut
864 1552 1060 1608 corpus
1108 1538 1321 1592 tradere
1368 1552 1469 1607 pro
1521 1536 1703 1606 aliquo
1751 1548 1777 1578 ι
1836 1537 2051 1607 negotio
2089 1537 2162 1591 ita

574 1636 633 1680 ut
659 1628 869 1692 ardeat,
917 1630 1009 1683 sed
1045 1628 1409 1684 certissimum
1436 1629 1578 1698 quod
1623 1628 1740 1682 sine
1787 1628 2053 1683 charitate
2079 1628 2162 1682 ni-

2265 437 2409 492 circa
2440 437 2607 492 Deum
2651 448 2704 493 et
2733 439 3042 508 proximum
3092 439 3210 508 ejus
3257 442 3510 512 negotia,
3537 443 3723 500 varius
3772 454 3857 502 est

2263 535 2319 581 et
2362 528 2495 582 ordo
2553 529 2853 593 beatorum,
2906 530 3196 602 multaeque
3229 532 3539 588 mansiones
3580 534 3635 589 in
3686 549 3859 606 regno

2263 618 2524 674 caelorum
2557 635 2571 672 :
2600 620 2691 674 alii
2719 636 2952 690 namque
2995 633 3121 676 sunt
3147 625 3238 692 qui
3275 625 3635 680 substantiam
3666 627 3858 682 mundi

2263 710 2580 780 possident,
2625 717 2682 764 et
2713 711 2977 780 proximis
3025 710 3228 783 largire
3281 712 3301 751 ί
3354 715 3708 780 contendunt,
3762 715 3858 771 alii

2261 801 2353 869 qui
2407 810 2603 855 cuneta
2660 801 3070 871 relinquentes,
3124 811 3180 858 et
3236 821 3342 859 non
3389 806 3562 860 solum
3609 822 3856 876 corpus,

2263 891 2357 944 sed
2402 891 2566 944 etiam
2599 891 2840 946 animam
2891 908 2988 962 pro
3037 892 3148 947 Deo
3206 903 3262 947 et
3300 895 3562 964 proximis
3608 899 3855 962 tradunt,

2261 983 2550 1052 omniaque
2594 995 2929 1054 quzecunquc
2979 993 3247 1055 possunt,
3300 1003 3399 1058 pro
3444 990 3717 1044 communi
3767 1005 3866 1051 διο,

2263 1070 2372 1126 lute
2406 1081 2636 1144 gerunt,
2688 1075 2826 1130 adeo
2873 1083 2933 1129 ut
2975 1092 3115 1130 unus
3156 1077 3211 1130 in
3271 1075 3454 1132 Veteri
3502 1079 3859 1135 Testamento

2263 1160 2426 1238 deleri
2459 1180 2518 1220 se
2561 1174 2713 1236 optat
2755 1169 2780 1207 ⁸
2819 1183 2914 1238 pro
2941 1166 3202 1223 fratribus
3243 1169 3308 1224 de
3348 1170 3486 1226 libro
3521 1172 3676 1238 vitaz;
3713 1172 3861 1227 alter

2262 1266 2392 1310 vero
2419 1256 2470 1310 in
2508 1273 2647 1313 novo
2675 1259 2962 1314 anathema
2989 1259 3106 1315 ﬁeri
3135 1263 3332 1332 gaudet
3371 1265 3420 1317 ιι.
3463 1263 3617 1320 Unde
3647 1266 3859 1336 liquido

2263 1353 2506 1410 constat,
2546 1348 2688 1414 quod
2733 1363 3006 1417 nunquam
3053 1349 3290 1407 cbaritas
3337 1353 3582 1417 excidet,
3616 1355 3745 1409 licet
3787 1357 3858 1409 ti-

2262 1435 2425 1490 midis
2451 1445 2507 1490 et
2536 1438 2825 1493 incredulis
2856 1454 2976 1508 quas
3019 1440 3250 1496 dicimus
3276 1443 3512 1502 difﬁcilia
3540 1446 3855 1502 videantur.

2261 1525 2529 1581 Caeterum
2559 1529 2626 1584 iis
2652 1530 2742 1598 qui
2775 1531 3007 1599 prsesciti
3049 1540 3103 1586 et
3132 1533 3501 1602 pmdestinati
3547 1546 3675 1591 sunt
3717 1552 3855 1592 con-

2264 1617 2464 1674 formes
2494 1620 2610 1674 fieri
2656 1621 2905 1690 imaginis
2935 1622 3056 1677 Filii
3093 1625 3209 1689 Dei,
3242 1635 3434 1682 cuncta
3479 1628 3735 1684 videntur
3775 1631 3855 1684 le-

573 1719 648 1774 bil
699 1719 940 1789 prodest.
975 1717 1174 1782 Porro,
1207 1729 1264 1773 ut
1309 1719 1443 1782 dixi,
1493 1718 1776 1772 cbaritatis
1803 1717 2039 1772 officium
2075 1725 2158 1773 est
2186 1707 2232 1766 Β
2258 1711 2369 1775 via.
2396 1713 2593 1780 quibus
2619 1727 2717 1767 nec
2752 1714 3050 1768 substantia
3084 1719 3285 1771 mundo
3309 1718 3363 1772 in
3396 1728 3577 1775 mente
3604 1729 3720 1782 est:
3755 1737 3860 1778 nec

571 1811 827 1883 diligere;
857 1813 999 1866 unde
1021 1811 1281 1881 quidquid
1312 1810 1429 1864 sine
1459 1809 1745 1863 dilectione
1779 1810 1958 1880 agitur
1983 1808 2076 1862 Dei
2103 1819 2158 1862 et

570 1902 822 1971 proximi,
857 1901 986 1955 nihil
1011 1901 1248 1971 prodest.
1280 1898 1415 1953 Nam
1449 1898 1665 1952 dilectio
1688 1897 1919 1967 proximi
1951 1913 2158 1968 germa—

570 1991 794 2045 nitatem
827 2001 1048 2055 servat,
1101 1990 1431 2061 germanitas
1479 1997 1658 2043 autem
1711 1988 1765 2041 in
1813 1989 2154 2058 adoptionem

571 2081 790 2145 transit,
822 2081 1039 2150 adoptio
1086 2095 1216 2134 vero
1242 2093 1339 2148 per
1369 2078 1599 2148 gratiam
1629 2076 1766 2130 filios
1792 2077 1884 2131 Dei
1912 2092 2011 2131 nos
2037 2076 2155 2131 effl-

567 2170 664 2224 cit.
699 2169 835 2223 Hine
859 2183 1073 2239 quoque
1095 2169 1220 2238 quia
1244 2166 1443 2220 fratres
1468 2177 1525 2220 et
1553 2165 1645 2218 ﬁlii
1671 2165 1761 2219 uni
1787 2163 1814 2203 δ
1841 2164 2153 2220 Patrifami-

567 2264 671 2319 lias
695 2278 904 2328 sumus,
940 2262 1229 2317 bmreditas
1251 2259 1488 2316 ctelestis
1516 2259 1621 2313 fide
1647 2267 1701 2312 et
1732 2257 2033 2312 substantia
2060 2257 2156 2311 bu-

565 2355 654 2426 jus
677 2354 861 2408 mundi
901 2353 1204 2408 communis
1255 2351 1412 2406 nobis
1463 2359 1564 2404 est.
1615 2349 1708 2404 Sic
1737 2365 1866 2418 ergo
1905 2347 2101 2419 largire
2126 2358 2147 2387 ε

567 2446 824 2501 debemus
851 2444 1134 2514 proximis,
1165 2442 1322 2514 quasi
1351 2441 1746 2503 cohaeredibus,
1787 2451 1843 2494 et
1874 2440 2019 2509 quod
2067 2454 2154 2494 eo-

565 2553 684 2593 rum
714 2546 798 2593 est
822 2537 1047 2607 singulis
1097 2553 1203 2592 non
1235 2552 1474 2607 negare;
1527 2536 1655 2606 quia
1680 2537 1979 2591 secundum
2010 2537 2153 2606 Apo-

462 2672 470 2678 .
564 2627 780 2693 stolum,
807 2629 939 2682 nihil
973 2627 1118 2682 aliud
1166 2629 1366 2684 debere
1390 2627 1674 2692 debemus,
1704 2627 1804 2682 nisi
1835 2636 1892 2681 ut
1919 2627 2150 2682 invicem

565 2721 870 2792 diligamus.
931 2718 1070 2774 llinc
1097 2735 1313 2790 quoque
1347 2720 1578 2772 cltaritas
1605 2735 1708 2772 non
1739 2719 1958 2788 inflatur
1985 2759 1998 2782 ,
2047 2735 2151 2772 non

560 2823 634 2865 est
659 2812 956 2874 ambitiosa,
990 2827 1096 2864 non
1123 2812 1308 2880 (μιαινῆ
1329 2827 1446 2880 qum
1473 2826 1570 2864 sua
1596 2819 1718 2863 sunt
1766 2809 1817 2880 (I
1863 2809 1986 2865 C’or.
2029 2825 2147 2876 xm,

561 2903 769 2975 5);-qui
802 2901 1044 2973 profecto
1073 2904 1221 2957 novit
1241 2901 1330 2972 jus
1355 2912 1561 2955 natura:
1580 2942 1596 2967 ,
1621 2910 1676 2956 et
1715 2901 2048 2956 bmreditatis
2086 2913 2152 2955 ac

563 2993 750 3064 gratia:
785 2992 1136 3046 consortium.
1169 2991 1262 3045 Sic
1311 2992 1492 3060 itaque
1543 2991 1770 3062 singulis
1819 3007 1938 3061 quae
1991 2990 2151 3059 hujus

2260 1802 2414 1859 labor
2436 1803 2636 1875 aliquid
2666 1821 2817 1872 esse;
2855 1807 2982 1876 quia
3010 1809 3205 1878 spiritu
3241 1809 3331 1864 Dei
3361 1821 3619 1881 aguntur,
3647 1828 3717 1867 ex
3746 1829 3860 1884 quo

2260 1893 2464 1958 renati,
2511 1902 2566 1948 et
2612 1893 2706 1949 filii
2761 1905 2888 1950 sunt
2936 1899 2951 1937 ί
3001 1897 3094 1952 Dei
3139 1899 3413 1969 appellati.
3464 1901 3619 1958 Unde
3657 1903 3862 1959 habeat

2257 1984 2487 2054 quisque
2536 1985 2727 2040 saltem
2784 1987 2996 2041 initium
3045 1989 3350 2055 cbaritatis,
3395 2002 3666 2062 quatenus
3710 1994 3855 2049 bona

2257 2075 2438 2131 szeculi
2466 2078 2726 2146 proximis
2753 2079 3029 2148 impendat
3055 2095 3153 2148 pro
3182 2081 3404 2147 viatico,
3429 2083 3634 2138 Christi
3665 2101 3857 2141 amore

2256 2164 2486 2219 ductus:
2524 2166 2626 2220 fide
2656 2167 3034 2237 charitatequc
3077 2184 3375 2225 succensus
3404 2171 3616 2243 flagret,
3647 2184 3711 2229 ut
3757 2190 3859 2228 au-

2255 2254 2368 2308 diat
2394 2271 2423 2308 a
2454 2255 2683 2310 Domino
2720 2274 2733 2308 :
2782 2256 2939 2322 Quod
2981 2260 3072 2312 uni
3109 2275 3174 2313 ea:
3213 2262 3443 2317 minimis
3482 2265 3598 2318 istis
3645 2264 3854 2334 fecisti,

2254 2345 2382 2398 mihi
2428 2345 2596 2414 fecisti
2629 2346 2848 2417 (Matth.
2876 2363 3002 2414 xxv,
3032 2349 3146 2420 40).
3177 2350 3416 2406 Festinet
3455 2367 3592 2423 opus
3641 2355 3857 2409 miseri-

2254 2436 2453 2490 cordia:
2480 2436 2746 2492 instanter
2778 2439 3033 2508 operibus
3064 2440 3352 2505 exhibere;
3395 2443 3656 2512 quoniam
3699 2445 3858 2500 labor

2253 2527 2436 2581 omnia
2465 2528 2652 2592 vincit,
2681 2538 2740 2584 ut
2768 2529 2871 2585 sibi
2913 2546 2980 2585 ex
3020 2533 3268 2600 proximo
3314 2533 3547 2603 gaudeat
3595 2535 3650 2590 in
3679 2537 3859 2590 omni-

2251 2617 2353 2672 bus
2395 2618 2702 2683 subvenire,
2748 2636 2816 2675 ac
2858 2637 2954 2690 per
2984 2623 3088 2677 hoc
3130 2624 3196 2677 ad
3246 2623 3530 2688 ultimum,
3567 2626 3611 2679 si
3664 2641 3754 2681 res
3780 2627 3857 2681 ita

2252 2708 2573 2773 decreverit,
2618 2709 2853 2764 animam
2895 2727 3096 2780 ponere
3139 2728 3245 2767 non
3294 2722 3501 2767 metuat
3529 2732 3629 2786 pro
3660 2714 3852 2771 fratri-

2251 2800 2388 2864 bus,
2415 2809 2470 2854 et
2510 2802 2720 2868 amicis,
2751 2811 2812 2856 ut
2853 2803 2943 2858 illa
2991 2806 3379 2874 comprobetur
3424 2808 3699 2872 charitas,
3746 2826 3854 2879 qua

2253 2892 2395 2948 nulla
2443 2901 2530 2948 est
2573 2893 2743 2962 major
2774 2896 2916 2951 inter
2959 2898 3258 2967 proximos.
3300 2897 3463 2954 Varia
3495 2901 3694 2971 quippe
3726 2911 3857 2957 sunt

2253 2984 2413 3047 dona,
2445 2986 2628 3044 varius
2663 2986 2834 3054 labor,
2867 2988 3052 3043 varius
3081 2997 3134 3043 et
3165 2988 3299 3044 ordo
3327 2992 3669 3046 meritorum.
3700 2992 3858 3047 Unde

565 3059 750 3136 mundi
771 3091 896 3136 sunt
924 3081 1120 3152 largire
1139 3080 1167 3120 ἀ
1195 3059 1565 3152 satagitquasi
1590 3059 1858 3146 debitum;
1888 3082 2014 3151 quia
2041 3097 2145 3136 non
2179 3059 2223 3121 (ἶ
2255 3077 2523 3147 Propheta
2553 3097 2565 3132 :
2595 3079 2774 3134 Astitit
2804 3081 3006 3150 regina,
3039 3080 3234 3150 inquit,
3282 3083 3338 3135 in
3379 3083 3565 3136 vestitu
3592 3083 3856 3136 deaurato

561 3187 657 3226 sua
690 3181 816 3227 sunt
845 3187 964 3242 quae
993 3172 1151 3244 hujus
1200 3173 1383 3228 mundi
1415 3181 1572 3238 sunt;
1619 3173 1713 3227 sed
1746 3172 1834 3226 illa
1865 3173 2150 3228 cbaritatis

560 3263 779 3333 propria
824 3272 1143 3327 noscuntur.
1193 3279 1312 3334 quae
1361 3273 1562 3319 aeterna
1599 3273 1749 3318 sunt.
1783 3263 1873 3318 Illa
1916 3279 2149 3334 namque

559 3352 825 3407 debentur
855 3353 905 3407 in
946 3353 1054 3418 via,
1103 3367 1223 3422 qua:
1264 3353 1423 3425 hujus
1468 3353 1651 3408 saeculi
1703 3361 1831 3408 sunt
1883 3353 1948 3408 ad
1989 3368 2147 3407 usum

560 3441 789 3496 itineris.
821 3440 1086 3497 Cteterum
1118 3443 1209 3497 illa
1238 3443 1304 3497 ad
1345 3443 1764 3514 perpetuitatem
1790 3453 1848 3498 et
1871 3443 2150 3498 aeternita-

561 3543 667 3588 tem
711 3533 908 3606 quibus
956 3533 1218 3600 fruamur,
1265 3535 1608 3606 praadicanda
1637 3575 1652 3601 ,
1699 3535 1973 3590 exoranda
2022 3543 2148 3590 sunt

558 3624 842 3694 proximis,
866 3624 991 3694 quia
1026 3625 1182 3680 nobis
1206 3625 1444 3694 propria,
1471 3623 1732 3696 largiente
1772 3624 2024 3690 Domino,
2051 3637 2149 3694 per

558 3716 790 3787 gratiam
829 3714 942 3784 jam
978 3716 1116 3772 facta
1148 3725 1296 3772 sunt.
1328 3715 1480 3772 Unde
1510 3731 1605 3772 seu
1637 3717 1993 3772 substantiam
2021 3732 2147 3788 pro-

558 3809 706 3864 ximo
739 3815 1080 3878 priestemus,
1144 3823 1239 3863 seu
1287 3806 1528 3863 ofﬁcium
1581 3808 1968 3864 misericordia:
2022 3822 2148 3880 aga-

557 3913 696 3960 mus,
731 3913 827 3952 seu
856 3899 996 3954 bona
1023 3913 1335 3962 exoremus,
1365 3913 1460 3954 seu
1488 3897 1728 3954 caelestia
1759 3899 2143 3969 praadieemus;

557 3985 935 4043 liberalissime
976 3990 1197 4043 mandat
1247 3989 1580 4059 Apostolus:
1616 3989 1768 4044 Nihil
1811 3990 1959 4044 aliud
1996 3991 2146 4045 debe-

556 4094 695 4143 mus,
727 4079 830 4131 nisi
859 4087 914 4131 ut
955 4079 1168 4133 invicem
1196 4079 1499 4148 diligamus.
1544 4079 1772 4136 Dilectio
1806 4083 2004 4151 quippe
2030 4081 2143 4137 sola

555 4185 655 4240 pro
681 4170 864 4223 debito
889 4178 991 4233 est,
1018 4185 1178 4238 quam
1213 4170 1453 4239 quotidie
1479 4169 1737 4224 solvendo
1766 4172 2049 4236 debemus,
2085 4179 2144 4226 ut

558 4257 802 4314 debendo
850 4258 1216 4327 persolvamus
1267 4276 1281 4312 :
1337 4261 1432 4314 sed
1487 4259 1748 4328 quidquid
1804 4275 2138 4330 possumus,

555 4351 818 4423 proximis
866 4368 972 4407 non
1027 4367 1311 4423 negemus;
1370 4353 1605 4423 alioquin
1653 4353 1896 4424 quisquis
1942 4353 2142 4409 claudit

2253 3169 2578 3223 circumdata
2617 3170 2866 3224 uarietate
2908 3168 3080 3240 (Psal.
3107 3186 3251 3236 κων,
3285 3171 3414 3240 10);
3449 3173 3541 3226 sed
3578 3173 3721 3226 sicut
3764 3173 3852 3227 fe-

2253 3257 2408 3313 licior
2439 3268 2541 3323 est,
2570 3260 2662 3330 qui
2695 3261 2847 3330 ponit
2882 3261 3117 3315 animam
3153 3276 3251 3328 pro
3293 3262 3476 3316 amicis
3517 3261 3650 3323 suis,
3688 3261 3769 3315 ita
3798 3271 3860 3317 et

2254 3350 2438 3404 infelix
2486 3350 2712 3405 nimium
2749 3350 2796 3416 i,
2841 3352 2932 3421 qui
2981 3351 3182 3406 claudit
3227 3351 3434 3408 viscera
3470 3353 3693 3420 pietatis
3721 3367 3857 3421 pro-

2251 3442 2417 3506 ximo,
2446 3457 2512 3496 ne
2543 3442 2801 3514 indigenti
2828 3444 3141 3508 subveniat;
3176 3444 3434 3512 quoniam
3465 3444 3590 3499 talis
3620 3444 3856 3512 quilzbet

2252 3534 2304 3588 in
2335 3535 2571 3590 tenebris
2590 3546 2646 3591 et
2675 3537 2866 3593 umbra
2895 3538 3085 3592 mortis
3109 3546 3309 3593 manet.

2875 3688 3102 3746 CAPUT
3141 3689 3206 3744 Χ.

2251 3803 2528 3870 Quomodo
2572 3803 2758 3876 diligat
2803 3821 2897 3860 nos
2930 3804 3108 3928 chu‘s.’
3135 3814 3196 3929 ἔα
3228 3804 3444 3874 fruatur
3480 3805 3650 3870 nobis,
3677 3822 3753 3861 an
3793 3817 3852 3860 ut

2939 3891 2972 3928 u
2998 3894 3028 3929 a
3057 3891 3121 3929 ur

2939 3891 3121 3929 utatur

2320 3994 2660 4051 Manifestum
2689 4005 2774 4051 est
2809 4011 2939 4067 ergo
2982 4011 3048 4051 ex
3082 3995 3281 4050 divinis
3309 3993 3721 4066 Scripturarum
3756 4012 3848 4052 sa-

2248 4086 2562 4150 cramentis,
2590 4085 2732 4154 quod
2769 4085 2996 4139 multum
3045 4100 3146 4141 nos
3175 4085 3364 4155 diligat
3397 4084 3561 4151 Deus,
3598 4086 3690 4156 qui
3721 4100 3850 4155 pro-

2245 4175 2364 4244 prio
2389 4174 2524 4230 Filio
2547 4190 2646 4230 suo
2676 4191 2780 4229 non
2824 4175 3097 4245 pepercit;
3145 4175 3240 4230 sed
3266 4190 3367 4245 pro
3394 4173 3552 4229 nobis
3590 4174 3850 4230 omnibus

2244 4266 2467 4321 tradidit
2494 4282 2640 4322 eum.
2669 4266 2822 4334 Quod
2855 4267 2958 4322 nisi
2991 4267 3261 4335 diligeret,
3305 4282 3428 4321 cum
3459 4266 3666 4322 inimici
3695 4281 3849 4321 esse-

2247 4373 2400 4423 mus,
2445 4373 2551 4412 non
2603 4373 2701 4412 nos
2744 4357 2846 4412 sibi
2884 4357 3262 4412 reconciliaret
3303 4372 3403 4427 per
3447 4367 3682 4413 mortem
3722 4357 3846 4414 Filii

554 4444 766 4499 viscera
796 4445 1010 4513 pietatis
1057 4449 1322 4515 proximo,
1375 4462 1474 4502 nec
1501 4446 1713 4500 initium
1744 4447 2025 4503 cbaritatis
2051 4449 2144 4502 ba-
2177 4420 2223 4478 υ
2249 4449 2355 4512 sui,
2387 4457 2446 4502 ut
2477 4449 2544 4503 de
2583 4449 2820 4504 inimicis
2859 4466 2964 4504 non
3013 4450 3184 4504 solum
3214 4450 3395 4514 amici,
3437 4465 3629 4505 verum
3675 4451 3845 4505 etiam

555 4537 683 4593 bere
719 4540 1079 4607 cognoscitur,
1128 4541 1395 4618 quomodo
1424 4555 1557 4610 ergo
1587 4539 1824 4594 animam
1866 4540 1996 4595 dare
2043 4556 2141 4610 pro

555 4628 748 4682 amicis
780 4636 984 4698 potest,
1037 4628 1127 4697 qui
1161 4645 1259 4683 nec
1307 4629 1661 4683 substantiam
1712 4628 1979 4698 impartiri
2011 4642 2143 4697 gau-

556 4717 680 4772 det?
728 4716 860 4771 Natn
910 4718 1051 4773 sicut
1084 4719 1342 4774 Dominus
1371 4719 1491 4772 ait:
1531 4717 1786 4788 Majorent
1831 4719 2138 4773 charitatens

557 4825 707 4863 nemo
734 4811 920 4874 habet,
965 4827 1122 4881 quant
1151 4823 1203 4864 ut
1233 4812 1462 4865 animam
1492 4823 1641 4864 suam
1683 4822 1842 4881 ponat
1889 4811 2004 4881 quis
2044 4827 2138 4880 pro

556 4900 739 4952 amicis
769 4900 877 4953 suis
910 4899 1091 4970 (Joan.
1125 4917 1214 4965 xv,
1245 4903 1354 4972 l3).
1389 4901 1454 4955 Et
1481 4902 1598 4954 hazc
1625 4900 1878 4954 nimirum
1903 4909 1989 4955 est
2017 4900 2144 4955 cha-

558 4989 710 5054 ritas,
742 5005 862 5060 qua:
888 4990 1035 5047 foras
1060 4993 1224 5046 mittit
1247 5007 1462 5047 omnem
1493 4992 1761 5056 timorem,
1811 5007 1918 5060 qua
1964 4991 2142 5045 chari-

559 5088 669 5139 tate
703 5084 876 5140 sancti
903 5085 1105 5156 perfusi
1136 5101 1241 5140 non
1274 5087 1566 5141 timuerunt
1615 5087 1837 5142 omnino
1867 5088 2003 5142 mori
2044 5103 2143 5157 pro

554 5174 791 5244 Christo,
817 5184 879 5232 ut
919 5185 975 5232 et
1001 5177 1158 5232 amici
1185 5177 1278 5233 Dei
1304 5177 1409 5233 sint
1441 5175 1693 5248 appellati
1723 5192 1740 5230 :
1776 5179 1871 5234 sed
1915 5178 2039 5249 quia
2086 5179 2140 5234 in

625 5365 653 5392 ι
691 5351 858 5418 Edit.,
899 5355 1028 5409 alio.

629 5421 657 5461 ὶ)
690 5423 859 5496 Edit.,
894 5426 1049 5496 unius
1072 5424 1494 5496 patrisfamilias.

631 5502 653 5565 ξ
692 5492 864 5565 Edit.,
903 5492 1108 5565 largiri.

625 5559 653 5600 ει
691 5562 856 5634 Edit.,
893 5559 1096 5634 largiri.

633 5641 658 5671 ⁸
694 5633 859 5700 Edit.,
894 5633 1126 5702 pendent.

2250 4538 2341 4592 filii
2372 4553 2614 4594 essemus
2643 4558 2655 4592 :
2690 4540 2784 4596 sed
2826 4544 2868 4595 si
2908 4539 3106 4594 fruitur
3133 4541 3272 4595 bono
3320 4549 3531 4602 nostro,
3561 4557 3688 4595 cum
3727 4540 3844 4609 jam

2248 4631 2483 4700 adoptati
2519 4645 2728 4695 sumus,
2761 4631 2975 4686 videtur
3005 4646 3184 4703 agere,
3228 4632 3372 4701 quod
3407 4647 3568 4686 nemo
3603 4633 3724 4686 sani
3757 4647 3850 4687 ca-

2247 4719 2374 4788 pitis
2404 4719 2566 4775 homo
2591 4720 2820 4786 dixerit;
2865 4719 3110 4790 profecto
3143 4721 3270 4790 quia
3301 4735 3464 4774 omne
3504 4721 3712 4777 bonum
3748 4737 3848 4777 no-

2248 4824 2446 4878 strum,
2474 4822 2568 4868 aut
2597 4813 2664 4868 ab
2700 4814 2837 4884 ipso,
2866 4823 2958 4868 aut
2984 4814 3100 4883 ipse
3120 4823 3222 4868 est.
3251 4813 3389 4868 Hinc
3425 4829 3646 4884 quoque
3672 4814 3846 4885 liquet

2247 4905 2444 4960 nullius
2472 4920 2631 4976 egere
2659 4905 2836 4972 bono;
2884 4906 3011 4976 quia
3059 4921 3125 4960 ex
3158 4905 3297 4975 ipso,
3324 4913 3380 4960 et
3408 4921 3508 4975 per
3535 4906 3718 4975 ipsum
3738 4944 3756 4968 ,
3788 4912 3844 4959 et

2246 4995 2300 5050 in
2327 4995 2465 5066 ipso,
2492 5009 2600 5050 non
2629 4995 2804 5050 solum
2833 4995 3032 5050 bonum
3065 5003 3309 5049 nostrum
3341 4993 3611 5058 subsistit,
3650 5007 3838 5048 verum

2244 5094 2300 5140 et
2344 5085 2611 5151 omnium,
2641 5085 2953 5155 angelorum
2989 5103 3002 5138 :
3050 5084 3195 5139 unde
3233 5084 3496 5154 propheta
3541 5095 3840 5139 conversus

2246 5176 2314 5232 ad
2358 5189 2481 5232 eum
2529 5177 2783 5247 implorat
2829 5177 3014 5233 dicens
3055 5192 3072 5232 :
3111 5174 3376 5231 Conserva
3423 5191 3541 5243 me,
3589 5173 3834 5238 Domine,

2323 5349 2347 5389 ί
2386 5349 2554 5416 Edit.,
2595 5350 2801 5418 largiri.

2321 5422 2348 5461 ³
2383 5419 2550 5484 Edit.,
2591 5429 2748 5488 optet.

2320 5492 2348 5531 ιι
2389 5490 2554 5554 Edit.,
2594 5489 2841 5559 gaudeat.

2325 5573 2340 5600 ι
2375 5560 2429 5613 In
2453 5560 2614 5614 editis
2638 5561 2788 5614 deest
2813 5569 2952 5618 sunt.

2322 5628 2333 5667 ί
2373 5629 2537 5695 Edit.,
2571 5629 2836 5684 nimirum.
