4104 6340
593 268 726 322 Ηῖξ)

1365 253 1421 308 S.
1445 248 1817 307 PASCIIASI‘I
1861 241 2203 301 llADBERTl
2244 241 2534 297 ABBATIS
2571 237 3022 296 CORBEIENSIS

3739 238 3878 290 H80

591 375 862 431 nutriatur
887 370 1122 427 oharitas
1151 357 1341 429 initiis,
1365 363 1568 418 veritas
1603 358 1925 429 requirenda
1953 375 1966 410 :
1997 362 2164 410 restat
2193 357 2240 414 Α
2267 363 2314 406 et
2341 352 2659 407 conscientia
2701 367 2803 405 non
2828 349 2976 419 ficta,
3005 356 3270 419 quatenus
3295 362 3420 420 spes
3451 349 3505 402 in
3551 348 3707 404 nullo
3745 366 3882 403 con-

590 479 648 520 ut
675 465 888 520 dilectio
923 460 1120 517 Christi
1149 456 1458 528 plenissime
1485 452 1861 508 mandatorum
1890 449 2004 520 ejus
2034 462 2169 518 pra:—

515 594 520 600 -
591 567 745 626 cepta
781 553 1048 614 intendat,
1075 549 1215 604 sicut
1241 545 1516 615 discipulis
1541 543 1654 598 suis
1696 543 1810 610 ipse.
1843 548 2033 593 auctor
2069 536 2170 590 Ve—

592 635 726 706 ritas
755 645 830 699 ait
862 661 875 697 :
913 643 974 698 Si
1003 640 1220 710 diligitis
1249 655 1350 701 me,
1382 637 1582 706 inquit,
1629 633 1881 688 mandata
1914 647 2028 684 mea
2064 645 2172 682 ser-

592 747 706 790 vute
748 734 928 804 (Joan.
961 729 1224 796 x1v,15);
1267 728 1574 782 observatio
1619 739 1747 793 ergo
1795 723 2168 776 mandatorum

593 825 686 879 Dei
727 822 1035 893 aditnpletio
1063 829 1146 874 est
1174 816 1487 880 charitatis;
1519 816 1610 868 sed
1641 814 1694 866 in
1735 814 1847 881 ipsa
1873 810 2170 878 eademque

593 913 856 966 charitate
894 926 990 980 per
1028 908 1184 962 tidem
1224 903 1579 968 ambulamus,
1621 918 1650 956 a
1696 917 1799 970 qua
1851 901 2166 972 incipimus;

594 1005 832 1074 alioquin
882 1001 1188 1056 iuﬁrmante
1231 997 1331 1050 ﬁde
1372 997 1611 1050 Charitas
1654 993 1992 1064 languescit;
2045 993 2170 1063 quia

594 1095 1018 1164 quotiescunque
1041 1089 1440 1157 Scripturarum
1471 1094 1778 1141 sanctarum
1803 1086 1855 1139 in
1880 1094 2057 1138 mente
2080 1100 2171 1137 va-

595 1185 740 1240 cillat
769 1184 1084 1246 auctoritas,
1123 1183 1253 1236 ﬁdes
1287 1181 1498 1258 titubat,
1528 1179 1670 1232 unde
1711 1192 1833 1231 cum
1871 1176 2004 1231 ﬁdes
2032 1175 2172 1230 ceci-

595 1277 756 1340 derit,
785 1275 948 1330 etiam
976 1274 1201 1342 quisque
1228 1288 1256 1324 a
1285 1271 1550 1325 charitate
1583 1269 1726 1323 cadit
1753 1268 2028 1322 continuo.
2057 1265 2171 1320 Non

594 1371 738 1424 enim
765 1375 944 1438 potest
969 1366 1214 1432 diligere,
1239 1363 1382 1433 quod
1417 1376 1536 1416 esse
1567 1375 1673 1415 non
1721 1359 1926 1424 credit;
1970 1357 2174 1430 idcirco

595 1459 888 1530 Scriptum
925 1467 1126 1513 sancta:
1165 1454 1474 1525 diligentius
1503 1451 1810 1508 scrutandaa
1838 1459 1965 1505 sunt
1987 1458 2044 1504 et
2067 1447 2174 1518 ple-

594 1551 714 1604 nius
741 1550 1042 1613 credendae,
1078 1556 1138 1601 ut
1178 1547 1308 1601 ﬁdes
1345 1554 1534 1600 saneta
1581 1552 1906 1608 succrescat,
1936 1549 1990 1598 et
2030 1556 2170 1611 prae-

591 1651 744 1712 cepta
791 1640 884 1695 Dei
929 1641 1198 1709 copiosius
1256 1637 1646 1708 intelligantur.
1704 1634 1960 1704 Quisquis
2013 1633 2175 1702 igitur

2273 442 2527 496 fundatur
2551 440 2758 494 erroris
2788 437 3086 508 naufragio.
3115 437 3364 493 Omnium
3391 453 3522 509 ergo
3557 439 3880 509 Scriptura-

2273 551 2392 590 rum
2422 514 2724 589 intellectus
2751 532 2819 586 ad
2851 531 2952 586 ista
2981 531 3082 584 tria
3118 529 3382 594 refertur;
3417 532 3688 600 quoniam
3721 531 3882 601 quid—

2273 625 2399 694 quid
2433 632 2516 679 est
2544 617 2685 694 quod
2719 623 2770 676 in
2800 613 3000 676 divinis
3041 621 3267 693 legimus
3312 620 3532 686 litteris,
3565 623 3658 676 his
3706 622 3881 678 tribus

2271 713 2748 784 comprehenditur
2778 711 2951 776 donis,
2987 720 3042 765 et
3075 712 3126 764 in
3161 711 3244 765 his
3282 712 3526 766 omnium
3559 711 3880 780 Scriptura-

2273 818 2391 856 rum
2433 801 2754 856 terminatur
2796 801 2940 854 ﬁnis.
2982 800 3048 854 Et
3091 800 3195 854 nisi
3243 811 3464 871 propter
3504 803 3876 856 eruditionem

2274 893 2524 956 aliorum,
2549 893 2633 946 his
2655 891 2863 961 adeptis
2886 892 2952 945 ad
2982 891 3221 960 plenum,
3252 890 3535 960 Scriptura
3566 903 3764 946 sancta
3791 908 3878 946 ne-

2273 983 2507 1038 cessaria
2545 998 2650 1036 non
2689 991 2851 1036 esset.
2887 979 3040 1036 Unde
3075 989 3134 1034 ut
3175 982 3445 1034 nutriatur
3471 981 3754 1046 charitas,
3781 997 3877 1036 sa-

2273 1074 2376 1130 culi
2402 1073 2638 1128 amicitia
2663 1081 2718 1128 et
2733 1071 2998 1142 cupiditas
3023 1072 3204 1126 carnis
3223 1071 3566 1141 appellantur
3592 1074 3871 1142 primum;

2273 1165 2466 1220 deinde
2517 1171 2888 1232 supponantur
2924 1162 3128 1234 jugiter
3173 1163 3312 1232 ligna
3370 1162 3682 1227 virtutum,
3731 1163 3874 1217 circa

2275 1257 2442 1310 Deum
2467 1262 2520 1309 et
2546 1255 2848 1323 proximum
2876 1261 2936 1306 ιιι
2961 1255 3181 1318 ardeat;
3213 1253 3467 1322 quoniatn
3500 1253 3760 1323 quisquis
3787 1269 3875 1306 ve-

2273 1360 2469 1400 nenum
2495 1346 2610 1415 ejus
2632 1346 2865 1416 primum
2889 1361 2919 1398 a
2943 1360 3000 1399 se
3021 1359 3127 1399 non
3153 1343 3439 1414 expulerit,
3469 1359 3583 1398 non
3607 1344 3738 1398 dico
3759 1358 3874 1414 per-

2275 1435 2561 1491 fectionem
2587 1434 2889 1502 charitatis,
2913 1449 3099 1490 verum
3129 1449 3230 1488 nec
3252 1435 3468 1488 initium
3497 1433 3692 1489 habet.

2864 1567 3092 1625 CAPUT
3130 1568 3244 1624 XII.

2276 1658 2353 1714 De
2382 1661 2679 1730 (li/Terentia
2701 1662 2995 1723 charitatis,
3033 1671 3212 1714 utrum
3242 1660 3308 1714 sit
3333 1659 3513 1732 aliqua
3554 1677 3748 1714 eorum
3785 1662 3873 1732 qui

592 1732 900 1801 Scripturas
927 1739 1143 1785 sanctas
1179 1729 1260 1783 vel
1290 1727 1586 1798 quamlibet
1619 1734 1828 1794 partem
1873 1739 2060 1779 earum
2099 1722 2174 1776 in—
2205 1719 2249 1778 Β
2350 1719 2574 1802 ργίῆιανη
2595 1732 2752 1800 ﬁdem
2776 1719 3106 1796 εαειοάξξιηι,
3141 1741 3186 1784 ει
3208 1731 3299 1801 qui
3320 1719 3435 1802 ροεὶ
3457 1729 3644 1802 lapsu,
3675 1733 3749 1784 σά
3771 1719 3874 1802 ῥα-

593 1817 871 1877 ιθιιθχὶεεεέ
903 1837 961 1876 se
990 1830 1177 1890 putat,
1207 1821 1284 1874 ita
1332 1828 1392 1873 ut
1437 1834 1502 1874 eo
1532 1818 1806 1872 intellectu
1845 1830 1871 1858 α
1913 1818 2072 1870 ﬁdem
2118 1823 2174 1868 et

590 1916 859 1986 geminam
911 1914 1228 1969 charitatem
1268 1913 1359 1966 Dei
1391 1922 1446 1966 et
1490 1912 1721 1981 proximi
1765 1925 1869 1964 non
1909 1908 2170 1970 aediﬁcet,

589 2007 826 2058 nondum
869 2004 1090 2058 omnino
1136 2003 1418 2057 intellexit.
1466 2003 1533 2056 Et
1561 2003 1604 2057 si
1633 2017 1700 2056 ex
1751 2001 1881 2070 ipsis
1909 2001 2001 2054 Dei
2028 1998 2173 2052 Scri-

589 2095 764 2161 pturis
786 2094 898 2163 jam
946 2093 1106 2146 ﬁdem
1157 2093 1415 2162 percepit,
1463 2100 1518 2146 et
1557 2091 1754 2162 diligit,
1785 2090 1922 2144 bene
1967 2088 2172 2158 agendo

590 2186 774 2252 eﬁicit,
806 2195 863 2240 ut
888 2188 1051 2242 etiam
1082 2196 1263 2257 speret
1287 2187 1354 2240 ad
1399 2186 1452 2239 id
1481 2186 1622 2254 quod
1669 2184 1842 2254 diligit
1868 2183 2167 2253 pervenire.

589 2277 774 2348 Itaque
805 2279 906 2332 tria
938 2279 1052 2333 haac
1080 2287 1222 2340 sunt,
1270 2265 1465 2347 quibus
1494 2276 1670 2331 omnis
1701 2275 1927 2330 scientia
1957 2283 2010 2328 et
2049 2286 2172 2343 pro-

589 2367 772 2438 phetia
815 2349 1010 2422 militat
1054 2367 1106 2421 iu
1153 2369 1256 2422 hac
1294 2367 1422 2420 vita.
1457 2365 1562 2420 Sed
1603 2365 1725 2420 ﬁdei
1774 2363 2016 2420 succedit
2053 2377 2174 2433 spe-

590 2456 703 2511 cies
727 2456 756 2496 δ
779 2455 908 2511 olim
934 2457 1162 2520 credita,
1189 2471 1349 2525 quam
1381 2453 1681 2509 videbimus
1723 2453 1880 2508 sicuti
1920 2461 2027 2517 est;
2057 2451 2170 2521 spei

589 2559 718 2599 vero
763 2546 1005 2600 succedit
1051 2545 1328 2599 beatitudo
1370 2545 1484 2614 ipsa
1529 2543 1596 2598 ad
1642 2559 1803 2614 quam
1853 2541 2170 2614 perventuri

588 2651 812 2691 sumus:
841 2637 1082 2692 Charitas
1104 2646 1283 2691 autem
1318 2637 1436 2692 istis
1472 2637 1854 2692 decedentibus
1887 2635 2173 2707 augebitur

589 2729 788 2797 potius.
815 2727 874 2782 Si
923 2729 1069 2783 enim
1119 2729 1387 2784 credendo
1436 2729 1707 2800 diligimus
1763 2744 1882 2798 qua:
1933 2728 2170 2790 nondum

587 2814 834 2870 videmus
862 2856 875 2878 ,
913 2823 1131 2886 quanto
1189 2818 1359 2888 magis
1410 2833 1533 2872 cum
1585 2818 1770 2872 videre
1814 2818 2164 2890 coeperimus!

588 2907 658 2962 Et
697 2909 742 2963 si
786 2911 1017 2966 amando
1061 2925 1340 2979 speramus
1379 2926 1486 2986 quo
1527 2911 1761 2966 nondum
1807 2911 2168 2980 pervenimus,

589 3012 791 3071 quanto
821 3005 990 3074 magis
1023 2995 1144 3058 cum
1175 3013 1488 3074 perventum
1517 3004 1711 3059 fuerit!
1753 3005 2007 3073 quoniam
2033 3019 2172 3074 prae-

2346 1801 2620 1854 nitentiam
2649 1803 2882 1856 redeunt.

2347 1911 2398 1966 l.
2441 1911 2578 1967 Hinc
2623 1927 2751 1968 sane
2778 1928 2876 1983 per
2909 1911 3194 1968 Jeremiam
3217 1902 3478 1968 Dominus
3510 1915 3582 1969 ad
3609 1914 3873 1971 Hierusa-

2276 2001 2410 2056 lem:
2437 2000 2758 2056 Recordatus
2778 2019 2895 2056 sum
2917 2003 3014 2067 tui,
3050 2004 3249 2074 inquit,
3274 2005 3531 2058 miserans
3558 2007 3870 2060 adolescen—

2275 2094 2401 2148 tiam
2429 2106 2596 2169 tuam,
2635 2105 2682 2150 et
2705 2096 3012 2149 charitatem
3050 2096 3467 2165 desponsationis
3491 2108 3623 2160 tum,
3653 2098 3866 2166 quando

2273 2196 2450 2240 secuta
2472 2203 2525 2241 es
2548 2204 2630 2241 me
2649 2188 2704 2240 in
2728 2188 2928 2242 deserto
2954 2188 3086 2258 (Jer.
3120 2205 3178 2251 tt,
3206 2188 3283 2258 2).
3309 2188 3373 2240 Ει
3401 2188 3662 2257 deinceps
3689 2206 3704 2240 :
3736 2186 3870 2241 Su-

2275 2288 2387 2331 ctus
2429 2277 2598 2332 Israel
2629 2278 2852 2332 Domino
2887 2279 3133 2350 primitia:
3173 2279 3385 2349 frugum
3417 2279 3532 2346 ejus
3571 2279 3770 2348 (lbid.,
3792 2279 3866 2348 3).

2274 2365 2480 2432 Quibus
2499 2367 2742 2437 profecto
2760 2369 2936 2423 verbis
2955 2367 3325 2437 gloriosioretn
3351 2368 3595 2422 insinuat
3625 2369 3868 2423 charita-

2275 2469 2382 2514 tem
2417 2459 2560 2513 circa
2588 2455 3027 2529 perseverantem
3057 2457 3290 2512 animam
3310 2498 3324 2522 ,
3357 2457 3512 2524 cujus
3545 2460 3866 2515 adolescen-

2275 2549 2402 2602 tiam
2426 2549 2690 2602 miserans
2716 2546 2974 2601 Dominus
3001 2548 3163 2600 etiam
3190 2562 3311 2600 cum
3336 2546 3486 2616 lapsa
3518 2546 3694 2602 fuerit
3715 2564 3864 2602 amo-

2274 2652 2388 2692 rem
2413 2636 2843 2706 desponsationis
2861 2637 2977 2706 ejus
2998 2637 3326 2691 recordatur.
3350 2636 3565 2692 Tenera
3599 2640 3826 2708 quidem
3845 2681 3862 2705 ,

2273 2740 2327 2784 et
2352 2729 2523 2784 dulcis
2543 2738 2626 2784 est
2647 2729 2884 2784 charitas
2910 2729 3185 2800 virginalis
3206 2769 3219 2792 ,
3249 2731 3520 2798 przecipue
3553 2732 3609 2784 in
3637 2732 3862 2800 spirita-

2272 2818 2432 2884 libus,
2469 2819 2557 2874 ubi
2586 2817 2698 2873 sola
2730 2818 3014 2874 dilectione
3034 2835 3261 2888 sponsus
3279 2828 3334 2874 et
3363 2822 3546 2874 anima
3574 2820 3858 2876 {redemn-

2274 2916 2380 2962 tur.
2409 2909 2771 2979 Comparatur
2818 2910 2961 2964 enim
3013 2909 3192 2964 anima
3231 2920 3418 2966 sancta
3447 2913 3715 2982 primitiis
3747 2912 3860 2968 t‘ru-

2273 3013 2397 3069 gum
2429 3014 2548 3068 quae
2585 2999 2815 3056 Domino
2861 3009 3282 3068 consecrantur;
3323 3011 3378 3056 et
3419 3003 3540 3057 ideo
3588 3019 3620 3057 a
3659 3020 3862 3074 sponso

590 3070 761 3150 sentis
792 3070 934 3150 vita;
956 3097 1116 3162 bona,
1146 3070 1284 3152 sicut
1321 3112 1444 3151 cum
1486 3111 1592 3151 non
1635 3070 1904 3151 habentur
1933 3095 1988 3149 in
2024 3070 2168 3149 desi—
2199 3070 2244 3132 (ἶ
2279 3098 2387 3143 tam
2420 3099 2602 3144 tenere
2629 3091 2868 3162 diligitur
2896 3091 3204 3163 virginitas,
3232 3101 3290 3146 ut
3310 3103 3612 3162 sequantur
3634 3070 3858 3166 agnum,

589 3185 742 3240 derio
781 3195 938 3252 sunt,
991 3188 1063 3241 ita
1111 3187 1352 3257 profecto
1398 3189 1578 3243 habita
1628 3203 1752 3242 mox
1796 3195 2078 3242 vertuntur
2119 3187 2171 3240 in

589 3274 900 3331 fastidium:
931 3277 1174 3332 caelestia
1205 3294 1334 3333 vero
1363 3287 1415 3333 et
1445 3279 1790 3348 sempiterna,
1819 3293 1849 3332 e
1877 3277 2171 3342 contrario,

589 3382 712 3422 cum
743 3383 846 3422 non
880 3369 1168 3435 habentur,
1202 3369 1418 3424 fastidio
1449 3378 1603 3434 sunt,
1633 3378 1687 3424 et
1720 3385 1841 3424 cum
1871 3368 2191 3438 percipiun-‘

589 3467 698 3523 tur,
730 3474 926 3529 magno
967 3459 1020 3514 in
1052 3460 1340 3515 desiderio.
1373 3459 1478 3516 Sed
1509 3461 1780 3515 interdum
1825 3461 1948 3530 quia
1981 3476 2076 3530 per
2113 3460 2173 3514 ﬁ-

587 3547 732 3614 dem,
760 3551 938 3619 qualia
972 3559 1096 3605 sunt
1121 3551 1510 3622 creduntur,.in
1541 3567 1634 3622 spe
1657 3549 1791 3618 jam,
1823 3551 1948 3622 quia
1977 3551 2172 3606 donata

588 3650 718 3695 sunt
744 3641 922 3707 nobis,
953 3644 1251 3708 habentur;
1279 3641 1461 3698 habita
1483 3657 1612 3697 vero
1633 3642 1928 3713 diliguntur
1951 3651 2006 3698 et
2035 3657 2174 3714 prte-

589 3741 892 3804 gustantur.
936 3733 1038 3787 Pro
1067 3750 1294 3804 quorum
1342 3734 1628 3788 dileCtione
1667 3733 1846 3788 omnia
1891 3734 2174 3804 praesentis

588 3822 711 3875 vine
736 3838 843 3876 non
876 3823 1052 3878 minus
1081 3839 1338 3894 prospera
1379 3839 1541 3893 quam
1569 3824 1794 3879 adversa
1821 3833 2174 3878 contemnun-

589 3919 696 3974 tur,
728 3921 934 3966 tantum
961 3920 1018 3966 nt
1046 3913 1132 3967 illa
1161 3914 1546 3982 adipiscantur.
1573 3913 1826 3969 Omnium
1850 3929 1979 3985 ergo
2009 3915 2175 3968 virtu-

591 4008 704 4052 tum
750 4001 1124 4057 instrumentis
1156 4002 1324 4056 utitur
1355 4003 1618 4066 charitas,
1648 4011 1705 4056 et
1731 4002 1844 4070 ipsa
1875 4009 2000 4056 sunt
2029 4001 2172 4072 ligna

590 4102 711 4155 quae
738 4099 1114 4158 supponuntur
1141 4091 1193 4144 in
1224 4091 1476 4160 pabulum
1509 4091 1773 4146 Dominici
1805 4092 1963 4159 ignis,
1993 4100 2050 4144 ut
2075 4107 2174 4146 nu-

593 4177 790 4230 triatur
817 4179 869 4231 in
895 4179 1075 4232 altari.
1100 4180 1285 4234 Altare
1313 4197 1441 4251 ergo
1465 4181 1590 4234 illud
1618 4182 1952 4237 Dominicum
1977 4198 2173 4253 corpus

589 4274 694 4329 est,
720 4265 828 4320 Deo
848 4267 992 4322 Patri
1019 4270 1150 4323 satis
1173 4269 1450 4340 placabile,
1477 4270 1532 4324 in
1555 4287 1663 4340 quo
1683 4281 1874 4327 cuncta
1897 4273 2173 4328 olfcrimus

589 4364 734 4420 vota,
768 4364 823 4410 et
851 4357 1130 4414 charitatis
1165 4359 1289 4428 igne
1332 4369 1660 4415 cremantur.
1702 4360 1954 4430 Alioquin
1993 4363 2171 4434 ignem

588 4444 823 4501 alienum
864 4449 954 4517 qui
985 4450 1262 4516 obtulerit,
1291 4453 1784 4522 concupiscentiam
1814 4452 2024 4509 scilicet
2050 4469 2171 4510 car-

588 4539 694 4602 nis,
723 4553 844 4593 cum
874 4539 1058 4596 Nadab
1087 4549 1143 4600 et
1171 4543 1309 4598 Abiu
1339 4545 1565 4614 peribit;
1598 4545 1722 4616 quia
1767 4545 1906 4616 ignis
1933 4545 2034 4602 iste
2062 4562 2172 4602 ete-

586 4622 738 4680 lestis
760 4637 867 4692 est,
893 4636 948 4682 et
971 4645 1077 4684 nou
1107 4631 1357 4697 aliunde;
1390 4648 1564 4702 neque
1612 4633 1739 4689 alibi
1779 4650 1942 4704 quam
1971 4650 2038 4690 ex
2065 4637 2172 4690 vir-

589 4716 793 4772 tutibus
817 4729 871 4772 et
898 4719 950 4773 in
976 4719 1190 4775 Christo
1219 4723 1476 4778 nutritur.
1503 4723 1656 4779 Mane
1681 4727 1842 4798 igitur
1864 4742 1928 4781 ac
1948 4742 2171 4797 vespere

586 4803 730 4876 ligna
774 4820 1147 4878 supponuntur
1184 4811 1238 4873 iu
1265 4812 1517 4882 pabulum
1548 4824 1748 4898 saqptze
1776 4818 2078 4882 charitatis,
2114 4827 2173 4872 ut

585 4899 776 4952 ardeat
801 4897 1003 4970 jugiter
1032 4903 1083 4957 in
1113 4903 1293 4968 altari,
1323 4899 1542 4972 quando
1565 4897 1660 4976 per
1691 4908 2014 4963 charitatem
2045 4908 2168 4962 reli-

585 5002 705 5055 qua}
731 4991 957 5046 virtutes
987 4979 1299 5062 operantur.
1339 4994 1433 5050 Sin
1465 4996 1598 5050 alias
1625 4998 2006 5068 exstinguitur,
2040 4999 2165 5068 quia

585 5079 826 5134 chartas
851 5098 1119 5152 nunquam
1145 5096 1227 5139 est
1255 5087 1448 5140 otiosa.
1473 5087 1775 5158 Suppositis
1801 5105 1930 5160 ergo
1953 5091 2166 5144 virtuti-

584 5167 686 5222 bus
717 5171 869 5224 ardet
906 5172 959 5226 iu
989 5172 1226 5239 Christo,
1258 5185 1312 5229 et
1342 5185 1465 5231 tunc
1493 5177 1705 5231 demum
1733 5181 1912 5234 omnia
1955 5187 2160 5246 nostra,

585 5267 707 5313 vota
735 5259 836 5315 hoc
865 5263 985 5333 igne
1013 5275 1376 5332 concremata,
1403 5267 1536 5322 ﬁunt
1569 5278 1787 5337 accepta
1834 5269 1963 5324 Deo.
1991 5269 2162 5334 Finis,

584 5349 662 5402 ait
682 5349 989 5419 Apostolus,
1014 5358 1278 5427 ρνωεεριὶ,
1303 5359 1528 5413 Charitas
1552 5360 1616 5414 de
1641 5361 1795 5415 corde
1815 5377 1948 5432 puro
1970 5372 2016 5416 et
2041 5378 2164 5416 con-

583 5443 799 5495 scientia
822 5461 922 5498 non
941 5446 1066 5514 ﬁcta
1089 5447 1140 5519 (Ι
1166 5448 1298 5502 Tim.
1326 5467 1364 5515 t,
1387 5451 1462 5519 5).
1489 5451 1563 5505 De
1586 5453 1760 5517 corde,
1786 5453 1977 5523 inquit,
2001 5470 2157 5524 puro,

583 5541 645 5587 ut
667 5533 796 5586 nihil
820 5535 966 5590 aliud
989 5553 1149 5606 quam
1178 5539 1230 5592 id
1251 5541 1392 5609 quod
1419 5541 1742 5612 diligendum
1767 5553 1848 5599 est
1872 5543 2154 5618 diligatur:

652 5659 678 5688 ι
709 5647 874 5713 Edit.,
905 5667 963 5704 eo
991 5650 1266 5705 intellecto.

2275 3181 2579 3251 quicunque
2612 3196 2732 3236 eam
2764 3183 3026 3253 integram
3059 3183 3425 3254 illibatamque
3471 3189 3856 3252 servaverint,

2275 3285 2596 3340 quocunque
2625 3271 2765 3326 ierit.
2797 3271 3046 3342 Alioquin
3075 3275 3268 3329 anima:
3317 3290 3436 3344 qua:
3469 3279 3748 3331 corruerit
3767 3294 3861 3348 per

2273 3360 2478 3417 Joelem
2529 3363 2775 3417 dicitur:
2820 3363 3131 3419 Lamentare
3188 3367 3258 3419 ad
3285 3383 3366 3420 me
3414 3383 3573 3436 super
3614 3385 3858 3436 sponsam

2273 3453 2606 3523 praecinctum
2646 3469 2796 3508 sacco
2837 3455 2889 3507 in
2917 3456 3084 3509 virum
3124 3456 3238 3526 ejus
3291 3457 3602 3527 virginalem
3630 3459 3791 3529 (Joel.
3817 3475 3856 3523 t,

2273 3543 2353 3608 8),
2385 3543 2571 3599 dolens
2599 3560 2742 3611 eam,
2772 3559 2838 3600 eo
2856 3548 3000 3616 quod
3028 3548 3093 3602 de
3123 3558 3228 3602 tam
3249 3550 3404 3604 bonis
3425 3551 3724 3606 decidisset
3749 3568 3860 3607 me-

2274 3636 2425 3702 ritis;
2460 3637 2532 3690 ita
2562 3647 2618 3691 ut
2656 3639 2778 3694 odia
2819 3639 3196 3705 contraheret,
3242 3657 3342 3710 pro
3391 3641 3612 3713 ﬂagitiis
3655 3645 3856 3698 habens

2273 3726 2590 3782 offendicula
2619 3727 2963 3784 delictorum.
3002 3729 3262 3785 Hortatur
3299 3747 3454 3803 ergo,
3498 3735 3612 3788 imo
3639 3738 3858 3790 mandat

2276 3833 2509 3888 sponsus
2537 3821 2680 3889 apud
2711 3836 2770 3875 se
2792 3836 2890 3890 pro
2920 3836 2985 3876 ea
3028 3823 3264 3877 lamenta
3313 3823 3558 3891 fundere,
3588 3826 3669 3880 vel
3697 3828 3854 3882 etiam

2275 3909 2446 3980 ipsam
2476 3911 2732 3981 plangere
2761 3914 2998 3968 animam
3023 3930 3037 3980 ;
3069 3916 3210 3970 unde
3233 3924 3289 3969 et
3312 3926 3498 3972 nostra
3525 3919 3851 3990 interprete-

2277 4003 2348 4058 tio
2399 4003 2586 4074 plange
2625 4007 2820 4068 habet.
2884 4008 3034 4077 quasi
3067 4009 3210 4078 virgo
3242 4010 3479 4064 accincta
3518 4029 3675 4066 sacro
3709 4028 3855 4080 super

2275 4093 2441 4145 virum
2470 4093 2754 4162 pubertatis
2777 4111 2905 4150 suw.
2938 4095 3136 4166 Utique
3164 4097 3287 4166 quia
3310 4112 3412 4166 pro
3433 4099 3723 4156 maleﬁciis
3743 4103 3848 4170 jam

2275 4195 2502 4251 sponsus
2542 4183 2817 4254 virginalis
2861 4183 3110 4240 Christus
3152 4186 3495 4243 abscesserat
3541 4192 3615 4245 ab
3660 4207 3723 4246 ea
3765 4191 3848 4260 qui

2274 4270 2445 4324 dixit:
2475 4270 2744 4341 Sponsabo
2773 4285 2822 4328 te
2843 4276 2970 4328 mihi
2994 4276 3048 4330 in
3077 4276 3214 4352 ﬁde,
3237 4278 3291 4331 in
3319 4277 3537 4346 iustitia
3571 4292 3624 4335 et
3661 4283 3853 4336 miseri-

2275 4363 2451 4417 cordia
2483 4362 2628 4435 (Ose.
2661 4381 2720 4431 ll,
2747 4367 2856 4438 l9).
2885 4366 2993 4423 Sed
3019 4369 3142 4438 quia
3164 4371 3394 4438 primam
3420 4373 3850 4444 desponsatiouis

2274 4452 2434 4508 ﬁdem
2465 4455 2676 4511 irritam
2713 4457 2860 4522 fecit,
2900 4467 2956 4514 et
2978 4461 3296 4531 sanguinem
3329 4467 3646 4520 testamenti
3689 4467 3850 4536 pollu-

2277 4553 2386 4599 tum
2425 4546 2599 4612 duxit,
2625 4548 2846 4618 jubetur
2872 4550 3130 4620 plangere
3174 4553 3420 4608 accincta
3451 4571 3644 4622 sacco,
3694 4573 3850 4626 super

2272 4636 2448 4690 virum
2493 4639 2796 4707 pubertatis
2823 4656 2952 4707 suae,
2976 4643 3231 4712 quoniam
3271 4645 3486 4703 ablatus
3515 4659 3600 4704 est
3633 4650 3706 4704 ei.
3735 4651 3847 4705 Jan:

2273 4729 2416 4782 enim
2445 4745 2549 4784 non
2577 4739 2662 4786 est
2701 4732 2888 4787 mollis.
2920 4743 2975 4788 et
3023 4743 3226 4800 tenera,
3277 4737 3485 4793 idcirco
3520 4740 3684 4795 debet
3705 4742 3849 4809 plan-

2273 4832 2402 4886 gere
2423 4819 2710 4886 praecincta
2750 4836 2939 4886 sacco;
2971 4823 3206 4893 alioquin
3243 4825 3285 4880 si
3313 4823 3487 4881 fmdus
3523 4829 3849 4899 virginitatis

2275 4918 2562 4982 servasset,
2590 4924 2689 4965 nec
2710 4909 2933 4980 lugeret,
2959 4928 3057 4967 nec
3085 4914 3152 4968 ab
3173 4928 3236 4970 ea
3258 4929 3490 4984 sponsus
3514 4920 3844 4973 recessisset.

2272 5003 2409 5058 Hinc
2439 5004 2698 5059 Dominus
2743 5005 2795 5059 in
2829 5006 3116 5077 Evangelio
3145 5025 3157 5061 :
3191 5008 3314 5062 Non
3343 5021 3596 5078 possunt,
3642 5012 3844 5080 inquit.

2270 5093 2444 5164 lugere
2463 5095 2563 5164 ﬁlii
2592 5097 2789 5165 sponsi,
2811 5098 3048 5164 quandiu
3070 5115 3189 5151 cum
3226 5099 3332 5153 illis
3352 5117 3576 5168 sponsus
3596 5111 3674 5154 est
3714 5118 3734 5155 :
3764 5119 3844 5154 re-

2271 5185 2373 5237 niet
2397 5195 2570 5238 autem
2593 5196 2792 5254 tempus
2830 5203 2948 5240 cum
2994 5188 3265 5256 auferetur
3290 5189 3354 5241 ab
3398 5190 3471 5242 eis
3512 5206 3769 5258 sponsus,
3795 5199 3843 5243 et

2273 5284 2397 5327 tunc
2411 5274 2728 5343 jejunabunt
2753 5293 2814 5328 ac
2834 5275 3078 5344 lugebant
3103 5276 3295 5347 (Marc.
3321 5293 3384 5342 tt,
3417 5278 3528 5346 l9).
3553 5278 3726 5334 liabet
3749 5280 3846 5332 its-

2271 5379 2376 5432 que
2403 5364 2582 5418 anima
2608 5364 2849 5432 laetitiam
2873 5375 2928 5420 et
2965 5366 3378 5422 exsultationem
3405 5385 3580 5435 suam,
3607 5370 3843 5438 quandiu

2266 5468 2392 5508 cum
2418 5469 2482 5508 ea
2507 5453 2753 5510 Christus
2793 5465 2908 5520 est;
2941 5457 3066 5524 quia
3095 5456 3210 5512 dies
3257 5466 3380 5512 sunt
3427 5458 3742 5528 epularum,
3790 5468 3842 5511 et

2263 5543 2574 5599 refectionis
2607 5559 2672 5600 ac
2705 5546 2903 5615 gaudii.
2945 5545 3194 5616 Suscepit
3236 5546 3380 5601 enim
3434 5546 3608 5602 tardus
3656 5561 3820 5616 perpe

2333 5661 2360 5700 ι’
2392 5661 2432 5714 Ε
2453 5661 2552 5723 liti,
2583 5677 2714 5730 spes.
