4148 6344
323 399 456 458 1481

1246 399 1337 459 DE
1372 401 1549 473 FIDE,
1590 401 1717 461 SPE
1751 402 1841 461 ET
1878 401 2294 461 CHARITATE.
2333 431 2404 444 —
2440 402 2568 458 LIB.
2605 403 2693 458 Ill.

3437 406 3578 468 1482

322 528 473 575 tuum
498 532 529 573 a
552 515 685 584 Deo,
708 514 913 573 idcirco
931 515 1140 573 deliciis
1162 515 1363 586 aﬂluit;
1386 518 1583 576 fruitur
1601 498 1900 577 cmicstium
1926 523 1981 586 Α
2004 528 2116 575 tum
2150 518 2300 592 (Luc.
2331 535 2429 587 vn,
2453 520 2568 591 47).
2616 519 2697 575 Ex
2747 533 2856 591 quo
2897 526 3071 590 patet,
3113 519 3255 591 quod
3282 532 3305 560 θ
3340 521 3580 582 charitas

320 607 702 663 alimentorum
730 605 902 676 copiis
922 645 939 672 ,
976 598 1273 661 inebriatur
1292 606 1418 663 vino
1442 623 1549 678 quo
1576 609 1742 665 corda
1770 624 1915 691 san-g

320 707 531 754 ctorum
556 697 937 764 laetiﬁcantur;
969 698 1064 754 sed
1086 706 1439 777 posteaquam
1465 694 1725 772 sponsum
1746 700 1913 784 factis.

321 790 504 847 amisit
538 790 673 857 suis,
704 784 929 860 iubetur
959 789 1015 844 in
1061 789 1240 846 cilicio
1286 800 1632 861 peccatorum
1680 809 1902 850 suorum
1942 790 1947 800 ’

321 895 483 952 agere
507 878 921 951 paenitentiam,
967 888 1025 935 et
1070 879 1270 936 deﬂere
1311 882 1657 953 semetipsam
1684 896 1734 950 α,
1775 884 1902 954 quia

323 971 556 1046 perdidit
578 972 782 1039 virum,
825 980 881 1027 et
905 971 1109 1042 sprevit
1133 987 1257 1028 eam
1299 987 1529 1044 sponsus
1551 981 1777 1045 propter
1804 975 1904 1031 fc:-

320 1065 521 1121 ditates
577 1062 715 1133 ejus,
763 1063 857 1134 qui
885 1078 993 1118 non
1018 1062 1190 1119 solum
1222 1062 1482 1119 dilexerat
1515 1057 1665 1120 illam
1709 1064 1899 1135 gratis,

321 1171 509 1213 verum
555 1154 850 1213 cruciﬁxus
892 1161 978 1210 est
1010 1170 1111 1226 pro
1147 1167 1231 1209 ea.
1276 1153 1430 1210 Unde
1473 1164 1529 1211 et
1556 1170 1586 1209 a
1637 1155 1903 1227 principio

321 1249 501 1305 anima
527 1248 556 1290 ιι
607 1245 869 1318 cujusque
912 1246 1230 1318 virginalem
1273 1246 1398 1302 vitae
1442 1262 1553 1302 suae
1594 1247 1783 1303 ﬂorem
1835 1246 1901 1302 de

320 1338 468 1415 fonte
495 1337 715 1395 Christo
740 1337 940 1393 dicavit
972 1347 1030 1404 c;
1072 1336 1167 1392 sed
1192 1352 1315 1392 cum
1339 1338 1407 1393 ad
1437 1338 1759 1409 ignominias
1798 1338 1901 1423 hy-

312 1430 404 1505 jus
429 1433 611 1491 saeculi
637 1449 698 1491 se
725 1435 966 1515 divertit,
996 1436 1244 1510 neglecto
1271 1437 1392 1494 ﬁdei
1427 1453 1537 1494 sua:
1564 1446 1746 1508 pacto,
1776 1452 1901 1493 mox

318 1526 649 1597 virginitatis
677 1543 789 1585 sua:
810 1544 1071 1613 sponsum
1090 1531 1351 1603 perdidit,
1371 1540 1428 1589 et
1445 1532 1659 1587 diabolo
1683 1532 1903 1601 suisque

316 1618 500 1689 pravis
526 1620 781 1691 operibus
808 1636 868 1677 se
896 1622 1146 1688 miscuit,
1172 1619 1259 1678 cui
1287 1623 1693 1678 renuntiaverat
1708 1622 1877 1693 prius.

385 1711 440 1766 2.
482 1711 687 1768 Tamen
716 1712 1023 1769 misericors
1041 1713 1301 1769 Dominus
1321 1729 1421 1769 nec
1444 1714 1526 1769 sic
1553 1713 1757 1770 deserit
1777 1713 1899 1768 ani-

317 1818 460 1858 mam
503 1804 686 1874 pravis
718 1812 1124 1876 constupratam
1164 1804 1413 1877 ﬂagitiis,
1463 1819 1585 1861 cum
1616 1820 1715 1877 per
1742 1803 1896 1861 Jere-

2004 611 2305 666 animarum
2319 611 2472 681 quasi
2501 611 2636 670 alter
2649 610 2951 682 baptism‘us
2972 621 3075 667 est.
3090 611 3158 667 Et
3173 611 3217 667 si
3232 620 3315 667 cst
3328 612 3382 668 in
3396 623 3581 671 mente

2004 701 2149 757 unde
2182 700 2496 767 cecidimus,
2510 709 2570 755 ut
2592 701 2718 770 quid
2737 700 2916 771 priora
2933 715 3098 773 Opera
3122 716 3282 774 agere
3299 701 3581 772 jubemur,

2004 793 2107 848 nisi
2133 802 2193 847 ut
2227 807 2324 864 per
2348 807 2469 848 eam
2496 791 2817 848 charitatem
2846 793 2915 849 ad
2940 806 3004 848 ea
3035 793 3361 867 redeamus,
3386 809 3418 849 a
3455 795 3580 865 qui-

2002 885 2104 941 bus
2130 886 2283 957 prius
2307 885 2639 942 decidimus?

2074 979 2125 1033 '5.
2160 975 2268 1033 Sed
2297 986 2406 1032 tam
2447 978 2677 1033 multum
2717 976 2883 1033 distat
2932 978 3071 1034 inter
3099 979 3330 1049 primam
3378 989 3432 1035 et
3456 994 3581 1036 cor-

2003 1077 2217 1139 ruptam
2240 1069 2434 1124 anima:
2458 1068 2780 1124 charitatem
2800 1109 2816 1135 ,
2848 1077 3011 1139 atque
3047 1069 3190 1125 inter
3218 1085 3359 1138 eam,
3394 1086 3586 1141 quam-

2004 1158 2087 1211 vis
2126 1165 2184 1213 et
2230 1157 2344 1229 ipsa
2387 1157 2460 1213 sit
2504 1172 2608 1212 una
2655 1157 2951 1229 eademque
2989 1158 3263 1224 charitas,
3301 1174 3419 1229 qua:
3463 1169 3587 1230 post
3640 1167 3656 1229 ἵ
3695 1226 3699 1230 μ

2004 1246 2215 1317 lapsum
2245 1247 2438 1302 animae
2472 1246 2837 1315 reformatur;
2869 1248 3307 1320 quandoquidem
3339 1264 3441 1305 nec
3464 1265 3586 1320 spe—

2003 1340 2151 1396 ciosa
2172 1340 2382 1396 videtur
2400 1341 2601 1408 anima,
2625 1356 2743 1410 quae
2769 1342 2882 1398 suis
2907 1341 3222 1399 defuscatur
3242 1344 3581 1411 criminibus,
3652 1384 3680 1397 ,ν

2003 1421 2107 1486 e‘lsi
2134 1431 2364 1487 multum
2402 1431 2591 1504 diligat
2637 1430 2838 1503 Deum;
2869 1436 2991 1505 quia
3036 1436 3180 1491 sicut
3222 1438 3440 1508 quidam
3483 1454 3582 1493 an-
3654 1455 3675 1503 ιη

2004 1526 2193 1582 denter
2223 1525 2298 1581 ait
2329 1545 2341 1580 :
2376 1524 2508 1582 Cum
2545 1527 2654 1583 Deo
2677 1528 2897 1598 loquor;
2926 1544 3047 1585 cum
3076 1529 3217 1585 Deus
3246 1532 3427 1586 omnia
3456 1546 3583 1602 pos-

2003 1616 2093 1684 sit,
2147 1618 2411 1674 suscitare
2461 1619 2724 1691 virginem
2771 1619 3067 1690 quamlibet
3114 1632 3426 1694 corruptam
3477 1640 3586 1679 non

2002 1716 2180 1777 potest
2204 1716 2328 1777 post
2351 1708 2582 1764 ruinam.
2616 1710 2801 1766 Potest
2824 1711 3043 1781 quidem
3073 1712 3308 1770 liberare
3332 1730 3363 1769 a
3388 1729 3582 1786 pmna,

2003 1798 2098 1853 sed
2121 1813 2229 1853 non
2272 1800 2415 1856 valet
2444 1816 2707 1879 coronare
2738 1812 3070 1874 corruptam.
3104 1808 3233 1873 Quae
3273 1807 3529 1864 nimirum
3560 1809 3579 1848 τ

317 1895 481 1950 miam
511 1895 985 1967 increpardicens;
1013 1895 1186 1953 From
1198 1897 1434 1953 mulieri;
1447 1898 1732 1953 meretricis
1756 1898 1899 1968 facta
1929 1884 1975 1945 Β
2003 1892 2272 1946 sententia
2318 1893 2449 1949 satis
2494 1893 2841 1950 formidolosa
2884 1898 3165 1966 probatur.
3214 1899 3259 1954 si
3295 1900 3430 1956 forte
3457 1917 3586 1958 vera

315 1996 391 2041 est
454 1987 582 2053 tibi;
633 1988 849 2042 noluisti
909 1989 1224 2045 erubescere.
1283 1989 1429 2062 Ergo
1480 1990 1669 2045 amodo
1716 1989 1902 2045 saltem

328 2091 458 2131 voca
499 2094 582 2133 me
608 2092 627 2130 :
664 2076 827 2134 Pater
867 2096 1012 2135 meus
1058 2097 1111 2136 es
1137 2089 1225 2148 tu,
1275 2083 1385 2136 dua:
1419 2083 1730 2154 virginitatis
1776 2099 1904 2138 mea:

318 2175 379 2222 tu
416 2184 471 2224 es
493 2168 625 2239 (Jer.
659 2186 743 2238 Ill,
774 2172 829 2238 3,
853 2170 909 2244 4)
931 2171 1021 2238 Et,
1051 2172 1190 2229 bene
1216 2173 1425 2244 inquit,
1457 2174 1568 2229 dua:
1592 2175 1904 2246 virginitatis

320 2273 449 2314 mea:
468 2300 484 2326 ,
531 2259 660 2330 quia
703 2262 940 2331 quandiu
968 2262 1121 2335 virgo
1149 2263 1319 2320 voluit
1350 2280 1670 2336 permanere
1699 2269 1900 2336 anima,

317 2347 522 2406 fmdere
567 2362 785 2408 servato
828 2355 1065 2423 amoris,
1116 2357 1309 2413 ducem
1356 2356 1544 2414 habuit
1579 2357 1900 2427 Christum;

316 2453 426 2509 quo
471 2440 676 2508 relicto,
724 2446 890 2516 carpit
950 2461 1050 2516 per
1095 2455 1363 2520 praerupta
1388 2449 1563 2521 gradi,
1606 2457 1663 2505 et
1691 2450 1760 2507 ad
1794 2451 1903 2507 ima

317 2545 592 2589 corruere.
637 2535 808 2607 Igitur
845 2540 1117 2609 quomodo
1148 2540 1364 2607 mulier,
1403 2543 1447 2599 si
1482 2551 1797 2599 contemnat
1817 2545 1900 2599 vi-

317 2641 460 2694 rum,
490 2627 571 2684 sic
591 2631 919 2702 contempsit
962 2631 1149 2688 infelix
1198 2634 1517 2702 Dominum;
1561 2647 1899 2708 quapropter

317 2732 580 2776 revocans
604 2735 723 2777 eam
765 2721 1027 2779 Dominus
1059 2738 1157 2795 per
1202 2726 1524 2797 prophetam
1577 2744 1592 2781 :
1643 2726 1899 2800 Nunquid

316 2811 584 2879 irasceris,
633 2813 830 2885 inquit,
875 2815 932 2868 in
964 2825 1298 2887 perpetuum,
1338 2828 1428 2872 aut
1474 2819 1818 2889 perseverabis
1844 2820 1901 2874 in

316 2904 512 2975 ﬁnem?
544 2906 680 2962 Ecce
699 2907 874 2963 locuta
898 2924 972 2972 es,
997 2917 1043 2962 et
1074 2909 1240 2978 fecisti
1262 2910 1422 2977 mala,
1451 2920 1500 2966 et
1518 2912 1733 2981 potuisti
1758 2909 1894 2986 (Jer.

316 3012 374 3064 v,
404 2997 481 3068 6).
504 2996 685 3054 Multis
714 2999 920 3055 interea
947 2999 1123 3055 modis
1171 3000 1341 3056 utitur
1371 3016 1552 3058 sermo
1578 3002 1793 3058 divinus
1840 3010 1901 3058 ut

316 3089 573 3146 miseram
603 3099 914 3162 compescat
936 3091 1173 3147 animam
1200 3106 1233 3145 a
1274 3091 1388 3148 suis
1415 3090 1670 3165 ﬂagitiis;
1699 3092 1794 3149 sed
1821 3092 1900 3149 fe-

315 3184 449 3242 lices
468 3186 559 3257 qui
575 3186 898 3242 charitatem
913 3185 1143 3256 primam
1161 3187 1564 3254 custodiunt,ne
1585 3185 1761 3244 fmdus
1772 3186 1898 3244 ﬁdei

318 3277 650 3348 irrumpant;
685 3277 846 3334 aliter
868 3285 1048 3334 autem
1071 3318 1086 3345 ,
1113 3278 1217 3333 nisi
1246 3287 1392 3335 esset
1423 3279 1595 3349 prima
1613 3279 1899 3349 gloriosior

316 3384 348 3424 a
376 3370 643 3440 principio
672 3378 1016 3435 conservata,
1044 3384 1385 3440 nequaquam
1418 3370 1652 3441 Spiritus
1674 3378 1898 3427 sanctus

315 3459 373 3516 in
428 3461 754 3534 Apocalypsi
804 3477 904 3534 per
950 3460 1213 3518 Joannem
1255 3462 1445 3534 angelo
1480 3462 1678 3534 Ephesi
1713 3463 1899 3520 Eccle-

316 3551 413 3609 sia:
438 3554 709 3611 scriberet
757 3555 902 3611 inter
926 3562 1168 3612 caetera:
1217 3552 1323 3610 Sed
1360 3555 1523 3610 habeo
1559 3556 1806 3610 adversus
1847 3562 1897 3609 te

314 3660 487 3710 pauca
514 3686 529 3712 ,
586 3646 726 3717 quod
787 3645 1095 3700 charitatem
1155 3654 1301 3700 tuam
1362 3645 1587 3716 primam
1643 3644 1896 3716 reliquisti

316 3732 501 3805 (Apoc.
556 3751 628 3802 ιι,
679 3735 758 3808 4).
806 3734 935 3791 Haec
978 3735 1126 3791 enim
1155 3736 1330 3806 prima
1353 3734 1475 3791 ideo
1511 3736 1730 3803 dicitur,
1768 3737 1897 3807 quia

316 3825 485 3882 altera
507 3826 594 3883 vel
620 3827 748 3897 quia
771 3827 845 3883 sit
868 3827 982 3899 ipsa
1007 3827 1371 3899 primordialis
1394 3868 1410 3892 ,
1443 3828 1659 3898 quando
1689 3826 1895 3900 Spiritu

314 3927 503 3974 sancto
523 3917 578 3973 in
598 3916 745 3973 fonte
770 3916 1126 3986 refundimur,
1141 3927 1198 3975 et
1222 3917 1513 3990 praecipua.
1538 3917 1742 3973 Memor
1762 3928 1893 3986 esto,

314 4008 511 4078 inquit,
546 4008 683 4063 unde
707 4008 963 4063 excideris
995 4017 1045 4063 et
1074 4024 1168 4080 age
1191 4006 1544 4080 paenitentiam
1577 4006 1764 4077 (Ibid.,
1814 4005 1892 4077 5).

315 4097 596 4165 Profecto,
620 4098 749 4171 quia
778 4113 939 4155 nemo
965 4107 1114 4155 recte
1146 4098 1407 4170 pcenitet,
1437 4097 1541 4152 nisi
1566 4096 1717 4167 prius
1737 4095 1895 4151 intel-

314 4191 445 4265 ligat
469 4190 844 4248 excellentiam
872 4190 1156 4247 charitatis
1176 4230 1192 4258 ,
1220 4198 1276 4246 et
1297 4189 1529 4261 gratiam
1556 4203 1721 4259 quam
1761 4187 1897 4243 ami-

315 4282 423 4349 sit,
467 4295 644 4353 quove
696 4282 1047 4353 pervenerit,
1101 4288 1163 4338 ut
1208 4276 1391 4354 portet
1411 4279 1747 4338 confusionis
1784 4293 1898 4335 suae

316 4369 663 4443 ignominiam
687 4413 703 4440 ,
752 4382 809 4430 et
858 4373 1093 4446 respiret
1148 4372 1218 4430 ad
1273 4388 1339 4429 ea
1386 4387 1508 4444 qua:
1552 4371 1757 4429 amisit.
1806 4370 1899 4426 Sic

316 4461 530 4519 demum
564 4464 776 4534 priora,
823 4464 1034 4536 inquit,
1074 4481 1234 4536 opera
1268 4474 1362 4519 tua
1382 4463 1489 4533 fac.
1520 4463 1590 4518 Et
1611 4477 1733 4533 quae
1770 4468 1900 4517 sunt

1924 3248 1970 3313 C

2004 1984 2374 2049 convincitur;
2403 1987 2704 2057 prmsertim
2733 2003 2854 2043 cum
2886 1988 3135 2060 legimus,
3164 1991 3352 2048 Afrum
3374 2003 3428 2049 et
3451 1994 3587 2051 alias

2006 2077 2432 2148 quamplurimas
2462 2079 2725 2151 martyrio
2753 2090 3063 2136 coronatas.
3098 2082 3251 2138 Unde
3274 2092 3368 2138 aut
3392 2088 3459 2141 de
3494 2102 3587 2142 co—

2005 2185 2135 2224 rona
2157 2170 2480 2241 virginitatis
2498 2171 2669 2227 solum
2691 2160 3118 2244 intelligendum,
3142 2184 3237 2231 aut
3252 2185 3400 2232 certe
3429 2178 3588 2235 aliter

2005 2260 2311 2333 legendum,
2339 2277 2499 2332 quam
2533 2265 2706 2320 nostri
2739 2267 2958 2323 codices
2985 2268 3245 2336 habeant,
3280 2281 3338 2327 ut
3365 2273 3435 2328 sit
3456 2289 3582 2329 sen-

2004 2366 2097 2407 sus
2131 2353 2407 2421 quodnon
2455 2354 2633 2410 valeat
2671 2371 2935 2413 coronare
2983 2359 3370 2432 incorruptam.
3406 2364 3589 2421 Manet

2002 2445 2146 2500 enim
2193 2444 2321 2501 facti
2350 2461 2537 2513 causa,
2566 2448 2669 2503 etsi
2707 2464 2909 2505 corona
2944 2451 3200 2507 tribuitur
3242 2468 3341 2523 pro
3388 2458 3585 2512 ardore

2004 2534 2258 2606 deinceps
2302 2551 2513 2608 magnae
2553 2537 2880 2595 dilectionis.
2908 2540 3131 2612 Legitur
3171 2559 3301 2614 ergo
3344 2563 3357 2599 :
3430 2544 3584 2617 Virgo

2004 2625 2173 2682 Israel
2196 2628 2404 2694 cecidit,
2424 2639 2472 2684 et
2500 2646 2602 2685 non
2626 2640 2700 2685 est
2727 2633 2815 2702 qui
2835 2634 3045 2688 suscitet
3087 2651 3202 2689 eam
3225 2636 3405 2708 (Amos
3430 2654 3473 2706 1,
3502 2638 3581 2709 2).

2001 2716 2120 2775 Νοη
2159 2719 2234 2775 ita
2263 2728 2442 2776 tamen
2485 2722 2886 2795 intelligendum
2922 2727 3066 2796 quod
3107 2728 3291 2783 nullus
3334 2731 3443 2798 sit,
3489 2733 3585 2788 sed

2003 2809 2233 2866 dolentis
2252 2810 2503 2868 aﬂ‘ectum
2524 2820 2579 2869 et
2600 2813 2938 2883 implorantis
2966 2816 3055 2873 Dei
3076 2819 3336 2875 auxilium
3368 2824 3414 2889 8,
3440 2823 3584 2892 quod

2001 2917 2163 2957 nemo
2192 2902 2295 2958 nisi
2323 2903 2465 2960 Deus
2500 2905 2843 2975 prostitutam
2871 2909 3043 2978 possit
3070 2912 3341 2984 recrigere
3363 2952 3380 2978 ,
3413 2912 3584 2968 idem-

2003 3010 2109 3065 que
2135 2996 2251 3066 ipse
2276 2997 2345 3052 ab
2376 3009 2440 3052 ea
2466 3013 2586 3067 qua:
2609 2998 2909 3066 ceciderat,
2943 3003 3181 3072 peccatis
3222 2986 3585 3061 intervenien-

2005 3087 2166 3154 tibus,
2190 3095 2312 3144 erat
2324 3088 2631 3159 prohibitus
2643 3105 2713 3147 ne
2730 3090 2883 3147 fieret
2903 3108 3001 3149 suo
3016 3091 3164 3164 justo
3177 3094 3386 3164 judicio
3401 3139 3415 3163 ,
3441 3098 3585 3169 quod

2001 3191 2184 3252 posset
2210 3198 2309 3254 per
2326 3184 2642 3254 potentiam.
2668 3185 2922 3256 Alioquin
2943 3190 3212 3258 quomodo
3225 3191 3477 3260 gaudium
3507 3202 3583 3245 est

2000 3273 2055 3328 in
2077 3274 2226 3339 coelo,
2260 3274 2491 3331 Domino
2518 3283 2833 3343 attestante,
2860 3294 3016 3348 super
3044 3295 3151 3334 uno
3180 3290 3448 3350 peccatore
3474 3298 3584 3352 pae-

1999 3365 2271 3421 nitentiam
2297 3376 2479 3437 agente
2501 3382 2660 3438 quam
2685 3383 2841 3437 super
2878 3369 3162 3438 nonaginta
3200 3386 3378 3426 novem
3394 3372 3581 3442 justis,

1995 3457 2087 3527 qui
2127 3472 2233 3512 non
2272 3458 2508 3529 indigent
2531 3458 2836 3528 paenitentia
2865 3456 3017 3531 (Luc.
3052 3460 3222 3531 xv,7),
3249 3462 3295 3517 si
3323 3477 3482 3517 nemo
3516 3463 3583 3519 de

1998 3546 2155 3602 ruina
2196 3556 2377 3617 potest
2424 3548 2604 3605 redire
2660 3550 2729 3604 ad
2776 3549 3220 3620 gloriam?Quod
3261 3552 3307 3608 si
3349 3551 3585 3624 Spiritus

1998 3645 2220 3692 sanctus
2238 3637 2360 3708 igne
2376 3638 2659 3694 charitatis
2679 3639 2752 3694 ita
2780 3637 3197 3697 inﬂammaverit
3220 3642 3457 3698 animam
3490 3658 3586 3699 cu-

1989 3726 2246 3800 jusquam
2278 3729 2309 3770 h
2346 3728 2642 3786 sceleribus
2686 3734 3064 3803 prostitutam,
3107 3741 3168 3788 ut
3207 3736 3582 3792 numerosiora

1996 3822 2256 3877 virtutum
2281 3837 2447 3892 opera
2481 3837 2578 3878 seu
2625 3824 3008 3894 praestantiora
3044 3824 3209 3881 faciat
3233 3842 3394 3896 quam
3421 3827 3583 3883 fecis-

1999 3922 2080 3969 set
2108 3913 2369 3969 divinitus
2393 3914 2680 3985 inspirata.
2721 3914 2787 3969 Et
2813 3916 2936 3986 quis
2978 3917 3180 3988 estqui
3209 3918 3462 3983 aestimat,
3491 3918 3583 3974 ubi

1998 4012 2147 4059 tanta
2176 4005 2273 4061 Dei
2302 4006 2708 4077 superabundat
2731 4008 2928 4079 gratia,
2957 4010 3201 4078 quamvis
3244 4013 3394 4083 prius
3412 4014 3584 4067 abun-

1997 4096 2192 4153 darent
2229 4096 2456 4167 delicta,
2492 4099 2585 4169 qui
2620 4100 2851 4171 gratiam
2877 4102 3059 4169 dedit,
3086 4104 3229 4174 quod
3272 4120 3382 4160 non
3410 4106 3585 4176 possit

1998 4202 2414 4258 recompensare
2468 4188 2744 4248 laboribus
2797 4192 3140 4273 mercedem?
3189 4195 3393 4252 Tamen
3448 4197 3584 4255 adeo

1997 4294 2105 4335 non
2141 4286 2228 4335 est
2246 4280 2487 4351 speciosa
2526 4282 2764 4340 charitas
2793 4284 2851 4340 in
2881 4286 3062 4342 anima
3099 4286 3430 4354 laborantis.
3464 4304 3583 4360 quae

2000 4379 2202 4427 tantam
2249 4381 2431 4443 portat
2478 4374 2850 4432 confusionem
2884 4377 2955 4433 ob
2995 4379 3433 4436 recordationem
3458 4424 3472 4446 ,
3525 4390 3581 4439 et

1998 4463 2243 4535 pristina:
2264 4464 2507 4535 disrupta
2535 4466 2818 4523 charitatis
2846 4467 3073 4525 foedera.
3113 4471 3261 4528 Unde
3282 4475 3384 4529 etsi
3409 4478 3579 4546 magis

316 4568 482 4623 opera
521 4554 708 4624 priora
736 4595 752 4622 ,
813 4555 919 4611 nisi
970 4553 1306 4620 dilectionis,
1362 4560 1424 4608 ut
1481 4561 1662 4609 servet
1693 4551 1896 4664 "omnia
1921 4550 2399 4664 Djamﬂagratin
2423 4555 2602 4656 animo
2642 4557 3400 4664 ardorcndilectionis,.jurei
3438 4564 3583 4621 dolet

317 4646 608 4703 mandata?
637 4648 767 4717 Quae
789 4649 1050 4705 nimirum
1082 4660 1248 4717 opera
1269 4645 1553 4702 charitatis
1579 4644 1890 4716 intelligun-

319 4745 446 4806 tur;
494 4739 605 4795 imo
650 4739 768 4809 ipsa
812 4739 1087 4806 charitas;
1138 4738 1233 4794 sed
1276 4747 1499 4809 propter
1541 4736 1891 4808 ignominiam

318 4830 493 4887 sordis
520 4830 548 4871 ἀ
577 4839 788 4888 tantum
816 4846 980 4903 opera
1013 4832 1299 4894 dicuntur,
1328 4829 1612 4886 immutato
1644 4828 1892 4896 nomine,

317 4926 421 4982 etsi
471 4925 654 4998 priora
701 4925 842 4992 sint,
870 4933 931 4980 ut
972 4923 1041 4980 sit
1068 4923 1248 4994 aliqua
1275 4922 1553 4979 distinctio
1584 4935 1773 4977 eorum
1803 4921 1893 4991 qui

315 5026 753 5088 permanserunt,
796 5017 884 5074 vel
929 5017 1023 5088 qui
1062 5014 1523 5087 naufragaverunt
1558 5028 1589 5068 a
1612 5013 1718 5070 ﬁde
1763 5012 1895 5069 dile-

317 5107 515 5164 ctionis
534 5108 735 5165 Christi
757 5124 773 5172 ;
796 5116 1168 5164 verumtamen
1194 5106 1299 5162 etsi
1318 5104 1472 5160 multi
1499 5103 1752 5175 deinceps
1773 5101 1894 5174 plus

317 5197 572 5271 diligunt,
600 5180 813 5256 tacetur
848 5198 916 5255 de
956 5196 1126 5270 gloria
1158 5196 1449 5273 interdum,
1478 5202 1689 5251 tacetur
1731 5201 1787 5248 et
1829 5192 1896 5248 de

317 5288 501 5358 specie
518 5287 960 5360 pulchritudinis,
986 5286 1324 5344 solummodo
1360 5285 1590 5358 legimus
1610 5284 1677 5340 de
1700 5282 1892 5351 Maria,

316 5380 465 5451 quod
495 5382 715 5439 dimissa
740 5382 843 5438 sin’t
872 5381 920 5438 ei
944 5389 1157 5454 peccata
1183 5377 1371 5448 multa,
1396 5380 1522 5451 quia
1544 5376 1728 5434 dilexit
1757 5374 1896 5432 mul-

388 5569 418 5633 f
451 5556 620 5633 ﬁdit“
647 5561 893 5633 seipsam.

392 5630 422 5672 δ
460 5630 628 5697 Edit.,
656 5630 821 5697 male,
844 5632 1096 5687 animam.

391 5709 416 5769 t?
458 5701 629 5769 Edit.,
656 5702 858 5757 ditavit.

387 5767 416 5810 ά
450 5767 621 5838 Edit.,
656 5772 850 5828 cordis.

392 5852 414 5881 ⁸
458 5842 619 5911 EdiL,
650 5845 792 5914 quia.

715 5936 987 5997 Parnot.
1032 5933 1233 5998 CXX.

1883 6002 1981 6029 LA

2000 4657 2100 4712 pro
2132 4641 2451 4699 confusione
2477 4645 2561 4699 sui
2587 4656 2790 4701 reatus.
2833 4646 2971 4704 Hinc
2996 4665 3127 4723 ergo
3151 4650 3412 4724 cujusque
3434 4662 3581 4710 recte

2001 4748 2062 4789 se
2108 4733 2414 4806 plangentis
2460 4736 2641 4792 anima
2666 4738 2769 4794 sibi
2821 4740 3006 4797 sordet
3052 4759 3147 4813 per
3196 4745 3430 4816 culpam,
3460 4762 3582 4817 quae

1996 4824 2110 4895 jam
2160 4825 2271 4882 Deo
2323 4826 2537 4974 retiola:
2584 4844 2681 4899 per
2724 4832 2960 4888 veniam.
3012 4834 3163 4892 Illinc
3213 4846 3408 4894 aestuat
3437 4841 3579 4910 apud

2003 4929 2260 4974 sponsum
2289 4931 2473 4973 amore
2537 4918 2804 4974 ilectionis
2832 4921 2988 4974 iustis
3033 4927 3298 4974 hnnismm
3320 4933 3579 4974 ηηρι-ίιιης

2003 4929 2260 4984 sponsum
2289 4931 2473 4973 amore
2500 4918 2804 4978 dilectionis
2825 4921 2988 4991 justis
3030 4927 3298 5000 bonisque
3320 4933 3579 5002 operibus

1996 5002 2200 5075 jugiter
2246 5007 2559 5065 satisfacere
2591 5028 2604 5065 :
2641 5010 2769 5068 hinc
2810 5014 2924 5071 suis
2972 5015 3288 5075 obfuscatnr
3328 5019 3576 5094 ﬂagitiis;

2003 5095 2151 5152 illinc
2177 5096 2292 5153 suis
2317 5099 2686 5171 rebaptizatur
2724 5103 3013 5178 lacrymis;
3046 5109 3176 5166 hinc
3214 5115 3582 5170 tenebricatur

2002 5196 2346 5256 peccatorum
2392 5207 2611 5249 suorum
2653 5197 3009 5267 aspectibus;
3074 5200 3222 5258 illinc
3270 5204 3580 5276 resplendet

2002 5284 2176 5355 gratia
2206 5284 2299 5341 Dei
2350 5302 2619 5359 respersa,
2665 5299 2721 5346 et
2763 5292 3022 5349 virtutum
3053 5298 3390 5355 muneribus.
3441 5299 3578 5355 Hinc

2004 5374 2193 5444 tristis,
2245 5378 2390 5447 quod
2423 5378 2704 5438 cicatrices
2737 5396 2955 5440 suorum
3006 5386 3288 5446 vulnerum
3317 5390 3403 5447 vel
3449 5391 3579 5447 facti

2080 5549 2102 5625 ζ
2140 5549 2307 5625 Edim
2337 5568 2454 5625 quae
2489 5554 2699 5625 quidem
2726 5560 2999 5615 sententia.

2079 5623 2104 5662 ⁸
2139 5622 2328 5678 Editur
2348 5622 2510 5679 ’addit'
2525 5627 2716 5680 innuit.

2070 5693 2100 5766 ιθ
2135 5691 2299 5766 ﬁdit"
2329 5699 2597 5766 cujusque.

2081 5764 2098 5803 ί
2144 5761 2314 5834 Edit.,
2340 5761 2503 5821 etiam
2521 5766 2679 5835 dolet,
2708 5770 2908 5829 omisso
2931 5771 3075 5844 jure.

3063 5930 3147 5994 ls'i

2030 6010 2038 6020 ⁸
2081 6008 2223 6035 sm.

3630 1232 3639 1258 l

3631 1266 3642 1292 ι
