4148 6344
615 414 745 471 “8’5

1419 416 1478 473 s.
1518 415 1872 474 pascussn
1912 412 2254 473 BADBERTI
2290 375 2582 471 Asnaus
2615 412 3057 472 CORBEIENSIS

3732 420 3868 477 li“

603 531 686 587 sui
712 545 874 588 causa
898 538 1144 595 maneat;
1172 529 1316 585 illinc
1346 530 1488 597 Irata,
1514 530 1657 603 quod
1677 530 1788 601 jam
1817 546 1914 602 per
1941 529 2179 586 charita-
2208 530 2259 592 Α
2285 542 2344 583 se
2368 533 2493 583 sunt
2523 525 2641 582 sine
2663 540 2846 581 sensu.
2899 524 3101 581 Deinde
3128 526 3431 598 prophetia,
3478 540 3574 582 seu
3619 528 3867 585 scicntia:

602 631 711 678 tem
736 624 802 677 ad
829 622 1110 693 amplexus
1135 621 1333 692 prioris
1356 622 1455 677 v‘iri
1489 623 1693 677 redeat.
1719 620 1846 677 Plus
1874 622 2036 693 igitur
2058 634 2180 692 gra-

602 713 890 769 tulabunda
918 715 984 768 de
1010 713 1163 770 venia
1204 729 1367 783 quam
1399 713 1567 770 tristis
1595 715 1661 769 de
1696 713 1885 784 culpa;
1928 729 2045 783 qua:
2068 714 2181 768 dis-

600 804 787 871 cessit,
833 802 1057 860 festinat
1086 806 1154 860 ad
1185 806 1449 861 immensa
1491 806 1682 878 gaudia
1710 806 2035 877 quandoque
2064 819 2181 876 per-

600 902 865 955 ventura,
920 910 1042 948 cum
1103 910 1250 951 mors
1299 896 1551 966 absorpta
1608 894 1769 950 fuerit
1824 895 1875 949 in
1928 894 2176 951 victoria.

597 983 870 1040 Interdum
903 995 1080 1041 tamen
1106 1000 1153 1053 ιι,
1183 986 1317 1042 sicut
1350 988 1606 1057 propheta
1640 997 1819 1042 monet
1839 1028 1852 1052 ,
1883 987 2180 1058 accingitur

599 1077 808 1143 cilicio,
841 1088 896 1134 et
940 1079 1310 1149 conspergitur
1337 1081 1517 1134 cinere
1545 1120 1558 1141 ,
1606 1079 1928 1149 planctuque
1956 1095 2141 1133 amaro
2161 1118 2175 1142 ,

597 1167 722 1237 quia
754 1168 999 1239 peccavit
1061 1170 1317 1235 Domino,
1368 1169 1607 1239 quotidie
1669 1169 1858 1238 majori
1924 1170 2177 1224 innovata

596 1274 782 1316 amore
826 1259 1113 1330 dupliciter
1140 1259 1471 1315 vulneratur.
1512 1257 1659 1314 Talis
1704 1259 1866 1331 igitur
1913 1260 2173 1325 charitas,

595 1347 721 1416 quia
753 1347 997 1416 squalida
1021 1358 1075 1403 et
1106 1364 1346 1420 respersa
1406 1346 1735 1403 confusionis
1780 1349 2172 1423 amaritudine,

592 1440 747 1508 quasi
802 1439 1039 1495 secunda
1091 1441 1310 1506 dicitur,
1360 1456 1425 1494 eo
1474 1442 1614 1511 quod
1662 1457 1765 1495 non
1819 1450 1901 1496 est
1953 1440 2172 1511 pulchra

595 1538 842 1597 aspectu,
874 1539 932 1585 ut
958 1529 1180 1595 Rachel,
1217 1531 1269 1585 in
1295 1546 1401 1602 qua
1432 1531 1627 1585 renitet
1664 1532 1983 1603 principium
2013 1532 2176 1586 visio-

588 1620 701 1686 nis;
738 1619 835 1677 sed
859 1621 1023 1692 Iippet
1047 1621 1216 1677 oculis
1245 1621 1544 1677 ohfuscatis
1572 1623 1798 1689 caligine
1826 1622 2051 1691 pet-cati.
2073 1622 2173 1675 Ta-

588 1720 712 1762 men
747 1706 872 1776 quia
893 1706 1060 1762 multa
1092 1708 1285 1761 donata
1316 1715 1442 1762 sunt
1469 1707 1542 1772 ei,
1573 1708 1768 1762 merito
1818 1706 1936 1775 plus
1978 1706 2170 1776 diligit,

586 1805 642 1852 et
664 1796 937 1871 diligendo
962 1798 1222 1869 plurimos
1247 1814 1406 1870 quam
1440 1797 1644 1854 Rachel
1669 1797 1807 1853 filios
1850 1798 1996 1852 facit.
2025 1797 2165 1853 Gra-

2284 622 2499 678 dotibus
2524 621 2614 691 qui
2639 618 2861 691 pollent,
2895 631 2919 660 ο
2954 627 3047 674 aut
3072 620 3327 691 mysteria
3357 629 3588 686 norunt;
3626 621 3741 692 jam
3775 623 3861 677 in-

2285 720 2494 768 trorsus
2517 710 2718 782 aliquid
2760 711 2992 777 habent,
3037 711 3131 767 sed
3182 711 3316 767 nihil
3355 721 3511 777 sunt;
3562 713 3687 783 quia
3738 713 3866 770 istis

2282 802 2533 857 omnibus
2571 801 2760 867 inflati,
2785 801 3050 856 charitate
3078 800 3212 867 sola,
3248 817 3367 873 quas
3413 801 3663 865 adificat,
3713 804 3869 858 intus

2281 886 2487 949 carent.
2516 892 2782 948 Cteterum
2812 891 2858 946 si
2885 891 2995 946 sint
3016 890 3259 956 ofﬁciosi,
3293 894 3423 947 etin
3471 893 3621 948 cibos
3661 908 3868 963 paupe-

2281 976 2398 1040 rum
2418 992 2610 1040 cuncta
2634 982 2982 1047 distribuant,
3017 992 3070 1039 et
3092 983 3137 1038 si
3170 982 3489 1038 tradiderint
3512 985 3629 1039 sine
3673 983 3865 1038 chari-

2280 1083 2388 1130 tate
2418 1090 2635 1144 corpus,
2663 1086 2721 1129 ut
2755 1071 2964 1139 ardeat,
3017 1073 3150 1128 nihil
3178 1074 3429 1143 prodest;
3484 1075 3608 1143 quia
3650 1074 3866 1129 nullum

2277 1175 2364 1223 est
2388 1166 2713 1222 sacrificium
2737 1166 2847 1221 Deo
2875 1175 3178 1235 acceptum,
3212 1166 3355 1235 quod
3410 1179 3519 1219 non
3564 1166 3685 1237 igne
3742 1182 3870 1221 cre-

2277 1244 2454 1313 matur
2482 1258 2784 1314 cbaritatis.
2817 1257 2959 1313 Deus
2987 1257 3151 1328 igitur
3186 1257 3423 1313 charitas
3451 1267 3553 1323 est,
3604 1267 3662 1313 et
3702 1258 3865 1329 quid-

2275 1351 2402 1420 quid
2427 1351 2543 1405 sine
2562 1351 2826 1404 charitate
2844 1347 3069 1405 offertur
3088 1348 3337 1404 mercede
3352 1357 3612 1403 vacuatur
3635 1347 3655 1386 ί
3665 1386 3680 1401 .
3702 1348 3860 1403 Unde

2276 1441 2447 1495 tribus
2489 1442 2608 1495 istis
2651 1440 2941 1510 Apostolus
2988 1438 3150 1495 simul
3196 1439 3377 1493 omnia
3419 1439 3857 1509 comprehendit.

2275 1528 2410 1583 Nam
2432 1546 2540 1585 non
2569 1530 2672 1585 nisi
2691 1544 2804 1593 ore,
2830 1537 2923 1584 aut
2944 1530 3148 1594 animo,
3174 1537 3267 1583 aut
3305 1536 3428 1583 actu
3458 1528 3662 1598 aliquid
3707 1529 3861 1599 geri-

2277 1636 2418 1674 mus.
2458 1618 2563 1675 Sed
2586 1636 2682 1675 ore
2704 1619 2836 1675 nihil
2860 1620 3057 1691 majus,
3086 1634 3249 1689 quam
3286 1619 3597 1691 angelorum
3626 1629 3720 1674 aut
3751 1620 3825 1674 ho
3852 1652 3861 1661 -

2277 1713 2478 1767 minnm
2509 1713 2557 1767 si
2590 1712 2785 1783 linguis
2812 1711 3131 1781 loquamur;
3162 1712 3345 1766 animo
3364 1727 3491 1766 vero
3510 1712 3641 1781 quid
3672 1711 3858 1766 excel-

2273 1801 2468 1858 lentius
2494 1843 2509 1868 ,
2547 1818 2709 1873 quam
2758 1803 2804 1860 si
2846 1803 3186 1873 prophetiam
3230 1803 3707 1874 apprehendimus,
3770 1805 3859 1859 vel

586 1888 688 1944 tias
721 1889 851 1955 Deo,
883 1891 1007 1960 quia
1040 1900 1269 1960 utraque
1310 1908 1445 1945 uxor
1475 1900 1530 1945 et
1574 1891 1903 1945 fecunditate
1941 1888 2053 1959 jam
2077 1905 2161 1944 re-
2190 1883 2238 1945 B
2268 1911 2423 1951 nosse
2447 1897 2626 1950 omnia
2655 1896 2933 1967 mysteria,
2964 1895 3038 1949 ita
3068 1903 3126 1949 ut
3163 1897 3441 1966 symmista
3467 1895 3563 1952 Dei
3585 1896 3802 1951 dicatur
3831 1899 3859 1937 ε

586 1991 967 2053 compensatur
997 1985 1249 2056 deSpecta
1277 1985 1304 2024 ι’
1338 1984 1595 2054 quidquid
1624 1985 1677 2039 in
1719 1984 1838 2053 ejus
1868 1984 2163 2055 pulchritu-

582 2074 708 2130 dine
731 2077 1010 2131 minuitur.
1040 2076 1177 2133 Hinc
1205 2076 1368 2149 igitur
1392 2086 1447 2132 et
1481 2094 1576 2149 per
1595 2076 1883 2132 .lcrcmiam
1914 2078 2163 2133 hortatur

584 2175 706 2237 post
733 2168 919 2224 ruinas
948 2184 962 2223 :
998 2168 1197 2224 Saltem
1230 2171 1419 2224 amodo
1458 2187 1581 2226 voca
1623 2187 1703 2225 me
1730 2172 1806 2226 uir
1839 2188 1981 2225 meus
2009 2169 2153 2241 (ler.

577 2271 661 2322 III,
690 2256 1030 2328 4),quamvis
1046 2268 1191 2315 esset
1219 2260 1370 2329 prius
1402 2261 1773 2330 repudiata.Et
1796 2260 1891 2316 Lia
1921 2277 2042 2316 cum
2068 2276 2159 2332 pe-

575 2345 805 2417 perisset
818 2348 1076 2418 primum,
1098 2349 1361 2421 gloriatur
1372 2350 1513 2420 quod
1532 2360 1776 2422 respecta
1798 2352 1867 2406 sit
1885 2351 2159 2408 humilitas

574 2437 691 2507 eius
720 2454 751 2494 a
793 2441 922 2507 Deo;
945 2442 1139 2498 deinde
1169 2443 1310 2514 quod
1333 2443 1477 2498 illam
1498 2445 1755 2499 Dominus
1778 2446 1974 2500 viderit
2004 2458 2024 2484 π
2063 2447 2157 2501 ha-

573 2526 689 2584 beri
706 2532 1059 2603 contemptui;
1079 2548 1144 2588 ac
1172 2532 1249 2588 sic
1263 2545 1386 2588 cum
1400 2535 1696 2604 peperisset
1714 2534 1933 2589 tertium
1953 2534 2152 2600 :Nunc,

571 2618 774 2690 inquit,
819 2620 1150 2692 copulabitur
1176 2623 1302 2676 mihi
1353 2626 1572 2679 ntaritus
1623 2642 1766 2680 meus
1794 2624 1960 2698 (Gen.
1989 2643 2114 2681 unt
2137 2668 2150 2691 ,

570 2708 697 2776 34),
724 2727 789 2767 eo
817 2713 960 2783 quod
983 2715 1283 2784 pepererim
1311 2714 1385 2770 illi
1412 2724 1524 2771 tres
1570 2716 1727 2773 tllios.
1779 2717 1846 2772 Et
1876 2726 1932 2771 tu
1964 2719 2151 2787 igitur,

574 2814 754 2857 annua
771 2842 786 2869 ,
819 2803 945 2859 licet
969 2803 1254 2860 laboriosis
1279 2806 1495 2861 insistas
1516 2809 1791 2878 operibus,
1830 2806 2028 2864 festina
2050 2810 2153 2863 vir-

572 2899 747 2947 tutum
785 2893 1077 2964 adimplere
1108 2911 1390 2951 numerum
1413 2938 1425 2961 ,
1460 2907 1726 2968 quatenus
1770 2913 1954 2953 amare
1983 2902 2154 2969 possit

571 2992 624 3040 te
647 2998 897 3053 sponsus,
928 2994 985 3039 et
1012 3001 1200 3041 rursus
1233 2988 1555 3058 recopnlari,
1595 2990 1684 3058 qui
1707 2990 1859 3059 prius
1885 2998 1937 3044 te
1963 2991 2152 3060 despe-

570 3081 724 3129 xerat
767 3074 838 3130 ob
864 3074 1161 3131 fmditatem
1210 3078 1286 3132 tui
1318 3077 1576 3144 sceleris,
1603 3080 1776 3136 donec
1800 3096 1865 3136 ex
1919 3089 1971 3137 te
2013 3097 2146 3152 pura

567 3174 828 3220 nascatur
878 3165 1183 3223 dilectionis
1228 3167 1517 3225 confessio.
1556 3168 1753 3241 Satage
1800 3171 1975 3227 dotari
2023 3173 2150 3228 dote

2269 1985 2516 2040 animus?
2557 1985 2758 2040 Deinde
2797 1985 2841 2040 si
2891 1984 3087 2054 polleat
3122 1985 3268 2039 omni
3299 1985 3549 2050 scientia,
3595 1987 3861 2056 omnique

2264 2078 2389 2141 fide,
2420 2077 2490 2131 ita
2523 2086 2582 2131 nt
2605 2086 2818 2133 montes
2844 2075 3154 2144 transferat,
3183 2077 3311 2146 quid
3333 2079 3679 2147 praestantius
3704 2095 3853 2148 prae-

2265 2170 2512 2224 dicatur?
2538 2168 2874 2226 Postremum
2904 2180 3027 2224 actu
3059 2170 3149 2240 qui
3189 2168 3497 2225 facultatem
3518 2173 3857 2241 pauperibus

2262 2274 2477 2314 onmem
2508 2261 2864 2326 distribuerit,
2900 2275 3206 2331 corpusque
3231 2261 3355 2331 igne
3383 2263 3738 2324 cremaverit,
3764 2263 3855 2316 nl-

2262 2361 2343 2406 tra
2371 2354 2499 2423 quid
2525 2351 2707 2418 faciet,
2746 2369 2852 2408 non
2901 2354 3141 2409 habebit.
3184 2353 3252 2408 Et
3298 2355 3383 2408 his
3425 2357 3499 2408 ita
3540 2357 3854 2425 exugeratis

2261 2448 2497 2502 charitas
2519 2446 2869 2501 excellentior
2891 2445 3017 2516 jure
3067 2447 3416 2517 prtedicatur,
3454 2447 3571 2502 sine
3597 2464 3704 2517 qua
3742 2450 3854 2503 Deo

2259 2538 2391 2592 nihil
2419 2547 2732 2608 acceptum;
2776 2540 3032 2608 quoniam
3082 2538 3235 2593 radix
3280 2537 3524 2596 omnium
3577 2539 3850 2594 honorum

2259 2630 2516 2695 charitas,
2540 2638 2595 2685 et
2618 2630 2889 2684 vinculum
2937 2639 3022 2686 est
3072 2640 3275 2686 sanctae
3312 2629 3682 2700 perfectionis.
3737 2630 3851 2685 Ista

2259 2736 2491 2792 namque
2521 2731 2603 2776 est
2631 2722 2713 2775 via
2744 2721 2965 2785 munda,
2990 2736 3111 2792 quas
3136 2719 3385 2792 profecto
3437 2731 3626 2777 sancta
3676 2735 3849 2775 voca-

2259 2822 2365 2877 tur,
2395 2827 2493 2883 per
2517 2827 2677 2881 quam
2708 2826 2870 2867 nemo
2907 2812 3114 2868 alienus
3142 2813 3369 2874 transit;
3416 2813 3511 2868 sed
3553 2811 3692 2881 justi
3727 2822 3850 2867 tau-

2257 2915 2368 2961 tum
2414 2906 2817 2976 ingrediuntur;
2842 2907 2982 2961 unde
3003 2906 3137 2960 nihil
3157 2906 3513 2962 excellentius
3536 2907 3646 2971 illa,
3675 2922 3844 2977 quam

2255 2999 2353 3055 soli
2374 2999 2546 3054 sancti
2565 2999 2857 3069 accipiunt,
2882 3008 2937 3054 et
2960 3015 3121 3055 nemo
3148 3010 3461 3055 extet-orum
3482 3001 3647 3055 intrat
3672 3016 3689 3063 ;
3713 3000 3852 3054 alio-

2256 3092 2385 3161 Quin
2417 3101 2817 3148 sacramentum
2839 3093 3089 3163 baptismi
3117 3109 3226 3148 non
3257 3109 3440 3148 minus
3468 3093 3621 3159 mali,
3673 3109 3845 3164 quam

2255 3190 2309 3235 et
2331 3182 2455 3236 boni
2480 3183 2721 3252 quotidie
2752 3182 2977 3249 intrant,
3021 3184 3183 3239 simul
3217 3200 3408 3241 omnes
3440 3184 3847 3242 Eucharistiam

565 3257 729 3326 bona,
756 3266 817 3315 ut
858 3268 1034 3316 tecum
1078 3276 1291 3332 semper
1329 3264 1399 3318 sit
1429 3277 1524 3334 per
1554 3262 1876 3320 charitatem
1921 3280 2152 3335 sponsus
2177 3266 2222 3332 C
2256 3272 2310 3325 in
2341 3271 2582 3327 Ecclesia
2609 3283 2851 3339 sumunt,
2873 3275 3214 3345 prophetiam
3256 3276 3471 3341 habent,
3520 3277 3723 3347 linguis
3753 3277 3846 3332 ιο-

569 3357 715 3415 tuus,
741 3362 1124 3425 comparetque
1175 3360 1227 3409 te
1248 3369 1369 3409 cum
1398 3369 1585 3410 sorore
1622 3371 1744 3426 quae
1771 3356 1972 3411 mansit
2024 3356 2145 3426 pul-

566 3439 697 3496 chra
732 3443 1073 3512 aspectibus,
1126 3451 1184 3498 ut
1227 3445 1489 3515 quidquid
1546 3446 1599 3500 in
1652 3453 1707 3501 te
1758 3445 1981 3502 fosdavit
2028 3464 2149 3502 cor-

566 3533 833 3603 ruptionis
874 3534 1116 3602 macula,
1154 3542 1325 3592 totum
1360 3551 1745 3608 recompenses
1787 3538 2051 3593 virtutum
2079 3553 2148 3594 es

564 3626 734 3697 prole.

1128 3700 1355 3757 CAPUT
1396 3700 1528 3758 XIII.

566 3811 643 3868 Dc
662 3828 722 3869 co
740 3814 879 3885 quod
899 3814 1177 3885 Apostolus
1198 3818 1659 3885 supereminentem
1686 3816 1821 3871 viam
1855 3814 2143 3871 Corinthiis

1062 3887 1294 3942 insinuat
1318 3888 1646 3942 charitatem.

636 3997 685 4051 I.
719 3997 926 4066 Adhuc,
990 4001 1164 4070 inquit
1222 4001 1534 4071 Apostolus,
1584 4018 1705 4057 cum
1754 4002 2141 4058 charismatum

562 4087 703 4143 dona
732 4086 1148 4156 dinumerasset,
1174 4092 1721 4146 suncreminentiorem
1744 4093 1879 4147 viam
1903 4093 2042 4147 vobis
2057 4093 2142 4147 de-

560 4188 794 4232 monstro
816 4177 866 4250 (1
884 4177 1009 4234 Cor.
1036 4195 1135 4245 XII,
1157 4181 1216 4235 3‘
1238 4203 1269 4233 -.
1304 4181 1504 4235 Deinde
1533 4201 1544 4233 :
1580 4179 1638 4235 Si
1661 4183 1850 4253 linguis
1872 4183 2140 4238 hominum

561 4267 747 4339 loquar
766 4277 812 4323 et
835 4268 1137 4341 angelorum
1162 4314 1174 4329 .
1196 4271 1503 4327 charitatem
1524 4283 1697 4328 autem
1747 4292 1849 4330 non
1898 4277 2135 4343 habeam,

562 4360 732 4432 [actus
752 4377 868 4416 sum
898 4362 1125 4419 velutius
1169 4381 1382 4432 sonans,
1428 4375 1519 4419 aut
1560 4366 1854 4437 cymbalum
1892 4370 2136 4425 tinniens.

564 4452 628 4507 Et
659 4454 704 4508 si
722 4455 952 4510 habuero
972 4458 1317 4528 prophetiam,
1335 4468 1380 4512 et
1402 4459 1631 4513 noverim
1669 4463 1916 4531 mysteria
1940 4464 2136 4529 omnia,

559 4555 605 4599 ct
629 4562 830 4600 omnem
847 4549 1150 4615 scientiam;
1175 4559 1222 4605 et
1247 4552 1291 4605 si
1311 4550 1538 4605 habuero
1561 4568 1760 4607 omnem
1778 4553 1956 4622 ﬁdem,
1988 4557 2059 4609 ita
2082 4565 2138 4610 ut

2251 3370 2510 3431 quuntur,
2551 3364 2810 3433 mysteria
2834 3374 3059 3430 norunt,
3087 3366 3317 3421 scientia
3345 3365 3560 3437 pollent,
3589 3367 3720 3421 fidei
3762 3367 3847 3422 si-

2248 3468 2348 3522 gna
2378 3463 2693 3523 operantur,
2724 3462 2781 3509 et
2808 3455 2914 3509 alia
2945 3455 3343 3525 quamplurima
3398 3465 3610 3528 gerunt,
3654 3465 3849 3513 trans-

2245 3541 2542 3614 ﬁgurantes
2571 3543 2598 3584 ιι
2635 3558 2695 3600 se
2740 3545 2794 3599 in
2846 3545 3095 3616 angelum
3124 3545 3414 3602 lncis:sed
3443 3546 3559 3601 sola
3598 3546 3846 3604 charitas

2244 3642 2348 3700 est,
2377 3649 2539 3705 quam
2562 3650 2669 3690 non
2710 3635 2812 3691 nisi
2842 3635 2967 3691 boni
3003 3637 3327 3707 percipiunt.
3359 3636 3512 3693 Undc
3533 3637 3840 3694 Dominus:

2244 3726 2313 3781 In
2333 3727 2451 3794 hoc,
2506 3728 2703 3797 inquit,
2756 3739 3062 3799 cognoscent
3117 3745 3297 3784 omnes
3349 3730 3474 3800 quia
3511 3731 3526 3769 ἱ
3558 3730 3661 3784 mei
3715 3732 3841 3786 estis

2243 3820 2508 3891 discipuli,
2536 3823 2582 3876 si
2610 3821 2939 3876 dilectionem
2961 3822 3249 3876 habueritis
3301 3823 3355 3876 in
3403 3822 3623 3876 inuicem
3651 3821 3837 3894 (Joan.

2242 3931 2340 3982 ait,
2381 3915 2494 3987 35).
2538 3913 2688 3970 Tolle
2735 3915 2901 3986 igitur
2947 3915 3317 3982 dilectionem,
3350 3922 3406 3971 et
3448 3914 3634 3969 omnia
3674 3912 3838 3969 simul

2241 4009 2419 4065 fructu
2448 4016 2779 4065 evacuantur
2802 4009 3014 4080 operis;
3045 4010 3174 4080 quia
3218 4009 3333 4065 sola
3382 4008 3625 4063 charitas
3683 4006 3837 4061 Chri«

2242 4110 2384 4156 stum
2414 4099 2732 4164 cxinanivit,
2777 4107 2837 4155 ut
2881 4099 3109 4156 formam
3160 4099 3304 4155 servi
3358 4100 3666 4170 acciperet:
3717 4096 3832 4153 sola

2241 4207 2431 4247 rursus
2451 4206 2547 4261 per
2565 4191 2930 4261 adoptionem,
2947 4191 3083 4246 etde
3101 4189 3275 4245 servis
3296 4189 3436 4245 filios
3458 4187 3608 4244 facit.
3628 4188 3831 4245 Forma

2242 4291 2597 4362 discipulatus
2622 4289 2822 4346 Christi
2869 4297 2925 4345 et
2974 4289 3177 4360 agnitio
3236 4288 3457 4345 dilectio
3509 4298 3616 4352 est,
3666 4304 3830 4358 quam

2242 4386 2496 4440 nimirum
2529 4384 2788 4449 formam,
2820 4383 2910 4452 qui
2963 4382 3226 4447 amiserit,
3280 4381 3490 4437 alienus
3541 4392 3623 4436 est
3649 4398 3685 4436 a
3710 4398 3831 4437 coro

2239 4488 2403 4545 pore;
2444 4474 2572 4544 quia
2604 4474 2751 4529 nulla
2780 4472 2983 4529 Christi
3028 4472 3345 4543 compagine
3390 4480 3609 4527 tenetur
3662 4472 3826 4528 astri-

2241 4576 2382 4633 ctus,
2415 4565 2564 4621 nullo
2587 4566 2782 4621 decore
2804 4566 3040 4629 indutus,
3073 4565 3217 4619 nulla
3261 4564 3408 4620 intus
3438 4566 3620 4635 specie
3672 4566 3827 4619 deca-

561 4649 758 4691 ηιοηιεε
790 4638 1139 4709 "liminum.
1188 4641 1493 4696 εθιανίιαίεπι
1535 4653 1708 4697 autem
1748 4661 1851 4699 ηοη
1882 4645 2135 4714 habuero.
2160 4638 2215 4706 Ῑ)
2244 4666 2412 4711 ratus.
2445 4656 2785 4728 Unguentum
2828 4670 2958 4727 ergo
2995 4654 3328 4710 exinanitum
3373 4669 3571 4709 nomen
3622 4655 3824 4709 Christi

561 4729 689 4783 nihil
711 4745 845 4785 sum.
869 4730 936 4785 Et
959 4732 1004 4786 si
1023 4732 1335 4787 distribuero
1360 4735 1415 4788 in
1452 4735 1590 4790 cibos
1633 4754 1920 4807 pauperum
1960 4757 2136 4797 omnes
2235 4762 2336 4817 per
2370 4746 2691 4801 charitatem
2714 4742 2881 4812 fulsit,
2912 4744 3055 4800 sicut
3092 4744 3147 4799 in
3195 4742 3434 4799 Canticis
3492 4743 3725 4814 legitur;
3774 4753 3825 4799 et

558 4817 834 4889 facultates
858 4837 1019 4888 meas,
1044 4833 1090 4877 et
1118 4824 1450 4879 sitradideno
1487 4840 1674 4897 corpu
1719 4846 1909 4896 meum,
1953 4834 2027 4886 ita
2078 4843 2135 4888 ut
2234 4839 2357 4893 ideo
2383 4837 2797 4893 adolescentulis;
2823 4836 3049 4908 diligunt
3097 4851 3221 4892 eum
3263 4832 3438 4907 (Cant.
3492 4835 3643 4903 t,5),
3701 4837 3820 4906 quia

557 4909 793 5001 ardeam,
818 4911 1123 4967 charitatem
1145 4930 1248 4969 non
1279 4916 1531 4982 habuero,
1582 4920 1711 4973 nihil
1757 4923 1884 4976 mihi
1925 4926 2133 4993 prodest
2232 4928 2476 5001 profecto
2510 4929 2786 4984 dilectioni
2821 4928 2836 4979 ἱ
2875 4928 2973 4984 Dei
2994 4928 3107 4984 sola
3143 4928 3360 4984 dilectio
3413 4938 3601 4983 nostra
3651 4931 3815 4983 vicem

558 4997 608 5071 (1
626 4997 754 5092 rCor.
784 5016 903 5067 xm,
927 5003 1067 5073 1-5).
1099 5001 1222 5058 Tria
1278 5005 1494 5073 quidem
1543 5011 1825 5078 proposuit
1859 5028 1871 5064 :
1921 5012 2131 5084 linguas
2232 4997 2502 5092 rependit,
2532 5035 2656 5076 cum
2682 5029 2739 5075 et
2764 5021 2879 5090 ipse
2923 5021 3073 5090 prior
3107 5020 3358 5075 dilexerit
3389 5020 3415 5058 Ιί
3441 5035 3567 5084 nos,
3619 5030 3681 5074 ut
3731 5023 3816 5075 inc

554 5091 785 5161 primum
812 5094 1123 5167 angelorum
1155 5105 1210 5151 et
1245 5097 1547 5166 hominum,
1584 5110 1643 5156 ut
1690 5103 1821 5157 nihil
1869 5104 2125 5175 prodesse
2236 5091 2331 5169 ﬁlii
2364 5113 2458 5183 qni
2483 5126 2717 5178 eramus,
2756 5110 2962 5168 faceret
2980 5112 3084 5167 sibi
3108 5126 3208 5183 per
3226 5111 3575 5181 adoptionem
3605 5120 3664 5165 el
3710 5114 3814 5182 ipse

554 5183 785 5239 insinuet
817 5185 1055 5255 loquenti
1102 5188 1362 5259 quidquid
1398 5191 1517 5247 sine
1562 5191 1830 5249 charitate
1857 5210 1950 5251 ore
1994 5213 2124 5269 pro-
2235 5205 2393 5262 ﬁlios.

552 5272 755 5370 fertur;
789 5278 883 5333 sed
905 5278 1046 5334 sicut
1070 5295 1163 5346 aes,
1200 5291 1295 5337 aut
1323 5282 1626 5354 cymbalum
1646 5283 1673 5325 ἀ
1692 5295 1815 5341 sunt
1836 5288 2121 5359 pulsantis,
2303 5300 2356 5353 2.
2382 5300 2438 5355 In
2467 5299 2581 5357 sola
2607 5313 2838 5370 namque
2867 5298 3155 5355 dilectione
3195 5312 3407 5353 summa
3458 5297 3810 5368 perfectionis

555 5366 632 5422 ita
660 5370 752 5440 qui
777 5370 996 5444 linguis,
1026 5376 1242 5431 sibimet
1265 5376 1395 5432 nihil
1423 5387 1666 5447 prosunt,
1725 5381 1817 5437 sed
1865 5384 2014 5439 vacui
2067 5385 2119 5440 in
2233 5390 2512 5457 consistit;
2549 5391 2677 5461 quia
2724 5366 2963 5447 charitas
3012 5388 3148 5445 nihil
3202 5366 3505 5459 iniquitatis
3551 5389 3806 5446 admittit.

621 5491 646 5520 ι
686 5481 741 5536 In
769 5485 929 5541 editis
952 5487 1102 5543 deest
1129 5500 1320 5546 tamen.

620 5551 647 5591 ιι
683 5551 853 5625 Edit.,
882 5557 1168 5625 despectus,
1198 5563 1374 5616 minus
1409 5564 1545 5619 bene

619 5632 640 5660 ο
681 5622 819 5677 Edit.
832 5666 846 5689 ,
870 5622 1081 5682 videret.

619 5689 646 5730 δ
672 5691 856 5749 Editur
883 5697 1023 5749 addit
1055 5702 1299 5755 tinniens.

554 5762 910 5850 editis
952 5767 1322 5850 desideratur:
1364 5785 1454 5827 aut
1498 5782 1742 5844 mysteria
1768 5792 1975 5845 norunt,
2002 5783 2120 5850 jam

548 5835 802 5886 introrsus
841 5835 1037 5904 aliquid
1062 5841 1267 5893 habent.

2304 5499 2326 5539 ί
2355 5500 2521 5567 Edit.,
2548 5511 2765 5555 uocatur

2298 5572 2323 5611 ⁸
2350 5570 2516 5637 Editi,
2545 5582 2778 5625 vocatur.

2297 5643 2324 5681 δ
2356 5642 2514 5712 Editi,
2547 5642 3009 5712 transﬁgurantem

2304 5715 2317 5752 i
2353 5711 2519 5778 Edit.,
2543 5712 2702 5781 quod.
2739 5711 2748 5712 7
2964 5770 2981 5781 ,

2300 5782 2314 5830 i
2358 5781 2522 5845 Edit.,
2546 5782 2755 5835 dilectio
2783 5783 2835 5837 in
2867 5781 2996 5837 Deo.

2300 5852 2326 5890 ιι
2358 5852 2524 5918 Edit.,
2553 5852 2754 5905 dilexit.
