4148 6344
333 416 471 476 1485

1202 415 1288 470 DE
1324 413 1498 480 FIDE,
1540 415 1665 470 SPE
1703 404 1791 470 ΕΤ
1829 412 2241 471 CHARITATE.
2266 447 2350 493 .—
2385 414 2511 472 LIB.
2552 415 2634 471 III.

3432 410 3576 470 1486

329 532 465 589 llinc
491 530 650 585 ne‘mo
678 527 913 601 pollutus
938 529 1132 586 transit
1151 544 1248 600 per
1275 546 1431 597 eam;
1457 530 1599 600 quod
1644 531 1689 585 si
1725 529 1892 586 semel
1919 532 1971 593 Α
1996 529 2067 586 lio
2102 532 2323 603 mystice
2349 532 2590 603 designat
2622 550 2635 587 :
2666 531 2904 600 Domine,
2927 543 3111 605 puteus
3139 533 3276 589 altus
3300 546 3393 601 est,
3419 548 3465 590 et
3506 532 3574 593 in

327 624 394 679 ad
423 637 539 677 eam
578 622 878 687 intraverit,
899 621 1011 692 jam
1040 638 1144 677 non
1185 622 1453 692 pollutus;
1476 624 1570 679 sed
1593 633 1810 680 renatus
1839 625 1892 679 in

327 713 542 771 Christo
581 713 635 768 in
664 710 782 782 ejus
808 728 1035 783 corpore
1055 723 1427 770 consecratur.
1460 714 1527 769 Et
1558 713 1713 783 juxta
1764 715 1894 769 illud

325 793 589 870 ferendas,
620 806 823 861 invenit
835 804 949 875 jam
980 807 1080 862 sibi
1112 807 1361 877 gratiam,
1411 809 1538 880 quia
1590 810 1746 882 longe
1794 811 1897 867 Do-

325 898 502 954 minus
526 898 777 971 apparuit
798 899 870 964 ei,
897 908 1058 969 atque
1086 899 1273 955 dilexit
1310 901 1577 957 charitate
1618 912 1895 973 perpetua,

327 998 383 1046 et
404 988 596 1045 melius
624 990 877 1059 estquod
926 989 1214 1059 acquisivit
1244 992 1495 1048 omnibus
1544 992 1670 1047 vitae
1717 992 1895 1050 bonis.
1938 1032 1945 1033 κ

327 1083 420 1138 Est
444 1083 586 1138 enim
616 1082 769 1153 quasi
799 1083 989 1139 hortus
1010 1083 1246 1155 irriguus
1272 1068 1482 1141 cunctis
1522 1084 1784 1141 donorum
1815 1101 1901 1142 re-

323 1173 464 1247 pleta
494 1175 825 1241 muneribus,
858 1183 913 1230 et
953 1176 1075 1231 ideo
1124 1177 1178 1232 in
1227 1176 1464 1234 Canticis
1488 1193 1517 1233 a
1539 1194 1737 1249 sponso
1779 1195 1900 1251 gra-

328 1275 508 1322 tanter
535 1266 750 1321 canitur
779 1284 791 1320 :
819 1265 1022 1322 Hortus
1053 1268 1330 1325 conclusus
1373 1286 1522 1325 soror
1540 1287 1677 1335 mea,
1719 1272 1900 1327 hortus

326 1355 621 1421 conclusus,
668 1356 784 1426 fons
834 1357 1091 1428 signatus,
1137 1361 1437 1416 emissiones
1484 1371 1589 1415 tua:
1624 1363 1901 1433 paradisus

328 1443 504 1516 (Cant.
529 1462 604 1513 IV,
639 1445 749 1517 12).
801 1448 942 1503 Ecce
974 1465 1137 1519 quam
1181 1448 1320 1507 bene
1368 1451 1757 1522 rebaptizatur,
1810 1454 1901 1524 qui

326 1538 592 1596 charitate
619 1537 874 1604 nutritur,
900 1539 954 1593 in
983 1540 1136 1611 cujus
1159 1542 1415 1597 nimirum
1447 1543 1626 1598 anima
1660 1544 1773 1615 jam
1802 1560 1901 1615 pa-

325 1631 536 1685 radisus
554 1628 729 1686 ﬂoret.
756 1629 933 1686 Habes
957 1632 1136 1703 igitur,
1160 1634 1361 1700 anima,
1391 1634 1591 1690 fontem
1615 1651 1722 1706 quo
1751 1652 1906 1692 rena-

324 1721 520 1777 scaris.
554 1721 622 1775 Et
657 1722 702 1776 si
732 1723 959 1792 primam
1004 1722 1162 1778 fidem
1211 1725 1424 1780 irritam
1475 1725 1651 1782 fecisti
1702 1726 1905 1783 fontem

324 1811 505 1881 itaque
533 1822 560 1853 ι
591 1811 856 1882 signatum
900 1812 1073 1884 sigillo
1123 1813 1346 1882 Christi,
1405 1831 1514 1888 quo
1568 1818 1768 1884 nullus,
1815 1822 1905 1890 qui

322 1898 506 1967 intrat,
539 1910 623 1956 est
649 1901 876 1958 alienus.
907 1903 1040 1957 Nam
1075 1904 1328 1975 baptismi
1369 1907 1571 1963 fontem
1594 1950 1609 1975 ,
1650 1925 1755 1965 non
1784 1910 1905 1967 dico

321 1991 464 2062 quod
502 1990 687 2046 Simon
719 1992 904 2064 Magus
934 1994 1057 2051 felle
1086 1998 1464 2056 amaritudinis
1489 2001 1776 2058 obvolutus
1826 2005 1907 2058 in-

324 2083 505 2150 travit,
535 2099 722 2140 verum
754 2096 810 2141 et
845 2101 1033 2143 omnes
1082 2090 1338 2159 reprobi;
1373 2092 1467 2147 sed
1493 2108 1653 2149 nemo
1691 2093 1903 2150 illorum

322 2174 643 2229 charitatem
675 2175 828 2242 adiit,
861 2176 926 2233 de
963 2194 1069 2250 qua
1096 2179 1274 2236 nullus
1307 2182 1399 2253 qui
1429 2183 1614 2248 intrat,
1643 2185 1774 2239 exit.
1826 2185 1904 2240 illi

322 2276 450 2317 vero
484 2261 628 2319 foras
658 2264 907 2321 exierunt
926 2282 957 2322 a
979 2278 1321 2325 sacramento
1348 2273 1622 2340 muneris,
1650 2274 1776 2342 quia
1799 2290 1906 2332 non

320 2350 543 2408 fuerunt
565 2370 631 2411 ex
665 2356 843 2423 nobis,
875 2367 931 2413 et
966 2375 1072 2415 una
1118 2360 1398 2418 nobiscum
1436 2364 1489 2417 in
1518 2365 1785 2420 charitate
1821 2381 1906 2421 re-

321 2444 469 2512 nati;
495 2447 639 2518 quod
666 2446 694 2487 δ
718 2447 761 2503 si
795 2459 993 2513 essent,
1023 2450 1266 2521 profecto
1286 2448 1353 2508 ab
1374 2469 1438 2510 ea
1465 2470 1740 2526 nunquam
1763 2454 1907 2512 exis-

323 2549 462 2603 sent,
497 2542 641 2597 unde
664 2542 855 2600 beatus
881 2546 1175 2615 apostolus,
1198 2544 1389 2604 videns
1428 2563 1486 2604 se
1515 2548 1717 2604 Christi
1775 2549 1903 2605 cha-

322 2631 484 2688 ritate
514 2633 825 2690 devinctum
859 2654 871 2690 :
907 2634 1038 2702 Quis
1067 2654 1182 2703 nos,
1210 2636 1405 2707 inquit,
1437 2638 1701 2711 separabit
1725 2657 1757 2694 a
1781 2640 1907 2693 cha-

324 2721 477 2800 ritate
504 2723 645 2778 Dei?
665 2723 954 2781 Tribulatio
972 2727 998 2781 ?
1030 2745 1097 2781 an
1144 2729 1428 2799 angustia?
1470 2747 1541 2784 an
1580 2728 1909 2800 persecutio?

325 2828 395 2866 an
408 2807 574 2882 fames
590 2812 694 2868 Ian
709 2815 920 2870 nuditns
937 2817 1040 2870 ian
1052 2817 1381 2887 periculum?
1403 2836 1471 2873 an
1493 2818 1702 2890 gladius
1725 2820 1904 2892 (Rom.

323 2908 445 2969 v‘tu,
469 2905 602 2977 55)?
637 2906 703 2962 Et
733 2918 791 2963 ut
825 2907 1225 2964 indissociabile
1270 2911 1577 2966 ostenderet
1624 2911 1907 2967 charitatis

330 2995 686 3064 connubium,
718 2998 1086 3054 indubitanter
1111 3000 1187 3054 ait
1211 3015 1226 3054 :
1250 2997 1434 3055 Certus
1460 3018 1575 3055 sum
1598 3002 1735 3056 enim
1767 3000 1906 3072 quod

327 3104 490 3160 neque
514 3105 674 3155 mors,
701 3107 863 3161 neque
882 3091 1009 3156 vita,
1037 3109 1199 3163 neque
1222 3093 1414 3164 angeli,
1446 3110 1608 3167 neque
1637 3084 1905 3166 principe;

327 3185 433 3243 tus,
468 3195 630 3250 neque
657 3175 935 3246 instantia,
967 3198 1130 3253 neque
1157 3183 1363 3253 futura,
1420 3201 1583 3256 neque
1627 3184 1904 3255 fortitudo,

327 3266 508 3343 neque'
528 3272 773 3339 altitudo,
830 3290 991 3346 neque
1044 3276 1384 3346 profundum,
1438 3295 1601 3348 neque
1663 3287 1903 3332 creatura

326 3364 436 3420 alia
471 3366 657 3437 poterit
683 3386 779 3425 nos
804 3386 1047 3440 separare
1077 3390 1108 3426 a
1138 3373 1390 3428 charitate
1421 3372 1538 3439 Dei,
1573 3390 1689 3443 qua:
1734 3383 1810 3428 est
1851 3374 1904 3427 in

330 3453 537 3510 Christo
562 3457 691 3513 Jesu
727 3456 918 3532 (Ibid.,
968 3460 1072 3529 38,
1116 3462 1225 3536 39).
1268 3464 1407 3536 Ergo
1450 3465 1542 3535 qui
1578 3474 1686 3520 tam
1732 3463 1903 3519 [iden-

328 3558 414 3607 ter
449 3550 704 3622 loquitur,
756 3555 888 3611 nihil
930 3555 998 3612 de
1042 3556 1306 3612 charitate
1355 3555 1596 3621 dubitat;
1651 3556 1904 3625 quoniam

329 3646 620 3704 conclusus
674 3658 730 3706 et
783 3649 1022 3723 signatus
1069 3658 1151 3705 est
1196 3649 1507 3705 deliciarum
1559 3648 1908 3718 omniumque

325 3738 583 3794 virtutum
615 3740 824 3798 hortus.
865 3741 1139 3813 Siquidem
1172 3739 1382 3796 facilius
1431 3738 1535 3795 luit
1584 3741 1791 3795 hostem
1835 3739 1907 3793 ir-

330 3845 491 3887 ruere
516 3831 582 3887 ad
610 3831 758 3888 illum
783 3833 1017 3904 paradisi
1045 3832 1242 3903 prioris
1270 3830 1398 3887 Adae
1444 3829 1642 3896 locum,
1686 3831 1753 3886 de
1800 3844 1908 3900 quo

329 3935 454 3976 eum
492 3938 587 3978 sua
617 3923 823 3995 expulit
846 3921 1066 3990 fraude;
1097 3939 1258 3993 quam
1284 3922 1357 3977 ad’
1378 3921 1579 3978 fontem
1604 3922 1903 3989 charitatis,

330 4030 439 4084 quo
469 4009 646 4072 nullus
676 4025 859 4088 potest
903 4016 1183 4082 accedere,
1226 4016 1328 4072 nisi
1356 4032 1421 4072 ex
1453 4031 1516 4071 ea
1552 4016 1623 4071 sit
1665 4023 1904 4071 renatus.

328 4107 580 4179 Alioquin
609 4110 772 4166 etiam
799 4109 1068 4177 diabolus,
1093 4111 1138 4166 si
1169 4110 1235 4165 ad
1258 4110 1579 4166 charitatem
1624 4108 1904 4174 intrasset,

324 4199 439 4270 jam
477 4215 583 4255 non
615 4200 805 4265 hostis,
834 4201 926 4257 sed
954 4201 1088 4257 civis
1110 4210 1442 4269 sanctorum,
1484 4210 1538 4257 et
1583 4201 1908 4258 domesticus

330 4290 426 4344 Dei
457 4299 631 4359 esset;
665 4292 805 4363 apud
835 4292 1001 4347 Deum
1044 4294 1243 4365 quippe
1271 4294 1510 4348 charitas
1542 4294 1644 4358 est,
1699 4291 1908 4347 scilicet

332 4383 470 4453 apud
497 4383 731 4445 Patrem,
766 4384 1022 4455 quoniam
1050 4383 1192 4441 Deus
1233 4384 1402 4441 Filius
1455 4401 1519 4440 ex
1573 4387 1683 4458 Deo
1749 4382 1908 4441 Patre

332 4474 570 4530 charitas
592 4484 694 4531 est.
717 4474 868 4531 Unde
888 4477 1104 4541 dicitur,
1129 4477 1269 4548 apud
1290 4486 1338 4531 te
1358 4487 1431 4531 est
1458 4477 1574 4547 fons
1594 4478 1712 4531 vita:
1733 4472 1903 4547 (Psat.

335 4583 498 4632 xxxv,
533 4567 640 4640 l0),
682 4568 801 4624 fons
840 4570 1026 4639 utique
1054 4570 1295 4638 signatus
1332 4569 1484 4639 signo
1513 4566 1721 4633 Patris;
1774 4580 1906 4637 quo-

337 4660 482 4715 niam
516 4657 692 4730 imago
718 4657 810 4713 Dei
849 4658 1024 4713 Patris
1044 4666 1147 4713 est.
1194 4659 1269 4712 De
1322 4673 1429 4727 quo
1470 4658 1722 4711 nimirum
1762 4655 1910 4712 fonte

336 4748 591 4802 hauriunt
620 4763 806 4803 omnes
835 4760 1026 4819 aquam
1050 4747 1175 4803 vita:
1219 4749 1387 4817 gratis
1418 4747 1701 4802 salientem
1735 4746 1790 4801 in
1833 4747 1912 4801 vi-

336 4848 446 4893 tam
480 4850 757 4895 aeternam.
788 4838 957 4894 Nemo
991 4840 1176 4912 igitur,
1207 4840 1311 4894 nisi
1337 4837 1494 4895 Jesus
1521 4838 1786 4901 Christus,
1819 4838 1913 4891 dat

336 4931 476 4987 hanc
507 4948 723 5001 aquam,
749 4933 1001 5001 quoniam
1031 4931 1385 5001 puteus‘altus
1413 4939 1515 4994 est,
1538 4936 1733 5001 puteus
1753 4938 1911 4999 aquas

338 5023 788 5078 ’rtunviventium.
818 5022 891 5079 De
928 5038 1034 5093 quo
1056 5023 1100 5079 si
1131 5024 1252 5094 quis
1277 5023 1410 5089 sitit,
1433 5022 1615 5077 veniat
1646 5021 1712 5075 ad
1752 5020 1911 5077 Chri-

338 5118 499 5174 stum,
526 5120 580 5167 et
605 5114 819 5169 dabitur
845 5114 893 5168 ei
921 5115 1089 5182 gratis
1131 5112 1251 5170 lotis
1307 5122 1573 5179 aeternus;
1615 5111 1711 5168 sed
1752 5126 1912 5168 nemo

339 5208 399 5258 ut
437 5202 665 5275 accipiat
691 5206 859 5271 venit,
890 5206 935 5260 si
967 5221 1071 5260 non
1104 5203 1265 5261 Pater
1290 5220 1412 5260 eum
1442 5203 1749 5259 attraxerit.

409 5294 463 5351 3.
498 5295 575 5351 Ex
600 5312 706 5366 quo
734 5298 922 5368 liquet,
956 5297 1096 5368 quod
1123 5296 1245 5365 jure
1287 5295 1772 5367 supereminentior
1827 5293 1913 5348 via

341 5387 580 5443 charitas
604 5395 825 5443 vocetur
844 5403 1005 5458 quam
1031 5404 1209 5453 nemo,
1246 5392 1306 5443 ut
1334 5388 1529 5460 protuli
1562 5398 1585 5428 ο
1623 5428 1638 5453 ,
1678 5387 1782 5442 nisi
1820 5386 1913 5456 qui

342 5490 360 5508 θ
376 5476 545 5546 ccipit
563 5479 730 5534 novit.
756 5477 867 5535 Hoc
892 5493 1023 5535 sane
1050 5477 1392 5534 Samaritana
1416 5477 1505 5534 illa
1551 5493 1619 5533 ex
1672 5477 1913 5547 Evange-

416 5642 441 5670 ε
469 5630 633 5697 Edit.,
660 5631 812 5687 dicet.

414 5699 443 5739 δ
469 5700 635 5773 Elii!"
665 5720 860 5773 nempe.

416 5780 439 5843 ῗ
466 5771 631 5843 fitﬁt"
661 5771 803 5843 quia.

412 5838 441 5881 (ι
465 5838 632 5908 Eii—it”
655 5838 878 5898 armati.

1996 639 2098 693 quo
2117 623 2334 677 haurias
2360 640 2463 678 non
2487 622 2643 678 habes
2669 622 2846 695 (Joan.
2873 640 2943 690 IV,
2988 624 3095 697 il).
3144 625 3388 683 Profecto
3435 629 3561 699 quia

1998 727 2106 766 non
2135 720 2358 767 noverat
2385 728 2506 768 cum
2536 728 2642 784 quo
2691 722 2893 785 ageret,
2917 724 2972 770 et
3005 715 3282 788 signanter
3308 719 3567 789 insinuat,

1998 805 2140 874 quod
2168 803 2368 860 Christi
2404 805 2641 861 charitas
2669 805 2928 862 altissima
2948 809 3038 875 sit,
3072 809 3138 864 de
3177 825 3281 880 qua
3332 814 3434 869 nisi
3475 815 3568 885 qui

2000 896 2211 967 accipit,
2245 896 2298 950 in
2328 912 2437 968 quo
2463 898 2674 953 hauriat
2704 898 2878 955 nullus
2905 899 3105 969 habet;
3135 905 3564 975 quandoquidem

2000 986 2238 1043 charitas
2258 1002 2469 1057 semper
2497 989 2562 1043 ad
2595 988 2760 1045 Deum
2785 991 2977 1057 tendit,
3013 1008 3044 1046 a
3069 1008 3176 1062 quo
3202 1002 3257 1049 et
3302 995 3566 1068 originem

2001 1078 2170 1143 ducit,
2210 1090 2264 1134 et
2293 1081 2359 1134 ad
2394 1080 2699 1152 proximum
2723 1082 2975 1138 ardenter
2996 1084 3241 1155 respicit,
3285 1100 3407 1142 cum
3461 1102 3568 1158 quo

2000 1172 2346 1244 participium
2376 1173 2684 1238 creationis,
2714 1181 2769 1228 et
2792 1173 3141 1231 recreationis
3164 1175 3362 1233 habere
3401 1179 3571 1233 novit.

2002 1261 2144 1334 Ergo
2164 1264 2303 1319 sicut
2324 1263 2585 1319 altissima
2624 1265 2815 1330 virtus,
2844 1266 2915 1319 ita
2961 1274 3016 1320 et
3056 1280 3282 1333 nomen;
3315 1269 3575 1338 quaniam

2002 1368 2276 1425 nunquam
2307 1364 2451 1410 recte
2473 1356 2763 1425 quidquam
2788 1356 2929 1412 aliud
2956 1367 3154 1429 praeter
3180 1358 3348 1414 Deum
3377 1367 3431 1414 et
3450 1364 3577 1432 pro-

2002 1448 2205 1503 ximum
2234 1463 2333 1518 per
2355 1448 2671 1504 charitatem
2701 1449 2921 1520 diligere
2959 1452 3297 1517 mandamur,
3330 1452 3578 1523 quamvis

2004 1554 2145 1610 saepe
2172 1540 2394 1595 abusive
2414 1541 2647 1607 dicatur,
2674 1542 2798 1613 quia
2830 1556 3044 1614 semper
3065 1544 3303 1599 charitas
3358 1545 3577 1601 excellit

2005 1631 2061 1687 in
2088 1633 2283 1688 divinis
2309 1632 2489 1698 rebus,
2518 1641 2576 1688 ut
2596 1642 2719 1703 puta
2739 1635 3111 1706 principaliter
3143 1636 3237 1692 Dei
3264 1650 3459 1691 nomen
3519 1636 3574 1691 in

2006 1740 2071 1780 eo
2101 1734 2202 1790 est,
2225 1740 2293 1781 ex
2314 1740 2421 1795 quo
2446 1725 2647 1792 omnia,
2673 1735 2727 1782 et
2748 1740 2845 1796 per
2869 1742 3028 1797 quem
3047 1729 3249 1793 omnia,
3280 1736 3335 1783 et
3372 1727 3427 1784 in
3468 1740 3577 1800 quo

2008 1816 2209 1880 omnia,
2242 1826 2297 1870 et
2323 1818 2595 1883 virtutem,
2624 1834 2687 1873 ac
2718 1828 2964 1873 natumut
2992 1819 3148 1875 trium
3168 1819 3488 1891 majestatis,
3508 1826 3578 1877 ac

1934 1885 1981 1945 Β
2008 1907 2395 1979 singularitatis
2419 1910 2697 1975 enuntiat;
2741 1910 2821 1965 sic
2868 1910 3048 1979 itaque
3092 1885 3328 1967 secundo
3364 1910 3422 1966 in

2008 2013 2106 2069 per
2120 1999 2349 2069 gratiam
2379 1999 2542 2054 etiam
2571 2000 2817 2055 homines
2843 1999 2917 2055 dii
2951 2000 3305 2071 appellantur,
3343 2001 3412 2058 ad
3445 2016 3583 2072 quos

2005 2107 2186 2148 sermo
2210 2092 2305 2148 Dei
2332 2091 2508 2148 factus
2530 2103 2635 2158 est,
2677 2094 3037 2163 nuncupative
3073 2102 3275 2161 tamen,
3325 2094 3421 2150 sed
3475 2108 3583 2151 non

2006 2180 2300 2259 licte._Jam
2331 2185 2490 2238 tertio
2513 2183 2787 2239 daemones
2808 2183 2881 2239 dii
2907 2185 3145 2255 gentium
3176 2200 3283 2240 non
3333 2185 3585 2241 substan-

2006 2275 2229 2343 tialiter,
2261 2293 2362 2331 nec
2383 2290 2511 2331 vere
2533 2276 2891 2346 nuncupative
2915 2292 3012 2346 per
3033 2276 3291 2347 gratiam;
3319 2276 3414 2331 sed
3450 2276 3586 2334 falso

2007 2363 2362 2434 appellantur,
2391 2380 2511 2419 cum
2548 2363 2829 2434 Scriptura
2858 2364 3004 2420 dicat
3030 2362 3057 2404 ἀ
3088 2382 3101 2419 :
3135 2362 3331 2420 Omnes
3358 2360 3432 2419 dri
3456 2352 3580 2436 gen-

2006 2458 2140 2512 tium
2159 2456 2421 2513 dtzmonia
2445 2454 2615 2530 (Psal.
2641 2471 2762 2523 xcv,
2788 2456 2865 2529 5).
2899 2457 2975 2512 Ita
3004 2465 3058 2512 et
3102 2457 3342 2513 charitas
3384 2464 3585 2514 uomet

2005 2548 2240 2621 primum
2269 2556 2324 2603 et
2349 2547 2719 2620 principaliter
2746 2557 2829 2605 est
2850 2549 2904 2603 in
2929 2549 3057 2614 Deo,
3085 2558 3308 2619 propter
3327 2550 3472 2621 quon
3498 2549 3585 2619 iu-

2005 2639 2201 2695 bemur
2228 2652 2295 2694 ex
2328 2647 2441 2694 toto
2469 2640 2652 2705 corde,
2682 2648 2735 2695 et
2759 2654 2825 2695 ex
2862 2647 2972 2695 tota
2997 2640 3196 2706 anima,
3242 2647 3298 2697 et
3346 2646 3416 2697 ex'
3468 2646 3585 2699 tot!

2006 2738 2188 2784 mente
2214 2740 2338 2783 eum
2373 2728 2612 2801 diligere,
2646 2744 2676 2783 a
2702 2743 2810 2799 quo
2835 2729 3095 2785 habemus
3123 2738 3184 2785 ut
3211 2727 3435 2801 diligere
3462 2736 3585 2802 pos-

2007 2818 2207 2886 simus;
2238 2819 2490 2889 quoniam
2525 2820 2638 2891 ipse
2668 2819 2817 2889 prior
2843 2830 2867 2859 ο
2896 2819 3087 2876 dilexit
3106 2835 3224 2876 nos.
3276 2820 3344 2876 Et
3370 2818 3475 2878 boc
3496 2822 3585 2878 est

2007 2910 2230 2981 diligere
2264 2912 2431 2968 Deum
2472 2912 2616 2983 quod
2662 2920 2720 2968 et
2761 2911 2987 2984 diligere
3032 2913 3359 2984 sempiterna
3406 2913 3587 2981 belli?

2008 3001 2202 3057 deinde
2222 3003 2458 3058 secundo
2478 3002 2532 3057 in
2554 3002 2674 3057 loco
2694 3017 2790 3072 per
2812 3002 3057 3060 eamdem
3079 3004 3400 3060 charitatem
3422 3006 3588 3061 etin

2007 3095 2315 3166 proximum
2341 3095 2565 3167 diligere
2588 3095 2841 3167 jubemur
2891 3104 3146 3166 tanquam
3181 3097 3539 3168 nosmetipsos
3562 3116 3589 3164 ῖ

2002 3185 2115 3257 jam
2141 3188 2298 3243 tertio
2326 3186 2469 3243 aliud
2500 3189 2627 3259 quid
2659 3188 2796 3243 falso
2821 3187 2921 3243 sub
2950 3188 3231 3244 charitatis
3259 3186 3414 3244 titulo
3464 3189 3589 3245 11111³

1932 3252 2139 3349 cgere
2173 3279 2191 3318 ί
2225 3276 2442 3344 dicitur,
2491 3252 2706 3349 quando
2738 3281 2765 3318 σ
2791 3280 3167 3348 pecuniarum,
3209 3277 3294 3334 vel
3330 3279 3588 3350 voluptas

2011 3369 2099 3432 tis,
2129 3383 2223 3424 seu
2245 3368 2611 3439 quarumlibet
2638 3368 2819 3439 potius
2845 3368 3112 3439 cupiditas
3134 3376 3219 3425 est
3241 3368 3578 3442 appellanda.

2009 3458 2126 3515 Non
2154 3460 2300 3516 enim
2332 3460 2521 3514 harum
2550 3459 2892 3516 dilectionem
2924 3461 3068 3518 Deus
3091 3462 3398 3518 hominibus
3448 3460 3587 3517 non-8

2010 3552 2193 3617 cessit,
2230 3551 2326 3607 sed
2353 3566 2509 3606 usum
2532 3550 2679 3607 dedit
2707 3569 2722 3606 :
2750 3552 2891 3608 inest
2932 3568 3063 3624 ergo
3107 3552 3162 3608 in
3214 3553 3361 3609 omni
3400 3553 3585 3610 animo

2011 3643 2319 3699 rationabili
2345 3652 2521 3698 motus
2548 3642 2791 3709 amandi;
2820 3645 2913 3700 sed
2936 3645 3120 3701 varius
3138 3652 3364 3702 eventus
3406 3645 3585 3716 peruis-

2009 3736 2189 3807 piendi
2212 3746 2271 3793 ut
2294 3737 2360 3792 ad
2398 3737 2651 3793 virtutem
2677 3737 2957 3794 charitatis
2983 3740 3171 3793 tendat
3211 3738 3444 3794 animus.
3486 3735 3587 3795 βδ-

2010 3830 2228 3901 quidem
2252 3839 2306 3887 et
2332 3831 2446 3901 ipse
2465 3830 2689 3887 allectus
2741 3830 2941 3886 amoris
2988 3830 3250 3887 beneﬂcio
3289 3831 3588 3889 condimus

2010 3922 2264 3979 rationali
2287 3923 2481 3977 anima:
2503 3930 2586 3979 est
2615 3922 2886 3989 indultus;
2924 3924 3172 3994 quamvis
3216 3924 3484 3980 interdum
3515 3922 3586 3979 Id

2012 4027 2250 4068 amorem
2272 4014 2513 4084 pecunias
2541 4022 2596 4070 et
2619 4013 2861 4069 avaritiae
2913 4014 3149 4070 studium
3185 4014 3435 4081 divertat,
3490 4021 3591 4070 aut

2010 4117 2138 4172 erga
2164 4103 2390 4175 gloriam
2415 4105 2631 4161 inanem
2676 4106 3011 4171 sectandam,
3060 4114 3120 4160 ut
3158 4105 3290 4161 (lant
3340 4103 3593 4185 ιιυωὶηῷ

2012 4192 2192 4250 inanis
2214 4195 2397 4266 gloriae
2422 4197 2636 4266 cupidi;
2686 4204 2778 4252 aut
2830 4206 2978 4252 certe
3022 4196 3170 4251 circa
3215 4203 3474 4262 scortum,
3526 4203 3590 4251 ut

2010 4286 2358 4344 inveniantur
2406 4289 2755 4360 impudicitiae
2792 4288 3135 4358 libidinisque
3183 4288 3402 4358 captivi.
3449 4286 3589 4343 Neo-

2012 4394 2118 4436 non
2148 4389 2203 4436 et
2232 4381 2299 4435 ad
2330 4379 2488 4435 aliam
2513 4381 2768 4436 virtutem
2793 4381 2929 4435 tanti
2955 4382 3100 4445 boni,
3128 4381 3213 4435 his
3238 4380 3434 4435 similia
3457 4382 3586 4437 dull

2013 4471 2403 4527 fornicantura
2450 4473 2578 4534 Deo,
2628 4472 2983 4543 periculosius
3032 4472 3337 4539 effundunt;
3392 4473 3486 4528 sed
3531 4479 3590 4529 et

2015 4579 2137 4619 cum
2165 4566 2231 4619 ad
2262 4564 2503 4619 diversas
2527 4574 2694 4630 artes,
2721 4565 2881 4621 etiam
2910 4579 3044 4635 quas
3095 4564 3344 4621 liberales
3368 4571 3584 4629 vocant,

2015 4656 2139 4711 dum
2161 4669 2219 4710 se
2245 4655 2333 4710 his
2361 4655 2607 4722 illiciunt,
2650 4672 2755 4712 non
2801 4657 3096 4728 principale
3158 4658 3354 4713 bonum
3413 4655 3588 4710 inten-

2015 4746 2180 4814 dunt;
2205 4748 2460 4818 quoniam
2491 4748 2654 4804 animi
2683 4750 2911 4804 virtutes
2936 4765 3001 4805 ex
3051 4751 3165 4820 ipso
3199 4748 3585 4818 intelligantur,

2013 4854 2080 4894 ex
2105 4854 2215 4910 quo
2242 4847 2388 4894 sunt.
2422 4840 2572 4896 Unde
2594 4849 2647 4895 et
2672 4841 2952 4907 Dominus,
2981 4849 3040 4896 ut
3069 4848 3265 4896 cuncta
3294 4839 3364 4894 ab
3406 4838 3589 4892 animo

2014 4930 2167 5001 quasi
2223 4931 2594 5001 superstitiosa
2642 4940 2986 4988 removeret:
3036 4930 3235 5003 Diliges
3306 4930 3589 4986 Dominum

2014 5022 2187 5078 Deum
2210 5031 2380 5098 tuum,
2408 5023 2597 5094 inquit,
2621 5040 2687 5080 ex
2719 5033 2828 5079 toto
2874 5023 3029 5078 corde
3086 5032 3214 5089 tuo,
3268 5032 3317 5078 et
3375 5039 3439 5078 ea:
3480 5032 3591 5078 tota

2017 5115 2196 5170 anima
2226 5125 2339 5181 tua,
2366 5124 2416 5170 et
2453 5131 2518 5171 ea:
2558 5116 2797 5171 omnibus
2845 5115 3041 5170 viribus
3082 5116 3217 5181 tuis;
3248 5115 3436 5170 deinde
3464 5130 3592 5187 proo'

2022 5205 2216 5265 timum
2249 5209 2385 5262 sicut
2422 5216 2472 5263 te
2509 5208 2722 5278 ipsum:
2748 5207 2805 5260 in
2854 5206 3041 5278 quibus
3084 5206 3284 5265 duobus
3328 5206 3592 5262 mandatis

2017 5307 2128 5353 tota
2158 5298 2245 5354 lex
2263 5300 2449 5371 pendet
2481 5309 2528 5354 et
2558 5303 2819 5369 propheta!
2857 5295 3076 5367 (Matth.
3099 5313 3236 5365 xxu,
3256 5296 3463 5371 5740).
3490 5298 3594 5355 iste

2017 5399 2101 5447 est
2120 5401 2310 5462 puteus
2336 5390 2630 5446 viventium
2681 5405 2943 5459 aquarum
2986 5390 3128 5446 altus
3174 5403 3228 5447 et
3272 5389 3590 5462 profundus,

2004 5482 2121 5540 'i'ste
2155 5491 2238 5539 est
2266 5482 2387 5540 fons
2417 5484 2558 5549 vitae,
2584 5491 2640 5538 et
2663 5474 3152 5553 superem‘inentior
3176 5485 3284 5552 via,
3305 5499 3403 5556 per
3428 5488 3595 5564 quatit

2093 5649 2116 5707 ἒ
2144 5639 2305 5697 Edit.,
2334 5647 2481 5705 pater
2501 5653 2597 5707 pro
2618 5652 2779 5707 prter.

2095 5706 2116 5746 ί
2147 5707 2285 5762 Edit.
2297 5748 2311 5773 ,
2340 5706 2587 5777 obligare.

2094 5780 2121 5817 '
2152 5778 2316 5841 Edit.,
2347 5778 2611 5849 quoniam.
