4148 6344
631 323 768 382 1487
1429 316 1486 373 S.
1528 313 1882 373 PASCHASII
1920 311 2265 372 BADDERTI
2299 312 2588 372 ABBATIS
2625 316 3074 374 CORBEIENSIS
3748 323 3885 380 H88

627 453 787 496 nemo
811 434 1047 508 pollutus
1084 429 1298 498 transit,
1332 445 1398 487 ex
1428 445 1534 502 quo
1559 430 1649 501 qui
1674 429 1994 495 renascitur,
2024 427 2199 484 factus
2225 431 2277 491 Α
2302 430 2428 499 quia
2476 429 2619 485 velut
2671 430 2904 487 anchora
2937 439 3052 486 tuta
3091 440 3464 489 commoratur
3513 434 3570 492 in
3623 437 3893 509 adiutorio

623 540 708 586 est
738 530 880 586 ﬁlius
912 524 1251 598 adoptionis;
1285 525 1542 596 quoniam
1575 523 1698 580 fons
1740 523 1863 578 vitae
1913 530 2099 578 manat
2149 520 2204 576 in
2306 521 2589 590 Altissimi,
2613 532 2668 580 et
2712 527 3046 595 protectione
3073 525 3186 582 Dei.
3218 526 3312 583 His
3339 527 3672 585 inflammata
3709 533 3892 590 anima

621 642 689 684 eo
713 624 955 683 salientis
983 623 1037 678 in
1065 621 1229 676 vitam
1252 632 1532 676 aeternam.
1561 619 1667 675 Iste
1707 626 1792 674 est
1837 619 2027 675 hortus
2079 631 2205 671 eon-
2305 613 2595 670 luminibus
2623 614 2990 672 indesinenter
3029 619 3227 688 satagit
3271 621 3469 675 mentis
3498 621 3734 690 ,oculum
3777 638 3888 679 non

620 717 820 782 clusus,
853 715 970 771 fons
998 713 1263 785 signatus,
1292 713 1343 767 in
1369 727 1474 782 quo
1499 710 1816 766 emissiones
1869 717 1996 763 sunt
2043 722 2202 778 para-
2303 713 2548 761 avertere
2582 721 2612 761 a
2637 720 2850 763 summo
2880 709 3052 774 bono;
3080 710 3204 780 quia
3229 711 3442 781 quoties
3462 712 3529 767 ad
3558 727 3624 768 ea
3659 714 3888 785 respici-

619 808 742 865 disi.
776 805 913 862 [line
935 805 1131 877 quippe
1157 805 1210 860 in
1235 814 1545 859 sanctorum
1570 802 1840 857 mentibus
1879 799 1991 870 jam
2022 797 2195 864 floret,
2303 813 2442 864 mus,
2478 814 2598 869 quae
2643 800 2889 856 sensibus
2933 802 3469 872 comprehenduntur
3515 815 3570 862 et
3620 822 3883 877 corporea

615 907 678 955 ut
706 899 1099 956 fructiticarent
1126 897 1260 961 Deo,
1295 895 1348 950 in
1375 894 1645 950 charitate
1677 891 1923 957 radicati,
1969 898 2020 944 et
2077 889 2197 944 fun-
2301 898 2445 955 sunt,
2475 890 2628 960 quasi
2651 891 2854 962 depulsi
2888 907 2918 946 a
2949 892 3151 948 lumine
3192 893 3246 948 in
3292 895 3532 951 tenebris
3577 911 3878 965 versamur,

618 990 749 1047 dati.
790 989 996 1044 Idcirco
1017 986 1264 1059 quisquis
1290 985 1357 1040 ad
1377 985 1544 1039 vitam
1570 982 1812 1047 festinat,
1873 980 2194 1050 ebaritatem
2299 999 2399 1038 nec
2423 999 2516 1052 spe
2532 993 2712 1039 tamen
2742 986 2810 1040 ab
2834 985 2924 1040 illo
2953 987 3255 1053 avellimur,
3287 989 3381 1043 sed
3415 1003 3722 1054 manemus,
3753 993 3880 1062 quia

614 1085 924 1142 desinenter
947 1083 1048 1139 sibi
1075 1082 1190 1137 dari
1224 1089 1464 1151 exoptet,
1516 1079 1803 1147 datamque
1857 1073 2084 1137 excolat,
2136 1081 2196 1128 ut
2298 1074 2440 1128 Deus
2473 1075 2652 1130 cordis
2686 1076 2856 1131 nostri
2881 1091 3009 1146 pars
3043 1085 3226 1133 nostra
3252 1075 3428 1134 factus
3468 1088 3553 1134 est
3609 1081 3660 1134 in
3719 1089 3881 1137 aeter-

611 1188 669 1235 et
711 1177 882 1248 ipsam
935 1175 1282 1232 dilectionem
1321 1189 1497 1237 suam,
1551 1187 1656 1242 qua
1702 1170 1870 1225 Deum
1925 1167 2095 1238 diligit
2141 1173 2194 1221 et
2297 1181 2462 1220 num:
2498 1165 2735 1236 alioquin
2779 1167 3032 1223 recedere
3079 1169 3146 1224 ab
3188 1169 3311 1242 igne
3359 1171 3492 1225 tanti
3530 1171 3733 1227 amoris
3779 1171 3878 1226 fri-

608 1268 938 1340 proximum,
967 1265 1205 1336 quotidie
1232 1263 1510 1320 ardentius
1536 1262 1603 1318 ad
1635 1261 1802 1318 Deum
1827 1261 2045 1326 referat,
2065 1261 2190 1340 quia
2294 1270 2514 1325 gescel‘e
2568 1265 2684 1322 est;
2741 1256 2886 1312 aliud
2939 1273 3068 1314 Vero
3114 1274 3330 1325 amare.
3376 1259 3695 1324 fomicatio;
3736 1263 3878 1317 unde

608 1339 753 1419 Deus
777 1360 1033 1426 cbaritas,
1063 1357 1200 1414 nihil
1227 1356 1663 1430 negatcharitati
1693 1364 1910 1420 nostrae,
1940 1370 2045 1424 qua
2076 1339 2190 1424 ipse
2293 1348 2559 1418 Propheta
2587 1368 2600 1403 :
2638 1349 2794 1416 Ecce,
2827 1352 3020 1422 inquit,
3051 1353 3141 1424 qui
3179 1353 3423 1423 elongant
3468 1371 3524 1409 se
3569 1373 3601 1409 a
3642 1366 3691 1410 te
3736 1357 3876 1425 peri-

605 1454 866 1525 diligitur.
890 1452 1029 1508 Hinc
1054 1452 1250 1522 quippe
1273 1449 1473 1505 Paulus
1498 1448 1671 1519 inquit
1696 1465 1709 1501 :
1733 1447 1975 1503 Charitas
2001 1464 2185 1517 coopc-
2292 1441 2416 1495 bunt
2450 1439 2622 1511 (Psal.
2655 1460 2826 1509 Lxxu,
2848 1444 2940 1514 27)
2965 1461 2978 1510 ;
3018 1445 3162 1500 aliud
3201 1446 3399 1516 quippe
3425 1446 3700 1518 paulisper
3724 1461 3875 1504 rece-
3906 1430 3938 1525 τ’

605 1511 1088 1601 νὶιδιιιιιὶιιιάὶηεηί
1103 1511 1439 1614 peccatorum
1487 1540 1538 1610 (ι
1561 1511 1707 1596 f’etr.
1751 1555 1825 1606 tv,
1873 1540 1950 1610 8).
2008 1511 2103 1594 Et'
2129 1546 2188 1594 ut
2290 1533 2416 1588 dere
2441 1540 2544 1598 est,
2562 1534 2704 1588 aliud
2729 1511 3002 1605 elongare.
3041 1535 3174 1589 Nam
3203 1511 3480 1602 recedere,
3513 1537 3656 1592 aliud
3700 1538 3875 1595 inten-

603 1637 905 1694 evidentius
930 1636 1122 1706 loquar
1151 1652 1165 1689 :
1198 1635 1299 1691 Ubi
1327 1634 1568 1689 charitas
1596 1640 1806 1704 regnat,
1832 1631 1977 1685 nulla
2008 1630 2185 1686 valent
2289 1627 2415 1681 dere
2435 1635 2538 1690 est,
2562 1625 2814 1696 elongare
2829 1642 2958 1683 vero
2983 1643 3090 1683 non
3113 1629 3285 1684 solum
3307 1637 3522 1686 terrena
3537 1631 3869 1699 desiderare,

601 1729 1100 1800 delicta,'quoniam
1125 1727 1239 1798 ipsa
1261 1734 1346 1783 est
1367 1726 1488 1782 fons
1517 1725 1664 1792 vitae,
1714 1732 1771 1780 et
1810 1723 2011 1780 ablutio
2067 1739 2184 1779 om-
2215 1797 2249 1800 _
2287 1717 2382 1772 sed
2425 1718 2588 1773 etiam
2621 1727 2763 1774 auta
2807 1720 3140 1776 daemonibus
3177 1730 3454 1791 expetere,
3503 1731 3594 1778 aut
3623 1738 3686 1778 ea
3715 1725 3868 1794 quasi

599 1821 750 1878 nium
773 1797 1082 1879 οτίίηίηωη,
1148 1797 1159 1798 ί
2212 1797 2262 1859 Β
2287 1825 2554 1865 summum
2591 1810 2788 1867 bonum
2831 1812 3070 1884 diligere.
3103 1812 3310 1868 Tamen
3351 1815 3454 1870 etsi
3496 1816 3754 1872 recedere
3799 1817 3866 1872 ab

2287 1901 2584 1958 intentione
2627 1903 2827 1959 amoris
2874 1903 3225 1975 languescere
3263 1916 3369 1973 est,
3425 1924 3552 1978 quia
3584 1925 3710 1979 spes
3755 1927 3863 1968 non

2284 1995 2624 2066 abrumpitur
2665 1996 2806 2053 inter
2848 1997 3112 2069 procellas
3157 1998 3356 2065 saeculi,
3389 2000 3490 2056 sub
3531 2003 3864 2072 protectione

2283 2087 2378 2145 Dei
2408 2090 2732 2145 commorari
2771 2091 3036 2146 tutissima
3064 2091 3305 2147 anchora
3323 2101 3408 2148 est
3437 2111 3451 2146 :
3484 2095 3577 2149 sed
3605 2094 3632 2134 δ
3663 2104 3863 2164 quanto

2287 2179 2512 2251 tepidius
2567 2197 2821 2238 amamus
2852 2193 2902 2249 ο,
2962 2191 3109 2237 tanto
3167 2184 3345 2239 minus
3400 2185 3752 2251 attendimus,
3809 2196 3863 2244 et

2279 2282 2483 2343 quanto
2532 2274 2710 2330 minus
2759 2275 3107 2342 attendimus,
3156 2283 3306 2332 tanto
3354 2276 3474 2347 plus
3521 2279 3857 2351 elongamur.

2283 2363 2433 2420 Unde
2479 2367 2775 2422 cavendum
2825 2382 2894 2422 ne
2943 2367 3069 2422 dum
3116 2367 3240 2438 plus
3296 2368 3580 2441 elongatur
3627 2373 3857 2438 animus,

2277 2457 2574 2514 fornicctur
2602 2458 2678 2513 ἀι
2730 2457 3039 2526 Perdidisti,
3096 2460 3290 2531 inquit,
3339 2478 3517 2517 omnes
3567 2464 3660 2534 qui
3698 2463 3861 2532 forni-

2275 2560 2464 2605 cantur
2491 2551 2582 2606 abs
2613 2561 2663 2606 te
2689 2549 2861 2624 (Psal.
2895 2568 3066 2620 um,
3087 2554 3179 2626 27)
3205 2571 3219 2620 ;
3260 2555 3384 2625 quia
3423 2556 3668 2626 proferto
3697 2555 3859 2612 forni-

2275 2645 2418 2701 catio
2446 2655 2597 2702 casto
2628 2647 2799 2701 amori
2829 2648 3104 2703 contraria
3139 2659 3246 2703 est.

2340 2737 2396 2792 2.
2435 2735 2577 2792 Nihil
2633 2738 2775 2792 enim
2809 2739 2990 2793 anima
3028 2739 3138 2794 Deo
3169 2740 3324 2812 digna
3361 2743 3428 2798 ab
3466 2759 3669 2814 sponso
3696 2760 3852 2815 quem

2271 2827 2602 2900 diligitaliud
2620 2843 2780 2899 quam
2811 2829 2984 2900 ipsum
3019 2831 3263 2902 requirit,
3291 2847 3396 2887 non
3420 2833 3640 2889 divitias
3675 2846 3723 2902 ε,
3751 2851 3850 2891 non

2271 2920 2524 2987 honores,
2575 2937 2682 2978 non
2711 2939 2925 2989 aurum,
2961 2939 3066 2980 non
3113 2926 3332 2994 praedia,
3393 2942 3499 2982 non
3553 2929 3851 3001 voluptates

2267 3012 2448 3068 saeculi
2479 3026 2653 3083 neque
2691 3013 2792 3068 alia
2831 3030 2949 3084 quae
2992 3023 3118 3070 sunt
3157 3016 3211 3071 in
3268 3018 3488 3082 mundo,
3534 3020 3844 3088 quoniam‘

2267 3104 2437 3160 solum
2489 3113 2636 3159 amat
2685 3105 2740 3160 in
2787 3121 2893 3175 quo
2925 3106 3084 3161 habet
3126 3109 3328 3175 omnia,
3371 3125 3468 3180 per
3496 3127 3680 3181 quem,
3715 3113 3850 3167 sicut

1169 1951 1397 2011 CAPUT
1440 1951 1576 2008 XIV.

597 2069 677 2128 De
702 2086 762 2127 eo
786 2069 926 2142 quod
955 2068 1206 2140 scriptum
1225 2079 1306 2142 est
1332 2081 1351 2120 :
1384 2066 1513 2123 Mihi
1545 2072 1725 2121 autem
1751 2063 2028 2120 adhaerere
2070 2061 2181 2118 Deo

1221 2140 1424 2195 bonum
1452 2149 1554 2193 est.
1990 2189 2026 2219 '

664 2281 717 2337 Ι.
755 2277 893 2349 Quia
919 2277 987 2349 de
1019 2276 1284 2332 charitate
1313 2273 1514 2345 aliquid
1549 2271 1814 2329 diximus.
1840 2269 2038 2326 bonum
2063 2267 2179 2337 ejus

591 2347 926 2448 praegustare
950 2347 1503 2440 .debeniu's'L‘Bonum
1557 2381 1684 2439 ergo
1714 2363 1996 2421 charitatis
2031 2363 2175 2418 Deus

589 2467 828 2524 Trinitas
851 2473 958 2531 est,
985 2472 1041 2521 et
1063 2463 1176 2535 ipsa
1207 2461 1447 2518 Trinitas
1475 2461 1616 2516 Deus
1640 2458 1878 2516 charitas
1919 2465 2002 2512 est
2025 2471 2172 2510 sem-

583 2559 834 2634 piterna:
880 2558 1024 2630 quod
1047 2557 1304 2612 nimirum
1330 2555 1530 2612 bonum
1582 2551 1757 2609 solum
1791 2559 1847 2607 et
1897 2548 2173 2622 singulare

585 2652 789 2709 bonum
832 2658 937 2718 est,
989 2649 1077 2706 cui
1117 2649 1395 2704 adhaerere
1439 2645 1620 2701 vivere
1661 2652 1764 2708 est,
1822 2651 1951 2709 etc.,
2009 2640 2170 2697 intel-

582 2743 754 2816 ligere
777 2743 1081 2814 degustare.
1113 2739 1267 2796 Unde
1311 2739 1580 2811 Propheta
1615 2751 1631 2792 :
1671 2736 1803 2791 Mihi
1847 2746 2040 2801 autem,
2087 2734 2168 2788 in-

581 2833 722 2906 quit,
742 2833 1010 2888 adhatrere
1037 2831 1146 2886 Deo
1175 2832 1364 2885 bonum
1406 2839 1502 2894 est,
1537 2844 1726 2898 ponere
1775 2828 1830 2880 in
1860 2826 1970 2880 Deo
2021 2839 2164 2894 spem

581 2939 751 2980 meam
783 2921 955 2996 (Psal.
987 2937 1154 2985 uxu,
1189 2922 1304 2992 28),
1344 2931 1398 2977 et
1427 2922 1529 2976 hoc
1562 2928 1646 2974 est
1676 2919 1896 2974 bonum.
1946 2917 2004 2971 In
2053 2930 2166 2972 uno

577 3021 877 3083 eodemque
901 3019 1041 3076 bono
1060 3016 1214 3089 quasi
1244 3015 1514 3072 interdum
1542 3013 1645 3070 sibi
1677 3012 1960 3084 distinguit
1983 3012 2125 3067 bona
2143 3026 2157 3039 ·

577 3116 706 3185 quia
740 3096 883 3170 aliud
924 3103 1314 3168 est-adhaerere
1360 3111 1469 3165 Deo
1521 3123 1619 3165 oer
1642 3109 1661 3166 i
1668 3122 1907 3163 amorem
1955 3105 2158 3160 intelli-

574 3173 789 3279 genttm,
831 3204 975 3260 aliud
1003 3218 1100 3274 per
1121 3202 1449 3259 desiderium
1477 3203 1612 3272 spei.
1643 3200 1795 3269 Quod
1821 3200 1966 3256 enim
1996 3199 2155 3254 intel-
2186 3173 2231 3236 Ο
2263 3196 2454 3263 credit,
2483 3195 2625 3252 facta
2649 3207 2773 3252 sunt
2802 3173 3002 3254 omnia.
3021 3199 3158 3256 liinc
3182 3217 3395 3273 quoque
3422 3217 3638 3272 semper
3663 3213 3850 3262 castus

573 3299 763 3370 ligitur
799 3306 1008 3354 certum
1051 3305 1118 3369 et,
1144 3313 1332 3353 verum
1371 3304 1487 3362 est;
1536 3296 1630 3351 sed
1677 3311 1785 3351 non
1815 3310 1975 3350 omne
2013 3296 2155 3365 quod

570 3391 844 3448 credimus
899 3405 1109 3456 verum,
1159 3390 1406 3462 quamvis
1451 3405 1613 3461 supra
1661 3389 1893 3446 dixerim
1947 3390 2000 3444 in
2054 3390 2156 3445 hac

565 3481 1021 3555 peregrinatione,
1043 3482 1187 3553 quod
1214 3481 1485 3538 intellectu
1510 3481 1647 3537 fides
1666 3481 2012 3552 praestantior
2044 3480 2149 3546 sit;

567 3590 677 3632 non
702 3575 829 3648 quia
851 3575 1053 3632 certior
1074 3576 1140 3631 de
1168 3589 1258 3641 se;
1293 3576 1387 3631 sed
1415 3575 1542 3644 quia
1562 3575 1806 3630 instituta
1835 3592 1864 3630 a
1898 3574 2149 3641 veritate,

566 3669 842 3727 interdum
872 3682 900 3711 ι
932 3684 1212 3740 quousque
1238 3677 1530 3724 evacuetur
1553 3668 1696 3738 quod
1741 3684 1808 3723 ex
1845 3677 2000 3739 parte
2044 3676 2147 3733 est,

565 3761 914 3834 prastantior
937 3769 1040 3817 est.
1070 3761 1222 3817 Tunc
1248 3761 1462 3817 demum
1494 3759 1848 3829 intelligentia
1888 3758 2144 3824 critsola,

560 3867 660 3925 per
679 3867 841 3924 quam
872 3867 1086 3923 semper
1101 3851 1299 3908 cohaesi
1330 3867 1394 3907 ac
1424 3860 1721 3922 praesentes
1743 3852 1968 3907 erimus.
1995 3849 2147 3906 Nune

561 3952 744 3998 autem
773 3941 1035 4014 quidquid
1076 3951 1182 4009 est,
1229 3942 1371 4013 quod
1413 3943 1592 3997 minus
1626 3941 1997 4012 intelligimus,
2028 3957 2148 3997 cre-

561 4033 741 4091 dimus
765 4034 1161 4104 peregrinando
1199 4044 1254 4089 et
1276 4049 1574 4105 speramus.
1609 4035 1762 4090 Unde
1791 4035 2000 4091 duobus
2027 4035 2145 4090 istis

554 4120 674 4194 iam
696 4121 837 4176 beati
863 4137 1070 4188 sumus,
1101 4122 1445 4192 intelligendo
1474 4123 1697 4189 scilicet,
1737 4133 1792 4178 et
1832 4126 2140 4195 sperando;

557 4215 656 4272 sed
708 4214 1055 4288 intelligendo
1105 4216 1438 4272 cohaeremus
1493 4215 1622 4282 Deo,
1683 4218 1952 4286 sperando
2011 4230 2143 4273 vero

460 4344 468 4351 .
558 4305 1012 4379 peregrinamur,
1059 4306 1184 4378 quia
1235 4304 1484 4376 intelligit
1533 4305 1821 4361 admodum
1867 4321 1932 4361 ex
1986 4316 2141 4378 parte

559 4398 742 4454 anima
768 4397 1048 4455 rationalis
1080 4397 1249 4452 Deum
1303 4403 1357 4452 et
1390 4396 1650 4467 quidquid
1687 4405 1772 4453 est
1807 4398 1949 4466 quod
1979 4397 2136 4454 intel-

554 4488 675 4561 ligit
705 4490 896 4556 Deum,
938 4507 992 4546 in
1041 4498 1300 4561 quantum
1343 4489 1611 4561 intelligit,
1647 4495 1893 4558 Junctum
1924 4498 2028 4556 est,
2081 4498 2138 4546 et

554 4584 728 4640 lueret
758 4586 885 4640 Deo.
926 4582 1062 4638 Nam
1105 4583 1352 4654 intelligit
1396 4583 1598 4649 anima,
1629 4584 1773 4654 quod
1801 4583 1945 4640 Deus
1982 4599 2133 4639 sum-

553 4689 703 4731 mum
741 4682 798 4730 et
848 4672 1286 4729 incommutabile
1336 4674 1408 4728 sit
1457 4675 1700 4741 bonum,
1747 4675 1872 4744 quia
1921 4689 2137 4744 semper

555 4763 822 4834 ejusmodi
874 4773 976 4831 est,
1007 4773 1062 4820 et
1094 4779 1370 4835 nunquam
1401 4766 1603 4836 patitur
1640 4766 1995 4821 mutationem
2041 4764 2137 4821 ali-

553 4876 718 4931 quam
757 4879 771 4917 :
811 4860 1014 4916 idcirco
1041 4860 1132 4930 qui
1175 4875 1235 4915 se
1264 4859 1575 4915 mutabilem
1627 4862 1790 4915 sentit
1817 4860 2019 4915 bonum
2050 4865 2137 4914 est

551 4951 604 5006 ei
647 4951 912 5008 inhaerere
954 4952 1096 5008 bono
1153 4949 1598 5018 incommutabili,
1635 4960 1695 5005 ut
1744 4951 1940 5008 exinde
1964 4950 2142 5008 bonus

549 5053 899 5114 permaneat:
955 5051 1209 5099 caeterum
1246 5044 1386 5114 quod
1414 5044 1592 5098 minus
1622 5034 1889 5104 intelligit.
1938 5045 1990 5100 in
2039 5044 2130 5102 illo

549 5141 911 5208 transponere
939 5150 1155 5191 omnem
1183 5151 1333 5208 spem
1372 5151 1524 5192 suam
1593 5135 1770 5199 debet,
1786 5135 1958 5193 donec
2000 5153 2130 5208 pur-

551 5231 708 5295 getur
731 5224 917 5281 oculus
931 5225 1314 5298 intelligentia,
1332 5235 1387 5282 et
1399 5235 1728 5282 evacuentur
1743 5227 1900 5282 mala.
1920 5227 2126 5294 Quibus

551 5315 762 5374 duobus
791 5317 970 5373 anima
999 5316 1112 5389 jam
1139 5319 1295 5374 beata
1327 5318 1574 5386 eﬂicitur,
1600 5335 1659 5374 re
1685 5318 1936 5374 videlicet
1962 5329 2125 5392 atque

551 5418 667 5476 spe.
713 5407 816 5474 Re,
863 5409 989 5480 quia
1031 5409 1180 5465 videt
1203 5418 1259 5466 et
1282 5409 1557 5490 cognoscit
1596 5410 1794 5475 Deum;
1842 5424 1936 5480 spe
1974 5426 2121 5476 vero,

625 5581 652 5611 ι
687 5569 854 5636 Edit.,
885 5571 1110 5627 interim.

625 5639 654 5682 ι’
694 5641 862 5705 Edit.,
889 5643 1107 5696 scilicet.

623 5720 646 5784 ξ
691 5710 747 5764 In
773 5712 900 5767 edit.
918 5713 1081 5784 deest
1102 5721 1243 5765 tanto
1266 5712 1433 5765 minus
1458 5709 1794 5779 attendimus,
1839 5722 1886 5768 et
1926 5722 2119 5784 quanto

532 5779 728 5841 ,Μίνωι
749 5782 1082 5834 attendimus.

2261 3305 2414 3345 amor
2429 3289 2654 3346 devotus
2675 3291 2818 3345 dicat
2843 3310 2855 3345 :
2878 3291 3009 3346 Mihi
3033 3303 3210 3348 autem
3229 3295 3488 3351 adhwrere
3508 3295 3621 3350 Deo
3649 3296 3848 3353 bonum

2259 3391 2353 3446 est,
2379 3397 2570 3452 ponere
2585 3382 2638 3436 in
2663 3381 2882 3437 Domino
2903 3384 3006 3438 Deo
3023 3403 3165 3456 spem
3187 3385 3713 3459 meam(Psal.Lxxu,
3728 3389 3842 3460 28).

2259 3471 2371 3527 Hoc
2397 3473 2557 3543 igitur
2585 3483 2669 3529 cst
2694 3483 2862 3530 totum
2884 3475 3108 3544 bonum,
3137 3495 3245 3550 quo
3273 3479 3406 3534 nihil
3437 3481 3674 3552 amplius
3698 3482 3843 3538 inve-

2257 3565 2424 3630 nitur;
2459 3565 2553 3621 sed
2580 3575 2706 3622 tunc
2731 3567 2782 3622 ei
2802 3568 3200 3626 adhaerebimus
3229 3571 3508 3639 indefessi,
3541 3591 3668 3630 cum
3703 3576 3844 3631 vide-

2257 3657 2432 3714 bimus
2458 3674 2581 3714 eum
2612 3658 2748 3715 faeie
2778 3661 2845 3715 ad
2882 3661 3110 3730 faciem;
3143 3680 3286 3721 nunc
3315 3679 3445 3720 vero
3491 3667 3547 3722 in
3579 3677 3837 3738 quantum

2252 3764 2558 3819 possumus,
2591 3752 2717 3820 quia
2744 3767 2957 3824 semper
2983 3769 3088 3809 non
3116 3770 3420 3824 possumus,
3469 3757 3841 3813 adhaereamus

2250 3842 2298 3896 ei
2327 3856 2423 3913 per
2467 3844 2816 3912 desiderium,
2849 3847 3224 3904 adhzereamus
3253 3857 3308 3904 et
3353 3863 3453 3922 per
3481 3851 3834 3917 intellectum,

2249 3949 2316 3989 ne
2345 3934 2502 3999 forte,
2551 3935 2678 3991 dum
2729 3939 3056 4006 recedimus,
3102 3940 3518 4013 refrigeremur;
3571 3954 3664 3998 aut
3696 3953 3837 3999 certe

2247 4025 2392 4082 aliud
2444 4028 2674 4083 amando
2723 4028 3075 4085 fornicemur.
3133 4031 3238 4087 Sed
3279 4033 3404 4104 quia
3437 4035 3683 4090 continui
3721 4050 3835 4090 esse

2247 4135 2353 4175 non
2380 4134 2666 4190 possumus
2698 4120 2752 4177 in
2784 4121 2996 4179 fervore
3017 4124 3318 4192 charitatis,
3361 4141 3427 4180 eo
3463 4129 3606 4197 quod
3659 4127 3835 4183 minus

2245 4209 2639 4278 adhaereamus,
2700 4213 3079 4283 praegustando
3128 4214 3182 4268 in
3226 4213 3520 4280 intellectu,
3568 4233 3834 4286 ponamus

2244 4318 2394 4374 spem
2415 4313 2658 4361 nostram
2689 4305 2744 4360 in
2770 4306 2999 4364 Domino
3011 4309 3307 4375 Deo,velut
3335 4312 3632 4366 anchoram
3662 4322 3830 4367 tutam

2244 4397 2297 4454 in
2330 4399 2503 4455 ctelis.
2549 4399 2716 4467 Pone,
2750 4417 2954 4472 quaeso,
3005 4403 3206 4469 anima,
3246 4419 3396 4476 spem
3443 4414 3592 4460 tuam
3642 4406 3698 4460 in
3731 4405 3824 4460 Do-

2242 4490 2408 4557 mino,
2440 4493 2567 4563 quia
2603 4493 2832 4550 necdum
2870 4495 3044 4552 haeres
3081 4497 3132 4552 ei
3159 4513 3256 4569 per
3297 4499 3671 4568 praesentiam,
3696 4515 3827 4569 qua-

2242 4591 2398 4640 tenus
2451 4600 2546 4657 spe
2597 4585 2904 4642 firmissima
2971 4596 3081 4644 tota
3134 4589 3417 4645 inhaereas.
3484 4590 3825 4646 Altissimqu

2237 4692 2365 4749 ergo
2384 4677 2550 4734 habes
2574 4681 2811 4750 positum
2839 4680 3106 4754 refugium
3137 4689 3285 4736 tuum
3319 4682 3374 4736 in
3402 4681 3678 4750 adiutorio
3708 4682 3823 4746 Dei,

2236 4770 2336 4825 sub
2357 4770 2692 4841 protectione
2708 4771 2876 4842 ipsius
2904 4786 3276 4837 commorare;
3301 4787 3519 4827 sursum
3537 4780 3588 4826 te
3615 4771 3821 4837 attolle,

2235 4858 2363 4930 quia
2383 4859 2624 4931 gravitas
2651 4861 2953 4931 iniquitatis
2977 4862 3033 4916 in
3057 4861 3258 4918 talento
3281 4861 3486 4933 plumbi
3510 4863 3686 4929 sedet,
3702 4879 3819 4935 grao

2235 4952 2374 5008 vitas
2407 4966 2538 5008 vero
2563 4952 2843 5009 eharitatis
2869 4968 3084 5026 semper
3111 4954 3258 5010 velut
3284 4953 3504 5010 ﬂamma
3550 4956 3622 5012 ad
3651 4956 3819 5012 Deum

2237 5048 2382 5105 intus
2399 5049 2637 5106 anhelat.
2669 5051 2927 5108 Micantes
2952 5065 3082 5121 ergo
3098 5051 3420 5119 dilectionis,
3450 5065 3517 5106 ac
3542 5049 3817 5107 vibrantes

2235 5157 2448 5196 sursum
2479 5157 2693 5212 semper
2735 5141 2959 5199 affectus
3006 5151 3220 5211 movet;
3279 5143 3372 5199 sed
3427 5142 3573 5198 inter
3624 5154 3812 5199 secura

2234 5234 2545 5306 ﬂuctivagas
2574 5237 2761 5291 mundi
2790 5251 2954 5292 auras
2987 5251 3113 5307 spes
3148 5236 3255 5291 ﬁxa
3283 5236 3337 5291 in
3377 5237 3548 5292 Deum
3601 5239 3811 5295 manet;

2231 5327 2486 5396 quoniam
2514 5327 2630 5384 haec
2657 5339 2801 5393 sunt,
2850 5345 2968 5400 qua:
2998 5345 3090 5383 nec
3119 5327 3302 5382 oculus
3341 5327 3489 5392 vidit,
3537 5342 3632 5381 nec
3667 5323 3809 5378 auris

2230 5417 2448 5485 audivit,
2481 5434 2571 5472 nec
2597 5419 2652 5473 in
2675 5435 2765 5474 cor
2793 5419 3019 5475 hominis
3044 5418 3472 5483 conscenderunt,
3524 5433 3644 5472 qua:
3675 5429 3802 5487 pra:-

2299 5575 2322 5614 ιι
2365 5575 2532 5642 Ειιίι.,
2554 5575 2865 5645 fornicatur.

2303 5660 2322 5685 ε
2365 5647 2529 5711 1ἐόίι.,
2561 5647 2796 5703 delicias.

2301 5717 2319 5755 τ
2365 5716 2502 5772 Ezlit.
2517 5758 2531 5785 ,
2561 5720 2704 5788 quia.
