4148 6344
375 405 400 460 1
411 405 521 465 483

1331 404 1415 457 me
1457 401 1785 458 mssmxs
1826 402 1924 457 ss.
1969 400 2201 457 altrm
2242 403 2329 458 ΕΤ
2373 368 2663 458 VALERU.

3488 382 3632 464 1490

373 520 573 593 paravit
602 517 739 572 Deus
768 517 850 572 Itis
877 518 966 589 qui
987 517 1210 604 diligunt
1231 533 1348 571 eum
1377 515 1426 589 (1
1456 517 1578 570 Cor.
1613 532 1670 581 ll,
1704 516 1777 588 9).
1806 516 1945 586 Ergo
1972 520 2020 580 Α
2052 504 2117 570 de
2146 516 2249 579 his,
2283 516 2423 585 quod
2454 515 2562 571 dixi
2588 535 2601 583 ;
2637 517 2729 571 sed
2750 524 2806 571 ut
2836 517 3033 574 habeat
3052 518 3326 574 beatitudo
3348 527 3435 575 tua
3458 521 3636 578 adhuc

374 610 536 683 dilige
567 618 795 677 tantum,
824 619 881 667 et
916 610 1175 676 invenies,
1207 609 1464 680 quoniam
1498 619 1797 680 praeparata
1827 618 1953 666 sunt

372 711 499 759 ante
541 711 780 775 tempora
829 702 1109 759 smeularia
1156 702 1513 774 diligentibus.
1541 702 1766 759 ltilectio
1794 718 1949 758 nam-

371 809 478 866 que
521 793 635 850 sola
683 794 920 850 inveniet
975 810 1071 866 per
1106 794 1451 860 desiderium,
1492 795 1636 865 quod
1687 809 1810 864 spes
1837 792 1950 862 jam

372 900 518 948 tenet
543 905 640 963 per
667 888 827 946 fidem
873 890 1191 946 dilectionis.
1246 888 1437 961 Magna
1487 890 1650 960 igitur
1687 888 1766 944 vis
1821 888 1953 944 dile-

369 982 585 1048 ctionis,
612 996 732 1052 qua:
782 981 904 1036 talia
956 982 1385 1053 comprehendit,
1431 980 1607 1050 qualia
1636 995 1736 1036 nec
1763 980 1952 1037 oculus

367 1071 523 1137 vidit,
553 1086 654 1127 nec
683 1071 829 1129 auris
872 1071 1094 1136 audivit,
1125 1086 1301 1142 neque
1349 1071 1404 1126 in
1445 1086 1539 1126 cor
1568 1070 1801 1126 hominis
1855 1085 1946 1125 as-

368 1160 695 1228 cenderunt;
727 1161 821 1217 sed
846 1161 1115 1217 dilectioni
1138 1169 1324 1233 parata
1340 1170 1464 1218 sunt
1491 1161 1557 1216 ab
1578 1169 1801 1217 aeterno.
1822 1158 1952 1227 Quae

275 1255 279 1258 ’
366 1253 622 1308 nimirum
674 1252 912 1319 dilectio,
951 1268 1071 1325 quae
1113 1254 1168 1308 in
1208 1253 1371 1309 corde
1398 1253 1565 1316 venit,
1616 1253 1796 1308 omnia
1845 1252 1950 1307 ista

367 1343 753 1414 apprehendit;
789 1344 1126 1415 apprehensa
1173 1359 1302 1399 vero
1330 1343 1544 1413 diligit:
1600 1358 1763 1413 quam
1817 1355 1949 1412 pro-

365 1431 510 1490 fe'cto
557 1434 900 1492 dilectionem
929 1436 1106 1489 anima
1142 1435 1187 1490 si
1230 1451 1336 1491 non
1367 1434 1631 1500 amiserit,
1680 1433 1799 1489 sine
1846 1432 1951 1488 [ine

362 1525 522 1582 beata
547 1527 628 1582 sui
664 1527 846 1598 sponsi
881 1527 1052 1583 dulcis
1073 1525 1286 1583 fruetur
1311 1527 1668 1597 amplexibus.

435 1619 490 1674 5.
533 1618 664 1677 Haec
684 1627 845 1689 prout
865 1620 1036 1690 potui,
1060 1619 1242 1686 Pater,
1270 1621 1397 1689 quia
1436 1619 1616 1690 petisti
1644 1617 1795 1682 olim,
1822 1616 1951 1673 licet

365 1708 420 1764 in
444 1708 629 1764 multis
663 1719 980 1782 occupatus,
1005 1711 1230 1767 devotus
1255 1709 1459 1776 obtuli;
1485 1725 1593 1765 non
1636 1715 1698 1765 ut
1723 1705 1950 1764 subiciat

435 1830 465 1862 ι
498 1820 558 1876 In
580 1821 713 1878 edit.
740 1822 895 1903 deest
916 1833 1012 1880 est.

2059 607 2336 678 tyronibus
2380 607 2523 678 quod
2559 608 2811 664 exhibeat
2862 609 2928 664 de
2968 608 3139 666 tribus
3178 610 3299 666 istis
3341 612 3634 668 virtutibus

2055 698 2171 755 sine
2201 698 2396 770 quibus
2426 714 2586 757 nemo
2612 710 2696 756 est
2729 712 2756 742 ι
2787 699 3147 758 Christianus.
3184 700 3421 770 Quarum
3471 703 3637 776 igitur

2054 780 2263 848 summa
2286 793 2524 848 omnium
2551 792 2954 864 Scripturarum
2974 804 3286 850 sanctarum
3315 795 3496 867 explet
3521 794 3607 853 elo

2052 884 2199 955 quia.
2229 882 2372 952 Quas
2397 885 2488 955 qui
2534 884 2784 940 habuerit
2819 899 2925 940 non
2955 892 3281 953 atramento,
3311 886 3405 943 sed
3428 884 3637 960 Spiritu

2053 983 2242 1031 sancto
2267 975 2498 1046 scriptas
2535 976 2591 1031 in
2619 976 2965 1047 praecordiis,
3007 977 3170 1033 habet
3189 993 3405 1035 omnem
3440 978 3637 1036 intelli-

2052 1066 2285 1138 gentiam
2308 1082 2490 1122 rerum
2520 1067 2840 1139 spiritalium
2856 1068 2910 1125 in
2942 1068 3123 1125 terris.
3152 1068 3210 1125 In
3229 1070 3391 1127 terris
3411 1071 3633 1144 quippe,

2052 1157 2176 1227 quia
2208 1159 2642 1230 peregrinamnr,
2672 1159 2765 1214 sed
2801 1159 3097 1215 secundum
3123 1160 3421 1233 spiritalem
3458 1163 3634 1220 homi-

2051 1265 2171 1305 nem
2199 1251 2438 1320 quotidie
2483 1249 2871 1307 fructiticantes
2921 1266 3019 1323 per
3056 1253 3385 1325 agnitionem
3415 1253 3510 1311 Dei
3538 1267 3630 1311 rc—

2010 1342 2013 1347 ’
2040 1359 2313 1399 novamur
2345 1344 2398 1399 in
2433 1343 2605 1400 caelis.
2638 1344 2741 1399 Per
2764 1345 3011 1401 eumdem
3038 1344 3351 1417 largitorem
3381 1346 3626 1404 omnium

2048 1434 2334 1499 bonorum,
2389 1442 2446 1490 et
2511 1444 2787 1491 auctorem
2854 1434 3048 1491 harum
3105 1436 3366 1492 virtutum
3440 1434 3626 1493 Jesum

2050 1524 2344 1593 Christum,
2375 1527 2466 1598 qui
2508 1543 2633 1585 cum
2676 1527 2838 1584 Patre
2882 1537 2940 1585 et
2967 1527 3172 1600 Spiritu
3201 1537 3389 1586 sancto
3412 1528 3545 1585 vivit
3573 1535 3634 1586 et

2008 1618 2017 1701 '_
2051 1631 2238 1692 regnat
2267 1621 2410 1678 Deus
2445 1635 2542 1692 per
2586 1620 2909 1679 immortalia
2948 1621 3164 1690 saecula,
3191 1630 3247 1679 et
3283 1622 3339 1679 in
3365 1631 3629 1680 aeternum

2049 1713 2382 1773 benedictus.
2416 1715 2550 1771 Ame

364 2000 3626 2045 mw

856 2136 1001 2253 8.
1076 2136 2048 2253 PASCEASII
2122 2143 2907 2259 B‘ADBER
2925 2146 3121 2260 TI
3210 2169 3220 2181 '

1607 2329 2056 2388 CORBEIENSIS
2089 2330 2381 2393 ABBATIS
2472 2406 2485 2423 _

589 2485 769 2600 DE
855 2484 1535 2603 PASSIONE
1622 2486 1823 2603 SS.
1920 2490 2407 2609 RUFINI
2493 2496 2675 2609 ET
2761 2497 3377 2618 VALERII.

1155 2684 1329 2749 (Juxta
1359 2686 1620 2738 editionem
1638 2684 1904 2751 Sirmondi,
1930 2685 2057 2760 Opp.
2082 2688 2336 2744 Psschssli
2357 2689 2638 2758 Bsdbertt.)

1764 2817 2155 2844 _-—-_

340 2885 758 3005 .A‘Ranpsnrus
828 2895 1171 2957 Corbeiensis
1242 2899 1412 2958 abbas
1435 2943 1450 2970 ,
1524 2904 1938 2993 Confessoribus
1965 2911 2016 2972 Β
2037 2907 2207 2979 ianua
2229 2927 2476 2984 supernae
2503 2916 2993 2990 contemplationis.
3025 2919 3158 2991 Quae
3181 2932 3387 2995 quanto
3419 2922 3629 3005 majora

362 2989 586 3048 Christi.
987 3036 995 3043 .

338 3086 351 3095 ‘
430 3079 516 3139 Ad
567 3084 883 3140 memoriam
933 3094 1243 3143 sanctorum
1292 3099 1590 3164 martyrum
1642 3093 1823 3151 Rufini
1877 3111 1944 3153 ac

364 3178 563 3235 Valerii
588 3190 634 3233 α.
674 3178 806 3234 Cum
834 3193 933 3236 nos
954 3180 1362 3252 supplicationis
1389 3185 1671 3244 detulisset
1696 3188 1941 3257 allectus,

361 3270 578 3328 oblatus
603 3277 686 3328 est
730 3270 886 3328 nobis
926 3274 1241 3331 certaminis
1287 3290 1476 3332 eorum
1513 3277 1749 3348 libellus,
1791 3280 1945 3350 cujus

356 3363 604 3430 historiae
659 3365 1007 3436 depravatam
1050 3367 1241 3423 videns
1295 3368 1527 3435 seriem,
1582 3385 1675 3426 seu
1725 3380 1946 3443 propter

363 3457 765 3527 antiquitatem,
797 3471 891 3512 seu
916 3466 1141 3529 propter
1177 3458 1457 3528 scriptoris
1487 3460 1834 3531 imperitiam,
1878 3463 1947 3518 ad

362 3550 750 3607 emendatioris
776 3549 897 3622 styli
928 3548 1157 3605 formam
1204 3549 1498 3607 transferre
1547 3561 1773 3609 conatus
1801 3569 1944 3619 sum,

362 3643 669 3716 petentibus
692 3642 747 3698 id
795 3642 970 3712 ipsum
999 3640 1106 3697 loci
1155 3641 1322 3712 ipsius
1350 3641 1766 3700 habitatoribus.
1799 3643 1946 3701 Reli-

362 3740 570 3812 giosum
612 3755 760 3803 sane,
818 3748 877 3794 ut
929 3739 1221 3806 credimus,
1252 3740 1591 3811 obsequium,
1625 3758 1688 3797 ac
1739 3744 1943 3799 sanctis

362 3832 691 3905 martyribus
713 3833 958 3904 dignum,
1002 3840 1063 3888 ut
1106 3847 1335 3903 quorum
1365 3833 1610 3889 doctrina
1636 3835 1761 3890 vitae
1791 3835 1946 3892 nobis

361 3924 467 3979 iter
516 3932 793 3981 ostensum
836 3934 939 3992 est,
973 3938 1202 3995 quorum
1242 3924 1505 3995 exemplis
1562 3925 1629 3980 ad
1680 3926 1944 4003 virtutum

362 4015 540 4071 studia
575 4015 766 4072 imbuti
792 4032 996 4082 sumus,
1025 4031 1254 4088 quorum
1295 4016 1549 4089 precibus
1576 4018 1851 4083 salvamur
1881 4036 1945 4076 ac

362 4096 615 4179 praesidio
666 4109 1020 4179 protegimur,
1071 4123 1258 4165 eorum
1303 4124 1518 4180 quoque
1564 4111 1841 4179 victorias,
1877 4112 1946 4168 ad

364 4208 565 4256 nostra;
609 4198 918 4271 fragilitatis
948 4201 1362 4269 institutionem,
1410 4202 1757 4259 monimentis
1798 4204 1943 4261 inse-

2046 3002 2157 3059 sint
2206 3020 2369 3075 quam
2415 3007 2583 3063 vestis
2616 3016 2710 3093 aut
2755 3010 2931 3083 pulvis
2961 3029 3271 3085 corporum,
3320 3002 3632 3091 quanquam

2047 3101 2380 3161 sanctorum,
2410 3095 2567 3153 facile
2596 3101 3022 3170 comprehendit,
3066 3105 3371 3177 quicunque
3399 3109 3635 3180 pruden-

2049 3191 2132 3239 ter
2158 3185 2408 3241 advertit.
2440 3186 2532 3242 llla
2579 3188 2843 3259 siquidem
2900 3193 3291 3265 corruptibilia,
3344 3197 3461 3254 haec
3505 3213 3628 3269 per-

2049 3280 2355 3346 manentia;
2390 3279 2479 3335 illa
2507 3289 2741 3347 terrena,
2773 3285 2891 3341 hate
2914 3286 3189 3353 ctelestia;
3238 3287 3327 3344 illa
3353 3290 3630 3361 mortalia,

2046 3372 2160 3428 haec
2194 3374 2552 3444 sempiterna;
2592 3377 2648 3431 in
2678 3377 2785 3435 illis
2814 3380 3003 3449 prima:
3033 3384 3480 3455 transgressionis
3505 3402 3634 3445 sen-

2051 3463 2215 3518 tentia
2236 3474 2615 3535 praesentatur,
2630 3467 2686 3523 in
2710 3468 2831 3526 istis
2856 3485 3009 3527 novae
3030 3471 3299 3532 libertatis
3319 3475 3458 3532 dona
3480 3493 3629 3535 com-

2047 3553 2371 3621 probantur;
2414 3564 2599 3628 utque,
2630 3558 2776 3629 quod
2816 3568 2922 3628 est,
2955 3561 3217 3633 dicamus,
3242 3563 3318 3621 illi
3347 3581 3493 3638 quon
3523 3567 3624 3625 ho-

2047 3647 2195 3701 noris
2220 3656 2365 3711 sunt,
2396 3648 2539 3718 quod
2586 3649 2770 3720 gloriae
2804 3653 2907 3708 ista
2942 3655 3245 3725 contulere,
3289 3658 3406 3716 haec
3446 3669 3630 3718 autem

2046 3736 2114 3791 ab
2145 3736 2250 3792 illis
2284 3736 2555 3794 defectum
2585 3743 2763 3812 potius
2790 3744 3082 3815 pertulere,
3130 3763 3291 3819 quam
3340 3765 3632 3825 suscepere

2046 3829 2365 3899 profectum.
2417 3830 2625 3903 Corpus
2677 3851 2909 3908 namque
2940 3840 3084 3909 quod
3114 3844 3502 3915 corrumpitur,
3533 3847 3632 3903 de-

2046 3924 2233 3994 primit
2260 3925 2562 3982 honestatis
2582 3943 2646 3984 ac
2673 3930 2950 4000 sapientiae
2987 3935 3264 4004 meritum,
3295 3953 3405 3994 non
3430 3937 3628 4007 elevat,

2046 4022 2100 4070 et
2125 4017 2274 4072 carni
2297 4026 2350 4072 et
2383 4020 2628 4089 sanguini
2656 4022 2830 4078 amica
2861 4033 2985 4080 sunt
3014 4026 3163 4094 vitia,
3195 4029 3484 4088 contraria:
3522 4031 3633 4088 vir-

2049 4116 2209 4165 tutes.
2242 4108 2375 4166 Cum
2402 4110 2517 4168 haec
2557 4112 2631 4168 ita
2660 4130 2719 4170 se
2748 4115 3003 4184 habeant,
3042 4133 3220 4176 nonne
3251 4120 3465 4179 videtur
3490 4122 3630 4180 indi-

2046 4216 2230 4270 gnum,
2276 4203 2402 4258 dum
2452 4204 2543 4260 illa
2588 4206 2759 4264 thecis
2796 4211 2977 4268 aureis
3019 4212 3344 4283 vestiantur,
3392 4215 3634 4288 pretioso

365 4305 571 4354 ramus,
604 4304 704 4345 nec
738 4291 917 4361 perire
954 4306 1051 4368 per
1091 4291 1432 4364 negligentia:
1473 4303 1746 4364 torporem
1770 4296 1944 4364 patia-
1972 4276 2021 4342 Ο
2052 4289 2228 4361 lapide
2262 4292 2611 4361 adornentnr,
2652 4299 2696 4353 si
2752 4299 2967 4357 sordide
3019 4303 3126 4359 ista
3186 4313 3244 4359 et
3293 4276 3630 4381 negligenter

365 4397 489 4437 mur
519 4382 704 4440 utilem
734 4383 895 4439 nimis
916 4392 1077 4454 atque
1107 4384 1399 4440 salutarem
1427 4385 1636 4441 cunctis
1660 4385 1747 4456 pie
1770 4385 1944 4457 legen-

365 4476 511 4533 tibus
534 4485 874 4548 provectum.
922 4477 981 4533 Si
1009 4478 1153 4532 enim
1183 4479 1351 4535 vestis
1401 4478 1607 4551 exiguae
1655 4479 1941 4550 particula,

362 4566 451 4625 vel
477 4569 721 4625 modicus
748 4568 973 4625 resoluti
1001 4569 1303 4638 corpusculi
1326 4568 1521 4637 pulvis,
1545 4571 1610 4624 de
1635 4578 1945 4626 sanctorum

367 4662 645 4718 memoriis
691 4672 1055 4732 comparatus,
1107 4661 1373 4718 ineffabile
1414 4661 1658 4719 ﬁdelibus
1706 4664 1946 4734 prtebere

365 4753 724 4824 patrocinium
778 4752 1039 4820 creditur,
1089 4753 1212 4825 quis
1263 4754 1421 4824 digne
1447 4752 1532 4809 vel
1563 4753 1836 4825 explicare
1864 4753 1945 4809 vel

368 4844 608 4915 cogitare
671 4843 849 4900 valeat
896 4859 1083 4901 eorum
1139 4845 1245 4900 vita
1299 4845 1635 4917 virtutesque
1689 4855 1944 4916 quantam

368 4934 560 4989 salutis
608 4936 890 4991 materiam
930 4933 1215 4991 conferant
1243 4936 1452 4992 devotis
1483 4936 1771 5002 mentibus,
1821 4951 1946 4992 cum

369 5026 734 5096 replicantur?
758 5026 887 5084 Inde
915 5027 1147 5100 namque
1174 5028 1305 5085 ﬁdes
1331 5030 1600 5095 firmatur,
1630 5028 1803 5099 pietas
1841 5045 1946 5084 nu-

371 5117 550 5183 tritur,
583 5119 768 5175 mundi
809 5131 1150 5193 contemptus
1192 5122 1456 5188 nascitur,
1504 5122 1829 5179 desiderium
1856 5137 1947 5178 su-

369 5222 665 5278 pernorum
693 5220 999 5282 generatur,
1022 5222 1099 5279 et,
1127 5221 1186 5268 ut
1215 5222 1383 5269 totum
1416 5214 1655 5269 breviter
1683 5213 1943 5275 dicamus.

370 5311 518 5351 mors
548 5297 815 5368 aufertur,
844 5301 957 5356 vita
984 5300 1230 5374 largitur.
1263 5302 1353 5358 Sic
1391 5302 1536 5358 enim
1567 5302 1835 5370 Salvator,
1858 5319 1947 5372 qua

371 5388 558 5455 credit,
586 5389 781 5462 inqttit,
803 5392 856 5446 in
901 5410 1006 5460 me,
1046 5395 1201 5449 etiam
1231 5395 1275 5448 si
1323 5403 1557 5449 mortuus
1601 5393 1780 5465 fuerit,
1821 5395 1946 5449 vivet

372 5475 558 5551 (Joan.
588 5483 687 5552 st).
717 5481 801 5538 Ad
844 5486 1296 5541 resurrectionem
1321 5486 1552 5556 denique
1593 5500 1661 5542 ex
1694 5487 1945 5553 mortuis,

373 5571 442 5626 ad
471 5571 892 5645 immortalitatis
933 5578 1135 5634 bonum
1162 5590 1455 5650 perpetuae,
1484 5579 1710 5635 historia
1734 5589 1948 5636 sancto-

375 5677 516 5733 rum,
533 5665 862 5724 incentivum
882 5679 968 5726 est
997 5670 1320 5739 sanctitatis,
1344 5670 1540 5744 gradus
1562 5670 1946 5742 provectionis,

448 5811 478 5841 ι
517 5800 799 5864 xvat'al.
830 5803 944 5860 Jul.

2046 4383 2378 4440 habeantur?
2409 4385 2562 4454 Quod
2592 4388 2671 4454 fit,
2711 4394 2928 4460 quando
2969 4393 3050 4449 vel
3079 4396 3149 4452 ad
3175 4399 3494 4454 memoriam
3524 4414 3632 4472 po-

2045 4476 2308 4532 steritatis
2335 4494 2441 4533 non
2497 4488 2829 4548 statuuntur,
2885 4484 2971 4541 vel
3023 4488 3415 4545 sententiarum
3465 4499 3632 4563 atque

2048 4569 2335 4625 verborum
2357 4569 2504 4626 vitiis
2547 4571 2763 4640 violata,
2808 4575 2874 4631 ad
2913 4576 3190 4648 dignitatis
3238 4581 3482 4639 habitum
3510 4598 3623 4641 non

2046 4656 2428 4714 reformantur.
2458 4659 2575 4715 Non
2607 4663 2753 4734 quod
2805 4665 3065 4724 virtutum
3103 4669 3335 4744 insignia
3384 4680 3441 4730 et
3473 4682 3631 4746 gesta

2045 4756 2351 4804 sanctorum
2397 4754 2679 4822 stupenda,
2736 4753 2890 4814 fucos
2924 4760 3211 4817 verborum
3256 4770 3420 4835 atque
3465 4778 3629 4821 orna-

2048 4847 2227 4894 menta
2252 4841 2531 4911 requirant
2557 4845 2841 4915 orationis,
2873 4850 2971 4907 sed
2996 4853 3138 4923 quod
3162 4853 3392 4927 simplex
3433 4871 3626 4915 eorum

2045 4937 2207 4999 atque
2228 4930 2491 4988 naturalis
2510 4933 2762 5004 prolatio,
2791 4937 3043 4996 distincta
3086 4951 3268 5000 tamen
3296 4954 3349 5003 et
3392 4946 3625 5007 honesta

2045 5020 2209 5077 debet
2228 5023 2405 5093 specie
2428 5025 2657 5094 enitere,
2680 5043 2748 5085 ne
2775 5045 2955 5088 sermo
2983 5032 3240 5093 confusus
3273 5045 3330 5094 et
3371 5038 3630 5100 horridus

2044 5126 2151 5168 non
2178 5113 2431 5184 instruat,
2465 5119 2562 5175 sed
2602 5116 2837 5176 offendat
2863 5124 3184 5184 auditorem.
3217 5128 3389 5187 Porro
3432 5146 3627 5205 quem-

2045 5205 2332 5263 admodum
2382 5208 2495 5266 vita
2542 5221 2852 5270 sanctorum
2923 5214 3209 5291 diligenter
3276 5232 3438 5295 atque
3502 5234 3628 5298 apto
3688 5216 3693 5223 ’

2046 5298 2313 5371 descripta
2362 5301 2546 5362 laudes
2587 5321 2775 5362 eorum
2822 5308 3032 5380 dilatat,
3076 5314 3154 5373 ita
3194 5330 3410 5388 quoque
3457 5319 3629 5391 negli-

2044 5391 2257 5460 gentius
2312 5393 2498 5451 habita
2528 5436 2545 5462 ,
2610 5397 2837 5467 gloriam
2897 5416 3087 5461 eorum
3156 5406 3453 5477 diminuit,
3515 5411 3626 5469 Ἐο-

2047 5481 2226 5539 clesiae
2250 5482 2450 5543 famam
2482 5488 2783 5559 obnubilat,
2834 5493 3036 5553 Christi
3077 5499 3360 5558 victoriam
3390 5502 3623 5560 abscon-
3711 5480 3719 5485 ’

2049 5576 2145 5634 dit.
2233 5578 2422 5652 Neque
2483 5583 2602 5640 lateo
2658 5584 2940 5659 loquentes
3023 5596 3228 5654 sanctis
3308 5598 3626 5672 pignoribus

2055 5671 2380 5744 derogamus
2399 5712 2417 5743 ,
2476 5677 2911 5759 quandoquidem
2954 5688 3165 5751 cunctis
3211 5689 3300 5763 pie
3344 5671 3407 5751 se
3459 5708 3655 5765 vene;.

3607 5836 3611 5841 ⁷
3633 5826 3655 5904 ἒ
