4082 6328
8 3308 11 3413 ω

7 3550 11 3615 γ

606 377 732 432 lilii

1386 374 1443 430 S.
1486 372 1839 431 PASCHASII
1873 372 2218 429 ιιΑυΒΕιιτι
2261 371 2549 427 ABBATIS
2586 371 3030 431 CORBEIENSIS

3729 376 3871 434 “93

591 492 836 546 rentibus
861 530 875 554 ,
935 497 989 544 et
1052 497 1399 560 peccatorum
1476 486 1756 543 obtineant
1812 486 2022 542 veniam
2047 524 2064 549 ,
2120 492 2174 539 et
2202 488 2248 546 Α
2280 500 2397 539 rum
2426 486 2837 555 procurationes
2877 488 3355 557 administrabant,
3387 492 3719 547 cernebatur
3751 492 3870 549 ubi-

589 586 846 639 virtutum
904 589 1160 652 praestent
1234 577 1549 651 suﬂ'ragium
1576 619 1591 645 ,
1673 588 1729 633 et
1792 575 2169 633 immortalita-

538 665 549 675 ’
592 679 661 734 tis
703 676 994 744 ,conferant
1045 673 1259 747 gaudia.
1317 671 1424 729 Sed
1482 679 1543 727 ut
1610 672 1712 726 ista
1774 670 2166 742 suspicientes,

593 767 895 825 doctrinam
924 768 1202 837 vitamque
1230 758 1438 831 eorum,
1474 778 1703 835 quorum
1733 771 1859 819 sunt
1887 763 1940 818 in
1968 761 2170 820 sanctis

592 857 866 915 cineribus
913 857 1212 923 memoriae,
1251 862 1308 911 et
1334 853 1524 910 audire
1565 853 1965 921 desideremus,
1996 862 2050 910 et
2075 869 2167 909 an-

593 951 706 1007 dita
736 948 916 1005 cordis
950 957 1160 1021 secreto
1205 948 1524 1004 mandemus
1550 963 1566 1004 :
1594 955 1655 1003 ut
1697 962 1926 1019 quorum
1956 947 2169 1004 cineres

591 1045 785 1098 devoto
829 1055 1144 1098 reveremur
1199 1040 1460 1110 obsequio
1483 1080 1499 1106 ,
1550 1054 1739 1095 eorum
1783 1038 1964 1095 vultus
2016 1054 2169 1095 mens

541 1137 549 1147 '
590 1144 771 1191 nostra
814 1135 935 1190 viva
982 1148 1196 1207 semper
1227 1132 1625 1206 contempletur
1653 1133 1834 1204 specie
1856 1173 1871 1198 ,
1904 1141 2168 1203 quatenus

590 1229 810 1303 spiritus
837 1236 1026 1283 noster
1051 1243 1238 1283 eorum
1272 1242 1485 1303 semper
1517 1226 1732 1300 spiritui
1760 1227 2004 1299 junctus,
2030 1241 2167 1297 quos

590 1319 827 1375 mundus
856 1320 1020 1376 habet
1047 1319 1332 1386 occiduos,
1363 1334 1453 1373 nos
1490 1317 1882 1391 amplectamur
1902 1317 2162 1372 viventes.

591 1412 697 1468 Nec
721 1414 863 1468 enim
886 1409 1010 1482 jure
1032 1420 1289 1483 putantur
1317 1410 1586 1475 absentes,
1618 1410 1812 1481 quibus
1839 1425 1937 1480 per
1959 1423 2165 1464 memo-

590 1506 724 1560 riam
765 1514 1185 1576 praesentamur,
1234 1518 1332 1577 per
1377 1519 1615 1563 amorem
1657 1503 1988 1560 cohaeremus
2012 1544 2027 1569 ,
2067 1518 2166 1574 per

587 1604 864 1669 aspectum
891 1596 1071 1652 cordis
1098 1594 1440 1666 alloquimur.
1473 1595 1588 1664 Qua
1617 1596 1683 1650 de
1715 1612 1792 1662 re,
1832 1595 2024 1650 merito
2066 1609 2166 1650 nos

588 1686 987 1757 redarguendos
1033 1702 1141 1741 non
1177 1686 1404 1749 aestimo,
1433 1684 1689 1755 quoniam
1734 1684 2037 1739 studuimus
2066 1681 2165 1737 de-

584 1786 802 1847 pravata
846 1776 1142 1848 corrigere,
1190 1776 1487 1832 inveterata
1519 1790 1793 1846 reparare,
1822 1773 2161 1845 quandooui-

2277 590 2382 645 que
2409 590 2561 631 sacer
2584 586 2904 644 conventus,
2932 582 3237 637 sanctitatis
3272 582 3423 639 stolis
3468 595 3526 639 et
3572 586 3866 656 probitat's

2274 664 2571 737 insignibus
2593 667 2836 733 radiare;
2865 669 2916 724 in
2947 669 3085 737 foro,
3113 670 3164 727 in
3195 672 3406 744 plateis,
3440 674 3493 729 in
3526 675 3778 743 urbibus,
3808 677 3864 735 in

2272 755 2418 825 agris
2457 754 2573 811 laus
2600 755 2802 813 Christi
2857 761 3202 831 personabat.
3247 763 3687 832 Destruebantur
3712 767 3859 838 fans,

2272 845 2560 903 simulacra
2613 847 3131 922 confringebantur,
3189 852 3295 910 luci
3341 857 3858 929 snecendebantnr;

2273 941 2470 1010 templa
2525 955 2655 997 vero
2704 958 2937 1012 superno
2983 943 3119 1016 Regi
3177 946 3619 1017 fabricabantur,
3664 952 3859 1009 altaria

2270 1032 2635 1102 erigebantur,
2676 1042 2910 1089 catervae
2948 1035 3265 1106 populorum
3304 1038 3370 1093 ad
3403 1041 3672 1097 ecclesias
3701 1043 3862 1098 innu-

2270 1122 2561 1179 merabiles
2588 1124 2945 1190 confluebant,
3004 1129 3189 1200 hymni
3221 1147 3341 1187 cum
3380 1134 3579 1203 gaudio
3615 1136 3859 1191 celebra-

2267 1210 2487 1278 bantur,
2515 1213 2774 1271 lectiones
2800 1228 3021 1287 sanctte,
3043 1235 3163 1275 cum
3193 1222 3403 1279 timoris
3430 1225 3664 1281 horrore
3688 1229 3856 1281 divini

2268 1303 2659 1362 recitabantur.
2689 1308 2896 1365 Interea
2923 1311 3145 1371 verbum
3169 1313 3289 1380 Dei,
3322 1317 3469 1371 omni
3498 1318 3675 1379 :etati,
3706 1321 3854 1374 (ηιιηὶ

2267 1395 2446 1462 sexui,
2475 1397 2741 1455 universa:
2766 1398 3083 1469 conditioni,
3104 1405 3397 1459 secundum
3426 1407 3857 1480 uniuscujusque

2269 1486 2637 1560 intelligentia:
2680 1504 3017 1559 mensuram,
3045 1512 3076 1549 a
3117 1496 3450 1567 principibus
3476 1498 3857 1555 Ecclesiarum

2268 1578 2625 1637 dividebatur.
2658 1581 2783 1639 Dies
2815 1583 2939 1640 festi
2978 1601 3101 1641 cum
3143 1588 3439 1659 spiritualis
3475 1602 3603 1647 voto
3656 1591 3859 1650 laetitia

2268 1668 2619 1739 ducebantur,
2648 1676 2925 1730 memoria:
2968 1688 3277 1734 sanctorum
3322 1681 3531 1738 caelesti
3570 1684 3690 1756 jam
3730 1689 3857 1743 sede

2265 1760 2660 1829 quiescentiutn
2688 1765 3022 1836 agebantur;
3066 1770 3427 1827 meditabatur
3466 1774 3519 1828 in
3567 1780 3736 1831 terris
3764 1796 3858 1833 su-

584 1871 704 1924 dem
722 1884 819 1940 per
836 1868 950 1925 haec
965 1847 1187 1924 utilitati
1202 1865 2157 1939 legentiumdeservirequaesnvimus.
2192 1847 2239 1907 Β
2267 1868 2556 1924 Ρθτηονυηῖ
2605 1858 2804 1914 Chium
2847 1860 2979 1929 Vlla.
3010 1870 3086 1928 ει»
3132 1873 3191 1919 ιιι
3230 1864 3302 1919 ita
3337 1864 3586 1932 dixerint.
3638 1880 3855 1925 terrena

585 1959 700 2013 Non
731 1959 874 2013 enim
924 1966 1200 2032 gestorum
1250 1958 1409 2012 fidem
1460 1957 1821 2027 corrupim'us,
1855 1956 1948 2010 sed
1978 1963 2164 2011 nostro

584 2048 684 2105 sub
703 2048 919 2119 eloquio
943 2048 1184 2119 priorum
1212 2047 1538 2118 scriptorum
1561 2046 1831 2102 texnimus
1856 2046 2161 2101 historiam.

584 2140 739 2208 Quod
766 2140 813 2196 si
840 2140 965 2211 quis
993 2148 1237 2199 nostram
1268 2138 1535 2211 spreverit
1558 2138 1878 2205 editionem,
1922 2137 2085 2210 leget,
2118 2135 2163 2193 si

584 2233 859 2300 maluerit,
881 2232 1179 2304 antiquam.
1203 2231 1370 2288 Nobis
1390 2229 1520 2287 satis
1539 2238 1625 2287 est
1645 2238 1843 2287 nostrae
1863 2229 2165 2287 devotionis

582 2326 814 2383 studium
842 2326 1045 2382 sanctis
1076 2325 1405 2398 martyribus
1431 2323 1712 2390 obtulisse,
1739 2322 2078 2385 credentium
2107 2321 2163 2376 in

482 2438 487 2443 λ
581 2420 798 2476 Christo
845 2418 1191 2492 provectibus
1222 2419 1581 2485 consuluisse,
1626 2418 1795 2490 petita
1846 2418 2163 2489 rogantibus

583 2514 917 2586 praestitisse,
947 2526 1148 2586 agones
1182 2513 1461 2573 mirabiles
1498 2526 1600 2585 pro
1627 2511 1844 2569 Christo
1873 2511 2162 2567 desudatos

580 2624 687 2665 non
736 2609 1054 2665 occuluisse.
1105 2608 1369 2665 Caeterum
1414 2607 1787 2679 imperitorum
1836 2604 2160 2670 calumnias,

578 2697 785 2753 malitia
833 2713 927 2755 seu
979 2697 1147 2754 livore
1190 2695 1488 2762 conﬂatas,
1534 2696 1701 2755 surda
1736 2696 1993 2753 debemus
2026 2709 2162 2753 sure

580 2788 829 2843 transire.
863 2787 969 2844 Sed
997 2788 1275 2843 veniamus
1301 2786 1366 2842 ad
1394 2786 1761 2842 narrationem

648 2876 1043 2948 lmperantibus
1075 2876 1411 2932 Diocletiano
1446 2883 1500 2932 et
1530 2874 1855 2931 Maximiano
1877 2875 2153 2947 Augustis,

550 2978 557 2997 ‘
580 2966 973 3040 persecutionis
1001 2968 1232 3039 procella
1269 2966 1470 3024 Christi
1495 2966 1751 3024 Ecclesiis
1779 2976 1864 3022 est
1898 2966 2152 3023 excitata.

577 3058 697 3115 lam
722 3058 938 3131 quidem
969 3056 1197 3115 Romani
1219 3058 1368 3115 orbis
1384 3056 1520 3115 lines
1532 3057 1780 3113 veritatis
1804 3055 2155 3129 Evangelium

580 3148 979 3216 illustraverat,
1026 3148 1139 3221 jam
1179 3149 1439 3206 caelorum
1485 3164 1712 3221 regnum
1742 3145 1856 3204 fere
1902 3146 2153 3219 gentibus

580 3244 757 3299 fuerat
786 3242 1155 3314 praedicatum,
1177 3239 1289 3311 jam
1315 3239 1515 3297 Christi
1553 3239 1738 3295 laudes
1774 3237 1951 3294 omnis
1974 3237 2156 3309 lingua

581 3335 888 3401 resonabat,
916 3332 1093 3390 omnis
1142 3333 1290 3389 natio
1338 3333 1676 3399 celebrabat,
1726 3329 1989 3401 completa
2028 3345 2156 3403 pro-

579 3429 758 3499 phetia
808 3442 929 3500 qua:
977 3427 1147 3485 dicit:
1182 3424 1248 3482 In
1298 3442 1499 3482 omnem
1550 3435 1742 3481 terram
1788 3424 1946 3479 exivit
1997 3440 2157 3480 sonus

577 3534 781 3586 eorum,
799 3519 919 3574 etin
940 3518 1072 3589 ﬁnes
1094 3518 1233 3573 orbis
1256 3527 1409 3572 terra
1422 3516 1577 3572 verba
1588 3530 1767 3571 eorum
1786 3511 1958 3586 (Psal.
1976 3513 2153 3585 xvm).

574 3614 693 3672 iam
740 3612 975 3673 Parthus
1018 3616 1149 3672 recti
1202 3614 1435 3671 tramitis
1475 3614 1666 3670 callem
1710 3614 2001 3680 didicerat,
2042 3612 2157 3683 jam

550 3706 825 3779 'Ethiops
868 3718 1047 3766 cutem
1092 3717 1426 3774 mutaverat,
1463 3708 1577 3780 jam
1614 3708 1805 3764 salutis
1848 3708 1951 3764 telo
1984 3707 2156 3780 Libya

548 3802 867 3875 'Africaque
915 3802 1211 3859 vulneratae
1261 3801 1526 3857 medelam
1581 3800 1906 3872 capiebant,
1959 3800 2155 3871 Aquilo

575 3894 809 3967 rigorem
853 3894 1132 3968 glacialem
1184 3894 1468 3951 clementia
1523 3901 1853 3964 temperaret
1885 3894 2152 3959 austrina,

574 4000 802 4043 occasus
851 3986 985 4044 lucis
1034 4001 1144 4043 sua:
1189 3986 1457 4042 defectum
1500 3985 1554 4040 in
1585 3992 1761 4040 ortum
1803 3992 2153 4055 porrexerat,

576 4076 809 4132 bellaces
849 4075 985 4131 Galli
1014 4076 1221 4147 gladios
1244 4077 1295 4131 in
1321 4091 1586 4143 vomeres,
1614 4076 1832 4131 lanceas
1862 4077 1915 4131 in
1944 4075 2154 4148 ligones

575 4165 959 4222 conﬂaverant.
1007 4167 1123 4222 Non
1165 4166 1379 4237 Scytha:
1425 4167 1716 4232 feritatem,
1757 4181 1861 4221 non
1916 4165 2155 4221 Thraces

548 4257 999 4324 'immanitatem,
1038 4258 1197 4313 ovina
1228 4256 1581 4313 mansuefacti
1628 4255 1993 4327 simplicitate,
2035 4255 2151 4329 jam

574 4359 857 4406 noverant.
883 4349 999 4422 Ipsa
1035 4364 1217 4405 rerum
1242 4347 1462 4405 domina
1487 4347 1660 4405 Roma
1692 4349 1924 4419 superba
1949 4349 2150 4404 dudum

572 4441 710 4500 colla
740 4442 941 4500 Christi
962 4444 1195 4499 subdere
1216 4442 1487 4516 gaudebat
1509 4442 1822 4507 humilitati,
1848 4451 1992 4498 totus
2012 4458 2151 4513 pene

2266 1949 2607 2004 conversatio
2638 1950 2689 2004 in
2734 1951 3008 2007 caelestem
3043 1954 3371 2027 migraverat
3399 1957 3659 2014 formam.
3717 1961 3857 2030 Quid

2266 2036 2486 2104 mirum,
2510 2054 2633 2094 cum
2664 2039 2787 2096 coeli
2817 2042 3082 2114 degebant
3122 2045 3176 2100 in
3226 2048 3429 2104 terris?
3472 2048 3623 2113 εωιε,
3656 2054 3853 2122 inquit,

2264 2139 2516 2185 enarrem
2544 2128 2769 2202 glorians
2792 2130 2889 2190 Dei
2908 2131 3083 2207 (Pani.
3105 2138 3282 2212 xviii).
3305 2138 3434 2196 Plus
3459 2142 3720 2207 inferam,
3748 2163 3855 2202 non

2259 2217 2373 2289 jam
2403 2219 2457 2274 in
2493 2221 2681 2288 terris,
2720 2223 2815 2279 sed
2858 2225 2911 2279 in
2959 2224 3113 2283 ctelis
3156 2231 3527 2299 morabantur,
3554 2234 3623 2289 de
3656 2237 3855 2305 quibus

2265 2310 2554 2378 Apostolus
2596 2330 2609 2366 :
2674 2311 2856 2370 Vestra
2902 2326 3075 2373 autem
3123 2323 3444 2378 conversatio
3484 2325 3543 2378 in
3582 2329 3731 2379 ca’lis
3780 2339 3853 2381 rat

2266 2397 2488 2474 (Philip.
2528 2404 2636 2476 ιιι).
2674 2403 2813 2477 Ergo
2839 2405 3107 2475 homines,
3144 2411 3265 2467 caeli
3293 2411 3486 2479 eli‘ecti,
3519 2416 3573 2469 in
3605 2418 3853 2471 cwlesai-

2264 2494 2366 2549 bus
2387 2505 2562 2561 erant,
2592 2505 2806 2557 terrens
2833 2501 3197 2571 calcaverant,
3226 2505 3293 2560 ad
3322 2522 3552 2578 superna
3578 2527 3851 2566 COItS-(Ui-

2266 2584 2478 2654 derant,
2496 2590 2768 2645 mansuris
2788 2590 3141 2660 inhaerebant,
3171 2596 3420 2653 omnibus
3439 2615 3539 2670 per
3555 2603 3849 2657 circuitum

2264 2677 2574 2737 nationibus
2600 2689 2655 2735 et
2685 2682 2879 2739 terrori
2905 2694 3064 2741 erant
3091 2695 3147 2741 et
3170 2688 3536 2745 admirationi.
3578 2691 3729 2748 Inter
3752 2710 3849 2749 eas

2263 2768 2406 2823 enim
2438 2770 2623 2839 positi,
2645 2780 2901 2843 tanquam
2919 2773 3207 2833 luminaria
3234 2778 3286 2834 in
3310 2781 3509 2837 mundo
3535 2785 3849 2853 radiabant,

2261 2869 2323 2914 ut
2351 2860 2510 2932 digne
2539 2861 2774 2934 Spiritus
2801 2876 3021 2923 sanctus
3045 2884 3207 2945 super
3234 2870 3489 2927 Ecclesiae
3530 2892 3643 2930 suae
3686 2876 3849 2937 laude

2260 2953 2601 3024 praecinuerit
2631 2973 2644 3010 :
2671 2955 2842 3024 Quam
2887 2961 3117 3031 speciosa
3157 2971 3241 3018 est
3288 2980 3456 3019 anuca
3498 2983 3615 3021 mea
3640 2968 3663 3020 !
3687 2986 3849 3040 quam

2259 3046 2486 3102 decora!
2512 3047 2733 3122 pulchra
2765 3060 2821 3105 ut
2849 3051 2999 3119 luna,
3027 3052 3189 3109 electa
3237 3065 3293 3110 ut
3332 3056 3444 3125 sol,
3494 3061 3749 3121 terribili;
3788 3074 3847 3117 ut

2262 3146 2554 3193 castrorum
2602 3140 2739 3195 acies
2792 3141 3037 3197 ordinata
3091 3141 3268 3216 (Cant.
3315 3161 3390 3215 v1,
3438 3147 3495 3216 5,
3522 3148 3602 3219 9).
3630 3148 3845 3207 Revera

2182 3197 2231 3263 δ
2262 3227 2405 3284 enim
2453 3228 2698 3300 speciosa
2740 3241 2876 3299 erat,
2911 3197 3125 3305 quando
3163 3197 3390 3295 sanctis,
3412 3197 3848 3319 componebatur

2262 3319 2539 3387 moribus;
2569 3320 2795 3391 decora,
2823 3326 3039 3396 quando
3067 3328 3324 3384 virtutum
3355 3330 3731 3390 illustrahatnr
3760 3336 3844 3393 in-

2259 3411 2500 3484 signibus
2532 3432 2545 3469 :
2578 3415 2719 3472 unde
2751 3416 2805 3472 in
2833 3418 2942 3475 vita
2972 3419 3146 3493 plebis
3174 3422 3398 3480 honesta
3424 3424 3605 3480 lunari
3639 3430 3845 3485 nitebat

2258 3506 2680 3577 pulchritudine,
2715 3511 2769 3566 in
2814 3521 3085 3569 rectorum
3131 3516 3341 3572 meritis
3383 3517 3515 3574 solis
3557 3520 3843 3592 splendore

2259 3596 2516 3670 fulgebat,
2552 3610 2609 3656 et
2630 3616 2727 3673 per
2750 3606 3152 3662 ornatissimam
3184 3608 3599 3681 diligentissime
3633 3614 3841 3686 religio-

2258 3688 2342 3744 nis
2373 3689 2688 3747 modestiam
2712 3694 3043 3752 adversariis
3074 3700 3286 3754 cunctis
3311 3700 3605 3757 incutiebat
3640 3714 3839 3760 tremo-

2259 3793 2392 3834 rem.
2420 3779 2592 3836 Tanta
2614 3780 2779 3854 igitur
2796 3785 3035 3856 stuporis
3054 3787 3413 3846 admiratione
3435 3792 3579 3862 capti
3603 3796 3841 3865 gentium

2256 3869 2437 3941 populi
2469 3873 2946 3943 convertebantur,
2973 3886 3028 3932 et
3077 3876 3267 3935 relicto
3312 3879 3623 3937 dmmonum
3662 3885 3838 3951 cidtu,

2256 3962 2451 4019 divinae
2507 3965 2785 4022 servitium
2850 3968 3125 4041 religionis
3171 3973 3617 4044 proﬁtebantur;
3681 3987 3839 4049 utque

2257 4054 2493 4111 caelestis
2527 4057 2818 4128 participes
2868 4062 3019 4132 regni
3069 4060 3444 4132 redderentur,
3480 4070 3628 4124 sacri
3677 4068 3837 4125 fontis

2256 4146 2626 4209 desideranter
2653 4150 2928 4208 lavacrum
2960 4157 3305 4225 expetebant.
3339 4159 3431 4215 Sic
3480 4176 3583 4231 per
3632 4172 3837 4233 tempus

2254 4237 2544 4309 plurimum
2584 4240 2948 4300 Ecclesiarum
2981 4256 3155 4303 status
3183 4248 3538 4307 incrementis
3566 4256 3836 4324 prosperis

2255 4332 2569 4401 augebatur,
2596 4343 2652 4391 et
2672 4336 2842 4407 gloria
2866 4353 3053 4395 earum
3080 4340 3241 4397 terris
3258 4343 3552 4409 excedens,
3567 4356 3624 4401 et
3644 4358 3833 4402 cuncta

2253 4424 2690 4494 supereminens,
2726 4424 2986 4484 festinare
3016 4430 3303 4488 videbatur
3328 4434 3396 4487 ad
3423 4434 3649 4491 coelum.
3682 4436 3831 4493 Nulla

570 4536 804 4592 rrttmdus
849 4536 902 4590 in
953 4534 1153 4592 Christi
1204 4515 1432 4608 gloriam
1485 4533 1816 4602 resnltabat,
1868 4515 2397 4632 universus”?nim
2448 4518 2772 4632 (ξοθιξττξιξίί
2826 4520 3052 4632 imm“:
3104 4523 3283 4632 mil-["5
3329 4522 3470 4632 “"3"
3516 4528 3831 4597 ηείιυῖεείωί

566 4625 718 4683 orbis
751 4626 941 4681 mortis
967 4624 1034 4680 de
1069 4625 1306 4680 tenebris
1334 4623 1520 4680 oculos
1553 4624 1622 4679 ad
1655 4640 1805 4681 nova:
1840 4625 1975 4681 lucis
2005 4640 2140 4696 gau-

568 4719 656 4776 dia
683 4719 978 4776 relevabat.
1009 4716 1141 4772 Erat
1163 4717 1348 4773 videre
1375 4716 1624 4773 lsraeiem
1652 4716 1902 4772 Iordanis
1929 4715 2143 4773 liuentis

567 4813 622 4869 in
665 4812 921 4869 novitatis
965 4810 1195 4883 gratiam
1240 4808 1604 4879 superfusum,
1632 4817 1687 4866 et
1710 4824 1807 4880 per
1835 4808 2018 4865 Iesum
2053 4825 2139 4865 se-

567 4903 741 4962 cunda
758 4901 1168 4960 circumcisione
1181 4900 1538 4972 glorificatum
1565 4899 1977 4956 Hierichuntina
2006 4914 2142 4956 mos-

564 4996 656 5051 nia
691 4992 941 5052 tubarum
980 4995 1155 5051 sonitu
1185 4993 1535 5057 subvenisse,
1567 4992 1708 5048 Abin
1742 5009 2137 5058 concremasse,

564 5086 898 5144 habitatores
926 5086 1075 5142 urbis
1109 5085 1386 5159 sylvarum
1418 5083 1751 5140 tabernaculi
1784 5086 1967 5140 usibus
1991 5086 2139 5140 dele-

562 5191 743 5252 gasse,
771 5174 1045 5235 civitatem
1073 5192 1287 5248 quoque
1322 5175 1648 5240 litterarum,
1685 5175 1864 5230 sreculi
1891 5176 2141 5233 videlicet

562 5269 882 5341 sapientiam
927 5270 1292 5335 destrnxisse,
1344 5281 1670 5339 omnemque
1711 5266 2138 5324 Chananaeorum

562 5362 841 5434 regionem
872 5362 1217 5433 triumphatis
1246 5361 1464 5434 regibus
1505 5359 1802 5435 possidere.
1833 5358 2138 5430 Parumque

456 5502 463 5507 .
563 5454 740 5510 fuerat
789 5451 1217 5510 Christianorum
1261 5452 1473 5523 plebem
1523 5464 1651 5507 suos
1694 5450 1832 5507 ritus
1877 5464 2137 5520 suamque

562 5545 879 5616 religionem
910 5542 1069 5609 tueri,
1102 5544 1203 5599 nisi
1226 5544 1388 5598 etiam
1410 5558 1510 5614 pro
1539 5542 1659 5598 ﬁdei
1684 5542 2016 5607 sinceritate,
2038 5557 2136 5613 pro

560 5636 820 5690 virtutum
847 5635 1043 5700 studio,
1071 5648 1169 5704 pro
1214 5634 1433 5703 pietatis
1459 5633 1629 5697 cultu,
1659 5631 1965 5703 reipublicae
1992 5633 2137 5689 curis

522 5758 529 5765 -
562 5724 988 5796 preﬂcereutur.
1017 5723 1294 5781 Palatinas
1323 5724 1485 5794 igitur
1525 5724 1675 5779 aedes
1706 5725 1904 5782 Christi
1936 5724 2135 5780 milites

564 5811 899 5878 obtinebant,
925 5812 1131 5868 urbana
1158 5814 1370 5885 negotia
1417 5814 1801 5885 disponebant,
1832 5817 2128 5888 provincia-

2251 4608 2511 4668 dzemonis
2537 4612 2812 4680 obviabat,
2856 4616 3291 4685 quandoquidem
3324 4618 3568 4675 cmlestis
3597 4622 3829 4677 dexter-.2

2252 4700 2580 4758 fulciebatur
2606 4703 2828 4760 auxilio.
2855 4704 3090 4776 Populus
3114 4707 3280 4762 etiam
3311 4719 3438 4766 tunc
3468 4709 3610 4767 bene
3636 4712 3701 4767 de
3724 4713 3831 4769 Deo

2249 4806 2348 4862 pro
2372 4793 2592 4863 pietatis
2629 4793 2775 4850 cultu
2811 4802 2867 4851 et
2902 4794 3125 4864 iustitia:
3149 4797 3529 4855 observatione
3556 4817 3822 4872 promere

2248 4881 2426 4937 batur.
2462 4883 2660 4939 Verum
2708 4885 2798 4941 ubi
2841 4899 2907 4941 ex
2949 4885 3115 4941 multa
3144 4885 3395 4944 libertate
3438 4891 3725 4963 multaque
3750 4893 3827 4946 in-

2248 4971 2518 5044 dulgentia
2547 4972 2720 5030 vitiati
2749 4983 2877 5031 sunt
2914 4991 3117 5044 mores,
3163 4984 3219 5033 et
3259 4977 3541 5051 disciplina
3569 4993 3823 5051 corrupta

2246 5072 2350 5129 est,
2376 5064 2504 5119 dum
2534 5064 2675 5121 alter
2698 5065 2857 5123 alteri
2889 5067 3110 5132 invidet,
3144 5076 3196 5122 et
3227 5068 3367 5124 alter
3392 5069 3552 5126 alteri
3579 5073 3818 5145 derogat,

2246 5157 2373 5211 dum
2405 5171 2464 5213 se
2493 5156 2721 5214 invicem
2744 5159 2993 5214 mordent
3018 5167 3073 5213 et
3114 5158 3417 5227 incurrunt,
3447 5170 3505 5218 et
3532 5163 3817 5218 adversum

2243 5249 2562 5319 semetipsos
2588 5248 2843 5306 intestina
2871 5250 3053 5320 praelia
3080 5264 3446 5331 commovent,
3468 5256 3599 5310 dum
3624 5256 3818 5313 verbo-

2246 5355 2363 5395 rum
2383 5339 2582 5409 jaculis
2604 5342 2977 5412 proximorum
3001 5344 3163 5399 corda
3195 5344 3490 5408 terebrant,
3516 5348 3648 5403 dum
3676 5352 3821 5420 prin.

2241 5432 2389 5501 cipes
2408 5446 2532 5486 cum
2553 5432 2905 5504 principibus,
2920 5434 3101 5505 populi
3124 5451 3246 5491 cum
3266 5436 3501 5507 populis,
3525 5439 3820 5496 seditiosus

2240 5530 2296 5576 et
2321 5520 2617 5576 certamina
2646 5531 3003 5588 commovent,
3044 5522 3170 5579 dum
3218 5525 3492 5580 simulatio
3544 5528 3599 5581 in
3650 5531 3815 5589 vultu,

2241 5612 2395 5669 titilus
2425 5612 2479 5668 in
2505 5613 2686 5679 corde,
2717 5613 2926 5669 fallacis
2952 5614 3227 5686 profertur
3251 5616 3306 5672 in
3332 5616 3533 5681 verbis,
3564 5630 3622 5674 et
3650 5622 3818 5675 malo-

2238 5716 2358 5760 rum
2389 5719 2487 5774 per
2515 5705 2725 5777 singula
2758 5705 3005 5762 cumulus
3045 5706 3375 5774 intumescit,
3410 5710 3592 5765 divina
3623 5711 3813 5766 Provi~

2242 5795 2423 5852 dentis
2458 5794 2728 5867 iacturam
2776 5797 3070 5869 disciplina:
3114 5800 3313 5875 populo
3357 5815 3458 5858 suo
3498 5801 3703 5859 illatam
3746 5816 3811 5856 es
