4148 6344
364 342 502 400 “95

1321 344 1409 413 DE
1446 343 1782 419 PASSIONE
1818 342 1917 401 SS.
1956 342 2193 400 RUFIM
2230 344 2317 400 ET
2362 342 2654 403 VALERH.

3476 338 3611 396 ίιθι

360 456 590 529 plurima
645 470 774 526 pace
830 465 884 511 et
940 436 1104 511 nimia
1149 458 1231 513 sui
1294 457 1515 512 lenitate
1568 459 1935 541 perspiciens,
1967 460 2015 521 A
2043 459 2190 527 poris
2238 468 2611 531 proponuntur
2658 466 2710 514 et
2757 458 2891 525 alia,
2947 467 3004 512 ut
3048 458 3339 514 Christiani
3386 457 3614 513 diversis

360 551 667 625 aggreditur
721 551 896 620 primo
946 553 1145 606 sensim
1198 551 1471 607 refrenare
1520 551 1833 622 lapsantes,
1884 556 1939 605 et

361 645 569 713 integro
597 642 773 697 adhuc
819 628 1075 698 Ecclesiae
1124 651 1297 707 statu,
1330 641 1938 715 congregationibusque

359 734 728 812 manentibus,
750 734 989 806 indulget
1013 735 1227 790 interim
1250 750 1343 791 eos
1368 734 1459 805 qui
1486 743 1642 790 erant
1667 735 1717 789 in
1746 733 1937 789 militia

358 834 567 881 tantum
613 826 891 897 gentilium
941 829 1320 897 persecutione
1362 828 1589 899 pulsari.
1650 827 1755 884 Sed
1811 844 1936 883 cum

359 919 533 975 nullus
581 935 646 975 ex
704 921 804 976 hoc
854 919 1153 978 clementia!
1208 920 1325 991 ejus
1371 921 1675 977 intellectus
1724 921 1937 992 populis

356 1015 692 1079 redderetur,
749 1015 878 1085 quin
927 1016 1138 1084 potius,
1188 1016 1334 1072 velut
1384 1016 1693 1085 ignorantes
1742 1012 1934 1083 Deum,

354 1107 557 1175 absque
587 1105 769 1160 divina
802 1105 1144 1162 Providentia
1190 1123 1278 1162 res
1320 1108 1403 1177 agi
1435 1109 1722 1168 ducerent,
1756 1116 1811 1161 et
1841 1120 1937 1177 per

355 1196 453 1250 hoc
480 1212 545 1250 eo
575 1197 750 1267 magis
794 1198 1147 1266 persisterent
1175 1199 1229 1254 in
1260 1200 1417 1254 malis
1449 1199 1581 1263 suis,
1608 1209 1770 1269 atque
1808 1198 1933 1267 ipsi,

353 1289 442 1358 qui
498 1290 663 1346 duces
712 1289 893 1360 populi
947 1291 1291 1358 videbantur,
1337 1301 1391 1347 et
1442 1292 1715 1363 principes
1766 1289 1936 1346 divini

353 1381 589 1435 mandati
644 1381 989 1437 immemores
1029 1382 1241 1450 effecti,
1286 1384 1543 1439 adversus
1595 1399 1655 1438 se
1702 1382 1933 1437 invicem

351 1472 803 1537 contentionibus,
856 1472 992 1539 zelo,
1043 1474 1231 1541 livore,
1275 1476 1557 1545 superbia,
1610 1474 1929 1540 inimicitiis,

349 1573 511 1631 atque
529 1562 668 1616 odiis
693 1561 1180 1631 inﬂammarentur,
1209 1566 1281 1620 ita
1312 1578 1369 1621 ut
1395 1565 1730 1638 tyrannidem
1755 1564 1932 1636 potius

320 1653 508 1720 'quam
552 1650 917 1708 sacerdotium
959 1661 1140 1709 tenere
1174 1671 1234 1710 se
1275 1656 1573 1718 crederent,
1608 1655 1931 1711 Christianae

352 1740 672 1796 humilitatis
725 1752 779 1799 et
832 1743 1163 1800 sinceritatis
1213 1746 1405 1817 obliti,
1461 1762 1618 1803 sacra
1671 1748 1928 1820 mysteria

2038 550 2314 623 suppliciis
2343 551 2541 607 addicti
2566 551 2875 607 sacrificare
2903 559 3182 624 cogantur.
3214 551 3311 606 Hic
3340 564 3468 607 vero
3490 565 3613 607 san-

2037 645 2107 700 cti
2136 653 2402 718 martyres
2431 645 2621 716 ingens
2655 643 3019 715 spectaculum
3060 653 3115 700 et
3139 642 3341 715 angelis
3363 651 3418 697 et
3436 642 3612 699 homi-

2038 736 2195 791 nibus
2245 735 2546 792 efficiuntur
2580 735 2647 810 (1
2691 734 2813 791 Cor.
2866 735 2987 809 tv),
3030 750 3151 791 cum
3208 742 3614 807 persecutorem

2037 829 2354 884 crudelitate
2383 831 2449 885 ad
2472 828 2735 901 supplicia
2774 829 3137 895 traherentur,
3182 835 3241 881 ut
3288 841 3488 898 agones
3515 827 3617 882 mi-

2040 920 2236 976 randos
2262 921 2514 976 omnibus
2540 921 2880 977 desudarent.
2913 919 3017 977 Per
3040 920 3320 974 universas
3346 918 3613 987 civitates,

2038 1017 2310 1087 regiones,
2333 1014 2664 1085 provincias,
2696 1014 2989 1086 impietatis
3014 1014 3226 1069 decreta
3256 1022 3613 1084 peraguntur,

2038 1120 2173 1159 nova
2200 1115 2254 1159 et
2284 1105 2553 1176 exquisita
2596 1105 2795 1161 diversi
2827 1104 3040 1175 generis
3071 1112 3332 1158 tormenta
3356 1103 3616 1159 Christia-

2036 1196 2118 1251 nis
2147 1194 2471 1252 inferuntur.
2497 1196 2601 1251 Alii
2623 1197 2936 1252 carceribus
2958 1195 3296 1259 clauduntur,
3323 1193 3411 1248 alii
3437 1193 3615 1264 ﬂagris

2036 1282 2360 1349 afficiuntur,
2385 1285 2475 1341 alii
2502 1286 2747 1361 equuleis
2769 1286 2984 1341 distenti
3018 1285 3231 1357 ttngulis
3258 1286 3613 1348 abraduntur,
3682 1346 3687 1363 λ

2035 1377 2324 1431 traduntur
2367 1377 2420 1432 in
2478 1377 2760 1444 exsilium,
2816 1377 3006 1433 bestiis
3059 1377 3405 1447 subiguntur,
3459 1375 3615 1446 aquis

2034 1467 2416 1538 prrefocantur,
2435 1469 2647 1541 ignibus
2665 1476 3099 1534 concremantur,
3118 1468 3306 1540 gladiis
3323 1465 3610 1522 feriuntur.
3689 1460 3699 1478 ⁸

2032 1558 2143 1615 Nec
2202 1561 2332 1632 ipsis
2391 1578 2606 1633 quoque
2659 1563 2885 1617 mortuis
2924 1562 3277 1618 cadaveribus
3327 1562 3613 1634 impiorum

2033 1668 2223 1707 manus
2252 1655 2712 1724 parcebant,quin
2739 1664 2833 1709 aut
2861 1654 3134 1709 inhumata
3152 1653 3351 1709 bestiis
3386 1652 3608 1708 avibus-

2032 1764 2136 1818 que
2166 1747 2448 1803 laceranda
2492 1746 2933 1819 projiciebantur,
2966 1756 3057 1802 aut
3080 1746 3327 1802 ﬂuctibus
3353 1745 3611 1801 immersa

349 1833 594 1904 profanis
628 1836 900 1892 mentibus
922 1837 1278 1904 celebrarent,
1309 1849 1436 1896 tunc
1469 1841 1706 1906 demum,
1737 1856 1928 1897 secun-
1961 1820 2009 1883 Β
2034 1839 2274 1910 piscibus
2302 1840 2539 1894 voranda
2597 1838 2967 1904 tradebantur,
3000 1845 3091 1891 aut
3136 1837 3188 1891 in
3239 1835 3474 1891 favillam
3522 1850 3611 1890 re-

348 1925 476 1980 dum
520 1942 708 1982 vocem
753 1927 1003 1985 Ieremia;
1048 1932 1323 2001 prophetae,
1365 1931 1581 2001 (Thren.
1614 1950 1631 1988 ι
1667 1944 1715 1988 et
1739 1912 1930 2005 seqq.),

347 2018 657 2073 obscuravit
684 2020 943 2077 Dominus
973 2022 1027 2077 in
1060 2021 1141 2077 ira
1170 2023 1331 2078 filiam
1358 2023 1488 2079 Sion
1514 2042 1527 2093 ;
1564 2033 1618 2081 et
1644 2025 1836 2096 dejecit
1862 2026 1928 2081 de

347 2111 487 2167 caelo
522 2112 746 2182 gloriam
778 2113 973 2179 Israel,
1007 2130 1106 2170 nec
1149 2125 1539 2172 rememoratus
1585 2126 1667 2173 est
1704 2118 1925 2174 scabelli

346 2204 539 2273 pedum
567 2221 789 2260 suorum
830 2206 882 2261 in
906 2207 992 2262 die
1017 2207 1266 2277 iraasuaa.
1287 2209 1353 2264 Et
1381 2210 1520 2264 sicut
1546 2209 1741 2264 iterum
1770 2210 1923 2279 dicit,

346 2294 641 2351 submersit
698 2297 957 2352 Dominus
1012 2313 1229 2354 omnem
1284 2300 1533 2356 decorem
1587 2298 1791 2366 Israel,
1869 2308 1925 2355 et

346 2401 533 2451 omnes
556 2388 819 2442 macerias
846 2385 965 2456 ejus
991 2387 1278 2453 destruxit,
1309 2390 1502 2445 evertit
1541 2398 1921 2444 testamentum

346 2481 486 2536 servi
521 2481 638 2547 sui,
670 2482 975 2551 profanavit
1024 2482 1076 2536 in
1119 2491 1318 2538 terram
1370 2484 1734 2540 sanctuarium
1781 2485 1919 2556 ejus,

344 2573 614 2628 destruxit
660 2589 783 2628 eum
832 2573 900 2628 ab
941 2574 1321 2631 emundatione
1369 2583 1425 2630 et
1469 2578 1652 2631 sedem
1698 2574 1813 2643 ejus
1862 2576 1922 2631 in

347 2669 546 2718 terram
573 2662 786 2734 dejecit.
820 2663 1111 2720 minoravit
1136 2666 1250 2720 dies
1281 2667 1540 2738 temporis
1574 2665 1705 2736 ejus,
1743 2668 1921 2739 perfu-

344 2754 421 2809 dit
436 2770 557 2808 eum
578 2753 923 2810 confusione:
950 2756 1381 2826 quandoquidem
1399 2755 1622 2828 gloriam
1644 2758 1917 2826 Ecclesia,

342 2860 463 2915 qua:
487 2843 631 2899 velut
661 2854 807 2900 astra
836 2844 958 2900 caali
1009 2846 1063 2900 in
1101 2845 1260 2917 hujus
1289 2848 1473 2903 mundi
1504 2858 1660 2905 nocte
1688 2848 1918 2915 lucebat,

344 2934 398 2990 in
425 2935 774 3006 opprobrium
799 2944 853 2990 et
882 2935 1256 2994 confusionem
1281 2937 1520 3004 deduxit,
1548 2955 1648 2995 nec
1676 2940 1728 2994 in
1756 2939 1921 2996 corde

344 3025 543 3095 posuit,
568 3027 709 3096 quod
734 3028 961 3098 populus
985 3029 1114 3084 olim
1136 3028 1367 3085 dilectus
1388 3029 1595 3095 fuisset,
1626 3031 1767 3100 quod
1797 3031 1921 3102 agni

343 3116 753 3174 incontaminati
821 3120 1081 3192 sanguine
1152 3121 1488 3191 redemptus;
1541 3123 1681 3192 quod
1740 3122 1921 3178 multis

347 3210 516 3281 signis
558 3218 611 3265 et
656 3181 1020 3283 prodigiis-de
1050 3210 1287 3283 Egypto
1312 3181 1575 3269 liberatus
1604 3212 1797 3284 (Exod.
1828 3228 1844 3267 ι
1874 3222 1922 3268 et
1950 3181 1996 3248 ο

343 3299 534 3370 seqq.),
562 3300 704 3370 quod
735 3314 831 3369 per
857 3300 1059 3357 ﬂuenta
1100 3300 1273 3363 Rubri
1303 3304 1469 3358 maris
1507 3304 1730 3368 siccata,
1767 3303 1925 3372 spiri-

347 3393 477 3450 tuali
514 3392 798 3450 Pharaone
825 3396 1132 3462 submerso,
1162 3397 1540 3467 transpositus,
1568 3396 1711 3467 quod
1738 3412 1921 3451 vocem

346 3481 619 3553 loquentis
665 3483 762 3540 Dei
819 3486 886 3541 de
932 3484 1071 3541 caelo
1120 3486 1385 3552 audierat,
1432 3487 1573 3557 quod
1616 3502 1756 3557 pane
1801 3486 1933 3543 vitie-

347 3580 555 3643 pastus,
576 3574 737 3646 ,quod
772 3574 996 3631 salutari
1022 3573 1259 3645 Spiritus
1286 3576 1459 3630 sancti
1500 3585 1737 3632 torrente
1766 3588 1921 3648 pota-

350 3674 458 3731 tus,
497 3666 639 3735 quod
663 3675 879 3722 mternaa
907 3668 1035 3721 vita:
1080 3668 1334 3740 mysteria
1360 3677 1417 3722 et
1443 3684 1605 3724 nosse
1644 3670 1839 3725 meruit
1872 3678 1927 3725 et

348 3756 596 3827 accipere
630 3773 642 3810 :
676 3757 868 3813 horum
918 3757 1052 3813 nihil
1097 3768 1451 3825 memoratus,
1486 3760 1539 3814 in
1590 3760 1677 3815 die
1727 3760 1926 3815 furoris

346 3848 658 3906 Altissimus
696 3849 926 3920 projecit
955 3863 1169 3905 omnem
1203 3850 1650 3908 sanctificationis
1677 3868 1786 3907 sua:
1815 3851 1927 3922 ple-

348 3938 435 3994 bis
477 3940 750 4006 decorem,
782 3949 841 3995 ut
867 3956 987 4011 quae
1033 3949 1160 3997 ante
1197 3940 1375 3997 fuerat
1422 3942 1608 3997 honori
1646 3942 1819 4003 fieret
1869 3944 1925 4000 in

349 4037 757 4104 contumeliam,
780 4053 902 4108 quas
929 4039 1080 4109 prius
1107 4040 1441 4096 venerationi
1483 4042 1734 4097 manebat
1773 4044 1929 4099 dare-

348 4134 440 4182 tur
500 4129 854 4198 contemptui.
906 4128 1235 4199 Angelorum
1298 4130 1548 4201 praesidia
1615 4116 1923 4199 submovit,

350 4221 680 4291 pastoralem
709 4220 1062 4277 munitionem
1089 4222 1375 4289 destruxit,
1402 4232 1781 4280 testamentum
1806 4226 1929 4282 vitae

348 4306 601 4384 gentibus
645 4314 793 4370 dedit
840 4316 1257 4386 profanandum,
1302 4326 1357 4371 et
1398 4333 1614 4373 omnem
1654 4319 1929 4390 religionis

352 4403 605 4459 decorem
656 4405 907 4461 sordibus
936 4416 994 4462 et
1041 4408 1535 4466 abominationibus
1580 4410 1923 4481 profanavit;

2033 1934 2213 1998 dacta,
2242 1932 2295 1985 in
2327 1931 2498 2002 pelagi
2526 1930 2791 2001 profunda
2817 1930 3283 2001 dispergebantur.

2100 2020 2213 2077 Hac
2249 2029 2566 2090 tempestate
2614 2019 2851 2092 insignes
2888 2018 3009 2081 viri,
3044 2027 3098 2073 et
3138 2018 3260 2073 fidei
3303 2017 3608 2073 constantia

2028 2128 2348 2183 morumque
2371 2113 2655 2169 sanetitate
2681 2111 2950 2183 praeclari,
2971 2110 3279 2177 Quintinus,
3305 2111 3608 2167 Victorious

2026 2216 2083 2263 et
2111 2207 2428 2271 Fuscianus,
2459 2205 2686 2259 Rufinus
2723 2212 2776 2258 et
2807 2203 3071 2269 Valerius,
3108 2202 3388 2273 Crispinus
3415 2213 3470 2257 et
3490 2201 3607 2258 Cri-

2026 2300 2324 2370 spinianus,
2358 2314 2478 2353 cum
2503 2297 2714 2352 caeteris
2741 2311 2957 2351 suorum
2993 2293 3156 2349 sociis
3179 2293 3436 2348 Romana:
3458 2291 3605 2350 urbis

2025 2392 2272 2458 oriundi,
2315 2389 2543 2469 Belgiga:
2599 2387 2848 2444 secunda:
2902 2385 3142 2457 populis,
3195 2384 3381 2455 gentili
3429 2384 3605 2438 adhuc

2026 2484 2408 2555 superstitione
2450 2481 2717 2546 detentis,
2751 2478 2910 2533 verba
2938 2477 3061 2531 vita:
3094 2476 3474 2547 praedicantes,
3509 2489 3598 2530 eos

2025 2594 2056 2634 a
2096 2579 2225 2648 jugo
2271 2577 2573 2632 daemonum
2622 2574 2687 2629 ad
2727 2572 2925 2629 Christi
2962 2570 3269 2626 libertatem
3311 2569 3599 2625 vocabant.

2025 2669 2125 2737 Qui
2152 2668 2398 2724 doctrina
2424 2665 2718 2730 mirabiles,
2748 2662 3038 2718 virtutibus
3064 2661 3319 2727 illustres,
3345 2668 3602 2731 tanquam

2025 2761 2302 2818 laitissima
2347 2759 2524 2814 sidera
2568 2756 2769 2813 Gallias
2801 2754 3160 2810 illustrabant.
3196 2751 3362 2807 Fama
3390 2758 3472 2806 est
3503 2750 3602 2804 hos

2024 2869 2145 2910 cum
2177 2853 2333 2908 beato
2354 2849 2629 2922 Dionysio,
2660 2850 2751 2919 qui
2786 2864 2816 2902 a
2848 2848 3007 2902 beato
3042 2844 3319 2901 Clemente
3346 2841 3601 2897 Romanae

2025 2945 2169 3002 sedis
2209 2942 2464 3015 pontifice
2496 2941 2693 2997 missus
2742 2939 2952 3006 fuerat,
2999 2945 3059 2993 ut
3097 2936 3289 3008 frigida
3320 2934 3600 3007 gentilium

2025 3035 2188 3092 corda
2232 3034 2354 3089 fidei
2389 3032 2569 3089 calore
2610 3032 2896 3096 animaret,
2936 3028 3229 3084 Galliarum
3270 3027 3403 3082 ﬂues
3431 3041 3601 3099 pene-

2029 3136 2231 3191 trasse;
2300 3125 2393 3181 sed
2442 3135 2741 3195 temporum
2807 3122 2975 3177 series
3030 3126 3313 3192 repugnat.
3371 3116 3603 3173 Sanctus

2030 3233 2262 3288 namque
2289 3217 2575 3288 Dionysius
2601 3216 2700 3272 sub
2730 3212 3037 3269 Domitiano
3073 3211 3285 3267 Cmsare
3316 3226 3461 3266 anno
3485 3210 3605 3282 ejus

2026 3310 2237 3381 imperii
2282 3308 2540 3373 secundo,
2575 3306 2832 3377 martyrio
2864 3313 3156 3360 coronatus
3181 3312 3300 3358 est:
3337 3301 3427 3356 isti
3472 3316 3602 3357 vero

2024 3402 2358 3459 Diocletiano
2386 3409 2441 3454 et
2479 3399 2803 3454 Maximiano
2844 3397 3100 3468 Augustis
3124 3437 3139 3463 ,
3186 3394 3604 3451 immortalitatis

2025 3496 2250 3569 gloriam
2270 3501 2648 3565 perceperunt.
2675 3491 2828 3560 Quod
2857 3490 3110 3562 temporis
3136 3489 3390 3562 spatium,
3414 3489 3602 3544 decent

2025 3597 2080 3645 et
2104 3590 2364 3644 ducentos
2394 3601 2499 3641 non
2534 3586 2711 3640 minus
2739 3585 2980 3639 continet
3002 3598 3196 3647 annos,
3226 3582 3316 3652 qui
3347 3595 3604 3637 numerus

2029 3695 2309 3741 annorum,
2338 3687 2391 3733 et
2415 3677 2584 3733 nostri
2613 3685 2667 3730 et
2703 3676 2839 3730 alius
2872 3676 2970 3730 xcvi
3003 3676 3269 3739 homines,
3295 3690 3402 3727 non
3430 3672 3601 3728 solum

2028 3770 2338 3826 certaminis
2362 3770 2497 3826 tanti
2524 3768 2727 3823 habiles
2753 3765 2926 3822 oﬂicio
2953 3767 3202 3838 denegat,
3228 3780 3412 3821 verum
3436 3763 3602 3836 ipsius

2026 3864 2271 3933 corporis
2311 3862 2419 3918 vita
2450 3861 2597 3932 fungi
2629 3861 2841 3931 penitus
2885 3867 3115 3914 recusat.
3157 3857 3225 3913 Ut
3256 3873 3385 3931 ergo
3417 3855 3596 3912 verisi-

2031 3952 2173 4008 milis
2213 3953 2353 4008 ratio
2394 3953 2752 4016 demonstral,
2802 3950 2913 4016 ille,
2956 3950 3006 4004 id
3033 3958 3115 4005 est
3144 3949 3452 4020 Dionysius,
3481 3960 3603 4001 cum

2030 4045 2207 4099 adhuc
2255 4043 2498 4112 Belgicos
2553 4041 2723 4113 caligo
2774 4040 3091 4111 gentilitatis
3143 4048 3401 4113 perpetua
3450 4044 3608 4093 nocte

2029 4148 2272 4203 vexaret,
2305 4136 2500 4201 illuxit,
2550 4144 2603 4191 et
2652 4134 2889 4206 perfidiae
2927 4134 3175 4190 tenebras
3203 4134 3271 4189 ab
3302 4130 3609 4189 incredulo-

2032 4246 2150 4286 rum
2186 4229 2457 4285 mentibus
2489 4237 2742 4299 tanquam
2773 4225 2994 4282 Lucifer
3032 4225 3327 4281 matutinus
3355 4236 3607 4280 amovere

2031 4322 2215 4391 ccepit.
2246 4319 2340 4375 Isti
2381 4334 2511 4374 vero
2543 4334 2665 4373 cum
2684 4318 2797 4388 jam
2843 4316 2980 4373 lucis
3022 4330 3272 4372 serenum
3316 4322 3610 4370 nocturnas

2031 4414 2386 4484 dissipaverat
2441 4411 2701 4475 umbras,
2749 4425 2849 4463 nec
2909 4417 3086 4463 tamen
3134 4405 3434 4479 perfectum
3482 4401 3607 4458 fidei

352 4506 661 4566 quantoque
704 4495 884 4553 fuerat
921 4503 1073 4568 prius
1131 4500 1365 4570 gloriosa
1411 4503 1661 4569 cunctis,
1719 4512 1924 4559 tantum
1952 4532 2005 4593 ι)
2032 4508 2173 4561 diem
2214 4504 2501 4575 praeteritae
2537 4500 2869 4556 infidelitatis
2916 4498 3289 4570 crepusculum
3318 4502 3587 4567 praesenta

352 4589 584 4646 obscura
609 4600 665 4647 et
691 4591 812 4647 vilis
847 4592 1026 4648 dedita
1054 4601 1138 4649 est
1167 4594 1450 4650 universis.
1483 4594 1694 4650 Etenim
1725 4597 1923 4667 templa

354 4683 449 4739 Dei
493 4684 601 4738 vivi
628 4683 697 4738 ab
728 4685 859 4756 ipsis
896 4683 1264 4740 fundamentis
1295 4685 1732 4750 destruebantur,
1780 4686 1927 4741 Scri-

352 4786 528 4849 ptura:
553 4792 725 4834 sacra:
771 4779 825 4834 in
867 4778 1061 4848 plateis
1091 4778 1302 4849 publice
1329 4778 1803 4845 comburebantur,
1834 4796 1924 4835 sa-

352 4871 602 4927 cerdotes
623 4880 679 4926 et
696 4873 972 4943 principes
998 4872 1361 4929 Ecclesiarum
1385 4874 1569 4929 nudati
1585 4884 1641 4930 et
1656 4875 1929 4945 vinctiper

353 4958 500 5017 foros
550 4971 605 5016 et
652 4962 858 5032 plateas
902 4963 1271 5026 trahebantur,
1302 4974 1357 5020 et
1390 4964 1703 5021 carceribus
1745 4965 1925 5020 trade—

354 5053 575 5107 bantur.
606 5052 786 5108 Eﬂ‘usa
827 5062 913 5109 est
950 5054 1094 5109 enim
1128 5056 1403 5110 contentio
1431 5072 1595 5126 super
1636 5056 1928 5127 principes,

355 5154 412 5201 et
439 5144 569 5202 facti
598 5154 727 5202 sunt
768 5147 1116 5217 opprobrium
1165 5148 1355 5203 vicinis
1403 5149 1549 5214 suis,
1579 5148 1931 5204 subsannatio

356 5247 410 5294 et
446 5238 624 5295 illusio
654 5239 866 5295 cunctis
903 5254 999 5309 per
1041 5240 1322 5296 circuitum
1363 5240 1694 5296 nationibus.
1749 5238 1931 5296 Nonus

358 5328 601 5386 decimus
647 5330 813 5401 igitur
852 5329 1113 5401 agebatur
1142 5345 1317 5386 annus
1348 5331 1558 5401 imperii
1586 5330 1927 5397 Diocletiani,

357 5423 564 5481 mensis
604 5423 865 5491 Martius,
894 5426 1009 5480 dies
1048 5422 1304 5481 solemnis
1342 5425 1596 5490 Pascbae,
1628 5433 1683 5478 ut
1711 5425 1927 5480 Eusebii

359 5522 551 5571 narrat
579 5515 827 5583 historia,
855 5533 978 5572 cum
1016 5518 1188 5574 edicta
1218 5518 1477 5590 principis
1501 5533 1598 5589 per
1618 5519 1930 5574 universum

358 5608 552 5666 orbem
579 5610 1018 5681 proponebantur
1056 5620 1115 5666 ut
1140 5620 1347 5666 cuncta:
1365 5627 1491 5682 qua:
1525 5627 1751 5681 usquam
1778 5621 1934 5667 erant

302 5722 315 5773 ε
358 5699 611 5759 ecclesiae
648 5716 819 5773 usque
849 5702 915 5756 ad
946 5701 1120 5757 solum
1167 5704 1596 5768 destruerentur,
1640 5701 1933 5773 Scripturae

272 5764 319 5826 θ
360 5810 534 5853 sacra
560 5794 674 5869 igni
696 5764 1072 5852 exurerentur.
1103 5794 1233 5862 Post
1262 5810 1370 5859 non
1391 5794 1620 5853 multum
1643 5764 1779 5855 vero
1798 5808 1932 5855 tent-

2032 4602 2141 4663 bat,
2162 4609 2415 4668 tanquam
2431 4592 2714 4649 clarissimi
2730 4600 2785 4646 et
2805 4590 2917 4645 veri
2932 4591 3060 4647 solis
3082 4590 3216 4645 radii
3233 4588 3497 4660 fulgentes
3514 4600 3598 4657 ap.

2030 4707 2260 4763 paruere
2286 4707 2300 4755 ;
2324 4698 2378 4744 et
2399 4688 2659 4765 adventus
2678 4687 2760 4741 sui
2783 4692 2970 4741 exortu
2994 4682 3291 4756 perfectum
3316 4678 3604 4736 credulita-

2035 4785 2104 4839 tis
2133 4782 2312 4836 lumen
2351 4778 2688 4851 pollicentes,
2730 4784 2940 4833 noctem
2979 4775 3145 4831 totius
3172 4770 3490 4844 gentilitatis
3512 4785 3610 4825 ex-

2036 4875 2238 4946 pulere.
2293 4872 2387 4929 llle
2427 4871 2591 4942 igitur
2630 4885 2751 4925 cum
2801 4868 2963 4925 sociis
3002 4868 3150 4932 suis,
3191 4865 3436 4921 veritatis
3465 4863 3610 4918 viam

2036 4964 2313 5022 Gallorum
2358 4960 2565 5034 populis
2608 4961 2929 5043 quibusdam
2972 4958 3143 5012 initiis
3189 4955 3401 5017 retexit.
3430 4961 3486 5009 at
3519 4953 3611 5009 isti

2039 5057 2211 5113 firmis
2257 5053 2457 5126 plantis
2504 5061 2559 5110 et
2599 5051 2777 5108 stabili
2831 5065 3014 5122 gressu
3064 5065 3161 5121 per
3206 5064 3324 5102 eam
3364 5046 3615 5103 Incedere

2040 5150 2359 5204 docuerunt.
2390 5144 2500 5200 Nec
2546 5144 2725 5199 minus
2755 5152 2931 5198 tamen
2962 5149 3048 5198 est
3081 5139 3255 5195 meriti
3286 5138 3608 5213 principium

2038 5241 2222 5314 gratia:
2267 5239 2425 5295 caecis
2474 5238 2653 5293 adhuc
2702 5235 2971 5291 mentibus
3015 5232 3257 5305 aperire,
3291 5247 3453 5304 quam
3483 5245 3607 5302 per-

2038 5332 2287 5390 fectionis
2336 5330 2722 5401 plenitudinem
2771 5328 3059 5389 dedicare,
3104 5325 3360 5396 quoniam
3395 5322 3613 5378 luminis

2039 5436 2194 5483 ortus
2236 5438 2454 5481 omnem
2483 5420 2747 5476 claritatis
2782 5418 3094 5488 auspicatur
3141 5416 3526 5486 integritatem,
3559 5423 3615 5468 et

2038 5519 2388 5594 plenitudinis
2416 5530 2625 5575 summa
2645 5513 2893 5586 principii
2919 5526 3131 5583 semper
3166 5510 3231 5565 ad
3258 5517 3421 5577 caput
3448 5505 3616 5560 refer-

2040 5622 2147 5668 tur.
2179 5611 2269 5665 Sic
2295 5622 2506 5667 aurom
2529 5620 2715 5661 roseus
2750 5603 2925 5676 fulgor
2952 5602 3305 5658 meridianum
3334 5607 3615 5656 consecrat

2041 5704 2419 5775 splendorem,
2472 5707 2527 5755 et
2580 5697 2739 5768 hujus
2786 5697 3020 5767 dignitas
3050 5695 3302 5753 candoris
3350 5693 3614 5749 orientem

2041 5803 2328 5857 veneratur
2354 5790 2820 5851 illaminationem.
2852 5788 3105 5863 Alioquin
3154 5786 3352 5843 Paulus
3380 5786 3611 5861 plantat,
