4148 6344
551 377 693 434 N95

1352 368 1410 424 S.
1451 363 1805 422 PASCllASIl
1840 363 2184 420 RADBEBTI
2221 361 2510 417 ABBATIS
2548 356 2993 417 COKBEIENSIS

3668 358 3813 416 N96

553 489 746 563 Apollo
771 488 934 558 rigat,
963 486 1104 541 Deus
1125 497 1255 538 vero
1271 479 1363 538 dat
1384 482 1777 536 incrementum
1795 475 1849 549 (I
1875 475 1997 533 Cor.
2015 478 2119 546 ιιι).
2149 483 2203 545 Α
2227 473 2447 529 sazvitiae
2491 472 2739 563 cumulus
2782 471 3041 563 adversus
3070 470 3434 563 innocentiam
3463 472 3630 528 semel
3660 474 3822 531 addi-

553 583 674 641 Non
717 582 881 655 igitur
923 580 1295 636 discernamus
1320 575 1538 641 merita,
1564 589 1795 645 quorum
1826 587 1934 629 non
1963 572 2127 643 largi-

553 691 680 732 mur
724 675 978 736 honores,
1010 684 1109 725 nec
1149 668 1218 724 de
1262 666 1478 723 coronis
1523 665 1670 721 litem
1713 664 2124 728 constituamus,

550 780 785 840 quorum
818 761 1094 819 nescimus
1129 774 1328 832 agones
1361 757 1655 814 aestimare.
1705 754 1814 811 Sed
1860 754 1933 810 illi
1977 753 2128 823 judi-

552 858 697 915 cium
738 856 1140 924 relinquamus,
1192 848 1284 921 qni
1333 858 1602 920 martyres
1643 862 1771 903 suos
1816 855 1872 901 et
1912 846 2129 902 vincere

552 945 703 1012 fecit,
744 954 800 1000 et
845 940 1301 1013 triumphantibus
1330 937 1561 993 reddidit
1585 951 1836 993 coronas.
1865 934 2128 1007 Equidem

508 1032 509 1035 “
548 1038 647 1097 fllii
676 1038 921 1111 patribus
948 1035 1240 1091 olliciosam
1282 1030 1579 1102 rependant
1615 1029 2045 1095 venerationem,
2075 1036 2131 1084 et

550 1129 743 1185 famuli
772 1136 1032 1199 patronos
1061 1123 1327 1195 religiosis
1353 1121 1603 1178 studeant
1642 1121 1917 1191 obsequiis
1960 1119 2132 1177 hono-

549 1236 696 1278 rare.
749 1220 1004 1290 Spectent
1054 1231 1283 1287 agones,
1330 1230 1438 1271 non
1472 1214 1817 1280 discernant;
1867 1212 2133 1269 mirentur

547 1311 830 1375 victorias,
861 1324 965 1363 non
993 1308 1297 1371 aestiment;
1330 1312 1582 1376 stupeant
1623 1319 1875 1370 coronas,
1917 1318 2025 1359 non
2045 1303 2132 1374 ju-

552 1405 754 1460 dicent.
786 1400 920 1456 Cum
954 1400 1118 1471 igitur
1140 1412 1285 1454 saeva
1306 1397 1586 1453 barbaries
1615 1395 1855 1451 cruentis
1881 1394 2132 1450 manibus

552 1511 676 1552 aras
706 1496 1008 1551 daemonum
1035 1493 1259 1562 antiqua
1288 1506 1396 1547 non
1423 1489 1705 1560 religione,
1735 1489 1830 1545 sed
1851 1487 2132 1558 impietate

548 1592 939 1648 veneraretur,
981 1592 1037 1637 et
1080 1582 1198 1654 pari
1253 1595 1514 1636 consensu
1561 1593 1666 1633 una
1715 1578 2128 1649 superstitione,

549 1690 871 1731 numerosas
928 1673 1155 1728 deorum
1220 1680 1466 1727 catervas
1533 1678 1847 1726 senescente
1905 1668 2130 1741 jamjam

550 1765 754 1823 mundo
779 1767 1096 1836 suspiceret,
1140 1779 1240 1820 nec
1269 1763 1463 1833 aliquis
1490 1762 1735 1818 veritatis
1772 1762 2022 1833 splendor
2051 1771 2131 1818 te-

2227 572 2406 631 ctam,
2451 564 2615 620 etiam
2660 561 2955 618 famulatus
3003 562 3291 618 tormentis
3333 563 3673 634 disquiritur,
3720 566 3819 636 qui

2226 657 2405 730 primo
2452 656 2794 713 lenocinante
2839 654 3024 711 favore
3073 656 3422 721 suadebatur,
3468 659 3564 713 sed
3611 655 3820 714 Christi

2229 748 2493 805 militibus
2560 763 2626 804 eo
2684 746 2967 819 gloriosior
3022 747 3250 803 victoria
3310 756 3648 818 praeparatur
3707 765 3825 819 quo

2230 838 2457 896 fortiora
2500 838 2798 896 certamine
2844 846 3191 910 appetuntur.
3237 838 3306 893 Et
3341 839 3467 895 inde
3509 840 3825 911 triumphus

2229 930 2572 986 vincentibus
2618 928 2792 1001 major
2839 929 3115 1000 assurgit,
3166 930 3309 985 unde
3358 930 3574 986 hostilis
3620 945 3826 985 manus

2231 1021 2431 1078 acriori
2467 1021 2673 1077 saevitia
2697 1027 2923 1092 pugnat.
2956 1018 3173 1075 Satanae
3215 1020 3383 1090 igitur
3425 1029 3715 1076 exsecutor
3764 1021 3822 1074 in

2233 1109 2437 1167 Christi
2488 1109 2789 1166 exercitum
2841 1104 3081 1166 fremere
3126 1118 3343 1181 potest,
3399 1126 3657 1181 superare
3711 1127 3824 1165 non

2233 1211 2453 1275 potest;
2486 1203 2803 1275 impugnare
2831 1201 2995 1269 valet,
3047 1202 3142 1258 sed
3186 1202 3367 1258 victus
3409 1202 3632 1259 recedit.
3683 1201 3826 1257 Cum

2234 1309 2364 1367 ergo
2386 1295 2650 1367 plurimas
2677 1295 2842 1351 urbes
2865 1294 3162 1351 Galliarum
3184 1309 3342 1350 roseo
3364 1305 3667 1367 martyrum
3698 1312 3829 1349 sau-

2235 1393 2398 1465 guine
2444 1392 2792 1455 decorasset,
2847 1390 3121 1446 civitatem
3173 1390 3397 1447 Rhemis
3444 1391 3699 1455 advenit,
3727 1393 3823 1444 ubi

2234 1483 2434 1540 multos
2458 1492 2770 1540 sanctorum
2796 1482 3076 1553 suppliciis
3103 1497 3205 1552 pro
3238 1481 3443 1539 Christi
3476 1485 3827 1540 confessione

2235 1577 2465 1633 diversis
2496 1576 2791 1632 interemit.
2822 1574 2893 1630 At
2920 1584 3206 1646 postquam
3235 1592 3372 1647 quos
3400 1578 3454 1632 in
3484 1578 3676 1632 eodem
3704 1578 3831 1632 loco

2236 1668 2399 1739 hujus
2431 1667 2667 1723 nominis
2697 1667 2958 1739 dignitate
3000 1667 3315 1722 nobilitatos
3343 1677 3643 1739 repererat,
3674 1685 3831 1724 acer-

2236 1758 2405 1814 bitate
2432 1773 2719 1830 poenarum
2741 1768 3198 1827 consummasset,
3230 1760 3374 1815 fama
3395 1761 3534 1817 beati
3566 1765 3833 1834 martyris

550 1860 787 1917 nebrosa
812 1857 1087 1913 Gallorum
1118 1856 1281 1911 corda
1310 1854 1657 1919 illuininarct,
1701 1852 1915 1908 tandem
1953 1854 2130 1909 divina
2161 1839 2209 1901 Β
2236 1852 2479 1922 Quintini
2519 1859 2884 1923 permovetur,
2915 1850 3059 1922 quod
3106 1853 3368 1909 virtutum
3402 1855 3571 1926 signis
3596 1864 3653 1909 et
3680 1872 3828 1927 pne-

548 1951 724 2023 pietas
755 1950 1001 2013 indoluit,
1030 1959 1088 2004 et
1115 1949 1181 2003 ad
1211 1947 1581 2019 depellendam
1602 1947 1792 2001 mortis
1821 1946 2130 2017 caliginem,

549 2059 704 2099 novae
731 2043 919 2114 gratia:
956 2056 1232 2113 przecones
1271 2039 1581 2105 destinavit,
1609 2054 1705 2109 per
1733 2054 1869 2109 quos
1892 2038 2130 2110 Belgica,

552 2126 811 2204 deposito
837 2148 1044 2197 errore,
1079 2146 1265 2187 verum
1312 2130 1434 2186 fidei
1481 2129 1661 2185 lumen
1708 2130 1872 2200 coepit
1917 2130 2129 2196 videre,

550 2223 788 2293 indeque
816 2223 1147 2293 quotidianis
1180 2222 1521 2293 provectibus
1549 2229 1832 2292 augmenta
1869 2222 2133 2291 capiendo

553 2314 765 2377 salutis,
797 2329 967 2383 usque
1006 2314 1073 2368 ad
1116 2302 1570 2385 supradictoruni,
1612 2311 1853 2380 Quintini
1900 2314 2129 2379 scilicet,

551 2402 734 2459 Rufini
755 2420 818 2459 ac
836 2403 1036 2458 Valerii
1063 2412 1294 2474 tempus,
1323 2404 1626 2458 daemonum
1656 2400 1912 2465 ottltores,
1942 2418 2132 2472 quam-

551 2493 638 2548 vis
661 2492 863 2548 Cbristi
891 2493 1145 2549 Ecclesiis
1177 2503 1394 2558 ornata,
1432 2493 1909 2563 complectebatur.
1941 2493 2047 2548 Sed
2075 2503 2134 2549 ut

554 2602 585 2641 a
609 2587 834 2648 profana
870 2588 1252 2658 superstitione
1278 2586 1610 2658 provinciam
1657 2587 1831 2642 sancti
1863 2596 2133 2658 martyres

553 2676 871 2742 liberarent,
898 2677 967 2731 ab
987 2678 1120 2733 urbe
1139 2677 1310 2732 Roma
1332 2676 1582 2747 profecti,
1602 2675 1807 2733 Gallias
1839 2677 2130 2747 petierunt,

554 2787 661 2827 non
693 2772 1086 2843 persecutionis
1131 2772 1345 2837 timore,
1382 2787 1501 2839 qua:
1531 2754 1659 2826 tunc
1688 2786 1786 2841 per
1813 2771 1999 2827 orbem
2028 2786 2130 2826 sre-

553 2864 734 2919 viebat
783 2864 1130 2929 universum,
1161 2864 1255 2918 sed
1306 2861 1421 2916 zelo
1466 2861 1747 2917 charitatis
1793 2862 2045 2928 accensi,
2075 2869 2136 2917 ut

554 2956 806 3011 homines
855 2972 885 3009 a
941 2956 1135 3011 mortis
1184 2954 1550 3009 dominatione
1602 2953 1860 3010 liberatos
1909 2954 1963 3009 in
2009 2953 2136 3009 vita:

558 3048 910 3103 restituerent
957 3045 1293 3118 dignitatem.
1355 3044 1494 3112 Quid
1551 3045 1698 3100 enim
1746 3060 1856 3100 uno
1905 3045 1960 3100 in
2012 3044 2133 3101 loco

554 3139 790 3194 vitarent
830 3138 974 3208 quod
1023 3137 1223 3207 ubique
1268 3135 1598 3192 detonabat?
1632 3136 1739 3190 Aut
1777 3134 1907 3207 quid
1944 3150 2135 3193 ροηδε-

554 3232 778 3303 quentia
807 3200 1073 3287 tormenta
1108 3200 1411 3286 metuerent
1435 3244 1556 3300 qua:
1597 3200 1828 3285 libenter
1854 3245 1951 3301 pro
1977 3230 2135 3287 Cbri-
2161 3200 2207 3265 ο

555 3312 625 3382 sti
694 3338 880 3380 amore
940 3322 1346 3379 sustinuerunt?
1404 3321 1521 3377 Non
1570 3320 1735 3393 igitur
1783 3323 2027 3392 corporis
2075 3331 2136 3379 ut

556 3424 788 3469 mortem
825 3412 1072 3484 fugerent
1107 3411 1382 3467 Gallorum
1411 3412 1659 3467 adierunt
1687 3412 1956 3468 feritatem
1977 3453 1993 3479 ,
2020 3428 2136 3467 ma-

556 3506 639 3576 gis
664 3518 795 3560 vero
821 3514 1087 3573 quatenus
1114 3517 1211 3574 per
1234 3502 1484 3573 martyrii
1515 3502 1747 3572 palmam
1776 3513 2136 3574 properarent

556 3596 626 3653 ad
654 3596 951 3662 Christum,
992 3595 1256 3651 saavitiam
1285 3594 1637 3651 ferocissima}
1679 3596 1855 3659 aeutis
1891 3597 2134 3668 expetie-

556 3698 701 3745 runt.

625 3781 741 3839 Hac
767 3782 951 3853 itaque
973 3790 1293 3855 tempestate
1319 3781 1665 3839 Rictiovarus
1690 3783 1746 3838 in
1772 3781 1961 3840 Galliis
1996 3799 2134 3854 pra:-

554 3874 821 3955 fecturam
868 3877 1110 3945 gerebat.
1158 3876 1256 3932 Vir
1299 3876 1466 3932 animi
1518 3875 1731 3933 feritate
1778 3878 2048 3945 crudelis,
2079 3886 2136 3935 et

554 3966 847 4036 impietatis
874 3967 1205 4023 immanitate
1234 3968 1366 4038 ipsis
1391 3968 1746 4025 truculentior
1789 3968 1995 4040 legibus
2026 3969 2132 4024 im-

556 4065 888 4127 peratorum.
944 4057 1047 4123 Qui
1104 4058 1326 4129 cupiens
1386 4060 1755 4130 imperialibus
1815 4059 2133 4116 satisfacere

555 4147 812 4213 decretis,
853 4156 909 4201 et
948 4148 1180 4204 vesania:
1204 4164 1319 4204 sua:
1347 4149 1528 4204 furore
1564 4165 1846 4215 accensus,
1877 4152 2134 4223 gravissi-

558 4251 700 4293 mam
734 4238 788 4291 in
824 4236 1162 4292 Christianos
1204 4240 1638 4307 persecutionem
1689 4240 1856 4310 coepit
1890 4240 2129 4309 agitare;

558 4327 703 4385 et'ut
728 4330 992 4385 culturam
1024 4331 1329 4387 simulacris
1352 4330 1694 4398 exhiberem,
1723 4346 1869 4387 nunc
1912 4331 2134 4388 terrori-

558 4422 675 4486 bus,
708 4435 851 4477 nunc
874 4420 1257 4477 blandimentis
1287 4421 1537 4488 suadere,
1569 4438 1676 4479 non
1728 4423 2133 4494 acquiescentes

559 4528 685 4570 vero
712 4513 927 4570 diverso
957 4523 1350 4571 tormentorum
1394 4531 1591 4586 genere
1621 4530 1840 4573 necare.
1877 4514 2131 4574 Certabat

559 4608 698 4662 enim
730 4606 991 4661 daemonis
1038 4607 1304 4671 minister,
1361 4607 1656 4679 impietatis
1686 4608 1913 4675 arbiter,
1957 4608 2132 4665 fomes

561 4700 833 4763 vitiorum,
863 4709 1130 4769 quatenus
1158 4700 1369 4755 animas
1401 4700 1469 4756 ad
1502 4699 1626 4756 caeli
1656 4698 1911 4769 palatium
1935 4714 2131 4771 prope-

561 4798 772 4855 rantes,
819 4789 887 4843 ad
932 4790 1118 4844 tartari
1159 4788 1424 4859 profunda
1469 4789 1798 4861 deponeret,
1843 4798 1900 4846 et
1934 4788 2137 4847 Christi

562 4882 819 4952 sanguine
840 4880 1166 4952 redemptas,
1191 4881 1367 4938 denuo
1390 4881 1702 4939 daemonica:
1719 4883 1849 4954 jugo
1862 4882 2138 4941 servitutis

540 4972 853 5053 addiceret,
883 4972 1083 5030 diaboli
1112 4974 1388 5040 nimirum,
1423 4974 1576 5044 cujus
1595 4990 1692 5031 vas
1718 4974 1988 5040 manebat,
2015 4975 2138 5031 imi-

564 5072 721 5119 tator.
749 5064 841 5119 Ille
868 5081 1100 5138 namque
1121 5066 1173 5120 in
1198 5067 1435 5137 paradisi
1458 5068 1789 5125 sublimitate
1812 5069 2137 5128 constitutos

566 5155 628 5210 ad
672 5155 1034 5229 lacrymarum
1063 5158 1273 5213 foveam
1306 5159 1525 5231 dejecit,
1557 5160 1661 5215 iste
1686 5161 1742 5216 in
1768 5159 1986 5216 virtutis
2011 5176 2138 5219 arce

568 5254 785 5311 locatos,
814 5248 883 5302 ad
906 5248 1015 5302 ima
1038 5248 1296 5304 vitiorum
1322 5250 1648 5320 proturbare
1674 5251 1889 5320 quaerit.
1921 5251 2141 5323 Expulit

568 5334 651 5389 .lle
680 5334 747 5390 de
774 5337 1090 5395 amoenitate
1129 5340 1401 5405 vernanti,
1442 5339 1534 5395 hic
1574 5348 1824 5396 avertere
1866 5348 2043 5397 tentat
2069 5342 2137 5398 ab

567 5424 984 5481 .mmortalitatis
1030 5442 1221 5500 regno.
1270 5428 1341 5484 Et
1377 5429 1626 5499 quamvis
1654 5428 1822 5486 simili
1864 5431 2140 5502 proposito

566 5524 615 5568 et
641 5514 830 5569 eadem
857 5517 1108 5572 studeant
1132 5518 1453 5587 intentione,
1478 5521 1695 5578 diversa
1732 5532 1978 5595 pugnant
2021 5532 2139 5581 arte

565 5603 887 5675 :lcripiendi.
942 5608 1194 5665 Diabolus
1236 5612 1419 5677 enim,
1473 5623 1534 5668 ut
1588 5611 1775 5679 fallat,
1827 5615 2141 5685 serpentina

564 5693 754 5751 fraude
805 5698 1030 5753 blandus
1076 5700 1331 5757 seductor
1379 5704 1704 5776 accingitur,
1752 5705 1843 5762 hic
1889 5721 2038 5773 vero,
2079 5715 2141 5764 ut

537 5802 541 5808 -
567 5789 779 5856 perdat.
809 5789 946 5846 dolis
964 5791 1327 5866 violentiaque
1348 5794 1735 5856 circumdatur.
1758 5796 1970 5856 Crescit
1992 5799 2138 5857 enim

2156 4562 2209 4624 D

2235 1945 2509 2002 dicatione
2549 1944 2767 2002 sublimi
2807 1945 2977 2001 multa
3006 1945 3347 2002 diversorum
3395 1946 3564 2001 millia
3597 1950 3831 2018 pepule-

2235 2052 2355 2093 rum
2403 2053 2434 2091 a
2485 2036 2790 2094 simulacris
2816 2046 3114 2103 averteret,
3147 2046 3205 2093 et
3230 2037 3297 2092 ad
3340 2038 3458 2093 veri
3500 2053 3831 2110 semperque

2233 2128 2464 2184 viventis
2504 2127 2600 2184 Dei
2649 2128 2965 2200 religionem
3010 2130 3363 2200 manciparet.
3390 2129 3579 2201 Itaque
3610 2126 3828 2187 tantum

2235 2222 2537 2276 animarum
2568 2221 2797 2277 salutem
2844 2230 2901 2277 et
2940 2222 3267 2278 daemonicae
3283 2224 3684 2294 superstitionis
3731 2224 3832 2279 de—

2234 2313 2549 2368 trimentum
2593 2328 2733 2385 aegre
2782 2313 2945 2369 nimis
2981 2314 3191 2380 ferens,
3223 2313 3292 2369 ab
3337 2313 3472 2369 urbe
3519 2315 3826 2386 digressus,

2233 2401 2587 2459 Viromandis
2611 2403 2715 2460 iter
2741 2404 2967 2459 invadit.
2998 2404 3275 2475 Siquidem
3306 2404 3519 2460 libellus
3554 2408 3829 2477 passionis

2234 2501 2547 2548 sanctorum
2574 2492 2756 2549 Rufini
2784 2504 2947 2564 atque
2974 2493 3175 2550 Valerii
3201 2495 3464 2560 continet,
3501 2496 3557 2552 in
3585 2512 3652 2552 ea
3682 2498 3823 2553 civi-

2234 2591 2345 2639 tate
2368 2574 2735 2639 venerabilem
2760 2584 2951 2641 diebus
2972 2585 3076 2641 illis
3097 2585 3261 2643 fuisse
3285 2586 3623 2656 Quintinum.
3650 2587 3828 2659 ipsius

2233 2685 2416 2731 autem
2459 2676 2688 2732 historia
2717 2676 2988 2749 passionis
3026 2671 3263 2735 insinuat
3287 2680 3571 2736 Ambianis
3599 2681 3829 2737 civitate

2233 2768 2410 2838 primo
2457 2782 2489 2822 a
2538 2767 2853 2826 Rictiovaro
2890 2768 3145 2840 praefecto
3183 2780 3533 2837 conventum,
3575 2780 3631 2827 et
3660 2773 3833 2833 variis

2233 2859 2411 2931 poenis
2439 2859 2810 2916 excruciatum
2834 2900 2851 2928 ,
2903 2861 3104 2932 quique
3152 2862 3574 2932 insuperabilem
3617 2862 3826 2919 Christi

2235 2954 2496 3025 martyris
2529 2952 2770 3009 animum
2791 2954 3223 3025 deprehendens,
3250 2955 3319 3010 ad
3339 2955 3640 3028 Augustam
3667 2954 3827 3012 Viro-

2235 3045 2556 3101 mandorum
2582 3043 2729 3102 ferro
2756 3060 2951 3101 manus
2970 3044 3215 3117 collaque
3236 3046 3475 3101 vinctum
3500 3046 3820 3103 destinavit.

2237 3137 2356 3209 Quo
2377 3139 2690 3211 perductus,
2722 3140 2914 3197 eodem
2941 3140 3196 3197 saeviente
3218 3140 3496 3211 praefecto,
3526 3139 3825 3197 dirissimis

2238 3242 2323 3290 est
2371 3233 2654 3290 tormentis
2702 3234 2991 3305 appetitus,
3020 3233 3089 3290 ad
3135 3242 3438 3289 extremum
3480 3246 3609 3287 vero
3633 3234 3827 3303 capite

2238 3337 2431 3390 caesus,
2465 3332 2629 3395 atque
2677 3324 2734 3379 in
2781 3322 3003 3379 ﬂuvium
3044 3324 3427 3395 pracipitatus.
3473 3322 3673 3378 Verum
3717 3324 3822 3378 ubi

2238 3417 2415 3488 primo
2444 3416 2608 3472 fuerit
2633 3416 2867 3482 auditus,
2898 3431 3004 3473 non
3029 3424 3114 3474 est
3132 3424 3378 3472 nostrum
3398 3414 3660 3486 judicare,
3687 3430 3823 3471 cum

2240 3508 2374 3565 ﬁdes
2427 3508 2718 3579 sepultura:
2769 3508 2946 3564 locum
2997 3507 3319 3564 confiteatur
3361 3506 3662 3579 passionis,
3717 3522 3825 3562 nec

2239 3614 2547 3669 repugnans
2566 3613 2689 3655 esse
2716 3599 2987 3665 videatur,
3008 3599 3054 3655 si
3085 3600 3236 3671 prius
3264 3599 3683 3656 Ambianensem
3723 3601 3824 3655 de-

2237 3691 2509 3747 coraverit
2548 3689 2757 3754 urbem,
2807 3704 2915 3745 non
2956 3689 3130 3747 solum
3171 3690 3600 3762 praedicationis,
3629 3705 3825 3747 verum

2236 3795 2454 3852 quoque
2482 3780 2730 3851 gloriosae
2758 3780 2914 3837 titulo
2952 3779 3331 3846 confessionis,
3353 3796 3417 3837 ac
3439 3788 3628 3853 postea
3665 3781 3826 3838 Viro-

2237 3873 2449 3929 mandis
2490 3871 2799 3942 profectus,
2846 3887 2953 3928 non
2995 3873 3222 3929 minoris
3268 3872 3426 3929 fama:
3472 3875 3823 3942 celebritate,

2234 3972 2459 4032 propter
2482 3962 2759 4033 signorum
2786 3962 3089 4019 claritatem
3110 3971 3166 4019 et
3183 3964 3586 4035 praedicationis
3614 3966 3823 4022 instan-

2237 4053 2391 4119 tiam,
2415 4068 2577 4109 aures
2599 4054 2750 4124 impii
2778 4054 3148 4111 sollicitaverit
3172 4055 3436 4126 praefecti.
3459 4056 3648 4129 Neque
3673 4060 3825 4114 enim

2235 4153 2416 4200 tantus
2434 4144 2635 4200 Christi
2667 4154 2875 4217 martyr
2891 4154 2975 4201 est
2993 4161 3212 4203 carcere
3229 4158 3533 4219 susceptus,
3549 4150 3655 4205 etsi
3676 4149 3826 4206 ferro

2235 4232 2450 4305 ligatus,
2483 4250 2514 4289 a
2555 4235 2936 4304 praedicatione
2962 4234 3199 4308 linguam
3242 4239 3416 4292 tenuit
3456 4239 3825 4309 impeditam;

2234 4325 2344 4380 imo
2368 4332 2494 4380 tunc
2513 4326 2868 4392 constantius,
2896 4335 3022 4382 tunc
3035 4327 3309 4383 ardentius
3327 4342 3450 4382 eum
3467 4330 3824 4399 praedicabat,

2233 4418 2387 4490 cujus
2414 4418 2680 4477 charitate
2709 4435 3000 4477 succensus
3024 4422 3167 4478 inter
3188 4420 3391 4493 ﬂagella
3416 4422 3649 4490 ridebat,
3678 4425 3825 4480 inter

2232 4510 2489 4582 equuleos
2499 4511 2818 4585 exsultabat,
2833 4513 2976 4569 inter
2986 4512 3451 4585 ligenteslaminas
3464 4516 3826 4587 tripudiahat.

2233 4603 2500 4675 Egressus
2519 4604 2681 4673 igitur
2691 4605 2760 4660 ab
2779 4604 2913 4660 urbe
2932 4604 3243 4676 praefectus,
3262 4605 3573 4664 Rbemense
3587 4608 3658 4663 ad
3673 4609 3827 4679 pala-

2234 4694 2370 4751 tium
2386 4695 2591 4766 regium
2606 4696 2747 4765 quod
2774 4696 2949 4752 fuerat
2961 4713 3124 4770 super
3133 4698 3352 4754 fluvium
3364 4698 3609 4756 Vuidola:
3631 4702 3823 4770 situm,

2235 4788 2476 4845 divertit.
2511 4788 2568 4843 In
2600 4803 2707 4859 quo
2728 4788 2845 4844 loco
2891 4788 3066 4846 sa‘ncti
3094 4792 3198 4847 viri
3227 4791 3453 4847 Ruﬁnus
3480 4799 3537 4847 et
3568 4790 3826 4850 Valerius

2235 4881 2449 4954 plebem
2487 4881 2819 4937 credentium
2856 4898 2963 4937 non
2998 4883 3267 4939 modicam
3293 4883 3537 4939 doctrina
3564 4885 3823 4941 institue-

2239 4974 2393 5039 bant,
2421 4972 2662 5029 moribus
2681 4974 3032 5037 excellebant,
3054 4975 3344 5031 virtutibus
3364 4976 3725 5033 irradiabant.
3755 4984 3827 5034 At

2243 5064 2333 5120 ubi
2347 5063 2602 5135 praefecto
2621 5064 2688 5121 de
2706 5066 2788 5122 eis
2808 5066 3099 5121 indicatum
3123 5065 3332 5133 fuisset,
3352 5068 3534 5122 missis
3551 5069 3822 5139 apparito-

2243 5154 2413 5221 ribus,
2447 5156 2599 5226 jubet
2640 5155 2761 5213 illos
2798 5157 3100 5227 praesentiae
3136 5172 3247 5213 sua:
3275 5158 3415 5213 sisti.
3436 5157 3557 5225 Quo
3581 5161 3817 5232 cognito,

2243 5257 2509 5319 martyres
2536 5248 2736 5306 Christi
2779 5263 2883 5305 non
2927 5259 3136 5305 terrore
3186 5265 3487 5321 ptenarum,
3518 5253 3614 5309 sed
3641 5254 3821 5325 gravi-

2248 5341 2372 5396 tatis
2397 5341 2651 5408 eonsilio,
2683 5350 2847 5413 atque
2885 5341 3202 5399 humilitatis
3229 5344 3562 5414 magisterio,
3590 5348 3824 5401 abscon-

2246 5432 2374 5487 dere
2423 5446 2484 5488 se
2541 5448 2572 5487 a
2622 5434 2836 5505 tyranni
2890 5443 3180 5504 conspectu
3235 5433 3543 5491 voluerunt.
3602 5435 3821 5491 Caelesti

2241 5540 2475 5596 namque
2499 5525 2809 5596 magisterio
2829 5525 2996 5591 docti,
3026 5539 3133 5595 quo
3159 5525 3272 5580 ait:
3305 5522 3482 5579 Nolite
3509 5526 3695 5580 timere
3735 5540 3820 5579 eos

2242 5618 2333 5689 qui
2374 5617 2617 5672 occidunt
2643 5633 2853 5687 corpus,
2882 5618 3114 5672 animum
3145 5633 3267 5672 vero
3297 5633 3400 5672 non
3426 5627 3645 5687 possunt
3678 5618 3818 5671 occi-

2212 5706 2398 5771 ‘dere;
2434 5708 2526 5762 sed
2567 5707 2886 5778 potiua‘eum
2929 5707 3102 5763 timete
3128 5708 3218 5779 qui
3245 5717 3411 5778 potest
3436 5717 3486 5762 et
3516 5709 3747 5762 animum
3770 5716 3817 5761 et

2214 5814 2429 5871 ‘corpus
2470 5800 2687 5871 perdere
2713 5801 2771 5855 in
2804 5800 3088 5865 qcltettttam
3122 5798 3342 5870 (Matth.
3369 5817 3421 5864 x.
3451 5800 3586 5865 98):
3617 5810 3817 5865 tempo-
