4148 6344
366 351 503 408 “97

1314 348 1403 407 DE
1439 350 1770 408 PASSIONE
1812 352 1911 410 SS.
1951 352 2182 412 RllFlNl
2221 357 2307 412 ET
2347 357 2635 415 VALERII.

3471 364 3611 423 M98

362 468 474 524 rale
499 465 817 537 supplicium
845 474 899 521 et
927 464 1042 521 leve
1070 479 1133 522 ac
1161 477 1598 523 momentaneum
1632 467 1931 524 tribulatio—
1957 470 2009 533 Α
2036 471 2198 528 urbes
2250 473 2521 544 populosae
2544 513 2559 539 ,
2614 475 2833 530 castella
2910 474 3116 531 munita
3136 517 3151 541 ,
3204 477 3308 533 vici
3362 479 3614 537 latissimi

308 564 317 569 ’
362 559 445 614 nis
470 557 761 629 nequibant
780 571 998 628 pavere,
1020 557 1445 629 contemplantes
1471 560 1814 627 prmsentium
1843 572 1932 628 pa-

359 664 490 706 vore
519 648 855 705 cruciatuum
876 664 983 705 non
1010 649 1165 705 evadi
1191 664 1397 721 poenas,
1428 650 1521 705 sed
1540 650 1759 716 mereri,
1782 663 1882 705 nec
1900 665 1932 703 a

360 742 551 799 mortis
600 741 862 812 supplicio
893 740 1136 808 liberari,
1166 741 1261 797 sed
1314 749 1528 797 aeternae
1571 741 1934 797 damnationis

360 833 671 893 discrimina
695 834 1020 905 comparari.
1044 833 1213 905 Magis
1236 849 1363 889 vero
1375 834 1713 906 passionibus
1734 833 1933 889 Christi

310 936 313 939 '
358 943 456 999 per
478 926 793 997 patientiam
821 925 1224 982 communicare
1251 926 1575 997 gaudebant,
1608 934 1666 980 ut
1687 926 1803 997 ejus
1823 926 1936 995 glo-

359 1020 456 1075 riae
473 1026 752 1074 consortes
771 1016 1131 1075 efﬁcerentur.
1157 1020 1271 1075 Non
1295 1020 1460 1091 igitur
1480 1021 1571 1091 qui
1599 1019 1810 1075 fuerant
1832 1017 1935 1074 fide

360 1108 623 1175 roborati,
641 1122 735 1179 spe
755 1109 917 1175 certi,
945 1109 1210 1165 charitate
1235 1110 1506 1176 succensi,
1541 1109 1801 1165 latebram
1826 1117 1936 1164 ter-

359 1214 483 1256 rore
504 1199 631 1254 victi
655 1198 959 1269 petierunt;
986 1201 1081 1255 sed
1106 1201 1416 1273 evangelico
1433 1202 1621 1256 intenti
1644 1201 1934 1256 constituto

356 1292 687 1365 praecipienti
720 1309 734 1346 :
769 1289 831 1347 Si
868 1309 958 1346 vos
977 1294 1231 1363 persecuti
1260 1294 1450 1363 fuerint
1486 1294 1541 1347 in
1578 1294 1676 1347 hac
1704 1293 1930 1358 civitate,

354 1383 519 1455 fugite
569 1383 623 1435 in
665 1381 827 1437 aliam
871 1381 1072 1456 (Ibid.,
1123 1382 1246 1454 25),
1289 1384 1607 1440 temeritatis
1653 1384 1932 1439 audaciam

358 1472 642 1543 gravitatis
672 1471 979 1529 humilitate
1001 1474 1258 1528 vitarunt.
1302 1474 1542 1545 Denique
1587 1489 1748 1543 quam
1779 1473 1931 1528 multi

356 1562 679 1618 temeritatis
727 1563 882 1619 abusi
911 1563 1351 1633 praesumptione,
1383 1564 1509 1618 dum
1543 1563 1779 1618 victoriae
1813 1563 1929 1633 pal-

354 1670 498 1710 mam
528 1655 788 1710 audacter
823 1654 1110 1710 invasuros
1140 1669 1199 1709 se
1226 1655 1591 1721 crediderunt,
1619 1656 1791 1725 poenis
1834 1654 1930 1709 de-

353 1746 564 1819 fatigati
584 1745 969 1803 miserabiliter
988 1746 1057 1802 ah
1078 1761 1205 1802 arce
1224 1745 1578 1802 confessionis
1599 1747 1927 1801 ceciderunt.

354 1843 424 1898 At
449 1856 576 1897 vero
614 1840 706 1912 qui
754 1839 868 1896 suis
915 1840 1120 1896 viribus
1146 1840 1282 1895 nihil
1314 1840 1700 1904 attribuerunt,
1742 1839 1835 1894 sed
1879 1840 1931 1893 in
1959 1824 2009 1885 Β

353 1932 582 1987 Domino
621 1931 813 1987 confisi
846 1931 1160 1987 certaminis
1188 1947 1437 2003 campum
1483 1931 1584 1987 sub
1615 1932 1934 1987 humilitatis

353 2023 523 2095 signis
555 2022 918 2094 expetierunt,
969 2022 1258 2094 gloriosam
1313 2025 1379 2079 de
1442 2025 1597 2079 hoste
1653 2024 1933 2079 victoriam

328 2114 611 2173 retulere.
638 2116 849 2172 Etenim
873 2116 1123 2172 columna
1160 2117 1283 2173 ﬁdei
1323 2117 1537 2184 Petrus,
1570 2121 1695 2173 dum
1726 2126 1933 2174 temere

352 2209 651 2279 praesumit,
682 2208 843 2263 unius
871 2207 1202 2264 mulierculae
1245 2224 1378 2264 voce
1408 2210 1796 2278 prosternitur.
1832 2210 1932 2265 Ubi

328 2299 333 2303 ’
352 2313 482 2354 vero
504 2298 694 2354 didicit
716 2311 814 2353 nec
835 2296 1099 2353 velocium
1124 2312 1244 2353 esse
1264 2312 1504 2363 cursum,
1529 2313 1628 2353 nec
1649 2298 1932 2355 victoriam

352 2392 697 2447 robustorum
715 2431 729 2455 ,
767 2391 1090 2447 temeritatis
1111 2391 1393 2447 audaciam
1417 2392 1659 2447 modesta
1681 2408 1933 2448 mansue-

352 2485 553 2540 tudinis
588 2484 890 2540 humilitate
911 2486 1174 2551 correxit,
1204 2495 1261 2542 et
1284 2485 1412 2542 dum
1445 2502 1555 2542 sua:
1599 2488 1754 2543 timet
1782 2486 1933 2543 inﬁr-

350 2576 731 2638 mitati,victor
778 2577 1028 2645 efﬁcitur,
1080 2580 1173 2649 qui
1217 2579 1369 2652 prius
1414 2594 1578 2650 supra
1607 2580 1933 2636 conditionis

350 2686 463 2726 suae
500 2671 755 2726 meritum
784 2671 887 2727 sibi
933 2687 1191 2742 arrogans
1220 2680 1523 2742 superatur.
1573 2670 1818 2743 Namque
1848 2672 1934 2727 in-

350 2760 706 2816 consideratae
753 2760 940 2816 militis
970 2761 1331 2828 conﬁdentiae,
1380 2776 1504 2832 spes
1548 2762 1790 2818 victoria:
1836 2776 1931 2817 ne-

349 2865 620 2920 quaquam
650 2860 730 2906 est
755 2850 1102 2915 conferenda,
1136 2852 1229 2907 sed
1276 2851 1484 2906 virtuti.
1514 2850 1678 2921 Cujus
1704 2851 1931 2909 comites

347 2954 567 3011 semper
593 2941 854 3006 existunt,
881 2950 936 2995 et
964 2955 1089 3011 spes
1123 2941 1189 2996 de
1221 2941 1516 3013 prosperis,
1544 2950 1598 2998 et
1626 2942 1835 2998 cautela
1864 2942 1931 2998 de

349 3030 616 3086 adversis.
649 3030 942 3102 Propterea
997 3031 1051 3086 in
1082 3031 1358 3087 Parabolis
1390 3032 1624 3089 dicitur:
1655 3033 1929 3104 Palpebre:

347 3132 454 3177 tute
476 3124 773 3193 prtecedant
795 3139 1003 3195 gressus
1025 3134 1143 3178 tuos
1172 3121 1351 3196 (Prov.
1376 3142 1453 3192 ιν,
1478 3126 1592 3198 25).
1620 3126 1725 3182 Per
1749 3127 1927 3198 palpe-

2034 564 2293 620 conviciis
2340 564 2628 632 lacessunt,
2695 567 2834 623 odiis
2888 568 3248 635 insectantur,
3308 573 3616 643 Opprobriis

2034 652 2346 724 defatigant.
2398 652 2443 710 0
2491 654 2726 710 humana
2773 656 3116 714 inclementia
3157 662 3376 730 peccati
3407 663 3619 721 semine

2032 748 2353 818 propagata!
2393 762 2427 802 ο
2477 746 2666 804 feritas
2717 749 3041 817 animorum,
3073 754 3375 810 sementino
3414 755 3617 813 diaboli

2035 840 2315 908 generata!
2345 838 2539 894 Lustra
2572 838 2806 896 ferarum
2838 842 3141 913 suscipiunt
3179 860 3315 916 quos
3334 847 3614 905 hominum

2035 927 2302 983 domicilia
2329 927 2619 997 rejiciunt;
2653 930 2794 985 inter
2812 931 3021 987 bestias
3043 942 3171 989 sunt
3197 936 3395 1002 securi,
3421 938 3619 1007 quibus

2036 1017 2178 1073 inter
2203 1017 2451 1075 homines
2476 1019 2655 1075 nullus
2690 1029 2775 1077 est
2810 1020 2962 1077 locus
2989 1030 3168 1091 tutus;
3200 1039 3385 1081 servos
3405 1026 3618 1083 Altissi-

2035 1112 2109 1165 mi
2125 1110 2351 1180 iustitiae
2373 1122 2698 1181 servatores,
2728 1115 2880 1186 pacis
2909 1125 3201 1185 amatores,
3223 1119 3440 1191 pietatis
3462 1120 3619 1177 insti-

2038 1211 2263 1269 tutores,
2281 1204 2584 1275 iniquitatis
2611 1217 3029 1279 expugnatores,
3051 1209 3297 1267 homines
3320 1211 3622 1282 expellunt,

2034 1293 2221 1350 bestiae
2244 1296 2569 1366 suscipiunt;
2597 1297 2779 1367 populi
2800 1297 3091 1365 debellant,
3116 1298 3247 1356 ferae
3267 1310 3617 1367 venerantur;

2035 1399 2211 1456 reges,
2246 1392 2306 1439 ut
2335 1386 2624 1455 perimant,
2652 1387 3039 1458 insequuntur;
3070 1388 3279 1457 bellum,
3314 1399 3373 1445 ut
3401 1406 3622 1446 conser-

2033 1486 2185 1544 vent,
2229 1486 2549 1549 sequuntur.
2579 1480 2779 1535 Verum
2819 1495 2929 1535 non
2978 1480 3247 1547 homines,
3292 1481 3388 1537 sed
3434 1480 3620 1537 bestias

2035 1569 2352 1639 deputandi,
2383 1585 2519 1640 quos
2548 1570 2692 1626 ratio
2732 1585 2839 1626 non
2868 1571 3027 1642 regit,
3058 1572 3152 1627 sed
3180 1571 3333 1626 furor
3361 1572 3617 1642 impellit;

2035 1676 2140 1715 non
2173 1661 2437 1716 modestia
2462 1670 2698 1728 coercet,
2722 1663 2818 1717 sed
2844 1661 3009 1717 libido
3030 1662 3349 1733 submergit,
3377 1660 3620 1732 Scriptu-

2034 1765 2094 1805 ra
2122 1750 2408 1822 loquente:
2432 1751 2605 1807 Homo
2628 1767 2743 1807 cum
2766 1751 2821 1806 in
2842 1753 3036 1807 honore
3062 1761 3190 1807 esset
3214 1768 3319 1806 non
3342 1751 3621 1819 intellexit,

2036 1854 2368 1914 comparatus
2397 1855 2471 1899 est
2496 1844 2761 1915 .jumentis
2790 1845 3172 1915 insipientibus,
3213 1856 3260 1900 et
3301 1844 3489 1900 similis
3538 1844 3623 1914 fa-

2037 1945 2153 1990 ctus
2179 1946 2255 1991 est
2285 1935 2391 1991 illis
2420 1936 2595 2008 (Psal.
2627 1952 2817 2003 xnvm,
2846 1937 2959 2007 l3).

2106 2027 2246 2083 Dum
2296 2043 2427 2098 ergo
2467 2028 2686 2084 athleta:
2717 2029 2860 2099 regis
2912 2029 3125 2096 aeterni,
3172 2028 3226 2083 in
3253 2027 3623 2100 penetralibus

2034 2128 2263 2174 secretae
2305 2118 2516 2176 telluris
2545 2119 2821 2190 degentes,
2869 2120 3148 2175 turbarum
3180 2119 3461 2187 tumultus,
3506 2118 3623 2176 cla-

2034 2225 2215 2266 mores
2244 2210 2450 2266 aulicos
2475 2212 2737 2278 devitant,
2769 2213 2895 2267 dum
2928 2211 3235 2268 solitudinis
3261 2210 3501 2268 incolunt
3531 2226 3621 2267 sc-

2034 2312 2263 2370 cretum,
2296 2304 2422 2359 dum
2452 2304 2689 2374 quietem
2734 2320 2983 2376 superna:
3004 2306 3473 2377 contemplationis
3502 2321 3620 2361 am~

2033 2392 2370 2464 plectuntur,
2394 2394 2521 2449 dum
2546 2394 2726 2450 volatu
2753 2396 2952 2451 mentis
2976 2396 3290 2466 temporalia
3319 2396 3618 2467 negligunt,

2032 2493 2089 2538 et
2110 2484 2177 2538 ad
2198 2493 2400 2540 aeterna
2423 2487 2776 2553 contendunt,
2793 2488 2920 2542 dum
2937 2488 3146 2543 caelesti
3177 2487 3315 2559 pasti
3338 2488 3621 2544 dulcedine

2034 2573 2428 2631 delectamenta
2470 2576 2656 2633 mundi
2679 2577 3005 2648 despiciunt,
3048 2586 3103 2632 et
3132 2578 3449 2634 ardentibus
3474 2578 3619 2634 votis

2035 2665 2181 2735 regis
2207 2666 2289 2721 sui
2316 2668 2656 2736 praesentiam
2690 2668 3096 2738 concupiscunt,
3142 2668 3401 2725 satellites
3428 2669 3622 2725 crude-

2035 2757 2100 2813 lis
2139 2759 2353 2830 tyranni
2385 2760 2603 2815 tandem
2634 2760 2865 2817 famulos
2885 2761 3087 2817 Christi
3118 2762 3415 2834 reperiunt,
3447 2773 3504 2819 et
3525 2777 3617 2819 ca-

2034 2850 2175 2905 tenis
2209 2852 2421 2907 vinctos
2462 2852 2527 2907 ad
2560 2854 2776 2924 tyranni
2806 2855 3151 2925 praesentiam
3192 2854 3413 2931 ducunt.
3472 2854 3619 2923 Quos

2010 2940 2146 3014 suis
2180 2941 2542 2997 tribunalibus
2589 2943 2931 3011 assistentes,
2957 2945 3262 3015 huiusmodi
3293 2947 3473 3002 verbis
3520 2962 3616 3018 ag-

2034 3032 2279 3102 greditur
2312 3050 2326 3086 :
2358 3031 2564 3089 Ruﬁne
2590 3043 2646 3088 et
2679 3032 2877 3101 Valeri,
2932 3051 3070 3105 quos
3104 3036 3233 3093 deos
3271 3037 3481 3093 colitis?
3529 3046 3623 3093 aut

2035 3121 2189 3191 cujus
2226 3123 2507 3195 religionis
2536 3140 2692 3180 sacra
2713 3126 3083 3182 veneramini?
3110 3126 3309 3200 ‘Sancti
3351 3136 3621 3197 martyres

346 3189 486 3271 bras
528 3215 674 3272 enim
723 3189 993 3272 subtilitas
1038 3189 1360 3289 intelligitur
1401 3189 1764 3287 discretionis,
1822 3189 1930 3291 qua
1957 3189 2005 3256 ο
2036 3189 2293 3278 disewnt
2324 3189 2550 3271 {Unum
2592 3217 2761 3272 Deum
2792 3218 3019 3274 calimus
3047 3189 3619 3289 οιίιιιὶροιθιιιθιηίὶιη-

346 3304 575 3375 quisque
599 3304 814 3376 sapiens
833 3319 1115 3377 gressuum
1137 3321 1356 3363 suorum
1379 3308 1537 3363 debet
1557 3310 1658 3366 iter
1672 3310 1927 3380 dirigere,

346 3411 419 3452 ne
448 3396 759 3452 securitatis
786 3395 1010 3468 planitie
1041 3407 1233 3468 captus
1263 3414 1362 3468 per
1389 3399 1806 3470 imprudentiam
1836 3402 1930 3457 de-

347 3488 496 3545 cidat
525 3487 581 3543 in
614 3489 888 3561 voraginis
913 3490 1294 3561 praecipitium.
1326 3490 1530 3547 Christi
1559 3508 1687 3562 ergo
1732 3491 1931 3550 milites

348 3564 559 3635 altioris
586 3581 1042 3651 contemplatione
1067 3582 1300 3648 consilii,
1326 3598 1355 3637 a
1399 3582 1537 3639 facie
1570 3583 1798 3640 turbinis
1824 3584 1929 3639 Ec-

346 3670 568 3728 clesiam
595 3669 691 3728 Dei
717 3672 1031 3729 ventilantis
1071 3672 1344 3730 declinare
1367 3674 1669 3744 cupientes,
1697 3676 1930 3732 abscon-

347 3763 519 3820 sionis
545 3763 848 3820 subsidium
884 3765 1235 3835 quaesierunt.
1267 3765 1398 3821 Erat
1427 3773 1604 3821 autem
1633 3767 1776 3821 haud
1804 3781 1929 3837 pro-

345 3852 436 3908 cul
462 3852 718 3922 spelunca
753 3854 1031 3925 spinarum
1053 3870 1117 3911 ac
1144 3856 1390 3927 veprium
1417 3856 1687 3914 densitate
1708 3858 1924 3913 vallata.

345 3944 408 3999 In
436 3958 558 3999 eam
587 3958 646 4001 se
666 3943 852 3999 famuli
873 3943 1073 4001 Christi
1101 3945 1270 4001 latere
1298 3946 1541 4002 volentes
1562 3948 1927 4016 contulerunt,

348 4044 618 4108 quatenus
648 4038 731 4094 vel
762 4037 874 4093 vim
903 4039 1295 4109 persecutionis
1322 4039 1666 4096 detonantem
1692 4041 1929 4096 declina-

345 4140 492 4197 rent,
538 4130 624 4186 vel
665 4130 712 4186 si
741 4130 979 4187 coelestis
1005 4130 1336 4201 dispensatio
1364 4130 1604 4201 iuberet,
1633 4132 1700 4187 ad
1739 4133 1928 4204 agonis

348 4221 590 4278 studium
643 4221 710 4277 de
760 4222 1017 4277 virtutum
1066 4221 1276 4278 ollicina
1314 4230 1687 4295 properarent.
1717 4222 1928 4280 interea

347 4314 524 4370 donec
570 4312 847 4384 suspensis
891 4313 1086 4369 animis
1139 4313 1480 4385 imperatoris
1516 4314 1736 4385 superni
1765 4315 1929 4371 susti-

348 4413 481 4462 nent
498 4403 733 4475 jussum,
754 4405 971 4478 hymnis
990 4413 1186 4461 vacant
1214 4415 1269 4461 et
1295 4405 1650 4462 orationibus.
1666 4404 1927 4478 Speltcum

348 4498 549 4570 migrat
596 4496 651 4553 in
688 4496 1007 4563 Ecclesiam,
1038 4497 1335 4552 bestiarum
1366 4496 1541 4552 cubile
1597 4498 1930 4553 convertitur

348 4590 405 4645 in
426 4589 691 4646 orationis
734 4590 976 4653 domum,
1003 4596 1185 4643 servat
1220 4600 1416 4658 specus
1453 4603 1590 4658 quos
1608 4588 1758 4659 fugat
1782 4590 1930 4659 pala-

347 4664 503 4747 tium,
541 4690 697 4737 antra
723 4679 1019 4737 defendunt
1061 4694 1196 4749 quos
1235 4677 1409 4733 forum
1440 4679 1802 4749 persequitur.
1836 4679 1928 4735 Sic

346 4773 477 4829 olim
522 4773 814 4845 prophetas
861 4781 917 4828 et
961 4770 1162 4842 prioris
1201 4770 1381 4826 saeculi
1409 4768 1609 4840 justos,
1642 4771 1927 4841 speluncas

347 4857 714 4936 cavernasque
783 4875 941 4921 terrai
1004 4864 1073 4920 ad
1126 4862 1420 4918 ‘munimen
1482 4863 1566 4918 sui
1637 4862 1925 4919 recolimus

346 4958 636 5029 expetisse,
683 4973 819 5029 quos
860 4957 1025 5013 urbes
1069 4963 1421 5022 vexaverant,
1458 4955 1605 5024 regia
1636 4954 1921 5026 proturba-

347 5058 536 5117 verat,
566 5052 799 5107 mundus
825 5059 1245 5121 contempserat.
1275 5048 1515 5118 Denique
1540 5047 1676 5103 Loth
1702 5049 1932 5119 patriar-

347 5142 508 5198 cham
536 5156 606 5197 ne
629 5141 979 5197 Sodomitana
1010 5146 1222 5196 vastent
1260 5138 1531 5203 incendia,
1559 5137 1815 5208 spelunca
1846 5152 1933 5193 re-

348 5240 551 5303 ceptat,
586 5239 642 5288 et
680 5246 842 5303 quem
884 5230 1056 5303 Segor
1095 5239 1335 5285 tremore
1384 5237 1737 5285 concusserat
1774 5236 1931 5284 terra:

350 5322 624 5381 defossum
653 5340 902 5381 securum
952 5323 1185 5380 faciebat
1214 5317 1369 5395 (Gen.
1402 5321 1540 5393 xu).
1571 5320 1742 5376 Eliam
1774 5336 1930 5393 rega-

350 5416 420 5474 lis
448 5426 509 5474 ut
536 5417 770 5488 perimat
791 5416 912 5473 aula
939 5415 1204 5483 decernit,
1243 5423 1299 5471 et
1327 5413 1646 5486 fugitantem
1675 5413 1931 5484 spelunca

351 5506 751 5581 complectitur,
780 5516 837 5562 et
859 5522 1018 5579 quem
1045 5506 1238 5562 civitas
1264 5504 1451 5561 vivere
1471 5520 1580 5561 non
1610 5504 1763 5571 sinit,
1788 5504 1934 5560 hunc

353 5599 608 5672 spelunca
648 5613 818 5670 usque
844 5598 912 5653 ad
941 5598 1136 5655 divinae
1159 5605 1432 5654 secretum
1480 5596 1822 5652 allocutionis
1852 5605 1935 5652 at-

354 5688 497 5746 tollit
519 5688 638 5760 (111
657 5688 786 5760 Reg.
812 5687 950 5760 ιιι).
1001 5686 1061 5742 1η
1104 5688 1395 5753 montibus,
1454 5686 1507 5742 in
1556 5688 1846 5758 specubus,
1878 5688 1932 5744 in

357 5781 554 5840 abditis
573 5790 840 5838 terrarum
865 5779 961 5837 ﬁlii
987 5780 1371 5854 prophetarum
1397 5780 1769 5845 demorentur,
1796 5795 1933 5854 quos

2034 3304 2369 3371 mutabilem,
2404 3305 2814 3375 sempiternum,
2851 3317 3151 3363 creatorem
3180 3308 3474 3363 visibilium
3500 3324 3615 3364 om—

2031 3397 2223 3464 nium;
2273 3396 2454 3451 omnia
2490 3396 2825 3468 implentem,
2872 3398 3054 3454 omnia
3112 3386 3410 3470 regentem,
3434 3400 3618 3455 omnia

2031 3488 2430 3555 continentem;
2471 3496 2527 3543 et
2567 3503 2732 3542 unum
2762 3488 3050 3545 Dominum
3087 3487 3274 3544 Jesum
3314 3488 3613 3558 Christum,

2030 3580 2427 3636 instaurantem
2476 3581 2658 3636 omnia
2689 3597 2807 3651 qua:
2837 3581 2891 3637 in
2931 3581 3085 3637 ccelis
3130 3590 3275 3650 sunt,
3310 3591 3365 3637 et
3391 3598 3512 3653 qua:
3562 3583 3617 3638 in

2030 3669 2212 3725 terris.
2266 3669 2403 3725 Deos
2447 3685 2597 3736 vero,
2653 3672 2743 3741 qui
2798 3679 2926 3727 sunt
2982 3670 3290 3751 simulacra,
3334 3672 3614 3727 hominum

2031 3770 2149 3817 arte
2185 3761 2439 3827 formata,
2495 3777 2603 3819 non
2652 3778 2996 3831 veneramur,
3049 3779 3281 3834 quorum
3317 3764 3617 3820 substantia

2028 3851 2235 3923 lignum
2262 3851 2348 3906 vel
2369 3852 2506 3922 lapis
2526 3860 2629 3919 est,
2656 3863 2749 3907 aut
2778 3852 2989 3925 fulgens
3016 3854 3315 3921 metallum,
3356 3855 3613 3911 materies

2030 3942 2285 3997 videlicet
2310 3942 2647 4012 corruptioni
2687 3943 2976 4015 subjacens
3013 3952 3068 4000 et
3097 3943 3462 4014 passibilitati,
3498 3945 3619 4015 qui-

2030 4033 2133 4089 bus
2163 4034 2310 4089 dedit
2337 4049 2428 4088 ars
2464 4032 2717 4100 formam,
2759 4035 3035 4107 ingenium
3077 4035 3306 4091 contulit
3342 4036 3619 4092 decorem.

2031 4125 2222 4181 Divina
2250 4141 2415 4197 porro
2441 4126 2765 4195 substantia,
2796 4142 2903 4182 non
2927 4127 3160 4191 aliunde,
3188 4128 3283 4183 sed
3307 4143 3375 4183 ex
3420 4142 3478 4185 se
3522 4129 3619 4183 du—

2031 4235 2164 4277 cens
2187 4220 2422 4286 initium,
2450 4236 2549 4275 nec
2580 4219 2811 4292 tempori
2830 4228 2917 4276 est
2940 4206 3193 4284 obnoxia,
3220 4221 3476 4292 quoniam
3496 4230 3622 4277 ante

2032 4321 2275 4384 tempora
2315 4327 2530 4383 semper
2576 4311 2764 4367 existit
2809 4328 2910 4367 nec
2949 4312 3365 4368 diminutionem
3411 4313 3621 4383 recipit,

2033 4404 2086 4459 in
2129 4405 2455 4477 plenitudine
2483 4404 2564 4460 sui
2600 4403 2931 4460 aeternaliter
2957 4418 3339 4473 perseverans,
3368 4418 3467 4459 nec
3497 4420 3622 4474 per-

2037 4495 2390 4549 mutationem
2439 4493 2609 4558 novit,
2662 4491 2981 4559 uniformis,
3030 4493 3294 4564 simplex,
3342 4502 3621 4558 constans,

2035 4585 2275 4654 perfecta
2300 4625 2313 4646 ,
2364 4592 2627 4654 perpetuo
2678 4583 3003 4640 subsistens.
3035 4568 3411 4655 Cujus'verbo
3448 4583 3625 4640 factus

2034 4684 2119 4729 est
2148 4674 2399 4740 mundus,
2429 4683 2483 4727 et
2507 4675 2690 4730 mundi
2723 4684 2949 4732 ornatus
2980 4676 3286 4742 universus,
3311 4676 3465 4747 cujus
3492 4675 3617 4746 Spi-

2036 4765 2140 4818 ritu
2170 4764 2348 4819 omnis
2396 4773 2649 4820 creatura
2700 4766 2974 4821 stabilitur
3016 4775 3072 4821 et
3102 4766 3438 4833 moderatur,
3494 4766 3621 4822 huic

2031 4857 2268 4912 hostiam
2308 4856 2485 4912 laudis
2519 4866 2575 4911 ct
2623 4857 2952 4912 sacrificium
3003 4858 3229 4927 spiritus
3273 4856 3622 4913 contribulati

2024 4949 2272 5022 quotidie
2322 4948 2557 5005 litamus.
2588 4949 2886 5007 Praefectus
2911 4951 2987 5006 ait
3014 4969 3027 5004 :
3059 4950 3339 5021 Principes
3376 4950 3621 5006 invictis‘

2038 5044 2161 5100 simi
2192 5043 2567 5109 decreverunt,
2598 5053 2658 5098 ut
2708 5044 2894 5099 relicta
2942 5043 3325 5114 superstitione
3361 5059 3466 5113 qua
3509 5042 3611 5098 lio-

2040 5139 2239 5194 minem
2266 5136 2585 5193 cruciﬁxum
2630 5146 2683 5193 et
2716 5146 2992 5193 mortuum
3018 5122 3227 5202 colitis,
3253 5137 3357 5193 diis
3377 5136 3622 5206 omnipoe

2038 5228 2277 5284 tentibus
2316 5242 2453 5299 quos
2501 5228 2748 5285 Romana
2795 5228 3098 5300 respublica
3153 5228 3307 5295 colit,
3357 5229 3616 5305 adoretis.

2039 5317 2202 5376 Nefas
2241 5330 2325 5377 est
2366 5320 2508 5376 enim
2558 5336 2589 5375 a
2627 5320 2922 5391 majoribus
2965 5330 3270 5393 susceptam
3302 5320 3617 5391 religionem

2036 5414 2324 5479 deserere,
2375 5427 2493 5483 qua:
2547 5413 2777 5470 Romani
2826 5422 3027 5470 statum
3078 5416 3327 5486 provexit
3380 5414 3617 5491 imperii,

2037 5504 2178 5575 regit
2209 5512 2372 5574 atque
2398 5512 2598 5569 tuetur,
2632 5512 2689 5559 et
2732 5505 2801 5561 ad
2833 5505 3094 5562 novitatis
3116 5505 3398 5576 pueriliter
3422 5505 3616 5561 inven-

2037 5602 2150 5649 tum
2197 5593 2393 5648 mentis
2424 5592 2644 5649 levitate
2698 5594 2952 5650 transire.
2992 5580 3186 5650 Sancti
3229 5603 3496 5676 martyres
3526 5609 3615 5651 re-

2040 5686 2410 5756 sponderunt:
2442 5684 2556 5741 Non
2584 5687 2961 5744 erubescimus
3002 5702 3218 5745 crucem
3253 5687 3457 5743 Christi
3494 5701 3616 5758 qua

2037 5776 2268 5839 salutem
2303 5777 2493 5838 tribuit
2527 5767 2763 5851 mundo,
2787 5795 2887 5839 nec
2943 5789 3175 5841 mortem
3202 5780 3447 5839 corporis
3486 5793 3613 5846 eum
