4082 6328
550 296 690 354 H99

1364 292 1423 349 S.
1458 287 1816 348 PASCHASII
1852 288 2198 347 RADBERTI
2232 288 2525 346 ABBATIS
2564 288 3013 350 CORBEIENSIS

547 405 829 478 pertulisse
883 414 1161 477 negamus,
1190 416 1288 474 per
1311 415 1476 474 quam
1506 399 1662 456 nobis
1703 400 1900 456 donata
1940 415 2121 456 resur-
2151 403 2194 464 Α
2224 400 2312 456 tia:
2342 412 2469 457 sunt
2499 411 2760 472 quantam
2807 404 3105 463 vermiculo
3132 406 3218 463 vel
3251 407 3431 463 cimici
3460 410 3847 478 conspicimus

548 497 720 554 rectio
748 498 873 552 vitae
910 504 1014 553 est.
1045 493 1154 552 Sed
1195 496 1289 568 qui
1317 492 1497 551 crucis
1520 493 1907 566 improperium
1929 491 2127 562 jactas,

548 591 764 649 attende
804 590 934 661 quia
960 588 1055 645 Dei
1098 588 1237 644 Filio
1282 587 1603 660 supplicium
1649 586 1781 660 ligni
1807 584 2129 658 perferente,

549 682 633 738 sol
673 680 903 752 caligine
943 679 1153 736 velatus
1181 678 1409 750 aufugit,
1444 687 1591 734 terra
1621 676 1966 742 contremuit,
2003 692 2132 732 saxa

548 772 721 831 soluta
744 780 872 828 sunt
892 770 1046 844 (Luc.
1072 770 1251 843 um).
1277 770 1344 826 Et
1368 770 1523 842 cujus
1545 769 1844 842 patibulum
1868 769 2133 825 elementa

550 876 659 921 non
689 872 940 935 poterant
979 864 1272 930 sustinere,
1312 878 1469 919 suum
1499 861 1742 933 professa
1770 870 1897 917 sunt
1923 871 2134 918 creato-

550 967 687 1012 rem.
713 954 814 1022 Qui
842 962 1115 1009 mortuum
1145 953 1517 1019 calumniaris,
1552 967 1785 1024 agnosce
1805 953 1947 1022 quod
1978 953 2135 1009 tertia

550 1051 640 1108 die
664 1050 719 1105 in
747 1049 968 1104 luminis
993 1062 1155 1103 auras
1178 1046 1462 1113 remeavit,
1493 1054 1548 1103 et
1575 1053 1797 1101 auctore
1827 1045 2015 1101 mortis
2041 1061 2134 1101 su-

549 1149 763 1215 perato,
796 1137 1089 1195 inferorum
1116 1152 1284 1209 regno
1324 1137 1555 1209 spoliato
1582 1137 1753 1193 caelos
1775 1138 2049 1202 ascendit,
2081 1143 2138 1191 et

550 1229 1122 1305 gaudentibnsangelis
1137 1231 1467 1302 triumphum
1480 1229 1587 1285 laeti
1597 1231 1682 1285 tia:
1692 1229 1871 1285 Patris
1883 1244 2139 1299 conspec-

556 1327 699 1382 tibus
727 1326 1023 1397 reportavit
1052 1324 1206 1395 (Luc.
1253 1324 1424 1395 xxxv).
1463 1324 1648 1394 Itaque
1679 1324 1821 1379 Deus
1845 1338 1965 1379 cum
1995 1329 2141 1378 esset

556 1428 685 1473 ante
741 1417 954 1481 saecula,
1010 1412 1248 1471 Verbum
1297 1415 1566 1485 siquidem
1618 1414 1798 1469 Patris
1850 1429 1947 1485 per
1996 1413 2139 1485 quod

552 1507 766 1563 condita
807 1515 934 1563 sunt
980 1505 1199 1571 saecula,
1235 1514 1297 1560 ut
1346 1505 1618 1561 hominem
1670 1505 1940 1581 liberaret,
1980 1504 2141 1559 homo

556 1597 671 1655 ﬁeri
716 1599 1141 1655 misericorditer
1202 1598 1422 1669 delegit.
1472 1598 1538 1652 Et
1579 1606 1640 1652 ut
1677 1597 1885 1669 peccati
1929 1596 2137 1668 jugum,

553 1692 746 1749 mortis
772 1691 1018 1746 aculeum
1046 1691 1369 1753 destrueret,
1416 1688 1595 1743 Patris
1622 1689 2004 1759 obtemperans
2023 1686 2140 1757 jus-

2235 493 2449 550 inesse?
2490 494 2615 550 Haec
2643 495 2788 550 enim
2827 497 3010 554 vivere
3039 513 3096 553 se
3124 498 3383 566 sentiunt,
3418 496 3509 553 illa
3557 500 3705 555 nihil
3740 517 3843 556 no—

2233 595 2466 653 verunt;
2499 585 2613 642 haec
2642 587 2915 643 voluntate
2956 604 3051 645 sua
3095 588 3237 645 ultro
3262 589 3513 661 citroque
3558 590 3845 659 feruntur,

2236 677 2326 733 illa
2362 678 2465 732 nisi
2497 685 2591 732 aut
2625 677 2787 745 elata,
2814 678 2896 733 vel
2926 679 3157 751 impulsa
3182 690 3459 751 nequeunt
3488 681 3748 748 moveri,
3786 692 3847 739 ut

2232 774 2357 837 puta
2403 769 2599 838 quibus
2650 769 2825 823 nullus
2877 769 3213 825 voluntarius
3258 771 3400 828 inest
3450 779 3674 839 motus;
3724 773 3847 831 hac

2235 868 2498 931 appetunt
2525 860 2624 915 sibi
2657 861 3055 927 convenientia,
3083 862 3359 919 declinant
3386 866 3701 931 contraria,
3738 867 3848 924 illis

2237 950 2418 1007 nullus
2443 961 2528 1007 est
2555 952 2847 1023 appetitus,
2899 968 3034 1023 quas
3062 952 3454 1010 inscusibilitas
3478 956 3633 1011 omni
3656 957 3848 1027 privat

2236 1040 2450 1098 affectu.
2479 1042 2691 1098 Nullum
2720 1045 2880 1115 igitur
2907 1045 3088 1102 valent
3109 1045 3366 1101 auxilium
3392 1057 3687 1118 praestare,
3720 1065 3850 1119 qua

2238 1135 2319 1189 sui
2348 1133 2591 1190 defectus
2634 1145 2909 1207 nequeunt
2949 1137 3186 1206 inopiam
3215 1139 3451 1198 sentire;
3484 1137 3599 1192 imo
3626 1154 3851 1210 magna

2239 1227 2523 1282 dementiae
2553 1229 2938 1299 comprobatur
2977 1228 3084 1284 vita
3132 1229 3449 1299 rationeqne
3493 1227 3752 1286 fruentes
3776 1232 3850 1286 ab

2243 1317 2493 1373 inanibus
2539 1319 2839 1375 subsidium
2877 1336 3118 1392 sperare.
3151 1323 3303 1386 Quod
3351 1323 3396 1376 si
3429 1320 3649 1391 placeat
3696 1322 3847 1387 illos,

2241 1425 2468 1480 quorum
2518 1411 2632 1467 haec
2680 1412 2929 1469 feruntur
2960 1413 3248 1486 imagines,
3290 1415 3669 1477 considerare,
3712 1416 3847 1485 quid

2242 1503 2496 1570 virtutis,
2561 1505 2691 1577 quid
2751 1506 3084 1575 juvaminis,
3148 1508 3279 1579 quid
3349 1508 3659 1563 (ἰίι-ἰιιίιδιίη
3716 1525 3851 1579 ρος-

2241 1605 2369 1650 sunt
2421 1597 2654 1665 habere,
2707 1598 2796 1669 qni
2859 1599 3108 1657 homines
3166 1600 3333 1657 fuisse
3382 1601 3847 1672 comprobantur,

2243 1701 2406 1763 atque
2476 1689 2664 1744 mortis
2733 1688 2970 1744 debitqu
3052 1690 3332 1747 solvisse?
3398 1691 3512 1747 Nec
3588 1693 3850 1751 homines

559 1786 725 1853 sioui,
756 1786 937 1841 crucis
959 1782 1367 1847 contumeliam,
1398 1780 1887 1849 mortisiujuriam,
1920 1778 2133 1849 propria
2166 1776 2334 1851 Billi,
2394 1796 2530 1853 quos
2582 1781 2757 1837 honos
2820 1780 3035 1837 virtutis
3096 1792 3261 1852 atque
3327 1785 3494 1838 decus
3554 1783 3701 1838 bene
3756 1800 3845 1855 ge

552 1878 835 1933 voluntate
865 1876 1120 1945 suscepit.
1155 1875 1221 1928 Et
1249 1890 1379 1929 crux
1409 1870 1625 1943 quidem
1652 1871 1853 1927 Christi
1885 1870 2136 1939 sapienti—

552 1964 653 2020 bus
680 1965 867 2020 mundi
916 1965 1145 2019 stultitia
1176 1971 1289 2027 est,
1322 1963 1415 2016 sed
1463 1961 1557 2015 Dei
1613 1959 1879 2031 sapientia
1912 1959 2132 2015 stulzam

552 2054 681 2111 fecit
722 2055 1041 2125 sapientiam
1070 2042 1250 2110 saeculi
1302 2052 1356 2124 (Ι
1378 2050 1502 2108 Cor.
1534 2053 1598 2123 ι),
1632 2053 1833 2107 docens
1863 2068 1921 2108 se
1950 2051 2132 2106 humi-

553 2147 736 2203 liando
763 2162 932 2218 usque
958 2150 1024 2203 ad
1069 2156 1319 2212 mortem,
1345 2147 1486 2216 quod
1523 2144 1805 2201 humilitas
1832 2153 1917 2201 est
1945 2160 2136 2201 ascen-

552 2261 646 2303 sus
689 2262 793 2318 qua
840 2246 1151 2317 pervenitur
1199 2244 1265 2299 ad
1301 2244 1499 2310 caelos,
1555 2252 1612 2298 et
1648 2242 1904 2314 patientia
1939 2241 2132 2308 virtus,

550 2339 637 2395 cui
679 2348 923 2410 potestas
950 2338 1127 2395 omnis
1157 2338 1471 2393 succumbat
1515 2336 1738 2391 inimici.
1766 2335 1877 2390 Nec
1914 2334 2136 2391 caeleste

549 2430 926 2503 magisterium
954 2430 1201 2496 decebat,
1249 2429 1351 2484 nisi
1405 2429 1727 2485 humilitatis
1766 2444 1829 2484 ac
1863 2428 2135 2499 patientiae

550 2525 720 2580 armis
750 2524 978 2595 accingi,
1017 2532 1074 2577 ut
1102 2521 1408 2592 superbiam
1456 2521 1655 2577 diaboli
1691 2521 1996 2576 humilitate
2037 2522 2133 2575 dc-

547 2614 758 2686 jiceret,
803 2625 859 2671 et
886 2615 1322 2687 praesumptionis
1368 2615 1650 2670 audaciam
1692 2615 1967 2686 patientiae
2006 2631 2136 2687 gra-

549 2711 717 2767 vitate
746 2711 1001 2777 calcaret,
1046 2719 1314 2782 quatenus
1349 2708 1417 2764 ad
1446 2709 1666 2765 caeleste
1696 2708 1953 2779 palatium
1986 2707 2136 2763 festi-

550 2809 747 2856 nantes
766 2800 1083 2872 perdoceret
1136 2799 1303 2854 hostis
1349 2798 1556 2868 antiqui
1590 2796 1881 2853 contrariis
1909 2795 2136 2865 esseja-

552 2891 689 2947 culis
737 2890 1143 2955 vulnerandam,
1196 2898 1250 2945 et
1284 2889 1423 2944 unde
1467 2889 1718 2959 superbia
1764 2876 2137 2958 prostraverat

553 2981 680 3037 illuc
702 2981 1060 3037 humilitatem
1095 2981 1483 3045 conscendere,
1525 2981 1667 3035 unde
1692 2978 1930 3035 levitatis
1968 2978 2137 3033 mobi-

555 3075 678 3131 litas
734 3076 1112 3131 deturbaverat
1187 3088 1253 3130 eo
1304 3073 1617 3129 stabilitatis
1666 3073 1988 3145 gravitatem
2046 3088 2133 3127 re-

558 3178 758 3223 meare.
810 3166 960 3221 Hanc
1009 3166 1174 3236 igitur
1200 3164 1395 3220 divina:
1426 3162 1743 3219 reverentiae
1795 3158 2135 3233 diSciplinam

555 3258 840 3314 mundanae
864 3256 1238 3328 philosorihiae,
1264 3267 1443 3311 tumor
1469 3271 1576 3309 non
1607 3253 1986 3326 apprehendit,
2015 3267 2136 3323 quae

554 3365 615 3407 se
637 3366 744 3406 non
776 3352 923 3406 novit
956 3350 1243 3405 humiliare
1288 3357 1345 3404 ut
1376 3356 1583 3421 surgat,
1607 3364 1715 3403 non
1742 3347 1893 3404 novit
1916 3346 2135 3401 stultam

556 3440 697 3508 fieri,
728 3442 779 3496 id
799 3440 1176 3496 eststultitiam
1206 3454 1360 3499 suam
1391 3454 1569 3505 nosse,
1594 3455 1703 3510 quo
1732 3454 1876 3494 vera:
1897 3437 2139 3509 philoso-

554 3533 697 3604 phite
726 3534 907 3589 radios
934 3532 1322 3604 apprehendat,
1361 3540 1525 3601 atque
1566 3530 1688 3586 ideo
1717 3529 1895 3587 crucis
1943 3544 2138 3599 oppro-

554 3623 733 3681 brium
780 3625 938 3693 ridet,
978 3623 1172 3679 mortis
1197 3622 1588 3692 subjectionem
1638 3621 1692 3677 in
1740 3621 1834 3675 Dei
1872 3619 2009 3675 Filio
2054 3634 2140 3674 re-

556 3719 864 3791 prehendit,
898 3727 1151 3790 tanquam
1197 3717 1369 3788 possit
1410 3715 1687 3772 humilitas
1715 3730 1835 3771 esse
1870 3729 1999 3770 vera
2035 3713 2137 3769 nisi

554 3809 781 3866 vilitatis
809 3811 1142 3881 contemptui
1178 3808 1437 3882 patuerit,
1465 3817 1557 3863 aut
1585 3806 1858 3878 patientia:
1908 3805 2139 3877 plenitu-

559 3899 738 3955 dinem
767 3900 871 3956 nisi
918 3901 1108 3956 mortis
1158 3899 1422 3955 terminus
1469 3898 1756 3954 ostendere
1804 3898 1994 3968 possit,
2044 3896 2141 3953 sed

559 3991 795 4045 somniet
848 3990 1084 4045 humana
1140 4006 1276 4062 quas
1343 3990 1550 4047 nesciat
1607 3989 1831 4045 scientia
1889 3989 2137 4045 virtutes.

559 4082 787 4140 Eterna
816 4098 946 4139 vero
992 4083 1255 4153 sapientia
1303 4082 1563 4139 mortales
1607 4083 1876 4148 insinuat,
1909 4081 2141 4152 qualiter

560 4172 857 4244 perfectam
881 4173 1097 4227 virtutis
1118 4188 1297 4229 arcem
1323 4181 1378 4227 et
1406 4173 1589 4228 videre
1610 4180 1664 4227 et
1689 4172 1983 4227 ascendere
2004 4187 2141 4243 prte-

559 4264 796 4321 valeant.
826 4263 942 4320 Non
977 4280 1126 4335 ergo,
1151 4264 1291 4320 sicut
1321 4265 1577 4335 imputas,
1608 4263 1785 4318 inanis
1826 4252 2139 4334 superstitio

560 4365 647 4412 est
677 4355 865 4427 religio
904 4355 1238 4421 Christiana,
1287 4354 1383 4410 sed
1410 4355 1653 4410 doctrina
1688 4355 1831 4420 vitae,
1883 4355 2141 4426 magiste-

562 4449 700 4504 rium
728 4447 940 4513 salutis,
993 4446 1171 4503 cultus
1197 4444 1519 4503 sanctitatis.
1547 4445 1907 4513 Quamobrem
1949 4445 2003 4500 in
2033 4446 2137 4499 Do-

560 4541 693 4597 mini
718 4538 846 4595 Jesu
873 4537 1077 4595 Christi
1104 4553 1319 4594 crucem
1350 4538 1572 4595 credere
1602 4537 1847 4593 fidelibus
1868 4538 2135 4592 libertatis

560 4639 644 4685 est
685 4628 876 4698 gloria,
925 4636 1153 4684 mortem
1205 4625 1323 4695 ejus
1373 4627 1594 4698 pietatis
1629 4628 1805 4682 ollicio
1867 4626 2135 4693 venerari,

560 4722 670 4777 vita
717 4730 897 4778 estex
947 4720 1195 4776 mortuis.
1232 4721 1369 4775 Deos
1416 4734 1546 4774 vero
1572 4734 1707 4790 quos
1736 4720 2137 4792 magnificentia

559 4823 743 4871 vestra
774 4823 927 4871 vocat
949 4814 1367 4882 omnipotentes,
1397 4818 1452 4867 et
1477 4811 1677 4867 misero
1697 4827 1883 4867 errore
1912 4813 2136 4883 decepta

560 4906 806 4965 Romana
854 4907 1157 4979 respublica
1202 4906 1376 4978 primo
1405 4904 1600 4969 coluit,
1652 4920 1795 4960 nunc
1841 4914 2017 4959 autem
2049 4921 2140 4959 sua

562 5013 728 5069 perna
783 5006 1100 5055 coruscante
1144 4996 1393 5061 veritate,
1438 4994 1695 5065 majorem
1738 4994 1883 5049 illius
1929 5004 2138 5066 partem

565 5101 775 5148 constat
802 5090 1174 5153 illuminatam,
1201 5103 1307 5143 non
1339 5086 1513 5143 solum
1539 5086 1769 5142 Romani
1799 5088 1948 5143 orbis
1975 5088 2143 5159 impe-

565 5184 707 5240 riqu
762 5200 871 5239 non
917 5182 1227 5247 sublimant,
1261 5181 1611 5236 moderantur
1671 5187 1726 5233 et
1778 5187 2018 5245 servant,
2048 5179 2143 5235 sed

568 5288 671 5331 nec
698 5273 913 5344 quidem
960 5272 1281 5342 semetipsos
1323 5270 1407 5325 vel
1461 5267 1770 5333 defendunt,
1831 5267 1915 5321 vel
1956 5267 2144 5338 juvare

567 5373 816 5440 possunt.
846 5364 1086 5434 Denique
1108 5362 1154 5417 si
1182 5372 1387 5417 statuas
1414 5361 1466 5415 in
1494 5359 1735 5415 delubris
1760 5366 1973 5430 spectes
1999 5359 2143 5413 loca-

568 5466 678 5525 tas,
706 5456 834 5527 quid
857 5455 1023 5512 divini
1051 5454 1288 5510 numinis
1322 5460 1523 5521 queunt
1550 5450 1770 5514 habere,
1803 5450 1999 5521 quibus
2045 5465 2145 5506 nec

566 5536 732 5615 vitae,
799 5562 899 5605 nec
939 5563 1132 5603 sensus
1191 5544 1414 5614 alicujus
1484 5545 1624 5601 inest
1684 5542 1916 5599 munus?
1969 5542 2141 5611 Quam

575 5643 871 5710 largiantur
894 5640 1167 5712 opem,’ne
1195 5639 1369 5693 dicam
1392 5652 1578 5710 regno,
1610 5637 1940 5704 civitatibus,
1969 5652 2140 5709 popu-

470 5756 479 5761 -
575 5720 664 5787 lis,
695 5729 887 5787 saltem
919 5729 1139 5785 minime
1173 5726 1440 5793 bestiolae,
1482 5742 1600 5801 quae
1627 5743 1728 5783 nec
1756 5736 1918 5783 tanta:
1945 5737 2137 5805 poten-

2163 4497 2216 4558 D

2236 1883 2333 1931 stre
2378 1873 2501 1928 vita:
2556 1872 2850 1927 reddiderit
2914 1873 3121 1939 claros,
3180 1875 3273 1931 sed
3336 1891 3480 1946 quos
3538 1885 3685 1932 tetra
3744 1878 3846 1933 de-

2234 1963 2480 2019 formitas
2547 1962 2802 2017 vitiorum
2867 1963 3012 2017 omni
3086 1962 3307 2018 infamia
3387 1966 3846 2037 turpitudiueqne

2232 2055 2676 2111 commacularit?
2736 2055 2974 2127 Denique
3025 2056 3111 2111 ille
3144 2057 3411 2111 maximus
3464 2059 3839 2128 optimusque

2233 2146 2462 2219 Jupiter,
2499 2163 2565 2203 ex
2611 2146 2848 2202 Saturno
2893 2146 3009 2202 sive
3075 2146 3225 2203 Rhea
3261 2159 3607 2219 procreatus,
3670 2158 3842 2219 atque

2235 2237 2409 2293 Cretae
2469 2236 2782 2302 tumulatus,
2830 2252 2934 2291 non
2977 2239 3135 2293 deum
3185 2253 3265 2303 se,
3308 2239 3401 2293 sed
3428 2240 3715 2295 hominem
3738 2256 3839 2297 na—

2237 2331 2436 2385 scendo
2467 2330 2853 2400 moriendoque
2878 2330 3041 2385 fuisse
3065 2330 3421 2385 demonstrat.
3454 2332 3555 2385 Cui
3584 2346 3720 2401 ergo
3744 2349 3842 2402 po-

2238 2421 2305 2475 tis
2333 2429 2416 2476 est
2445 2419 2631 2491 largiri
2674 2419 2924 2486 salutem,
2970 2420 3062 2491 qui
3099 2437 3204 2474 non
3244 2422 3420 2490 potuit
3447 2437 3477 2473 a
3512 2437 3572 2476 se
3600 2434 3838 2479 mortem

2237 2514 2579 2585 propellere?
2608 2512 2703 2567 Vel
2727 2513 2815 2568 cui
2844 2514 2966 2567 vitae
2994 2514 3139 2568 dabit
3167 2525 3368 2577 ortum,
3395 2513 3489 2584 qui
3508 2515 3837 2584 priusquam

2235 2615 2547 2662 nasceretur
2578 2621 2700 2662 esse
2731 2622 2834 2662 non
2865 2606 3065 2661 valuit?
3088 2608 3195 2661 Aut
3222 2606 3456 2677 qualiter
3478 2608 3719 2661 aliorum
3751 2609 3836 2661 vi-

2238 2706 2320 2753 tas
2379 2699 2614 2753 tuebitur
2663 2697 2774 2765 ille,
2806 2697 2899 2769 qtti
2945 2715 3067 2754 mox
3121 2706 3280 2753 natus
3338 2715 3406 2753 ne
3437 2699 3836 2769 perimeretur,

2234 2794 2419 2850 furtim
2461 2781 2723 2861 sublatus,
2777 2793 2958 2850 fauces
3003 2792 3209 2865 aufugit
3250 2792 3559 2863 paternas?
3588 2792 3757 2861 Quod
3788 2794 3836 2851 si

2237 2886 2508 2958 ﬁgmentis
2534 2885 2692 2941 ﬁdem
2720 2885 2946 2957 poeticis
2961 2883 3154 2940 dicatis
3182 2899 3288 2939 non
3312 2899 3434 2939 esse
3452 2884 3833 2954 praebendam,

2237 2977 2479 3033 historia:
2512 2986 2705 3033 vestra:
2739 2986 2902 3033 certae
2927 2984 3300 3032 contestantur
3321 2990 3441 3031 esse
3465 2974 3734 3041 celatum,
3764 2992 3837 3033 ne

2240 3071 2416 3145 gladio
2444 3080 2669 3143 paterno
2692 3070 2966 3133 feriretur,
2991 3070 3245 3142 quoniam
3264 3079 3423 3140 pater
3447 3071 3752 3135 Saturnus,
3775 3082 3838 3128 ut

2165 3130 2209 3194 Ο
2240 3130 2391 3236 regni
2419 3130 2565 3220 solus
2602 3164 2786 3219 sedem
2840 3130 3068 3227 teneret,
3128 3130 3286 3220 fidem
3331 3162 3489 3219 fratri
3534 3130 3830 3232 detulerat,

2237 3273 2428 3315 omnes
2449 3258 2539 3328 qui
2568 3257 2670 3312 sibi
2702 3266 3060 3313 nascerentur
3086 3256 3374 3322 masculos,
3404 3272 3463 3312 se
3514 3265 3835 3328 peremptu-

2238 3352 2657 3424 rum,quodque
2686 3359 2960 3406 servatum
3010 3347 3113 3404 fuit
3162 3348 3218 3403 in
3249 3348 3340 3404 illo
3391 3348 3487 3420 qui
3541 3349 3832 3405 nativitate

2235 3442 2423 3502 Jovem
2455 3445 2734 3516 prmvenit.
2763 3442 2832 3499 At
2850 3457 2979 3500 vero
3005 3441 3215 3513 Jupiter
3238 3450 3294 3497 et
3310 3440 3451 3497 Juno
3476 3442 3684 3514 gemini
3710 3457 3833 3497 cum

2237 3539 2469 3595 fuissent
2515 3538 2667 3606 editi,
2717 3536 2957 3608 paternis
2982 3535 3217 3595 vultibus
3248 3533 3389 3591 Juno
3421 3544 3827 3607 praestatur;

2237 3628 2451 3700 Jupiter
2478 3637 2659 3684 autem
2687 3628 3047 3693 subtrahitur,
3072 3636 3129 3684 et
3165 3626 3219 3682 in
3239 3626 3456 3684 Cretam
3503 3628 3833 3686 nutriendus

2239 3729 2574 3792 expurtatur.
2607 3719 2737 3789 Qus:
2764 3728 2959 3777 cuncta
2985 3719 3140 3788 cujus
3163 3718 3361 3773 indicia
3386 3734 3501 3789 prae
3523 3734 3588 3776 se
3624 3719 3830 3785 (emt,

2239 3814 2344 3869 nisi
2374 3812 2576 3867 infirmi
2625 3823 2681 3869 et
2708 3811 3002 3867 imbecilli?
3041 3810 3502 3879 Quemadmodum
3536 3808 3707 3881 igitur
3752 3811 3831 3865 in-

2243 3904 2433 3961 firmus
2476 3912 2735 3974 praestare
2786 3912 2963 3973 potest
2994 3918 3158 3974 quam
3203 3916 3310 3957 non
3352 3900 3519 3957 habet
3560 3901 3832 3959 (ouandi-

2241 4010 2386 4062 nem,
2409 4005 2503 4051 aut
2535 3994 2842 4051 imbecillus
2867 3994 2955 4049 cui
2982 3993 3132 4049 dabit
3154 3992 3417 4057 solamen.
3459 3992 3691 4048 alterius
3720 3994 3830 4062 ipse

2242 4103 2363 4144 cum
2392 4087 2463 4143 sit
2490 4087 2608 4158 opis
2635 4085 2872 4157 egenus?
2900 4083 3007 4140 Sed
3022 4085 3183 4140 vitam
3203 4084 3639 4147 consideremus,
3665 4100 3828 4159 quam

2241 4189 2428 4237 sancta
2458 4176 2642 4245 fuerit,
2664 4191 2934 4249 quamque
2976 4175 3189 4248 pudica,
3219 4183 3281 4229 ut
3298 4184 3592 4245 propterea
3621 4175 3833 4231 divinos

2235 4268 2358 4341 jure
2378 4271 2635 4328 meruerit
2662 4271 2916 4335 honores.
2945 4284 3126 4325 nonne
3150 4270 3221 4323 ab
3249 4268 3605 4325 incunabulis
3630 4269 3829 4340 impius

2238 4371 2295 4419 et
2322 4362 2562 4433 impurus
2587 4361 2875 4431 reperitur,
2900 4359 2992 4430 qui
3018 4368 3228 4430 patrem
3260 4373 3368 4415 non
3400 4359 3587 4415 minus
3637 4359 3827 4415 crude-

2240 4452 2363 4509 liter
2385 4468 2547 4524 quam
2574 4453 2837 4509 violenter
2876 4451 3028 4522 regni
3054 4452 3181 4508 sede
3229 4451 3487 4523 privavit,
3526 4460 3588 4507 et
3630 4464 3828 4523 parvus

2239 4553 2419 4610 aetate,
2442 4544 2535 4600 sed
2557 4542 2761 4599 malitia
2793 4557 3037 4615 magnus,
3063 4542 3321 4614 decrepiti
3350 4542 3500 4597 senis
3522 4556 3635 4597 non
3665 4541 3829 4597 susti-

2240 4635 2359 4691 nuit
2384 4650 2574 4699 annos,
2601 4633 2799 4690 fratres
2826 4642 3157 4705 nepotesque
3194 4630 3510 4697 debellavit,
3536 4641 3599 4688 et
3619 4633 3829 4705 princi-

2240 4736 2402 4799 patus
2431 4725 2802 4781 monarchiam
2825 4724 2971 4781 solus
3011 4723 3228 4789 invasit,
3289 4723 3628 4792 turpitudine
3682 4722 3833 4780 milk

2242 4817 2541 4873 abstinuit?
2567 4814 2808 4886 Namque
2854 4830 3169 4888 germanam
3219 4812 3503 4887 coniugem
3527 4812 3709 4880 duxit.
3731 4829 3825 4870 ne-

2241 4925 2348 4980 que
2400 4908 2668 4963 maritatis
2703 4918 2795 4963 aut.
2833 4906 3128 4979 virginibus
3173 4906 3436 4983 pepercit,
3486 4907 3585 4961 sed
3626 4906 3827 4977 stupris

2240 4998 2625 5068 adulteriisque
2680 4996 2859 5051 oumia
2910 4996 3152 5053 ftcdavit.
3200 4994 3311 5053 Nec
3360 4997 3582 5067 proprio
3607 5010 3825 5067 quoque

2243 5088 2397 5145 sexui
2437 5087 2675 5147 servavit
2707 5088 2985 5151 honorem,
3014 5086 3143 5158 quin
3170 5085 3379 5142 libidini
3406 5101 3518 5142 suae
3544 5097 3822 5156 corrupte.

2242 5180 2351 5234 lam
2403 5178 2672 5251 congessit
2699 5177 3082 5239 masculorum.
3131 5176 3341 5233 Videris
3403 5174 3646 5248 quidem,
3700 5177 3825 5232 talia

2245 5272 2337 5345 qui
2367 5272 2599 5345 gesserit
2625 5289 2691 5327 an
2723 5273 2793 5328 sit
2823 5270 3127 5327 maximus?
3148 5269 3398 5342 Optimus
3416 5279 3564 5325 certe
3590 5285 3699 5326 non
3722 5280 3827 5334 est;

2247 5364 2351 5419 nisi
2387 5364 2521 5419 forte
2552 5362 3149 5435 desipiamusdaomines
3169 5362 3260 5431 qui
3292 5360 3417 5416 talia
3448 5369 3671 5435 gerunt,
3712 5376 3827 5417 see-

2248 5455 2447 5511 leratos
2496 5470 2561 5509 ac
2597 5455 2838 5524 perditos
2865 5468 3145 5517 vocamus,
3173 5468 3237 5508 ac
3262 5452 3516 5507 omnibus
3544 5453 3723 5521 pinnis
3748 5452 3821 5505 di-

2245 5544 2534 5617 gnissimos
2558 5542 2885 5614 judicatuus.
2911 5542 3117 5599 Tullius
3130 5542 3285 5600 Verri
3313 5542 3573 5597 adulteria
3587 5543 3785 5612 objecit
3804 5562 3815 5596 :

2244 5636 2359 5692 haec
2378 5635 2589 5707 Jupiter
2607 5634 2823 5690 admisit
2846 5645 3043 5689 vester.
3079 5633 3264 5689 Publio
3288 5632 3473 5688 Clodio
3500 5634 3710 5689 sororis
3750 5635 3821 5689 itt-

2245 5734 2454 5783 cestum
2477 5723 2761 5803 imputavit
2787 5741 2801 5779 :
2831 5722 2950 5783 Jovi
2993 5725 3193 5805 optimo
3246 5723 3483 5787 maxime
3534 5725 3725 5783 eadem
3766 5734 3821 5783 et
