4148 6344
286 328 293 335 ’
351 340 480 396 1501

1308 337 1395 395 DE
1434 336 1765 398 PASSIONE
1802 338 1899 396 SS.
1946 338 2177 395 RUFlNl
2216 340 2304 397 ET
2350 337 2645 397 VALERﬂ.
2692 382 2699 391 ι

3480 347 3617 405 13οΞ

345 475 500 516 soror
550 467 604 514 et
648 457 840 525 conjux
908 454 1026 511 fuit.
1052 455 1192 525 Quid
1229 466 1384 527 pater
1420 457 1562 513 illius
1610 454 1927 513 Saturnus?
1954 456 2002 516 A
2031 466 2084 511 et
2120 458 2405 511 simulacra
2438 458 2725 512 venerari?
2754 456 2869 514 Non
2913 468 2993 516 est
3021 460 3124 516 hoc
3176 461 3489 532 religionem
3539 476 3616 522 te-

343 568 519 608 nonne
568 549 812 605 mortalis
864 548 1129 621 detegitur
1185 547 1385 615 fuisse,
1425 551 1517 620 qui
1570 548 1806 605 femineo
1858 549 1924 605 de

341 643 484 700 coitu
517 642 656 697 ﬁlios
682 640 1033 713 procreavit?
1083 639 1150 694 Et
1170 640 1462 711 parricida,
1491 639 1581 712 qui
1614 652 1770 696 natos
1798 657 1924 714 pro-

340 734 487 805 prios
502 730 822 804 jugulabat?
846 730 913 785 Et
943 731 1089 786 vitiis
1115 731 1349 797 deditus,
1378 732 1469 802 qui
1524 733 1784 803 regnandi
1834 750 1926 789 cu-

338 829 561 907 piditate
589 825 788 881 oblitus
815 824 986 879 fuerat
1016 825 1183 895 ipsius
1218 824 1342 894 jura
1393 826 1644 880 naturae?
1674 825 1922 893 Quando-

334 920 555 991 quidem
588 928 645 973 ut
665 916 811 972 solus
834 918 1115 987 imperium
1138 918 1425 982 obtineret,
1450 916 1617 971 fratre
1647 918 1920 983 submoto,

335 1013 402 1067 de
428 1011 690 1082 sanguine
720 1018 971 1065 natorum
995 1008 1169 1065 foedus
1199 1010 1546 1081 percusserit.
1576 1010 1684 1065 Aut
1708 1009 1783 1065 illi
1815 1026 1924 1066 me-

338 1106 444 1159 rito
468 1103 724 1159 fortitudo
757 1104 1056 1168 tribuenda,
1089 1103 1179 1174 qui
1205 1103 1380 1158 victus
1409 1103 1645 1175 perdidit
1670 1117 1917 1174 regnum,

334 1208 391 1254 et
419 1207 477 1251 ut
501 1196 648 1252 Jovis
673 1196 925 1250 evaderet
952 1195 1110 1259 iram,
1143 1196 1194 1250 in
1227 1195 1378 1249 Latio
1406 1210 1464 1249 se
1489 1194 1808 1249 abscondit?
1837 1193 1921 1248 ln-

335 1289 458 1345 felix
485 1290 666 1360 itaque
692 1289 822 1343 deus
854 1298 909 1343 et
935 1289 1292 1363 miserandus,
1324 1289 1411 1357 qui
1439 1304 1605 1359 regno
1629 1295 1916 1354 vacuatur,

335 1382 497 1436 domo
527 1381 852 1445 detruditur,
878 1396 979 1436 nec
1008 1380 1170 1435 habet
1195 1396 1301 1449 quo
1326 1381 1592 1451 quiescat,
1621 1381 1712 1435 sed
1741 1380 1917 1435 alieno

334 1483 585 1531 servatur
608 1473 762 1528 exsul
789 1474 1042 1544 hospitio.
1073 1474 1242 1528 Pudet
1266 1472 1680 1530 commemorari
1734 1472 1918 1527 Martis

330 1564 617 1628 adulteria,
644 1564 923 1635 sanguinis
949 1562 1285 1627 effusionem,
1306 1579 1405 1633 pro
1436 1579 1544 1634 quo
1572 1571 1723 1616 reatu
1748 1560 1918 1615 homi-

329 1657 456 1713 cidii
488 1657 676 1711 mortis
702 1657 1022 1721 sententiam
1049 1658 1369 1727 suscepisse,
1397 1671 1611 1727 pmnam
1636 1670 1765 1708 vero
1786 1668 1916 1708 eva-

326 1748 463 1803 sisse
491 1747 901 1802 Atheniensium
930 1749 1327 1817 deprecatione.
1362 1747 1501 1816 Quid
1518 1746 1743 1801 Junonis
1768 1745 1915 1799 nefa-

2031 565 2181 615 nere,
2209 548 2303 603 sed
2342 549 2780 619 superstitionem
2833 549 3163 620 defendere;
3215 568 3315 608 nec
3358 554 3612 624 pietatem

2027 641 2198 711 sequi,
2224 641 2320 697 sed
2369 640 2697 711 impietatem
2723 642 2950 699 nutrire.
2997 642 3164 701 Recte
3210 644 3375 717 igitur
3405 640 3611 705 Seneca

2030 732 2162 787 tales
2182 732 2492 802 vituperans
2519 732 2787 789 cultores:
2810 732 3133 801 Simulacra,
3165 736 3357 807 inquit,
3388 739 3612 797 deorum

2027 833 2373 891 venerantur,
2406 824 2511 881 illis
2538 826 2838 897 supplicant
2859 843 2997 898 genu
3028 830 3226 899 posito,
3260 830 3344 885 illa
3360 832 3610 902 adorant,

2026 914 2129 970 illis
2156 931 2249 986 per
2272 924 2438 970 totum
2467 917 2885 982 assidentdiem,
2924 929 3016 973 aut
3046 929 3243 985 astant,
3286 922 3390 977 illis
3418 924 3611 994 stipem

2016 1004 2243 1074 jaciunt,
2279 1007 2525 1062 victimas
2548 1011 2778 1076 caedunt,
2803 1020 2858 1064 et
2888 1026 3009 1065 cum
3036 1011 3150 1066 hazc
3178 1020 3457 1083 tantopere
3484 1030 3610 1069 sus-

2022 1097 2244 1168 piciant,
2273 1097 2452 1154 fabros
2474 1100 2563 1169 qui
2593 1100 2679 1153 illa
2724 1100 2902 1157 fecere
2931 1110 3304 1158 contemnunt.
3341 1104 3477 1172 Quid
3501 1105 3612 1161 cla-

2022 1189 2154 1251 rins,
2188 1191 2315 1259 quid
2344 1192 2584 1261 apertius
2613 1201 2791 1261 potest
2836 1193 2963 1257 dici,
2992 1192 3131 1264 quod
3167 1211 3357 1250 eorum
3381 1211 3485 1251 non
3518 1211 3610 1253 re-

2022 1281 2170 1352 ligio,
2198 1284 2290 1337 sed
2340 1299 2475 1338 vana
2537 1285 2851 1355 superstitio
2886 1286 3235 1342 destruatur?
3281 1288 3417 1355 Quid
3463 1289 3611 1345 enim

2021 1375 2223 1429 habent
2249 1376 2506 1441 numinis,
2546 1392 2666 1447 quae
2699 1387 2896 1447 prteter
2926 1376 3154 1447 effigiem
3189 1379 3323 1434 nihil
3374 1382 3609 1448 retinent

2020 1468 2347 1522 animantis?
2369 1467 2476 1524 Aut
2496 1471 2951 1538 quemadmodum
2976 1480 3176 1539 queant
3219 1472 3418 1526 auxilia
3459 1488 3604 1543 pra:-

2018 1567 2185 1624 stare,
2211 1560 2407 1628 quibus
2458 1559 2683 1614 artificis
2715 1576 2905 1615 manus
2932 1562 3137 1616 nullum
3168 1562 3335 1617 valuit
3384 1578 3606 1618 sensum

2017 1648 2264 1704 conferre
2292 1651 2552 1705 rationis?
2573 1652 2677 1704 Ant
2707 1652 2835 1722 quid
2860 1654 3074 1708 valeant
3098 1654 3311 1709 virtutis
3333 1656 3608 1725 possidere

2017 1756 2080 1795 ex
2107 1740 2284 1813 fragili
2317 1752 2597 1811 compacta
2641 1743 2911 1798 materie?
2940 1742 2995 1796 In
3028 1742 3116 1798 illo
3144 1759 3274 1815 ergo
3337 1744 3457 1814 plus
3514 1760 3608 1816 po-

326 1839 466 1893 rium
491 1838 731 1893 thormu?
755 1838 879 1909 quid
900 1815 1187 1892 femineam
1214 1839 1268 1893 in
1293 1815 1511 1908 pellices
1532 1835 1907 1891 efferationem
1940 1815 1987 1873 Β
2017 1835 2212 1897 lentiae,
2243 1835 2331 1904 qui
2365 1833 2616 1888 formavit
2644 1836 2765 1899 illa;
2808 1836 2896 1891 ille
2922 1853 3153 1907 namque
3183 1837 3466 1896 fabricavit
3513 1815 3604 1895 illa

324 1929 857 1984 commemoremus?
884 1928 965 1982 An
993 1929 1394 1989 sanctissimam
1422 1927 1713 1992 Venerem,
1737 1926 1907 1997 publi-

323 2033 447 2073 cum
501 2028 766 2084 scortum,
820 2019 1020 2074 divinis
1065 2019 1362 2076 honoribus
1417 2019 1904 2085 exhonorabimus,

322 2125 443 2181 qua”:
486 2112 647 2167 nullis
709 2111 829 2168 aliis
858 2127 956 2182 pro
1006 2113 1214 2167 meritis
1254 2112 1475 2167 caeleste
1531 2112 1648 2166 fieri
1708 2130 1935 2168 numen.

320 2205 572 2269 emeruit,
620 2220 785 2273 quam
848 2204 989 2274 quod
1030 2205 1201 2276 prima
1263 2205 1637 2259 meretricibus
1674 2203 1903 2259 formam

320 2297 568 2368 praebuit,
598 2295 767 2367 legem
800 2297 1075 2377 decrevit?
1098 2295 1154 2351 Si
1182 2312 1312 2367 ergo
1335 2298 1589 2352 meretrix
1650 2297 1749 2352 dea
1800 2308 1903 2365 est,

318 2403 417 2444 cur
448 2389 672 2443 castitas
702 2388 752 2441 in
799 2389 1112 2444 mulierilms
1169 2390 1454 2444 laudatur?
1502 2406 1599 2445 cur
1642 2391 1903 2447 adulteria

317 2480 790 2537 condemnantur?
815 2497 911 2534 cur
939 2481 1296 2550 prostilmlum
1325 2481 1626 2537 succumbit
1648 2481 1907 2537 infamim‘?

322 2574 504 2628 Certa:
531 2573 759 2629 virtutes
787 2574 891 2627 sint
924 2574 1236 2645 opprobrio,
1266 2576 1519 2646 quoniam
1580 2576 1810 2630 crimina
1852 2584 1907 2633 et

316 2662 445 2715 vitia
477 2661 532 2716 in
561 2661 663 2715 diis
711 2662 1094 2732 pranficantur.
1131 2662 1282 2731 Quod
1311 2664 1354 2719 si
1402 2664 1624 2719 stultum
1671 2664 1903 2731 videtur,

316 2767 422 2806 non
470 2761 594 2807 sunt
654 2753 726 2807 dii
764 2768 900 2822 quos
952 2754 1095 2809 vitiis
1146 2754 1422 2824 expositos
1471 2754 1637 2811 fuisse
1665 2764 1899 2811 constat.

313 2842 457 2897 Deus
509 2852 688 2896 autem
718 2843 933 2898 virtutis
962 2853 1173 2909 auctor,
1229 2852 1279 2899 et
1335 2844 1642 2900 sanctitatis
1693 2856 1903 2900 amator

312 2942 414 2999 est,
448 2934 720 3004 totiusque
756 2935 1009 2990 bonitatis
1034 2935 1154 2991 fons
1194 2946 1249 2992 et
1306 2938 1477 3009 origo.
1532 2938 1731 2995 Virtuti
1772 2955 1902 2995 vero

312 3028 670 3083 adversantur
691 3028 844 3095 vitia,
870 3031 1144 3085 sanctitati
1200 3046 1303 3086 non
1331 3032 1583 3087 convenit
1607 3032 1901 3086 immundi-

313 3119 410 3183 tia,
438 3121 665 3191 bonitati
691 3120 894 3176 malitia
922 3130 1135 3177 constat
1168 3123 1406 3177 inimica.
1437 3122 1679 3190 Quanam
1707 3139 1899 3178 conse-

307 3210 532 3274 quentia
596 3210 796 3276 vitiosi,
844 3212 1064 3282 impuri,
1108 3212 1349 3285 maligni,
1404 3214 1739 3270 divinitatem
1789 3217 1898 3269 sint

306 3302 510 3372 adepti,
534 3318 653 3357 cum
688 3300 888 3355 nullmn
922 3303 1111 3358 vitium
1139 3305 1297 3358 cadat
1327 3304 1380 3359 in
1413 3304 1627 3359 Deum?
1653 3304 1805 3373 Quod
1848 3306 1894 3361 si

309 3391 603 3448 facinerosi
630 3402 754 3448 sunt
780 3410 877 3464 pro
902 3394 1012 3449 Deo
1038 3395 1268 3460 colendi,
1289 3412 1392 3461 non
1422 3396 1716 3468 puniantur
1751 3397 1899 3452 adul-

308 3483 433 3550 teri,
472 3498 578 3538 non
595 3484 879 3556 parricida:
906 3484 1250 3550 damnentur,
1278 3502 1382 3540 non
1401 3486 1546 3542 fures
1570 3487 1893 3556 plectantur,

305 3594 414 3633 non
444 3579 760 3634 meretrices
784 3578 1157 3635 criminentur.
1197 3579 1399 3636 Horum
1431 3582 1664 3652 denique
1717 3592 1771 3637 et
1818 3583 1894 3638 si-

305 3671 513 3725 milium
541 3686 663 3726 reos
720 3671 984 3727 scelerum
1041 3673 1133 3744 qui
1176 3673 1411 3736 incusat,
1441 3672 1667 3743 judicat,
1715 3675 1892 3745 punit,

307 3762 448 3817 Deos
482 3777 618 3833 quos
642 3762 875 3817 humana
903 3778 990 3819 res
1016 3763 1229 3834 publica
1254 3763 1403 3829 colit,
1420 3765 1607 3835 dignos
1629 3765 1893 3836 supplicio

304 3867 413 3907 non
446 3851 743 3906 divinitatis
776 3851 983 3908 honore
1013 3851 1368 3909 demonstrat.
1388 3853 1699 3925 Philosophi
1719 3854 1891 3910 vestri

305 3944 593 3999 virtutibus
621 3945 815 4000 docent
840 3945 1222 4016 sapientiaeque
1243 3947 1587 4012 studendum,
1621 3954 1894 4002 naturam-

303 4048 410 4105 que
437 4034 670 4089 hominis
697 4050 727 4088 a
751 4050 961 4088 sunnno
985 4037 1092 4091 Deo
1119 4047 1403 4108 propterea
1449 4036 1657 4093 ratione
1706 4037 1893 4094 dicunt

303 4126 643 4193 adornatam,
685 4137 742 4181 ut
769 4143 830 4182 ea
858 4127 994 4182 duce
1008 4129 1174 4183 vitam
1200 4145 1487 4200 moresque
1514 4131 1882 4195 moderentur,

302 4219 545 4289 nihilque
573 4218 714 4274 aliud
743 4218 859 4275 fore
892 4220 1096 4304 legem,
1127 4239 1233 4293 qua
1265 4223 1591 4279 damnantur
1640 4224 1890 4291 crimina,

302 4312 635 4383 virtutesque
681 4313 990 4379 laudantur,
1018 4331 1181 4386 quam
1204 4326 1410 4372 natura:
1456 4318 1742 4382 rationem,
1770 4320 1895 4375 hoc-

299 4418 406 4473 que
428 4403 601 4458 solum
632 4404 877 4459 homines
906 4405 1109 4461 bestias
1139 4423 1417 4478 superare,
1446 4409 1491 4464 si
1521 4420 1778 4481 regantur
1805 4410 1887 4464 in-

302 4492 550 4557 tellectu;
591 4509 687 4550 eos
710 4510 839 4548 vero
868 4496 958 4563 qui
999 4496 1170 4566 legem
1221 4506 1426 4553 natura:
1477 4509 1884 4569 corrumpentes

301 4584 674 4641 confusionem
705 4595 982 4642 sectantur
1009 4586 1286 4652 vitiorum,
1336 4602 1439 4643 non
1490 4589 1759 4653 homines,
1785 4590 1879 4643 sed

299 4675 525 4742 belluas,
556 4694 781 4747 quorum
821 4686 1003 4733 tenent
1025 4678 1292 4749 exempla,
1318 4679 1594 4743 dicendos.
1641 4680 1883 4748 Qualiter

301 4768 470 4837 igitur
495 4770 691 4824 divinis
714 4770 867 4839 quasi
896 4770 1145 4825 coelcstes
1171 4769 1419 4833 laudibus
1462 4779 1880 4843 prosequuntur,

303 4874 530 4927 quorum
578 4853 881 4932 tnrpissim'a
939 4862 1143 4934 legibus
1199 4870 1350 4933 gesta
1410 4861 1879 4918 condemnentur?

303 4948 418 5004 Non
450 4967 578 5024 ergo
601 4962 725 5007 sunt
752 4954 856 5007 divi
884 4954 974 5023 qui
1004 4953 1401 5010 convincuntur
1426 4970 1545 5010 esse
1587 4954 1882 5010 sceleribus

300 5040 509 5107 infecti,
538 5058 641 5097 non
696 5044 1091 5114 omnipotentes
1135 5059 1272 5115 quos
1314 5044 1617 5115 corruptela
1679 5045 1879 5101 vitiatae

302 5140 508 5187 natura:
529 5136 774 5206 coarguit
794 5135 1052 5191 infirmos.
1078 5134 1189 5192 Nec
1218 5135 1443 5191 Romani
1470 5136 1681 5192 culmen
1719 5137 1881 5207 impe-

304 5227 368 5281 rii
406 5237 621 5281 servant
665 5230 883 5292 mortui,
911 5231 1003 5301 qui
1052 5231 1294 5286 viventes
1341 5232 1614 5303 proprium
1652 5231 1754 5287 sibi
1802 5248 1882 5288 re-

240 5322 243 5325 ’
302 5333 466 5389 gnum
495 5334 713 5373 servare.
742 5322 1117 5391 nequiverunt.
1164 5320 1334 5391 Quam
1363 5337 1592 5377 cernens
1613 5322 1879 5378 insaniam

301 5416 456 5478 poeta
486 5409 752 5464 exclamat
783 5428 796 5464 :

426 5561 468 5613 Ο
494 5575 638 5612 curas
659 5564 922 5625 hominum,
940 5575 972 5614 ο
995 5572 1227 5626 quantum
1249 5570 1324 5613 est
1347 5566 1394 5612 in
1423 5563 1571 5614 rebus
1594 5561 1770 5615 inanef

302 5686 440 5756 Quid
469 5689 612 5743 enim
637 5688 776 5744 valet
814 5689 1030 5745 inanius
1061 5691 1387 5761 deprehendi
1419 5707 1581 5761 quam
1608 5690 1881 5750 facinoro-

301 5782 379 5845 sis
403 5783 697 5845 divinitatis
725 5785 955 5846 honores
975 5784 1191 5851 ascribi,
1216 5801 1400 5841 verum
1419 5786 1586 5843 Deum
1608 5785 1877 5865 negligere

2012 1940 2134 1979 cum
2161 1940 2265 1979 non
2301 1934 2520 1989 essent;
2555 1926 2669 1981 haec
2702 1942 2830 1981 vero
2858 1943 2958 1982 nec
2980 1927 3207 1983 fuissent
3237 1930 3473 1999 quidem,
3499 1929 3604 1986 nisi

2010 2032 2108 2087 per
2168 2016 2334 2080 illum,
2388 2034 2486 2071 nec
2523 2018 2665 2072 aliud
2709 2034 2827 2073 esse
2885 2030 3180 2091 potuerunt
3236 2038 3399 2092 quam
3458 2022 3605 2093 quod

2011 2106 2168 2161 fictor
2190 2124 2377 2162 eorum
2416 2110 2717 2163 constituit.
2758 2111 3009 2165 Attamen
3068 2120 3236 2167 totum
3295 2115 3446 2185 quod
3488 2115 3604 2186 ipse

2010 2204 2263 2259 manebat
2310 2220 2414 2257 non
2462 2206 2637 2274 potuit
2669 2203 2772 2257 illis
2818 2206 2967 2269 dare,
3016 2207 3452 2276 quandoquidem
3500 2223 3604 2266 nec

2011 2296 2273 2348 rationem
2298 2310 2397 2349 nec
2429 2295 2620 2359 vitam,
2661 2311 2781 2367 quae
2825 2296 3075 2361 habebat,
3127 2298 3377 2355 conferre
3429 2300 3604 2371 potuit

2012 2383 2136 2439 illis.
2172 2383 2276 2439 Sed
2309 2385 2434 2454 quid
2483 2386 2623 2441 hunc
2674 2394 2879 2441 tantum
2906 2386 2957 2440 in
2993 2388 3228 2443 medium
3279 2391 3601 2446 adduximus

2009 2476 2408 2548 philosophum,
2439 2478 2725 2533 simulacra
2758 2478 2979 2533 deorum
3000 2480 3284 2543 ridentem,
3321 2498 3442 2537 cum
3473 2484 3609 2537 uni-.

2010 2569 2149 2623 versi
2181 2567 2295 2624 fere
2318 2571 2483 2625 vestri
2514 2571 2788 2640 sapientes
2814 2572 3068 2627 similiter
3099 2573 3485 2629 intellexerunt
3511 2584 3597 2629 at-

2009 2675 2115 2731 que
2144 2660 2519 2730 scripserunt?
2556 2660 2686 2729 Qua:
2724 2662 2826 2717 etsi
2870 2662 3176 2730 coluerunt,
3204 2664 3291 2719 vel
3311 2673 3598 2720 consuetu»
3688 2660 3693 2664 ’
3736 2646 3747 2651 ι

2009 2753 2135 2808 dine.
2161 2754 2383 2818 inducti,
2412 2755 2495 2809 vel
2524 2769 2723 2825 pavore
2748 2754 3031 2824 compulsi,
3085 2756 3228 2826 quod
3288 2764 3465 2810 tamen
3522 2754 3593 2810 dii

2009 2862 2116 2902 non
2167 2854 2352 2902 essent
2400 2846 2516 2902 sive
2570 2844 2860 2901 simulacra
2892 2845 3002 2913 illa,
3034 2846 3149 2903 sive
3195 2862 3423 2919 quorum
3451 2846 3596 2902 dice-

2007 2935 2205 2993 bantur
2232 2936 2458 3008 effigies,
2490 2936 2739 2993 homines
2762 2937 3010 2992 videlicet
3035 2938 3170 3004 nati,
3195 2947 3249 2993 et
3270 2938 3488 3003 mortui,
3540 2946 3596 2993 et

2010 3038 2294 3085 senserunt
2340 3038 2395 3083 et
2436 3028 2628 3084 litteris
2658 3029 2723 3082 ad
2754 3028 3085 3100 posteritatis
3146 3029 3461 3085 memoriam
3511 3028 3595 3085 in-

2010 3130 2328 3187 seruerunt;
2369 3130 2425 3175 at
2465 3121 2668 3177 idcirco
2719 3129 2929 3177 tantum
2979 3120 3194 3177 deitatis
3244 3137 3437 3177 nomen
3481 3121 3587 3176 illis

2005 3213 2347 3278 attributum,
2388 3213 2529 3283 quod
2584 3227 2740 3285 reges
2760 3212 3121 3283 potentissimi
3172 3212 3409 3268 fuerunt.
3434 3211 3588 3280 Quod

2005 3304 2284 3385 mortales,
2330 3318 2397 3359 ex
2455 3303 2666 3359 bestiali
2725 3303 2940 3358 feritate
2982 3304 3047 3358 ad
3106 3303 3374 3359 humanos
3412 3318 3589 3359 mores

2004 3397 2351 3461 transtulere,
2383 3411 2489 3451 non
2518 3396 2699 3451 divina
2727 3396 2946 3466 quidem
2975 3397 3193 3461 virtute,
3225 3397 3321 3451 sed
3349 3397 3588 3451 humana

2001 3486 2287 3541 industria.
2316 3485 2470 3553 Quod
2496 3494 2662 3549 artes,
2683 3485 2825 3556 quod
2859 3486 3119 3541 beneficia
3148 3486 3252 3541 illis
3277 3485 3429 3556 plura
3455 3502 3589 3541 cutt-

2001 3577 2189 3642 tulere,
2247 3578 2442 3647 quibus
2497 3579 2564 3632 ad
2614 3577 2739 3633 vita:
2768 3576 3110 3648 disciplinam
3157 3586 3214 3633 et
3247 3578 3584 3649 negotiorum

1997 3669 2437 3724 commoditatem
2467 3669 2826 3740 gerendorum
2858 3678 3302 3738 provocarentur.
3336 3667 3401 3722 Et
3424 3669 3585 3725 rudes

1996 3761 2213 3833 quidem
2258 3760 2507 3816 homines
2537 3759 2694 3814 facile
2744 3760 2890 3814 hunc
2945 3775 3185 3814 errorem
3234 3758 3582 3825 imbiberunt,

1995 3856 2086 3926 qui
2114 3870 2304 3910 omnes
2338 3862 2583 3925 potentes
2605 3854 2734 3908 deos
2770 3869 2890 3909 esse
2912 3854 3222 3909 credebant.
3261 3851 3395 3907 llinc
3441 3851 3583 3906 deri-

1995 3959 2149 4003 vatus
2184 3947 2236 4002 in
2291 3957 2536 4019 posteros
2570 3962 2744 4010 error,
2769 3962 2957 4003 omnes
2986 3944 3100 4001 fere
3123 3944 3377 4000 mortales
3407 3944 3586 4014 impli-

1994 4040 2124 4103 cuit,
2151 4047 2209 4094 ut
2256 4038 2386 4092 deos
2413 4030 2823 4102 venerarentur,
2873 4052 3009 4106 quos
3037 4036 3333 4105 antiquitas
3365 4034 3580 4089 indocta

1993 4129 2246 4185 sacravit.
2273 4128 2379 4184 Sed
2410 4127 2552 4183 Deus
2598 4128 2700 4182 hoc
2731 4139 2953 4182 veterno
3004 4126 3263 4182 mortales
3303 4125 3488 4180 volens
3516 4125 3581 4179 li-

1991 4222 2203 4287 berare,
2256 4221 2453 4276 Filium
2503 4235 2660 4276 suum
2696 4219 2967 4274 incarnari
2993 4218 3291 4281 constituit,
3327 4227 3385 4272 ut
3417 4218 3578 4272 homo

1992 4315 2133 4369 inter
2159 4313 2404 4368 homines
2441 4313 2671 4383 positus,
2702 4311 2768 4365 ad
2795 4311 3040 4366 veritatis
3073 4326 3167 4367 eos
3190 4311 3328 4364 viam
3360 4324 3579 4365 revoca-

1994 4414 2098 4469 ret,
2126 4415 2394 4475 quatenns
2418 4403 2654 4457 falsitate
2683 4402 2889 4465 relicta,
2919 4418 3104 4456 verum
3131 4401 3299 4457 Deum
3329 4408 3571 4466 nossent,

1993 4502 2405 4552 venerarentur.
2430 4492 2738 4547 adorarent.
2791 4490 2906 4558 Qua
2934 4492 3000 4545 de
3027 4507 3108 4556 re,
3161 4505 3267 4546 non
3316 4489 3568 4561 puerilia,

1988 4589 2126 4643 sicut
2158 4584 2553 4654 insultasﬁqute
2592 4594 2857 4649 tenemus,
2891 4592 3017 4638 sunt
3053 4585 3319 4656 dogmata,
3361 4584 3454 4638 sed
3492 4581 3574 4636 di.

1984 4680 2131 4733 vina.
2165 4677 2281 4731 Non
2314 4674 2459 4729 enim
2491 4675 2613 4729 haec
2642 4676 2873 4730 humana
2910 4676 3048 4731 ratio
3100 4675 3443 4747 excogitavit,
3476 4673 3572 4729 sed

1984 4769 2222 4824 caelestis
2247 4767 2513 4837 sapientia
2548 4768 2823 4823 revelavit.
2850 4767 2977 4825 Haec
3007 4767 3369 4840 suscipere,ad
3402 4767 3567 4822 vitam

1983 4879 2047 4918 ex
2099 4861 2324 4916 mortuis
2350 4868 2434 4915 est
2464 4874 2724 4914 remeare.
2757 4860 2880 4917 Haec
2916 4862 3175 4921 tenere.in
3198 4870 3454 4913 aeternum
3486 4866 3570 4915 est

1985 4955 2186 5009 vivere.
2218 4952 2332 5007 Non
2365 4968 2494 5023 ergo
2543 4962 2827 5022 susceptus
2855 4970 2884 5007 a
2909 4951 3152 5024 patribus
3196 4966 3352 5007 error
3376 4948 3566 5020 praefe-

1983 5046 2182 5101 rendus
2209 5052 2294 5098 est
2321 5043 2561 5108 veritati,
2590 5044 2683 5097 sed
2714 5045 2886 5115 magis
2932 5044 3184 5098 damnato
3236 5057 3421 5097 errore
3477 5055 3564 5097 se-

1982 5138 2192 5209 quenda
2229 5137 2446 5191 veritas.
2500 5135 2762 5204 Quoniam
2811 5151 2916 5206 quo
2962 5135 3171 5205 longius
3215 5134 3433 5205 paterna
3469 5147 3566 5203 per

1984 5233 2121 5288 filios
2151 5231 2281 5285 vitia
2305 5238 2691 5301 propagantur,
2716 5245 2779 5283 eo
2800 5228 3114 5285 deformitas
3141 5244 3325 5284 eorum
3356 5228 3564 5283 diutur-

1983 5326 2151 5381 nitate
2176 5324 2289 5394 ipsa
2313 5321 2635 5378 cumulatur.
2662 5319 2871 5376 Neeile
2928 5321 3249 5391 antiquitate
3301 5318 3558 5374 falsorum

1989 5422 2209 5476 deorum
2239 5417 2529 5472 auctoritas
2558 5416 2877 5481 roboranda,
2912 5417 3127 5485 quando
3164 5430 3320 5470 nemo
3354 5414 3563 5470 dubitet

1986 5509 2274 5566 falsitatem
2305 5523 2519 5579 semper
2546 5506 2659 5562 fore
2691 5508 3068 5563 damnandam.
3094 5507 3345 5577 Alioquin
3382 5507 3447 5561 de
3479 5522 3563 5561 re-

1983 5603 2197 5676 ligionis
2225 5603 2542 5673 antiquitate
2566 5601 2609 5655 si
2638 5602 2773 5655 ratio
2791 5601 3073 5671 quaeritur,
3098 5610 3308 5656 constat
3324 5598 3560 5671 priorem

1980 5694 2148 5751 fuisse
2172 5695 2329 5749 unius
2354 5694 2470 5759 Dei,
2502 5695 2592 5763 qui
2628 5709 2747 5749 cum
2771 5693 2953 5748 mundi
2981 5694 3145 5766 ctepit
3167 5694 3405 5758 exordio,
3442 5693 3562 5749 cul-

1984 5796 2115 5855 tum,
2147 5800 2307 5857 quam
2338 5784 2630 5843 multorum
2680 5785 3118 5861 superstitionem
3165 5788 3405 5854 deorum,
3438 5800 3559 5870 qua
3644 5786 3653 5789 ’
