4082 6328
554 371 577 423 l
590 369 695 423 503

1360 367 1416 421 S.
1461 367 1813 425 PASCIIASH
1856 366 2198 424 ιιΑῡιικιιΤι
2235 369 2524 424 ABBATIS
2562 369 3009 428 COIiBEIENSIS
3605 365 3634 382 ⁷

3729 373 3748 426 1
3767 374 3864 424 ἰώ

551 483 699 539 Jovis
727 481 1055 552 temporibus
1085 490 1170 537 est
1203 481 1474 547 inchoata,
1508 482 1800 538 multorum
1830 492 1948 553 post
1963 483 2134 536 homi-
2160 485 2209 544 Α
2235 482 2388 551 piens
2422 481 2698 554 splendida
2728 494 2878 554 gesta
2901 495 3250 540 contemnens
3285 486 3614 552 lionestatis,
3663 487 3864 540 volun-

554 594 681 633 num
709 577 904 634 saecula
932 577 1194 632 mundum
1225 576 1469 632 violavit.
1497 575 1628 644 Qum
1657 575 1858 631 divinis
1885 573 2142 646 perfacile

556 679 639 726 est
663 669 854 725 litteris
881 670 1252 741 comprobare.
1285 669 1392 725 Sed
1420 678 1629 724 vestras
1655 675 1865 722 tantum
1913 682 2139 737 percur-

558 763 661 818 rite
693 761 967 828 historias,
999 770 1055 818 et
1075 760 1362 832 reperietis
1388 759 1575 816 Jovem
1603 769 1840 815 vestrum
1878 767 2000 830 post
2049 773 2145 829 pa-

558 863 699 911 trem
727 853 1024 910 Saturnum
1054 868 1282 925 regnare
1306 853 1557 924 coepisse,
1582 852 1824 922 lucisque
1863 852 2145 906 exordium

559 963 664 1004 non
689 956 811 1004 ante
839 946 1096 1002 mundum
1121 945 1206 1000 vel
1236 944 1437 1000 saltem
1459 959 1580 999 cum
1610 943 1809 998 mundo
1829 942 2144 1013 sumpsisse,

559 1039 652 1094 sed
678 1037 924 1109 pluribus
954 1045 1075 1107 post
1119 1050 1304 1090 eorum
1361 1034 1725 1090 conditionem
1766 1032 1996 1096 sacculis,
2023 1046 2146 1086 cum

557 1129 672 1200 jam
696 1129 1008 1184 mortalium
1035 1126 1323 1182 multitudo
1349 1134 1520 1180 terras
1546 1124 1800 1194 replerat.
1841 1122 1993 1179 Unde
2021 1137 2149 1177 con-

562 1229 675 1282 stat
723 1236 829 1276 non
858 1221 1030 1292 ipsum
1059 1234 1240 1274 rerum
1271 1217 1658 1287 hominumque
1708 1222 2062 1285 repertorem,
2093 1220 2152 1268 ut

564 1333 594 1372 a
625 1317 779 1373 vobis
807 1317 1152 1388 praedicatur,
1176 1315 1270 1371 sed
1300 1315 1476 1384 ipsum
1502 1329 1665 1368 unum
1690 1313 1804 1368 fore
1819 1312 2147 1378 mortalium,

568 1412 707 1468 sicut
745 1409 936 1464 litterze
982 1416 1175 1462 vestra:
1207 1405 1582 1470 testificantur,
1613 1420 1790 1476 neque
1848 1404 1997 1459 illum
2033 1405 2151 1460 fore

568 1501 975 1572 sempiternum,
1033 1499 1123 1570 qui
1179 1507 1296 1567 post
1348 1497 1546 1553 multos
1573 1514 1632 1554 se
1671 1497 1878 1568 priores
1926 1511 2153 1567 regnare

566 1591 730 1661 cmpit
783 1591 835 1644 in
880 1591 1076 1654 terris,
1138 1604 1324 1643 verum
1378 1590 1652 1644 hominem
1709 1588 2153 1659 superbissimum

567 1683 655 1753 qui
693 1682 796 1738 sibi
836 1683 1046 1737 divinos
1093 1682 1406 1752 ascripserit
1454 1683 1662 1752 primus
1709 1682 1962 1755 honores,
2003 1680 2153 1734 brevi

567 1783 810 1844 tempore
851 1772 1271 1843 principaturus.
1307 1770 1421 1826 Non
1451 1771 1599 1826 dicas
1663 1771 1848 1840 itaque
1903 1771 2000 1825 hos
2055 1769 2156 1824 Ro-

2247 574 2417 629 tarius
2453 573 2689 631 infamia:
2732 577 2898 631 subiit
2929 576 3366 633 deformitatem?
3395 579 3543 647 Quis
3597 597 3860 650 unquam

2247 679 2560 746 gen_erosus,
2585 666 2708 721 vitae
2739 667 2964 736 gloriam
2987 683 3268 738 spernens,
3293 669 3542 740 abjectus
3557 680 3744 741 atque
3769 672 3864 725 de-

2247 755 2440 811 formis
2462 770 2583 812 esse
2613 756 2852 827 delegit?
2875 757 3105 814 Reddite
3133 774 3229 815 vos
3257 760 3420 830 igitur
3461 759 3718 816 claritati
3773 779 3865 832 pa-

2249 848 2386 913 triae,
2425 847 2632 902 reddite
2675 862 2770 903 vos
2794 849 3095 918 sapientiaa,
3131 848 3222 916 qui
3274 864 3371 905 vos
3401 850 3639 906 irradiat
3674 852 3862 922 splen-

2247 939 2387 1003 dori,
2413 953 2588 1008 neque
2615 947 2822 994 mentes
2849 941 3393 996 vestrassemctmale
3421 953 3606 1014 coepta
3629 953 3862 998 senten-

2248 1028 2322 1083 tia
2371 1029 2616 1100 perpetui
2641 1029 2842 1084 erroris
2881 1029 3090 1100 laqueis
3136 1031 3495 1100 pervicaciter
3523 1042 3722 1089 teneat
3758 1036 3858 1088 ad-

2250 1119 2442 1186 dictas,
2473 1120 2566 1174 sed
2596 1131 2656 1175 ut
2685 1120 2831 1176 docti
2863 1121 3112 1177 homines
3138 1132 3301 1193 atque
3332 1125 3545 1179 urbana
3582 1126 3856 1181 modestia

2251 1210 2506 1275 instituti,
2532 1211 2717 1268 faciles
2753 1213 2820 1266 ad
2852 1213 2902 1268 id
2923 1213 3066 1282 quod
3089 1214 3374 1270 honestum
3401 1223 3491 1269 est
3515 1216 3743 1271 animos
3779 1233 3860 1271 re-

2257 1313 2468 1360 vocate.
2498 1304 2860 1360 Caaremonias
2883 1306 3055 1361 avitas
3094 1307 3373 1378 suscipite,
3418 1308 3599 1362 sacris
3626 1310 3858 1364 deorum

2253 1395 2635 1452 immortalium
2669 1395 2988 1466 religionem
3013 1396 3251 1462 deferte;
3277 1411 3379 1467 ego
3401 1414 3500 1454 vos
3526 1399 3723 1454 multis
3746 1416 3861 1454 ma-

2255 1489 2480 1560 gnisque
2508 1488 2829 1543 muneribus
2859 1489 3088 1556 donabo,
3117 1505 3217 1560 ego
3244 1492 3498 1547 maximis
3557 1493 3865 1548 honoribus

2255 1598 2351 1638 vos
2411 1583 2736 1648 sublimabo,
2773 1598 2872 1652 ego
2937 1597 3032 1638 vos
3083 1583 3444 1653 potestatibus
3494 1585 3862 1654 amplissimis

2258 1675 2636 1747 magnificabo,
2663 1690 2763 1746 ego
2783 1675 3265 1731 vosinvictissimis
3291 1676 3550 1747 Augustis
3573 1692 3862 1732 conamen-

2261 1767 2419 1822 dabo.
2468 1766 2549 1823 Ad
2607 1768 2722 1823 haec
2774 1769 2947 1824 sancti
2999 1777 3286 1840 martyres,
3321 1785 3427 1824 non
3468 1769 3726 1831 emolliti,
3775 1772 3866 1824 sed

569 1880 783 1920 manam
864 1862 1250 1933 rempublicam
1317 1863 1663 1932 provexisse,
1718 1875 1935 1931 regere,
1991 1869 2153 1931 atque
2181 1861 2230 1922 Β
2258 1859 2430 1915 hostis
2455 1861 2664 1930 antiqui
2689 1861 2989 1916 sentientes
3025 1860 3300 1926 fraudem,
3325 1863 3740 1933 responderunt
3777 1880 3792 1915 :
3825 1861 3866 1917 0

569 1971 828 2022 servare;
887 1956 1013 2026 quia
1071 1956 1318 2011 homines
1372 1954 1622 2018 fuerunt,
1688 1954 1878 2010 mortis
1930 1953 2046 2024 lege
2099 1955 2151 2009 in

570 2048 866 2118 pulverem,
911 2049 976 2104 de
1019 2062 1126 2118 quo
1183 2047 1378 2118 sumpti
1431 2054 1575 2112 sunt,
1600 2045 1730 2102 olim
1782 2045 2008 2112 redacti,
2062 2055 2154 2102 aut

573 2141 861 2197 simulacra
917 2155 1056 2196 vana
1119 2141 1234 2196 sine
1288 2139 1538 2206 ratione,
1619 2138 1738 2195 sine
1784 2155 1984 2206 sensu,
2038 2140 2154 2197 sine

571 2233 705 2287 vita.

646 2326 726 2380 Ad
760 2327 875 2381 lucc
918 2324 1204 2397 prtefectus
1234 2343 1247 2378 :
1276 2323 1378 2380 Dm
1424 2338 1521 2379 vos
1568 2323 1830 2380 modestia
1867 2332 2052 2380 nostra
2102 2323 2158 2380 in

575 2415 796 2470 deorum
827 2414 1150 2470 calumniam
1181 2411 1824 2482 sustinuitobloquentes.
1853 2413 1961 2470 Sed
1983 2413 2030 2469 si
2049 2428 2156 2469 non

531 2511 536 2514 '
575 2507 858 2577 praeceptis
887 2507 1253 2576 Augustorum
1292 2505 1738 2574 obtemperantes
1781 2503 1886 2559 diis
1929 2517 2158 2559 venera-

577 2598 774 2652 tionem
807 2597 1044 2682 debitam
1078 2596 1444 2663 reddideritis,
1477 2595 1756 2666 suppliciis
1799 2595 2032 2650 diversis
2066 2610 2162 2650 vos

579 2685 775 2742 faciam
821 2687 1208 2743 consummari.
1251 2687 1319 2743 Et
1363 2687 1526 2756 jussit
1573 2688 1652 2743 eis
1687 2685 1822 2742 colla
1861 2701 2163 2758 manusque

577 2779 835 2850 gravibus
855 2779 1086 2835 vinculis
1118 2780 1424 2852 aggravari,
1457 2789 1513 2836 et
1539 2780 1593 2835 in
1637 2794 1911 2836 carcerem
1962 2779 2160 2846 claudi,

581 2880 639 2925 ut
683 2871 908 2936 nexibus
937 2870 1124 2934 vincti,
1167 2871 1406 2940 pondere
1469 2870 1646 2940 pressi
1697 2869 2008 2926 deficerent.
2057 2869 2164 2925 Sed

582 2962 754 3015 sancti
780 2971 1048 3032 martyres
1091 2961 1437 3018 exsultabant
1459 2961 1599 3032 quod
1637 2960 1854 3016 Christo
1899 2977 1994 3031 per
2039 2976 2162 3031 pas-

585 3053 768 3108 siones
825 3051 940 3107 fieri
998 3054 1412 3124 comparticipes
1453 3054 1820 3117 merebantur,
1872 3061 1922 3108 et
1971 3053 2166 3108 divinze

585 3147 866 3200 charitatis
897 3147 1018 3217 igne
1040 3148 1308 3214 succensi,
1335 3147 1635 3202 molestiam
1667 3147 1907 3217 corporis
1939 3147 1990 3200 in
2023 3162 2167 3202 men-

2257 1969 2524 2008 venenum
2553 1952 2892 2008 mortiferum
2916 1955 3181 2025 serpentis
3201 1969 3296 2008 ore
3317 1954 3591 2024 prolatum
3618 1955 3633 2007 ε
3661 1953 3708 2010 0
3723 1970 3863 2008 mor-

2262 2045 2330 2099 tis
2362 2045 2612 2114 poculum
2664 2045 2995 2117 Babylonico
3040 2046 3248 2118 fulgore
3288 2048 3545 2118 politum!
3595 2047 3690 2103 Sic
3739 2049 3864 2102 olim

2261 2138 2503 2194 diabolus
2527 2139 2760 2207 paradisi
2786 2139 3010 2195 colonos
3037 2155 3133 2210 per
3155 2156 3385 2211 anguem
3418 2140 3634 2204 fefellit,
3661 2141 3745 2195 sic
3775 2157 3867 2212 ge-
3907 2129 3922 2136 ⁷

2263 2244 2363 2284 nus
2385 2228 2682 2284 humanum
2713 2245 2809 2300 per
2828 2239 3139 2301 purpuratac
3162 2233 3467 2288 meretricis
3490 2232 3857 2302 pulchritudi-

2260 2338 2383 2378 nem
2412 2323 2639 2393 decepit.
2678 2323 2744 2378 Et
2773 2324 2989 2392 quidem
3010 2323 3180 2380 beatae
3210 2325 3407 2396 quietis
3439 2323 3680 2389 incolas,
3709 2326 3866 2396 polli-

2263 2428 2391 2468 cens
2420 2413 2720 2469 divinitatis
2743 2414 3002 2480 honores,
3029 2415 3152 2469 dum
3179 2414 3510 2485 supplantat,
3543 2415 3867 2469 immortali-

2263 2504 2392 2558 tatis
2419 2513 2570 2559 veste
2597 2504 2841 2570 nudavit,
2867 2513 2920 2560 et
2945 2522 2975 2559 a
3005 2505 3212 2560 deliciis
3243 2504 3626 2574 placidissima:
3688 2507 3868 2560 suavi—

2264 2596 2391 2652 tatis
2416 2597 2638 2666 ejectos,
2663 2597 2731 2651 ad
2762 2597 2973 2652 labores
2994 2605 3047 2653 et
3070 2612 3342 2654 aerumnas
3376 2595 3642 2652 deflenda:
3689 2609 3868 2652 muta-

2264 2688 2487 2746 bilitatis
2519 2689 2763 2745 adduxit.
2792 2690 2862 2744 At
2887 2706 3018 2746 vero
3043 2705 3210 2762 genus
3239 2689 3542 2756 hominum,
3570 2691 3702 2744 dum
3733 2707 3872 2760 pne-

2267 2783 2436 2838 sentis
2462 2782 2879 2852 prosperitatem
2911 2782 3038 2837 vitae
3066 2781 3404 2852 gloriamque
3437 2781 3649 2852 fragilis
3673 2791 3869 2851 pote:-

2267 2872 2356 2928 tite
2389 2879 2608 2942 captare
2633 2872 2826 2936 suasit,
2861 2873 3204 2941 sempiterna:
3255 2872 3448 2926 mortis
3476 2872 3687 2926 carceri
3717 2887 3871 2924 man-

2266 2963 2483 3034 cipavit.
2513 2963 2620 3017 Sed
2648 2979 2822 3033 neque
2865 2963 3040 3018 adhuc
3096 2963 3334 3034 antiqua:
3387 2962 3591 3016 fraudis
3643 2963 3868 3028 oblitus,

2269 3037 2467 3110 dolosa:
2489 3054 2758 3124 captionis
2787 3055 3058 3110 innectere
3090 3055 3223 3108 retia
3252 3063 3452 3119 cessat,
3483 3054 3612 3108 dum
3653 3055 3722 3108 ad
3754 3072 3871 3109 sua:

2272 3147 2490 3204 malitia:
2521 3147 2719 3202 bellum
2747 3147 2982 3218 gladium
3013 3147 3208 3218 linguae
3254 3148 3450 3218 judicis
3482 3148 3768 3220 corripuit.
3805 3149 3872 3202 Et

587 3239 657 3293 tis
708 3238 947 3294 laetitiam
981 3238 1396 3295 transferebant.
1439 3239 1548 3296 Nec
1576 3240 1874 3295 divinitatis
1899 3240 2050 3294 favor
2077 3240 2171 3295 ab-
2197 3229 2243 3292 C
2275 3239 2328 3293 in
2359 3237 2610 3308 paradiso
2635 3237 2851 3306 quidem
2875 3236 3020 3291 bruti
3050 3238 3341 3293 animantis
3371 3237 3559 3293 fauces
3604 3249 3872 3308 tanquam

588 3331 686 3384 fuit
715 3346 812 3401 pro
843 3347 901 3386 se
936 3331 1305 3401 patientibus;
1357 3329 1451 3387 sed
1502 3333 1684 3387 sancti.
1709 3331 1942 3402 Spiritus
1987 3348 2174 3387 eorum

591 3422 900 3492 pectoribus
929 3437 1125 3476 munus
1158 3422 1463 3488 infundens,
1511 3422 1881 3479 infirmitatem
1933 3427 2178 3496 corporis

591 3513 643 3568 in
669 3511 997 3566 fortitudinis
1040 3512 1308 3567 convertit
1339 3512 1599 3584 vigorem.
1657 3513 1894 3569 lmmane
1945 3515 2177 3586 denique

588 3615 901 3660 catenarum
931 3607 1138 3674 pondus
1175 3605 1338 3660 veluti
1366 3605 1670 3661 lenissimus
1699 3606 1908 3676 plumas
1946 3609 2176 3665 sustine-

591 3697 742 3760 bant,
775 3697 1112 3766 stupentibus
1139 3697 1404 3752 universis
1453 3698 1596 3766 quod
1641 3713 1804 3768 parva
1859 3700 2174 3770 corpuscula

584 3785 789 3858 jejunio
814 3788 1119 3859 vigiliisque
1170 3804 1344 3844 exazsa
1393 3796 1599 3843 tantam
1659 3790 1940 3860 gravitatis
1982 3791 2176 3845 molem

590 3883 832 3953 perferre
855 3883 1111 3938 valerent.
1145 3882 1632 3954 'l'radunturigitur
1657 3885 1928 3954 ergastulo
1956 3884 2173 3952 dieillo,

597 3976 954 4046 consequenti
978 3985 1136 4031 nocte
1160 3976 1430 4031 servandi.
1463 3976 1517 4030 ln
1558 3991 1666 4046 quo
1697 3977 1951 4047 temporis
1981 3977 2173 4048 spatio,

591 4081 700 4123 non
730 4080 962 4122 mterore
984 4069 1145 4121 corda
1174 4069 1467 4138 deponunt,
1487 4083 1592 4123 non
1609 4067 1802 4122 timore
1830 4067 2174 4134 contrahunt,

593 4159 690 4215 sed
730 4173 830 4229 per
871 4160 1187 4213 suavitatem
1233 4160 1476 4230 spiritus,
1514 4161 1568 4215 in
1612 4160 1931 4216 charitatem
1975 4161 2177 4218 Christi

593 4248 840 4304 dilatant.
865 4247 1074 4304 Laudes
1097 4249 1240 4304 Patri
1283 4250 1490 4306 ctelesti
1519 4251 1839 4319 celebrantn,
1849 4252 2078 4325 hymnos
2113 4254 2179 4310 li-

551 4381 555 4384 -
594 4343 750 4408 bant,
780 4342 981 4412 gratias
1009 4352 1193 4414 agunt,
1217 4353 1272 4400 et
1296 4344 1436 4400 inter
1456 4346 1694 4402 carceris
1713 4346 1992 4418 squalores
2015 4347 2178 4405 caelo-

596 4453 715 4493 rum
740 4438 933 4509 gaudia
957 4439 1303 4496 meditantur.
1332 4440 1553 4497 Catenis
1583 4442 1825 4498 membra
1855 4444 2042 4511 vincti,
2084 4445 2178 4502 sed

594 4531 844 4588 libertate
871 4530 1105 4602 Spiritus
1133 4535 1380 4604 supernis
1404 4537 1708 4607 agminibus
1741 4538 1950 4606 sociati,
1991 4555 2178 4610 supre-

595 4640 742 4679 mum
768 4623 1043 4699 postulant
1072 4641 1276 4697 regem,
1306 4637 1365 4682 ut
1392 4628 1514 4682 fidei
1541 4629 1926 4699 plenitudinem
1958 4633 2178 4690 athletis

597 4717 708 4772 suis
732 4697 1011 4788 largiatur,
1056 4718 1328 4788 patientiae
1365 4697 1618 4776 virtutem
1666 4722 1890 4789 tribuat,
1931 4739 2180 4794 perseve-

599 4809 786 4865 rantis:
805 4809 1036 4880 palmam
1067 4810 1246 4877 donet,
1270 4812 1600 4881 triumphum
1635 4814 1876 4872 victoriae
1909 4815 1975 4871 de
2007 4816 2179 4872 hostis

599 4903 937 4959 immanitate
964 4905 1241 4960 concedat.

666 4993 850 5051 Altera
895 5010 1024 5053 vero
1050 4997 1154 5061 die,
1190 5011 1378 5051 rursus
1405 4997 1620 5068 tyranni
1656 4989 2014 5056 tribunalibus
2051 5017 2182 5072 prae-

599 5096 898 5143 sentantur.
927 5088 1073 5155 Quos
1101 5089 1374 5145 aestimans
1410 5088 1607 5146 oblatis
1633 5092 1949 5148 muneribus
1970 5093 2180 5150 facilius

599 5179 952 5249 supplantari,
980 5179 1176 5234 blando
1195 5195 1464 5245 sermone,
1496 5187 1753 5251 tanquam
1802 5185 2179 5253 compatientis

599 5265 817 5333 affectu,
845 5283 939 5324 eos
965 5267 1166 5338 alloqui
1191 5271 1355 5341 coepit
1386 5289 1400 5325 :
1437 5271 1570 5326 Cum
1602 5271 1815 5326 videam
1853 5287 1952 5328 vos
1975 5274 2179 5332 nobiles

600 5370 765 5432 atque
793 5361 1083 5433 prudentes
1107 5377 1227 5417 esse
1251 5364 1415 5428 viros,
1449 5363 1603 5420 doleo
1632 5379 1736 5419 non
1750 5379 1942 5434 parum
1969 5373 2174 5422 tantam

599 5456 916 5530 dignitatem
946 5471 1042 5526 per
1076 5455 1341 5511 insaniam
1369 5458 1485 5512 sine
1513 5457 1689 5514 fructu
1721 5458 1987 5528 deperire.
2012 5458 2174 5515 Dese-

601 5557 786 5608 rentes
825 5547 1073 5617 equidem
1124 5547 1424 5603 ctelestium
1456 5549 1720 5604 culturam
1755 5550 2000 5614 deorum,
2051 5549 2178 5605 reli-

600 5642 798 5716 quistis
817 5639 1120 5696 sanctitatis
1149 5640 1422 5702 meritum,
1446 5641 1705 5696 virtutum
1730 5641 1916 5706 decus,
1948 5641 2074 5697 vitae
2084 5639 2176 5711 ju-

603 5732 960 5794 cunditatem,
984 5739 1037 5783 et
1064 5729 1234 5783 aniles
1259 5729 1490 5798 ineptias
1518 5732 1795 5798 sectanda,
1838 5732 2176 5801 turpitudini,

609 5819 866 5888 infamiae,
894 5820 1118 5890 egestati
1145 5832 1240 5876 vos
1267 5818 1581 5880 tradidistis.
1613 5820 1746 5891 Quis
1776 5824 2067 5896 aliquando
2093 5840 2180 5883 sa-

2279 3327 2511 3382 hominis
2537 3325 2773 3397 linguam
2798 3326 3048 3391 vibravit,
3079 3327 3166 3382 hic
3195 3343 3325 3383 vero
3373 3328 3716 3383 rationabilis
3763 3329 3870 3384 lin-

2277 3432 2394 3489 guze
2428 3416 2664 3489 gladium
2718 3416 2977 3482 strinxit;
3020 3433 3128 3488 quo
3169 3418 3370 3474 Christi
3415 3421 3708 3490 prudentia
3735 3436 3872 3489 pne-

2278 3518 2535 3574 structos,
2559 3508 2785 3564 callidus
2804 3510 3054 3566 inimicus
3067 3511 3362 3567 subtilioris
3383 3513 3594 3568 astutia:
3608 3529 3869 3568 mucrone

2276 3599 2573 3657 confodiat.
2612 3597 2716 3654 Sed
2739 3600 2832 3669 qui
2857 3600 3058 3658 Christi
3085 3602 3325 3672 potentia
3348 3603 3522 3659 victus
3551 3616 3720 3675 atque
3747 3621 3872 3661 cru-

2277 3696 2355 3750 cis
2383 3693 2490 3748 telo
2514 3694 2800 3748 confossus
2823 3704 2922 3758 est,
2956 3693 3156 3750 frustra
3183 3704 3370 3751 contra
3401 3697 3602 3753 milites
3631 3699 3752 3769 ejus
3783 3715 3870 3752 ar-

2278 3800 2363 3840 ma
2385 3785 2678 3854 conquirit,
2702 3785 2868 3856 gratis
2887 3785 3086 3842 bellum
3108 3788 3401 3856 praestruit,
3429 3805 3537 3843 non
3569 3800 3868 3860 perceptu-

2277 3892 2370 3930 rus
2401 3875 2636 3946 palmam
2674 3877 2950 3946 triumphi,
2989 3877 3083 3933 sed
3126 3878 3271 3933 exitu
3314 3879 3521 3950 lapsum
3575 3881 3701 3951 lpso
3731 3897 3872 3934 nunc

2278 3975 2500 4021 auctore
2533 3965 2729 4022 bellum
2758 3966 2984 4038 geritur,
2999 3968 3219 4038 quisuis
3250 3970 3512 4026 militibus
3525 3972 3866 4042 proclamat:

2279 4053 2556 4123 Conﬁdite,
2581 4072 2672 4126 ego
2701 4056 2800 4109 vici
2821 4056 3076 4111 mundum
3105 4056 3285 4128 (Joan.
3305 4075 3418 4126 xvt,
3441 4059 3554 4132 ⁸55).
3583 4061 3696 4128 Qua
3719 4064 3784 4117 dc
3815 4077 3871 4116 re

2279 4143 2503 4215 signifer
2539 4147 2750 4210 mortis,
2803 4146 3040 4203 attende.
3101 4147 3402 4218 Sequentes
3441 4151 3719 4207 Christum
3763 4171 3866 4208 non

2279 4235 2598 4291 meritorum
2629 4236 2947 4308 reliquimus
2975 4238 3206 4309 insigne,
3247 4240 3344 4295 sed
3397 4242 3734 4309 invasimus;
3765 4260 3868 4298 non

2279 4325 2496 4382 virtutis
2549 4343 2731 4383 arcem
2779 4329 3141 4396 deseruimus,
3200 4332 3295 4386 sed
3332 4333 3718 4398 ascendimus;
3770 4351 3869 4388 non

2279 4415 2405 4471 vitae
2459 4416 2710 4488 gaudium
2779 4420 3138 4489 perdidimus,
3195 4420 3290 4476 sed
3347 4421 3701 4478 mutavimus.
3729 4423 3871 4490 Quas

2279 4522 2409 4578 ergo
2430 4509 2707 4579 praeclaris
2744 4512 2911 4582 gestis
2942 4513 3405 4568 remunerationes
3429 4514 3667 4578 extollis,
3702 4531 3872 4586 quan-

2205 4592 2256 4652 D
2281 4603 2350 4658 do
2378 4618 2616 4674 perszepe
2641 4605 2827 4660 infelix
2861 4622 2954 4662 eas
3004 4606 3287 4662 calamitas
3325 4608 3653 4664 confundit?
3699 4610 3870 4677 Quam

2283 4694 2500 4750 fortium
2529 4704 2805 4768 gestorum
2835 4698 3097 4768 praedicas
3129 4698 3350 4764 famam,
3381 4715 3507 4755 cum
3537 4700 3648 4754 vita
3691 4701 3870 4757 brevis

2280 4787 2452 4844 veloci
2479 4789 2584 4844 fine
2608 4799 2799 4846 cuncta
2831 4789 2991 4846 dedat
3037 4790 3338 4846 oblivioni?
3368 4791 3477 4846 Aut
3533 4809 3700 4863 quam
3751 4795 3872 4848 vita:

2284 4881 2520 4937 laetitiam
2544 4883 2740 4954 jactas,
2771 4883 2989 4955 quando
3021 4893 3214 4940 cuncta
3240 4899 3360 4955 quze
3397 4887 3578 4941 cernis
3605 4901 3864 4940 vanantm

2285 4976 2478 5046 gaudia
2499 4991 2678 5031 rerum
2705 4975 2897 5031 umbra
2935 4975 3084 5031 velut
3113 4977 3290 5032 tenuis
3338 4976 3592 5033 celeriter
3649 4978 3870 5033 elabun-

2287 5070 2409 5124 tur?
2437 5070 2520 5124 An
2549 5069 2827 5141 splendida
2853 5079 3002 5141 gesta
3029 5070 3342 5140 Pompeium
3369 5071 3537 5125 totius
3581 5071 3736 5126 orbis
3767 5072 3868 5126 imo

2284 5168 2586 5232 peratorem
2605 5161 2881 5231 juverunt,
2908 5163 3124 5231 quando
3176 5161 3500 5233 gravissimo
3528 5164 3752 5232 superbi
3793 5163 3866 5216 vi-

2282 5252 2449 5306 ctoris
2473 5251 2666 5306 timore
2721 5249 3016 5315 confectus,
3045 5250 3344 5323 legionibus
3372 5251 3644 5316 desertus,
3676 5253 3863 5308 militi-

2280 5343 2382 5399 bus
2402 5342 2658 5408 nudatus,
2690 5343 2758 5398 ad
2783 5342 2997 5398 hostilis
3021 5343 3208 5414 gloria:
3229 5343 3466 5414 palmam
3493 5344 3675 5412 capite
3705 5345 3865 5398 uadi-

2282 5443 2390 5502 tur,
2426 5442 2482 5489 et
2512 5434 2630 5490 sine
2673 5433 2893 5490 nomine
2930 5448 3125 5504 corpus
3155 5433 3399 5488 relictum
3458 5433 3866 5487 tumultuariam

2284 5528 2338 5584 in
2368 5527 2549 5584 arenis
2574 5527 2773 5583 meruit
2795 5525 3160 5597 sepulturam?
3188 5524 3283 5581 Vel
3314 5524 3504 5580 melior
3525 5523 3668 5580 forte
3693 5525 3872 5580 Caesa-

2284 5634 2398 5675 rem
2427 5617 2658 5675 fortuna)
2688 5627 2805 5676 rota
2850 5619 3128 5685 sustinuit,
3155 5619 3246 5688 qui
3275 5617 3647 5688 postGallicos
3676 5618 3866 5671 trium-

2285 5713 2444 5782 phos,
2466 5720 2590 5782 post
2617 5711 2804 5767 civiles
2834 5711 3105 5776 victorias,
3143 5717 3263 5780 post
3305 5710 3516 5780 imperii
3547 5724 3863 5778 purpurata,

2289 5803 2471 5861 multis
2507 5803 2823 5860 vulneribus
2849 5803 3407 5874 confossus,‘gratum
3453 5803 3567 5860 suis
3621 5801 3872 5858 hostibus
