4122 6324
308 402 331 457 1
341 398 449 456 505

1256 401 1344 459 DE
1379 400 1712 460 PASSIONE
1754 401 1855 458 SS.
1893 398 2133 457 RUFINI
2171 384 2261 456 ET
2301 400 2604 459 VALERII.

3433 407 3574 467 {506

308 526 471 584 super
495 509 700 568 crudeli
726 525 857 568 nece
885 512 1247 583 spectaculum
1272 514 1436 571 fecit?
1466 515 1568 573 Ubi
1616 530 1760 571 nunc
1792 514 1887 587 igi-
1913 514 1968 577 Α
1990 510 2224 568 interior
2253 512 2322 568 ad
2345 512 2768 584 incorruptionis
2797 512 3157 585 integritatem
3178 526 3463 589 augmenta
3476 534 3571 577 su-

307 611 397 659 tur
432 603 627 659 horum
679 603 928 672 virtutes,
956 620 1109 675 qnas—
1145 614 1314 663 totum
1346 622 1444 678 per
1477 609 1665 664 orbem
1690 609 1889 664 Roma-

307 708 437 750 num
466 707 664 766 magno
687 692 870 749 labore
910 710 1120 750 summo
1162 696 1344 751 studio
1367 699 1737 768 pepererunt?
1784 697 1888 754 Ubi

308 784 619 843 divitiarum
647 800 862 857 pompa,
893 802 1028 856 quas
1054 788 1122 843 de
1150 797 1264 845 toto
1287 790 1470 845 mundi
1502 791 1678 861 spatio
1708 806 1886 862 popu-

305 877 373 933 lis
415 876 768 949 gentibusque
794 877 1031 934 subactis
1083 881 1520 951 congregaruut?
1566 880 1670 937 Ubi
1700 881 1887 936 trium-

303 968 536 1041 phorum
565 967 756 1040 gloria,
787 969 984 1038 quibus
1003 970 1261 1025 sublimes
1288 971 1414 1026 elati
1446 972 1607 1027 sunt?
1644 971 1769 1028 Haec
1788 972 1883 1043 igi-

304 1069 397 1117 tur
429 1074 589 1117 cursu
609 1061 859 1117 breviore
885 1060 1054 1127 ﬁnita,
1088 1077 1249 1133 quam
1288 1063 1441 1118 nihili
1468 1063 1619 1120 fuere
1642 1056 1884 1120 'demon-

305 1160 502 1217 strant,
529 1166 650 1221 quae
676 1160 823 1206 tanta
846 1151 1129 1208 velocitate
1151 1155 1617 1223 prmtervnlarunt.
1646 1156 1762 1211 Non
1787 1157 1886 1229 igi-

312 1248 401 1296 tur
428 1256 621 1313 magna
649 1248 864 1310 reputes
887 1257 1007 1311 quae
1036 1252 1164 1298 sunt
1187 1253 1295 1299 tam
1326 1261 1511 1316 parva,
1542 1261 1641 1311 nec
1668 1248 1884 1304 stabilia

305 1329 500 1388 credas
552 1345 671 1400 quae
716 1329 867 1386 vides
910 1341 1017 1387 tam
1066 1348 1222 1399 vana,
1254 1349 1358 1391 nec
1401 1336 1568 1392 ducas
1615 1337 1733 1393 lmta
1763 1352 1885 1407 quae

304 1422 485 1478 cernis
505 1429 614 1476 tam
639 1421 834 1476 tristia.
866 1420 1093 1493 Propter
1116 1423 1260 1494 quod
1290 1440 1574 1482 monemur
1611 1442 1718 1481 non
1767 1426 1886 1483 dili-

301 1529 431 1587 gere
455 1514 735 1579 mundum,
772 1529 944 1585 neque
973 1530 1036 1571 ea
1063 1532 1184 1587 quae
1215 1518 1271 1572 in
1296 1519 1497 1575 mundo
1540 1528 1664 1575 sunt
1697 1539 1708 1574 :
1745 1534 1884 1590 prae.

302 1606 487 1662 ferunt
508 1606 655 1663 enim
683 1607 943 1677 Speciem.
972 1608 1067 1663 sed
1117 1616 1303 1678 tegunt
1338 1610 1630 1665 vanitatem
1655 1627 1670 1676 ;
1693 1620 1883 1681 poten-

304 1699 433 1755 tiam
455 1698 753 1765 simulant,.
779 1698 873 1755 sed
905 1698 1242 1756 abscondunt
1288 1701 1656 1757 inﬁrmitatem
1684 1719 1698 1767 ;
1753 1718 1884 1774 gau-

302 1793 450 1850 dium
480 1791 822 1863 promittunt,
842 1791 936 1847 sed
968 1791 1227 1846 exhibent
1272 1791 1533 1848 dolorem.
1568 1793 1683 1847 Non
1719 1793 1882 1864 igitur

1992 603 2191 659 mebat.
2224 602 2518 674 Postquam
2548 618 2678 660 vero
2706 602 2799 659 diu
2830 604 3098 661 cruciatos
3126 606 3189 675 in
3207 605 3412 664 Christi
3444 624 3564 666 con-

1990 694 2225 754 fessione
2250 698 2427 754 cernit
2455 696 2758 754 immobiles
2785 712 3125 768 permanere,
3148 697 3301 768 jubet
3339 715 3435 757 eos
3452 717 3575 758 rur-

1989 801 2081 841 sus
2108 800 2325 842 carcere
2371 786 2573 854 claudi,
2601 787 2775 843 donec
2822 787 3062 845 inveniat
3105 789 3304 861 quibus
3326 806 3421 848 eos
3464 800 3571 848 tor-

1988 877 2186 933 mentis
2213 878 2446 935 deﬁcere
2468 876 2773 949 compellat.
2807 877 2993 935 Sancti
3014 890 3197 936 autem
3224 891 3493 952 martyres
3516 882 3571 938 in

1989 967 2228 1023 tenebris
2250 967 2509 1040 ergastuli
2536 969 2831 1035 constituti,
2861 971 3058 1026 mentis
3077 972 3252 1028 aciem
3283 973 3354 1029 ad
3392 988 3575 1044 super-

1922 1054 1925 1057 “
1987 1072 2055 1112 na
2095 1058 2451 1126 sustulerant,
2473 1068 2531 1116 et
2570 1061 2768 1131 quibus
2812 1063 3110 1133 temporale
3152 1067 3449 1137 negabatur
3485 1067 3572 1122 in-

1988 1150 2370 1207 commutabile
2393 1160 2555 1221 atque
2581 1151 2968 1224 sempiternum
3011 1153 3193 1210 lumen
3236 1156 3574 1212 contueban-

1987 1249 2096 1295 tur.
2126 1241 2297 1298 Erant
2350 1243 2569 1314 quidem
2619 1259 2848 1315 corpora
2874 1244 3057 1317 ﬂagris
3103 1247 3367 1315 lacerata,
3392 1248 3572 1321 pmnis

1989 1332 2239 1405 abrepta,
2284 1336 2567 1391 tormentis
2603 1336 2810 1403 avulsa,
2843 1338 2938 1393 sed
2966 1338 3179 1395 animus
3236 1340 3342 1397 ﬁde
3391 1332 3604 1412 fortis,i

1986 1439 2081 1495 spe
2111 1425 2336 1492 solidus,
2368 1426 2636 1482 charitate
2682 1428 2935 1485 robustus
2973 1430 3184 1488 divinas
3222 1432 3408 1491 laudes
3459 1422 3606 1493 ωηο-⁸

1985 1514 2397 1571 ditabatur.Nec
2421 1516 2617 1572 horror
2637 1518 2895 1585 carceris,
2926 1527 3087 1591 atque
3111 1523 3290 1578 noctis
3306 1526 3566 1593 tenebrae,

1984 1604 2199 1672 superni
2228 1605 2489 1675 fulgorem
2515 1604 2734 1662 luminis
2757 1608 3042 1677 quiverant
3077 1611 3436 1681 obumbrare;
3473 1616 3568 1673 sed

1984 1691 2118 1749 lucis
2147 1709 2421 1765 corporea:
2444 1694 2708 1762 defectus,
2729 1706 2784 1752 et
2807 1706 2944 1753 tetra
2973 1699 3229 1756 domicilii
3253 1702 3570 1760 deformitas

1985 1781 2041 1835 in
2075 1784 2336 1838 mentium
2374 1785 2740 1856 migraverant
2772 1786 3131 1858 majestatem,
3162 1800 3218 1847 et
3245 1795 3421 1866 caligo
3448 1810 3569 1866 qua:

303 1882 491 1940 felices
515 1884 632 1940 haec
665 1884 757 1955 qui
806 1883 1085 1954 possidere
1112 1884 1386 1950 videntur,
1423 1886 1519 1941 sed
1548 1884 1876 1941 miserabiles

1987 1875 2232 1945 corporis
2261 1883 2473 1931 texerat
2499 1878 2670 1945 visus,
2703 1880 2884 1936 cordis
2934 1880 3156 1939 obtutus
3209 1885 3564 1955 revelaverat,

302 1977 394 2048 qui
421 1992 521 2049 pro
538 1977 683 2033 veris
704 1975 837 2033 falsa
861 1977 1306 2047 complectuntur.
1336 1976 1452 2045 Qua
1479 1977 1546 2032 de
1572 1992 1630 2032 re
1654 1993 1882 2033 munera

302 2075 394 2123 tua
428 2067 843 2134 contemnimus,
897 2067 1184 2138 dignitates
1222 2068 1550 2137 respuimus,
1612 2068 1882 2138 promissa

299 2173 399 2229 pro
424 2157 590 2213 nihilo
616 2157 884 2214 ducimus.
915 2157 1100 2214 Servis
1125 2159 1325 2213 etenim
1361 2157 1561 2214 Christi
1573 2165 1600 2225 ,‘
1614 2159 1881 2231 quidquid

299 2247 530 2305 sublime
577 2248 813 2304 mundus
859 2255 1075 2319 reputat
1118 2248 1518 2318 contemptibile
1562 2257 1675 2315 est;
1728 2249 1884 2319 quid-

298 2342 429 2413 quid
459 2340 752 2425 gloriosum
778 2340 909 2407 vile,
936 2339 1197 2411 quidquid
1226 2339 1482 2395 blandum
1524 2340 1878 2405 exsecrabile,

298 2436 553 2507 quoniam
604 2451 713 2491 non
744 2443 1001 2506 appetunt
1028 2434 1083 2489 in
1110 2433 1270 2489 terris
1323 2432 1543 2491 divitias
1588 2435 1879 2504 perituras,

296 2531 494 2601 quibus
534 2527 970 2600 incorruptibiles
1014 2527 1071 2583 in
1117 2527 1270 2584 caelis
1315 2536 1598 2599 parantur,
1624 2528 1880 2598 quoniam

218 2681 227 2688 ,
298 2622 468 2693 gloria
484 2622 872 2691 praetervolans
913 2620 1098 2676 mundi
1129 2635 1236 2676 non
1287 2621 1402 2676 veri
1442 2621 1568 2676 boni
1609 2622 1882 2691 possessio

295 2722 398 2779 est,
429 2715 525 2770 sed
544 2715 795 2771 vitiorum
826 2716 1074 2771 materia.
1113 2715 1171 2770 Si
1195 2715 1410 2785 quidem
1434 2715 1696 2787 quidquid
1718 2717 1883 2773 habet

295 2807 529 2863 mundus
576 2806 940 2863 blandimenta
998 2807 1177 2864 carnis
1204 2808 1365 2863 noxia
1412 2816 1559 2874 sunt,
1600 2816 1656 2862 et
1682 2822 1882 2863 concu-

295 2900 556 2971 piscentia
591 2899 892 2967 oculorum,
949 2908 1004 2956 et
1057 2901 1308 2972 superbia
1352 2902 1498 2967 vitae,
1531 2917 1652 2972 quae
1697 2901 1879 2956 omnia

295 3008 403 3048 non
430 3007 463 3047 a
487 2991 599 3048 Deo
631 2991 790 3047 Patre
818 2999 964 3058 sunt,
988 2990 1081 3047 sed
1127 3007 1194 3047 ex
1234 2991 1449 3048 diabolo
1473 2991 1492 3064 (
1519 2990 1549 3045 I
1579 2992 1737 3047 Joan.
1759 3007 1802 3047 ιι
1832 2989 1875 3062 ).

293 3083 524 3155 Propter
549 3085 691 3155 quod
710 3083 1013 3140 certissime
1037 3090 1221 3139 teneas
1246 3083 1390 3154 quod
1420 3098 1519 3139 nos
1554 3099 1583 3137 a
1613 3084 1878 3140 charitate

293 3172 494 3229 Christi
516 3170 657 3229 nulla
682 3173 992 3245 promissio,
1023 3172 1184 3228 nullae
1225 3173 1450 3241 divitiw,
1483 3173 1627 3228 nulla
1675 3173 1871 3246 gloria,

292 3267 438 3324 nulla
464 3282 743 3339 prospera,
765 3266 909 3321 nulla
936 3265 1208 3322 contraria
1228 3273 1481 3337 poterunt
1504 3280 1776 3335 separare.

357 3358 441 3412 Ad
492 3358 606 3413 haec
632 3356 940 3428 indignatus
970 3356 1274 3428 praefectus,
1317 3357 1478 3428 jussit
1504 3371 1599 3411 eos
1630 3357 1874 3427 equuleis

292 3446 530 3513 extendi,
559 3454 615 3503 et
641 3446 933 3518 plumbatis
982 3448 1134 3503 caedi.
1172 3445 1360 3503 Sancti
1411 3456 1679 3518 martyres
1732 3446 1876 3502 inter

290 3538 501 3611 ﬂagella
527 3539 908 3610 cruciatusque
926 3538 1250 3603 dirissimos,
1276 3552 1371 3607 spe
1401 3551 1649 3608 superna:
1669 3537 1873 3608 gaude-

290 3631 421 3687 bant
448 3629 839 3694 retributionis,
872 3635 1238 3684 memorantes
1283 3628 1427 3698 quod
1454 3642 1576 3696 ,non
1604 3628 1713 3684 sint
1742 3643 1873 3684 con-

291 3720 467 3793 dignae
496 3721 776 3791 passiones
806 3716 964 3789 hujus
989 3718 1246 3790 temporis
1268 3718 1336 3773 ad
1366 3717 1602 3772 futuram
1619 3717 1866 3789 gloriam,

289 3833 413 3889 qua)
436 3816 871 3872 manifestabitur
900 3816 953 3869 in
978 3814 1181 3869 sanctis
1210 3812 1228 3883 (
1254 3811 1401 3865 Rom.
1439 3827 1534 3866 vm
1554 3811 1590 3879 ).
1642 3811 1710 3865 Et
1739 3811 1869 3866 item

288 3910 434 3981 quod
455 3908 687 3965 Jacobus
715 3906 990 3977 apostolus
1011 3904 1254 3961 ﬁdelibus
1278 3904 1409 3959 dicit
1432 3900 1571 3974 (Jac.
1601 3901 1672 3973 1):
1698 3901 1870 3958 Omne

289 4001 545 4073 gaudium
571 3999 896 4063 existimate,
927 3997 1146 4062 fratres,
1173 4012 1296 4052 cum
1328 3996 1383 4050 in
1415 3996 1741 4055 tentationes
1776 4010 1870 4048 va-

290 4093 401 4150 rias
426 4091 743 4157 incideritis,
782 4089 1016 4146 scientes
1064 4087 1205 4157 quod
1236 4085 1507 4141 tribulatio
1552 4084 1867 4155 patientiam

290 4192 566 4258 operatur,
594 4181 852 4253 patientia
877 4195 1006 4235 vero
1036 4193 1184 4249 spem
1208 4192 1452 4233 securam
1483 4185 1645 4246 atque
1683 4175 1865 4239 ﬁdem,

290 4289 454 4347 quam
475 4281 797 4347 cunctorum
813 4270 1023 4327 fructus
1046 4270 1308 4325 bonorum
1339 4266 1633 4325 decorabit.
1661 4264 1776 4334 Qua
1801 4267 1870 4322 de

291 4381 352 4422 re
377 4366 620 4421 laetitiam
652 4362 847 4420 mentis
893 4362 1169 4417 trahentes
1210 4360 1437 4416 Domino
1479 4360 1681 4431 gratias
1735 4374 1864 4431 age—

288 4456 446 4525 bant,
474 4465 639 4529 utque
670 4456 784 4512 suis
834 4454 1050 4510 famulis
1073 4455 1301 4509 virtutes
1324 4452 1687 4509 constantiam
1736 4468 1865 4509 cou-

289 4548 683 4618 ferret,'usque
728 4548 783 4602 in
822 4546 983 4601 ﬁnem
1026 4544 1394 4615 postulabant.
1420 4542 1663 4614 Cumque
1684 4551 1863 4614 tyran-

1983 1965 2238 2036 quoniam
2264 1966 2561 2037 spiritualis
2589 1966 2767 2040 fulgor
2793 1985 2901 2025 non
2942 1971 3056 2027 sole
3084 1976 3449 2045 succenditur,
3473 1992 3567 2035 ne-

1983 2071 2090 2125 que
2112 2064 2272 2111 nocte
2307 2064 2567 2123 caecatur,
2596 2058 2768 2130 magis
2788 2066 2969 2115 autem
3008 2061 3272 2118 claritatis
3293 2080 3404 2120 suae
3425 2067 3563 2124 lam-

1981 2149 2118 2218 pade
2139 2157 2196 2204 et
2221 2148 2366 2205 diem
2396 2150 2582 2215 vincit,
2612 2159 2668 2206 et
2694 2161 2988 2208 nocturnas
3020 2154 3273 2211 tenebras
3324 2158 3555 2230 repellit,

1982 2236 2260 2307 Propheta
2287 2239 2353 2294 de
2377 2253 2436 2293 se
2457 2238 2708 2309 loquente
2743 2259 2756 2294 :
2786 2239 2855 2294 Et
2882 2258 2986 2296 una:
3011 2242 3329 2300 illuminalio
3348 2247 3404 2302 in
3432 2248 3567 2304 deli-

1982 2329 2075 2383 ciis
2097 2330 2223 2384 meis
2252 2326 2441 2401 (Psal.
2485 2346 2748 2397 cxxxvm,
2790 2332 2901 2402 ll).
2930 2333 3169 2390 Tandem
3223 2350 3352 2407 ergo
3399 2338 3567 2406 quieti

1980 2422 2231 2477 membra
2256 2422 2558 2490 dimittunt,
2579 2433 2637 2478 et
2657 2424 2866 2493 soporis
2909 2425 3175 2482 levamine
3198 2425 3370 2485 fessos
3415 2438 3567 2488 artus

1984 2523 2239 2586 reparant
2261 2514 2331 2570 ad
2349 2514 2594 2572 laborem
2621 2515 2884 2571 futurum.
2910 2515 3020 2572 Nec
3047 2525 3226 2574 tamen
3241 2520 3417 2576 somni
3442 2537 3567 2594 gra-

1980 2607 2171 2664 vedine
2193 2622 2347 2664 mens
2373 2609 2642 2675 obruitur,
2666 2608 2762 2665 sed
2788 2610 2968 2665 divino
2997 2610 3121 2681 igne
3154 2627 3414 2669 succensa
3454 2628 3565 2670 ca:-

1980 2696 2200 2753 lestium
2221 2699 2502 2771 mysteriis
2526 2707 2857 2755 secretorum
2892 2701 3167 2757 inseritur.
3193 2703 3398 2760 Sensus
3441 2706 3562 2777 qui-

1980 2788 2104 2844 dem
2131 2791 2410 2861 corporeis
2462 2789 2652 2847 ciliciis
2692 2791 3033 2857 obturantur,
3064 2795 3161 2850 sed
3199 2797 3452 2867 supernis
3473 2812 3563 2853 re-

1977 2877 2335 2935 velationibus
2364 2888 2696 2936 reserantur.
2723 2880 2867 2939 Ecce
2894 2882 3126 2953 denique
3172 2886 3564 2956 propinquante

1971 2969 2085 3041 jam
2108 2971 2246 3040 luce,
2264 2973 2485 3046 angelus
2510 2972 2732 3029 Domini
2754 2975 2993 3030 carceris
3013 2975 3253 3033 claustra
3284 2979 3563 3051 ingressus

1977 3065 2246 3135 apparuit,
2271 3073 2327 3121 et
2365 3066 2529 3122 totius
2569 3066 2803 3137 spatium
2850 3066 3055 3159 cellulae
3099 3085 3294 3141 magna
3338 3070 3562 3131 luminis

1976 3158 2220 3213 claritate
2248 3157 2503 3228 perfudit,
2531 3167 2587 3214 et
2606 3160 2685 3214 ait
2727 3160 2795 3216 ad
2824 3157 2982 3217 illos:
3012 3162 3205 3219 Ruﬁne
3256 3173 3312 3220 et
3357 3166 3557 3235 Valeri,

1904 3240 1950 3304 C
1982 3257 2292 3305 constantes
2326 3258 2518 3316 estote,
2551 3250 2877 3321 robustaque
2907 3261 3088 3307 mente
3122 3269 3336 3309 omnem
3367 3270 3558 3326 paena-

1977 3355 2097 3394 rum
2130 3340 2377 3396 timorem
2405 3350 2684 3413 superate;
2712 3341 2764 3396 in
2785 3343 3034 3412 proximo
3060 3352 3145 3398 est
3163 3352 3222 3399 ut
3254 3360 3351 3401 vos
3374 3345 3560 3403 Domi-

1976 3452 2078 3491 nus
2103 3452 2226 3490 cum
2255 3436 2502 3507 martyrii
2529 3435 2708 3506 palma
2732 3436 2800 3491 ad
2826 3452 2887 3493 se
2913 3437 3191 3508 suscipiat,
3207 3447 3263 3494 et
3295 3439 3558 3498 caelorum

1973 3526 2181 3582 civibus
2206 3525 2371 3582 faciat
2397 3527 2732 3594 colueredes,
2762 3536 2823 3584 ut
2868 3528 2940 3584 ibi
2962 3528 3078 3598 jam
3110 3539 3332 3601 paratas
3373 3548 3405 3588 a
3446 3532 3556 3589 Do-

1973 3618 2120 3672 mino
2167 3634 2397 3675 coronas
2446 3619 2779 3690 percipiatis,
2819 3636 2954 3691 quas
2980 3621 3135 3679 vobis
3175 3623 3556 3695 impraesentia-

1974 3724 2093 3764 rum
2118 3709 2375 3766 videndas
2395 3711 2697 3766 ostendam.
2737 3712 2943 3780 Quibus
2993 3713 3173 3781 dictis,
3202 3730 3431 3774 coronas
3463 3732 3554 3773 su-

1970 3815 2068 3872 per
2087 3815 2279 3856 eorum
2304 3800 2478 3871 capita
2505 3801 2644 3857 cmlo
2692 3801 2872 3872 lapsas
2898 3803 3163 3874 deposuit.
3192 3805 3362 3861 Erant
3408 3806 3554 3863 enim

1971 3907 2134 3963 supra
2165 3893 2295 3949 solis
2323 3892 2624 3949 claritatem
2655 3894 2888 3949 mirabili
2939 3894 3224 3967 splendore
3268 3899 3553 3968 micantes,

1970 3994 2025 4038 et
2052 3985 2105 4040 in
2136 3985 2544 4042 similitudinem
2572 3986 2764 4058 lapidis
2816 3990 3091 4062 smaragdi
3147 4000 3461 4060 vernantes,
3491 3994 3548 4051 in

1969 4083 2200 4146 utraque
2240 4076 2493 4132 nimirum
2534 4077 2815 4148 qualitate,
2842 4078 2895 4133 id
2924 4087 3007 4135 est
3045 4080 3324 4151 splendida
3371 4092 3429 4139 et
3474 4085 3553 4140 vi-

1970 4168 2130 4236 renti,
2154 4183 2343 4224 corum
2369 4171 2567 4240 quibus
2596 4169 2788 4225 delatae
2809 4170 3023 4227 fuerant
3046 4174 3300 4230 meritum
3328 4175 3552 4249 signan-

1972 4269 2072 4329 tes,
2103 4262 2358 4331 quoniam
2388 4270 2443 4318 et
2467 4278 2564 4334 per
2586 4263 3087 4321 immarcessibilem
3124 4266 3553 4339 longanimitatis

1969 4358 2427 4427 perseverantiam
2475 4358 2733 4424 virerent,
2765 4365 2819 4413 et
2852 4375 2951 4430 per
2979 4360 3416 4420 candidissimam
3442 4364 3553 4419 uir-

1972 4454 2147 4502 tutum
2170 4447 2402 4518 speciem
2432 4446 2777 4518 refulgerent,
2808 4458 3077 4518 quatenus
3123 4451 3318 4507 divinis
3365 4452 3547 4509 donati

1970 4539 2312 4603 muneribus;
2342 4546 2398 4593 et
2423 4539 2489 4593 de
2508 4539 2790 4608 promissis
2820 4541 2953 4595 certi
2979 4541 3424 4610 redderentur,et
3452 4561 3545 4601 vc-

288 4656 393 4697 nus
415 4648 666 4696 cerneret
682 4645 993 4695 sanctorum
1034 4636 1178 4691 inter
1206 4642 1471 4691 tormenta
1517 4649 1868 4704 perseveran—
1892 4609 2049 4683 1)1ιιι
2078 4630 2133 4684 in
2156 4629 2282 4684 vita:
2307 4628 2542 4697 speculo,
2596 4628 2675 4684 sic
2701 4629 2757 4684 in
2787 4629 2867 4685 eis
2919 4639 2974 4686 et
3006 4631 3243 4702 palmam
3307 4633 3549 4691 victonia':

258 4796 263 4805 ν
291 4732 425 4788 tiam
456 4746 558 4787 nec
599 4730 823 4803 flagellis
843 4744 1003 4801 posse
1030 4724 1298 4798 superari,
1321 4740 1513 4797 poenas
1538 4734 1717 4797 auget,
1745 4742 1870 4781 cru-
1971 4737 2081 4776 suae
2107 4729 2162 4775 et
2184 4721 2530 4790 praemiorum
2558 4723 3051 4794 contemplarentur
3076 4726 3306 4798 insigne.

238 4808 269 4905 :-
288 4826 466 4881 ciatus
494 4822 834 4895 multiplicat,
880 4829 937 4877 et
979 4818 1239 4891 quidquid
1287 4817 1619 4889 malignitate
1670 4817 1868 4873 diaboli
2042 4810 2198 4867 Mane
2223 4827 2353 4867 vero
2373 4811 2533 4878 facto,
2552 4811 2725 4882 jussit
2744 4813 3032 4884 praefectus
3054 4831 3149 4872 eos
3172 4816 3276 4872 sibi
3302 4832 3546 4888 praesen-

289 4914 599 4986 excogitare
628 4915 684 4970 in
714 4912 1048 4970 vexationem
1091 4918 1267 4983 potest
1296 4918 1627 4975 sanctorum,
1670 4909 1869 4966 inferre
1974 4906 2094 4961 tari.
2127 4906 2229 4974 Qui
2258 4921 2382 4961 cum
2409 4905 2639 4963 fuissent
2665 4908 2903 4976 adducti,
2932 4910 3067 4966 vidit
3088 4909 3255 4967 facies
3279 4927 3469 4970 eorum
3490 4915 3546 4970 in

290 5024 399 5065 non
424 5016 622 5065 cessat.
647 5006 890 5078 Cumque
923 4997 1183 5076 compago
1210 5004 1575 5061 membrorum
1597 5004 1648 5059 vi
1676 5018 1866 5075 pmna-
1971 5000 2320 5058 similitudine
2378 5018 2649 5071 rosarum,
2710 5004 2923 5062 ruboris
2972 5006 3368 5076 pulchritudine
3421 5025 3559 5081 pera

291 5116 415 5157 rum
464 5101 631 5156 nimia
679 5099 997 5164 solveretur,
1025 5107 1080 5153 et
1111 5106 1278 5154 totam
1335 5097 1576 5167 corporis
1634 5101 1867 5168 speciem
1972 5096 2142 5165 fusas,
2198 5115 2261 5154 ac
2294 5098 2459 5155 totius
2503 5100 2745 5171 corporis
2794 5109 2972 5156 cutem
3027 5100 3261 5157 liliorum
3307 5102 3545 5159 candore

291 5207 459 5247 unum
486 5190 684 5247 vulnus
703 5191 1015 5257 abduceret,
1040 5204 1168 5246 caro
1192 5188 1471 5257 deﬂueret,
1506 5199 1716 5245 secreta
1761 5190 1871 5244 vis-

291 5301 477 5342 cerum
501 5293 772 5358 parerent,
798 5284 991 5356 spiritu
1021 5292 1203 5339 tamen
1240 5284 1412 5340 fortes
1435 5272 1720 5339 in‘Ghristi
1743 5298 1872 5340 con-

290 5377 529 5434 fessione
556 5376 868 5434 manebant.
892 5375 1022 5431 Erat
1040 5374 1274 5446 denique
1302 5390 1391 5432 res
1417 5375 1575 5446 plena
1608 5377 1870 5446 stuporis,

290 5470 524 5541 qualiter
549 5470 790 5527 membra
811 5470 954 5525 fame
975 5464 1171 5539 Sitique
1196 5468 1465 5536 confecta,
1484 5467 1704 5540 jejuniis
1726 5477 1866 5525 atte-

291 5573 480 5632 nuata,
508 5562 704 5634 vigiliis
730 5561 971 5633 fatigata,
1003 5569 1084 5617 tot
1129 5570 1290 5632 atque
1321 5570 1429 5617 tam
1481 5575 1706 5633 magnos
1748 5576 1868 5632 per-

291 5653 435 5709 ferre
462 5660 710 5725 poterant
734 5651 1024 5709 cruciatus.
1052 5650 1158 5707 Sed
1183 5653 1323 5709 unde
1350 5652 1628 5723 corporeis
1655 5651 1866 5711 defece-

293 5753 421 5800 rant
463 5745 688 5809 viribus,
735 5744 857 5800 inde
886 5743 1084 5801 mentis
1112 5742 1315 5800 virtute
1355 5744 1606 5801 fortiores
1640 5747 1862 5803 exstite-

296 5845 449 5904 rant;
491 5846 547 5894 et
573 5838 715 5895 unde
765 5837 1001 5895 exterior
1043 5838 1204 5895 homo
1245 5836 1711 5916 corrumpebatur,
1747 5839 1869 5896 inelc

1970 5187 2281 5261 fulgentem.
2328 5188 2437 5245 Nec
2474 5190 2670 5245 mirum
2706 5208 2719 5245 :
2760 5189 2994 5247 ctelestis
3021 5206 3256 5261 namque
3295 5192 3546 5249 minister

1971 5289 2411 5337 ornamentorum
2461 5282 2761 5353 insignibus
2805 5283 2982 5353 capita
3032 5293 3334 5349 martyrum
3377 5286 3540 5344 deco-

1972 5388 2100 5428 rare
2131 5372 2332 5442 jussus,
2372 5382 2581 5429 secreta
2622 5374 2880 5429 mentium
2915 5377 3216 5443 exornavit,
3263 5385 3318 5433 et
3358 5378 3412 5433 in
3451 5375 3540 5434 fu-

1975 5475 2109 5522 turae
2142 5465 2327 5537 gleria:
2353 5465 2719 5522 testimonium
2765 5465 3066 5524 exteriores
3108 5468 3273 5524 etiam
3300 5468 3545 5539 corporis

1975 5569 2125 5616 artus
2170 5560 2468 5615 irradiavit.
2528 5559 2716 5616 Simile
2764 5575 2981 5633 quoque
3029 5562 3096 5618 de
3140 5571 3544 5636 protomartyre

1977 5653 2251 5725 Stephano
2295 5662 2446 5726 gesta
2502 5663 2787 5724 testantur,
2837 5657 2981 5729 quod
3027 5667 3177 5715 stans
3217 5674 3271 5714 ιη
3315 5659 3545 5716 conciiio

1975 5745 2164 5818 plenus
2191 5745 2392 5815 Spiritu
2434 5758 2624 5803 sancto
2668 5746 2911 5820 angelico
2959 5748 3258 5822 refulgebat
3299 5759 3539 5821 aspecw.

1976 5840 2065 5894 llle
2096 5839 2357 5909 siquidem
2385 5840 2600 5896 deitatis
2650 5840 2823 5917 fulgor
2860 5843 3052 5898 horum
3093 5853 3310 5913 pectora
3349 5841 3548 5899 illumi-
