4122 6324
591 460 728 518 1507

1389 470 1448 528 S.
1484 465 1834 529 PASCHASII
1876 464 2221 527 BADBEllTl
2253 465 2542 530 ABBATIS
2578 464 3024 524 CORBEIENSIS

3704 458 3840 519 £508

590 579 774 645 nabat,
815 580 907 651 qui
937 580 1171 653 Moysem
1200 582 1325 639 olim
1357 593 1501 640 tanta
1532 586 1811 655 majestate
1839 586 2155 657 repleverat,
2190 586 2238 646 Α
2263 582 2483 654 pietatis
2531 582 2714 653 itaque
2753 580 3115 637 circumfusus
3160 581 3370 646 umbra,
3432 580 3751 635 innocentes
3791 588 3846 634 et

590 679 649 724 ut
675 672 725 725 in
755 671 872 741 ejus
900 671 1091 731 faciem
1124 677 1391 746 respicere
1425 678 1577 749 plebs
1602 678 1895 739 lsraelltica
1926 694 2031 735 non
2061 695 2158 733 au-

594 762 746 817 deret
767 761 967 833 (Exod.
998 766 1150 839 xxx).
1184 766 1290 824 Sed
1318 770 1499 839 priora
1533 778 1772 842 tempora
1803 770 1974 827 solum
1999 770 2162 842 legis-

590 852 814 911 latorem
842 865 988 913 tanta
1016 860 1189 930 gratia
1213 871 1587 919 coruscantem
1611 873 1918 920 meruerunt
1939 864 2159 926 habere.

590 958 646 1003 at
671 966 800 1006 vero
824 962 1009 1009 nostra
1036 957 1229 1010 sarcula
1261 957 1476 1013 mullos.
1510 958 1625 1013 Non
1656 959 1799 1013 enim
1829 973 1973 1014 nunc
1999 957 2160 1013 mini-

590 1041 877 1098 steriorum
906 1044 1108 1101 formas
1141 1047 1440 1103 celestium
1468 1064 1566 1119 per
1600 1048 1802 1119 ﬁguras
1835 1060 1999 1119 atque
2042 1065 2165 1103 nm-

592 1131 718 1185 bras
742 1133 1081 1203 inspicimus,
1110 1138 1204 1192 sed
1238 1138 1471 1193 revelata
1500 1137 1637 1194 facie
1673 1138 1898 1210 gloriam
1948 1138 2159 1193 Domini

592 1222 953 1290 speculamur,
981 1226 1034 1281 in
1064 1229 1309 1283 eamdem
1338 1230 1625 1301 imaginem
1657 1244 1755 1299 per
1785 1232 1958 1286 sancti
1988 1229 2162 1301 Spiri-

594 1321 679 1366 tus
704 1314 934 1384 gratiam
965 1317 1353 1375 transformati.
1394 1319 1610 1391 Maioris
1635 1336 1766 1393 ergo
1807 1322 1991 1391 gloria:
2030 1339 2165 1393 pon-

592 1404 695 1460 dus
719 1421 824 1461 non
867 1424 1054 1474 unum,
1085 1410 1178 1466 sed
1210 1411 1467 1482 plurimos
1492 1413 1743 1479 illustrat,
1769 1421 1829 1469 ut
1869 1414 2166 1483 deprehen—

593 1496 753 1552 datur
781 1498 834 1553 in
861 1500 1236 1558 universorum
1270 1505 1704 1561 communionem
1732 1520 1832 1575 per
1867 1507 2163 1561 novitatem

595 1585 828 1659 Spiritus
852 1605 971 1646 esse
994 1589 1267 1660 diﬁ‘usum,
1296 1596 1440 1665 quod
1482 1605 1609 1651 ante
1647 1611 1934 1653 numerosa
1973 1596 2163 1666 pauci-

593 1688 676 1736 tas
697 1691 914 1752 propter
941 1685 1139 1741 veteris
1163 1686 1397 1742 hominis
1416 1687 1792 1743 carnalitatem
1817 1688 2162 1757 suscipiebat.

591 1768 793 1827 Videtis
824 1773 1005 1845 itaque
1034 1775 1321 1846 pnelectus
1365 1779 1668 1834 admirabili
1699 1786 2006 1835 sanctomm
2046 1779 2163 1833 vul-

594 1868 681 1916 tus
724 1863 1011 1933 majestate
1044 1880 1352 1931 coruscare,
1386 1882 1494 1923 non
1541 1869 1736 1923 divinae
1777 1869 1996 1923 virtutis
2040 1884 2164 1940 gra-

2262 672 2400 742 pios,
2429 670 2718 726 sceleratos
2738 679 2793 727 et
2819 670 3011 740 impios
3038 669 3363 736 conclamat,
3389 670 3590 725 multos
3615 669 3733 724 fore
3752 667 3841 739 qui

2263 761 2449 816 multis
2488 761 2806 833 magnisque
2851 761 3126 832 suppliciis
3182 762 3374 831 puniti,
3419 759 3621 817 crudeli
3674 769 3844 817 morte

2264 852 2538 919 tollantur,
2580 869 2648 909 ne
2670 869 2767 923 per
2794 870 2888 909 eos
2909 855 3141 925 amplius
3166 855 3472 911 Christiana
3498 855 3688 927 religio
3713 870 3842 909 con-

2277 943 2531 1007 valescat,
2569 953 2625 1000 et
2657 944 2865 999 cultura
2899 946 3122 1000 deorum
3162 945 3434 1016 depereat.
3481 944 3631 999 Tunc
3669 941 3846 1000 ofﬁcio

2264 1050 2363 1089 suo
2393 1035 2670 1106 pnecepit,
2715 1044 2775 1089 ut
2813 1035 3006 1091 vinctis
3053 1051 3152 1107 pos
3196 1045 3403 1106 tergum
3438 1035 3708 1101 manibus,
3752 1050 3848 1090 eos

2262 1126 2412 1182 abire
2447 1142 2630 1182 secum
2676 1125 2898 1192 faceret,
2930 1127 3186 1197 quoniam
3238 1128 3360 1182 inde
3415 1127 3741 1198 properabat
3789 1135 3849 1183 ut

2264 1219 2603 1275 convenicnti
2638 1218 2756 1274 loco
2778 1219 2846 1273 ad
2870 1228 3135 1274 terrorem
3162 1228 3507 1274 necarentur.
3542 1217 3700 1274 Ducti
3721 1227 3849 1273 sunt

2265 1319 2447 1367 autem
2476 1310 2545 1375 ab
2567 1325 2633 1367 eo
2674 1310 2792 1366 loco
2822 1310 2979 1381 quasi
3019 1319 3224 1381 septem
3269 1310 3494 1365 millium
3522 1311 3848 1382 quingento-

2264 1419 2383 1459 rum
2409 1420 2662 1475 passuum
2691 1405 2884 1476 spatio,
2915 1420 3025 1474 quo
3063 1419 3186 1459 cum
3214 1413 3530 1473 perventum
3558 1414 3666 1469 est,
3687 1402 3847 1472 juxta

2264 1497 2506 1565 pervium
2533 1495 2803 1567 publicum
2829 1510 2989 1566 super
3002 1496 3177 1565 ripam
3203 1493 3440 1549 ﬂuminis
3460 1494 3742 1551 Vuindolte
3759 1511 3850 1551 ca-

2264 1588 2375 1656 pite
2417 1588 2543 1643 caesi
2581 1596 2742 1654 sunt;
2788 1587 2974 1657 sicque
3021 1601 3178 1643 roseo
3222 1586 3498 1657 sanguinis
3540 1588 3623 1641 sui
3658 1602 3853 1643 cruore

2265 1676 2492 1748 perfusi,
2528 1686 2688 1732 terra:
2734 1692 2959 1748 corpora
2985 1677 3298 1743 reddentes,
3341 1676 3527 1749 beatas
3560 1679 3703 1733 caelo
3732 1679 3849 1733 ani—

2265 1782 2382 1822 mas
2409 1767 2724 1822 intulerunt.
2770 1766 2884 1822 Non
2919 1767 3077 1839 longo
3118 1783 3250 1824 vero
3280 1777 3402 1840 post
3429 1777 3697 1838 tempore,
3725 1783 3850 1838 per-

2267 1860 2544 1916 secutione
2581 1868 2847 1927 cessante,
2894 1860 2959 1915 ad
3000 1861 3275 1932 proprium
3310 1860 3489 1916 locum
3522 1860 3689 1931 digno
3727 1854 3851 1915 cum

593 1953 722 2007 tiam
762 1963 1073 2021 veneratur,
1098 1957 1193 2011 sed
1219 1957 1456 2026 nequitia
1484 1958 1719 2027 repletus
1746 1974 1932 2030 magos
1953 1966 2011 2013 et
2040 1973 2157 2013 ωει-
2194 1947 2235 2005 Β
2263 1953 2469 2009 honore
2505 1951 2850 2022 psallentium
2888 1951 3104 2017 sublati,
3141 1968 3336 2024 magna
3378 1951 3704 2024 populorum
3734 1951 3849 2006 fre-

591 2043 776 2100 leﬁcos
812 2047 1154 2113 criminatur,
1188 2058 1243 2102 et
1279 2058 1561 2119 propterea
1589 2050 1734 2106 illata
1761 2053 1863 2107 sibi
1896 2062 2160 2107 tormenta

592 2134 832 2200 vincere,
861 2142 1023 2207 atque
1048 2138 1167 2193 dii:
1189 2138 1449 2194 honorem
1487 2155 1592 2196 non
1623 2142 1900 2197 exhibere.
1930 2141 1976 2198 Ο
1997 2142 2160 2196 mise-

594 2224 779 2282 rabilis
826 2228 1074 2284 humana:
1121 2230 1337 2285 caecitas
1373 2231 1588 2296 mentis,
1638 2247 1757 2301 qua:
1783 2233 1849 2288 de
1893 2232 2007 2303 ipsa
2046 2232 2164 2288 luce

589 2332 802 2389 semper
828 2321 1165 2387 obscuratur,
1192 2333 1249 2377 et
1274 2323 1534 2379 medelam
1563 2325 1755 2381 salutis
1779 2326 1833 2380 in
1865 2326 2161 2397 perniciem

590 2409 826 2466 vulneris
877 2413 1163 2468 convertit.
1216 2413 1352 2469 Hinc
1401 2426 1484 2470 est
1530 2416 1664 2471 illud
1708 2417 1951 2486 Apostoli
1987 2417 2164 2471 :Aliis

588 2502 724 2556 enim
764 2518 945 2558 sumus
988 2503 1118 2558 odor
1155 2506 1334 2559 mortis
1361 2506 1416 2559 in
1446 2516 1684 2571 mortem,
1726 2507 1847 2562 aliis
1888 2507 2021 2561 odor
2049 2509 2167 2563 vitta

587 2590 642 2644 in
681 2592 835 2646 vitam
862 2591 949 2663 (ll
972 2591 1094 2648 Cor.
1133 2609 1194 2658 ll,
1230 2594 1336 2663 l6).
1386 2593 1584 2651 Eadem
1625 2597 1823 2668 quippe
1865 2613 2027 2653 causa
2070 2614 2168 2669 pro

587 2681 845 2738 varietate
887 2682 1117 2738 diversa:
1165 2684 1459 2754 qualitatis,
1518 2685 1643 2741 huic
1696 2686 1947 2751 salutem,
2011 2686 2164 2741 alteri

589 2772 811 2827 exitium
838 2783 1076 2842 praestat,
1106 2791 1212 2830 non
1253 2775 1393 2845 quod
1420 2775 1641 2845 periculi
1668 2776 1925 2833 materies
1945 2792 2050 2832 una
2073 2777 2165 2843 sit,

589 2863 681 2918 sed
693 2864 836 2933 quod
855 2864 1132 2920 dissimilis
1148 2867 1242 2936 qui
1257 2880 1542 2935 suscepere
1560 2868 1885 2923 conditionis
1909 2868 2164 2924 existant.

591 2953 682 3009 Sic
704 2953 834 3011 solis
870 2955 1053 3010 radius
1079 2956 1225 3011 sanis
1254 2957 1571 3028 corporibus
1604 2960 1933 3015 conveniens
1972 2960 2169 3030 proba-

591 3057 702 3113 tur,
728 3048 887 3119 aegris
911 3063 1041 3105 vero
1064 3051 1385 3107 contrarius.
1412 3050 1541 3118 Quae
1570 3052 1707 3108 ratio
1731 3052 1785 3107 in
1809 3052 2059 3123 praesenti
2083 3051 2166 3107 fa-

590 3147 678 3195 cto
704 3139 908 3210 praebet
932 3141 1256 3211 exemplum,
1298 3140 1425 3196 dum
1466 3150 1726 3214 tyrannus
1767 3142 1975 3198 ctelesti
2004 3143 2170 3198 mira-

591 3231 715 3287 culo
745 3246 850 3287 non
898 3230 1221 3309 informatur
1249 3233 1317 3289 ad
1346 3233 1592 3300 salutem,
1622 3234 1715 3290 sed
1760 3235 1827 3289 ad
1877 3234 2166 3291 deterioris

2262 2046 2479 2116 quentia
2501 2044 2766 2115 deportati
2792 2053 2934 2100 sunt.
2971 2044 3069 2100 Ubi
3098 2044 3386 2114 sepultura:
3412 2045 3498 2114 pia
3523 2059 3645 2099 cum
3689 2057 3854 2098 vene-

2264 2137 2474 2191 ratione
2516 2135 2723 2200 traditi,
2756 2142 3013 2206 congesta
3058 2135 3292 2206 desuper
3319 2134 3461 2189 mole
3509 2134 3850 2197 muniuntur,

2265 2228 2379 2283 sive
2403 2237 2691 2298 propterea
2721 2242 2788 2281 ne
2839 2228 3047 2297 possint
3093 2236 3280 2297 postea
3312 2226 3542 2290 moveri,
3574 2226 3690 2281 sive
3727 2239 3852 2296 pro-

2265 2327 2386 2388 pter
2438 2318 2644 2389 insigne
2691 2318 2968 2372 memoria:
2997 2316 3389 2388 posterioribus
3423 2316 3635 2372 sacculis
3686 2316 3833 2372 relin

2267 2411 2560 2480 quentlum,
2598 2412 2816 2481 utquod
2851 2411 3000 2481 prior
3024 2420 3157 2466 tetas
3188 2410 3515 2467 tumulorum
3549 2390 3738 2466 tithlos
3767 2408 3851 2463 fa-

2267 2501 2527 2557 bricando
2578 2501 2896 2557 clarissimis
2942 2502 3073 2557 viris
3119 2502 3435 2567 exhibebat,
3494 2502 3597 2557 hoc
3649 2501 3854 2556 sanctis

2269 2595 2598 2665 martyribus
2633 2595 2758 2650 novi
2796 2595 2976 2650 szeculi
3006 2594 3158 2666 plebs
3182 2593 3377 2649 devota
3402 2602 3711 2664 prmstaret.
3742 2592 3853 2647 Nec

2274 2695 2452 2739 tamen
2477 2684 2594 2740 sine
2622 2686 2800 2740 divina
2832 2685 3183 2757 dispositione
3224 2685 3375 2740 locus
3420 2686 3509 2740 ille
3539 2693 3852 2740 sanctorum

2270 2778 2573 2848 promeruit
2619 2779 2971 2849 sepulturam,
3003 2787 3061 2834 ut
3101 2781 3189 2836 ubi
3219 2778 3421 2835 Christi
3451 2794 3673 2850 gregem
3703 2779 3851 2833 verbi

2269 2871 2495 2942 dapibus
2523 2882 2781 2941 paverant
2806 2872 3068 2939 viventes,
3095 2874 3185 2929 ubi
3210 2874 3454 2944 pluribus
3485 2872 3611 2929 vita:
3628 2874 3856 2945 ianuam

2272 2976 2599 3031 reserarant,
2650 2964 2723 3020 ibi
2758 2981 2974 3037 quoque
3006 2974 3127 3038 post
3175 2976 3406 3022 mortem
3436 2968 3757 3038 quiescant;
3794 2976 3854 3021 ut

2271 3071 2407 3127 quos
2436 3066 2562 3111 ante
2583 3057 2825 3113 doctrina
2856 3059 3180 3124 imbuerant,
3212 3058 3501 3114 virtutibus
3529 3056 3858 3113 informave-

2271 3158 2419 3215 rant,
2451 3164 2544 3205 eos
2573 3164 2716 3204 nunc
2759 3148 3011 3219 precibus
3050 3150 3319 3211 muniant.
3350 3148 3621 3220 suﬁragiis
3661 3146 3855 3205 defen-

2274 3239 2420 3295 dant.
2479 3239 2632 3298 Passi
2685 3249 2813 3298 sunt
2853 3252 3031 3297 autem
3082 3249 3277 3298 octavo
3322 3241 3528 3297 decimo
3576 3238 3854 3295 Kalendas

589 3320 861 3376 cumulum
907 3331 1251 3392 provocatur,
1280 3332 1337 3379 et
1380 3324 1504 3378 inde
1548 3323 1830 3401 caliginem
1875 3334 2164 3381 coacervat
2190 3309 2235 3371 C
2266 3330 2457 3390 Iulias.

590 3413 848 3484 perﬁdiae,
892 3415 1033 3472 unde
1073 3416 1355 3488 percipere
1379 3416 1500 3473 ﬁdei
1526 3417 1707 3473 lumen
1737 3418 2018 3473 debuerat.
2047 3417 2157 3472 lm-

1121 3550 3855 3589 ΕΜ

1203 3721 1596 3856 VITA
1695 3720 2263 3855 SANCTI
2358 3722 3284 3855 ADALHARDI

1827 3958 2275 4018 CORBEIENSIS
2311 3959 2605 4051 ABBﬁTIS

1484 4113 1958 4178 AUCTORES.
2007 4114 2449 4178 PASCHASIO
2492 4116 2943 4180 RADBERTO.

1690 4273 1855 4339 (Apud
1878 4274 2089 4339 Msbtll.,
2119 4276 2242 4327 Acta
2261 4277 2348 4328 SS.
2372 4276 2480 4329 ord.
2498 4276 2552 4328 8.
2572 4276 2726 4329 Band.

671 4536 717 4589 ι.
749 4530 991 4587 Pretium
1029 4530 1208 4602 operis
1231 4540 1315 4588 est
1358 4530 1505 4587 viros
1548 4547 1789 4604 quosque
1818 4535 2187 4594 doctissimos

586 4622 804 4686 imitari,
838 4621 927 4690 qui
954 4622 1042 4691 pio
1069 4623 1265 4677 mentis
1290 4621 1506 4688 aﬁ‘ectu,
1536 4625 1823 4680 charorum
1856 4626 1908 4681 in
1942 4626 2160 4684 Christo
2188 4610 2237 4670 Ῐ)

492 4773 500 4781 ,
585 4717 775 4771 funera
806 4713 1021 4784 pietatis
1045 4729 1208 4783 opere
1237 4714 1522 4781 deﬂevere,
1557 4715 1731 4773 ﬁendo
1766 4734 1979 4790 quoque
2010 4721 2162 4776 miris

589 4807 713 4881 [al.,
739 4805 941 4880 multis]
966 4822 1058 4863 eos
1085 4810 1352 4878 prosecuti
1407 4819 1531 4865 sunt
1576 4810 1843 4867 laudibus.
1873 4812 2159 4880 Quoniam,

586 4903 726 4958 sicut
756 4901 943 4956 beatus
980 4901 1294 4957 Ambrosius
1320 4903 1373 4957 in
1417 4918 1582 4975 opere
1610 4920 1776 4976 super
1823 4904 2159 4961 Valentinia-

585 5008 713 5046 num
745 4990 879 5045 dixit
909 5009 922 5044 :
958 5010 978 5043 ι
1010 4991 1125 5045 Etsi
1163 4992 1552 5049 incrementum
1602 4995 1804 5051 doloris
1829 4996 1901 5051 sit
1922 4997 1975 5051 id
2017 4995 2161 5067 quod

584 5082 768 5136 doleas
808 5084 1066 5148 scribere,
1118 5091 1292 5138 tamen
1341 5085 1658 5158 plerumque
1709 5090 1763 5143 in
1812 5088 1948 5157 ejus,
2001 5105 2160 5160 quem

586 5172 843 5226 amissum
884 5172 1146 5238 dolamus,
1176 5178 1685 5234 commemoratione
1725 5175 2154 5250 requiescimus;

583 5275 641 5318 et
677 5264 800 5317 dum
830 5263 1115 5319 scribendo
1155 5275 1386 5320 mentem
1416 5268 1467 5321 in
1500 5284 1621 5323 eum
1653 5270 1961 5341 dirigimus,
1985 5271 2160 5325 inten-

583 5355 895 5423 tionemqne
924 5353 1226 5423 deligimus,
1266 5356 1480 5413 videtur
1507 5360 1664 5416 nobis
1693 5362 1744 5415 iu
1775 5375 2028 5417 semione
2064 5375 2158 5415 re-

582 5446 977 5509 viviscere,‘et
1025 5455 1171 5504 totus
1229 5449 1513 5504 medullam
1578 5452 1774 5507 mentis
1818 5460 2017 5508 nostra:
2074 5452 2159 5507 in-

583 5534 1107 5592 ﬂuereaCaaterum
1152 5538 1485 5608 posteritatis
1533 5542 1807 5613 negotium
1848 5550 1934 5597 est
1979 5550 2156 5597 uteo-

498 5686 510 5697 _
585 5643 704 5682 rum
736 5627 983 5698 exempla
1011 5627 1271 5685 virtutum
1310 5630 1507 5689 litteris
1538 5633 1997 5699 commendemus,
2024 5649 2158 5705 qua-

586 5724 746 5771 tenus
771 5725 829 5772 et
871 5726 1112 5774 nostrum
1146 5720 1426 5778 charitatis
1471 5724 1708 5780 debitum
1752 5725 2012 5794 proximis
2038 5741 2160 5796 per-

584 5804 878 5873 solvaiuus,
904 5817 957 5861 et
983 5809 1202 5865 Patrum
1240 5813 1505 5883 exempla,
1531 5829 1664 5883 quos
1686 5815 1884 5870 imitari
1906 5814 2158 5881 debeant,

586 5892 707 5945 ﬁlii»
748 5913 848 5948 tum
883 5915 1157 5965 negemus.
1210 5899 1462 5957 Novitnus
1491 5904 1651 5973 igitur
1677 5922 1768 5963 eos
1798 5922 1902 5962 non
1934 5909 2159 5979 periisse

2265 4547 2385 4607 post
2426 4544 2676 4599 mortem,
2714 4535 2808 4591 sed
2838 4535 3047 4592 beatius
3086 4536 3421 4601 immutatos,
3465 4544 3525 4590 ut
3569 4538 3856 4594 moriendo

2264 4627 2331 4683 ad
2380 4626 2702 4681 immortalia
2755 4642 2983 4683 summa:
3029 4625 3307 4684 felicitatis
3352 4627 3547 4698 gaudia
3602 4628 3853 4699 perveni-

2262 4728 2402 4775 rent.
2444 4719 2650 4776 ldcirco
2680 4735 2785 4775 non
2811 4720 3030 4775 omnino
3064 4719 3282 4790 penitus
3319 4719 3671 4775 oblitterandi
3716 4728 3845 4774 sunt

2262 4826 2293 4866 a
2339 4811 2623 4877 memoria,
2673 4812 2974 4882 praesertim
3009 4811 3165 4866 tales.
3200 4826 3429 4880 quorum
3477 4826 3586 4865 non
3623 4812 3847 4867 desiisse

2261 4901 2389 4957 hinc
2420 4901 2612 4957 mortis
2634 4902 2841 4957 evulsio
2861 4902 2981 4969 fuit,
3023 4904 3118 4959 sed
3150 4903 3203 4957 in
3235 4903 3427 4959 melius
3462 4914 3848 4959 commutasse.

2260 4992 2446 5061 Neque
2473 4993 2618 5047 enim
2666 4991 2938 5050 fatendum
2973 5002 3079 5061 est,
3108 4993 3264 5063 juxta
3294 4996 3655 5065 quorumdam
3692 4994 3851 5066 perﬁ-

2261 5083 2450 5138 dorum
2489 5082 2775 5149 insaniam,
2813 5085 2956 5155 quod
2992 5083 3275 5155 Scriptura
3318 5084 3493 5154 inquit
3527 5102 3542 5137 :
3575 5083 3843 5156 Exiguum

2259 5184 2306 5226 et
2332 5189 2452 5226 cum
2480 5174 2639 5228 ta'dio
2676 5184 2751 5229 est
2782 5184 2984 5244 tempus
3006 5178 3125 5230 vitae
3151 5186 3364 5241 nostrw,
3393 5192 3484 5230 nec
3511 5185 3590 5230 est
3634 5176 3848 5247 refrige-

2260 5265 2398 5318 rium
2418 5265 2474 5319 in
2497 5264 2601 5334 ﬁne
2626 5265 2877 5333 hominis,
2898 5278 2946 5321 et
2977 5284 3081 5323 non
3102 5278 3177 5322 est
3204 5268 3293 5339 qui
3318 5267 3526 5339 agnitus
3553 5269 3620 5323 sit
3656 5285 3849 5338 regres-

2260 5373 2348 5411 sus
2388 5356 2452 5410 ab
2498 5356 2682 5426 inferis
2730 5356 2879 5429 (Sep.
2914 5374 2977 5426 ιι,
3004 5358 3077 5431 1).
3132 5358 3321 5429 Neque
3370 5361 3471 5414 hoc
3517 5358 3839 5425 dicendum,

2259 5450 2403 5518 quod
2432 5463 2498 5502 ex
2525 5448 2693 5502 nihilo
2731 5438 2843 5504 nati
2882 5464 3091 5516 sumus,
3118 5459 3173 5506 et
3214 5461 3335 5521 post
3380 5450 3497 5505 haec
3544 5450 3715 5505 futuri
3754 5465 3845 5505 sn-

2258 5556 2382 5595 mus
2408 5540 2563 5610 quasi
2591 5555 2695 5595 non
2733 5538 3017 5597 fuerimus.
3056 5539 3256 5596 Verum
3281 5541 3446 5613 igivur
3464 5550 3550 5605 est
3575 5551 3633 5597 et
3658 5542 3846 5597 incun—

2259 5640 2470 5686 ctanter
2496 5632 2881 5701 proﬁtendum,
2920 5633 3200 5689 Christum
3233 5635 3597 5690 resurrexisse
3631 5651 3665 5690 a
3704 5649 3848 5689 mor-

2262 5724 2388 5790 tuis,
2418 5731 2475 5779 et
2506 5733 2736 5781 mortem
2776 5725 3056 5782 moriendo
3100 5726 3317 5792 vicisse,
3354 5736 3414 5782 ut
3444 5726 3701 5781 similiter
3733 5739 3846 5780 om-

2264 5831 2382 5881 nes,
2404 5816 2571 5887 quiin
2610 5817 2826 5874 Christo
2850 5818 3177 5885 moriuntur,
3206 5834 3312 5874 non
3340 5816 3455 5886 jam
3476 5818 3700 5882 mortui,
3731 5818 3836 5872 imo

2266 5907 2318 5962 iu
2358 5906 2575 5965 Christo
2617 5909 2717 5964 vivi
2759 5917 2921 5979 atque
2949 5909 3089 5963 lenti
3136 5909 3497 5965 inveniantur.
3543 5908 3689 5965 Deus
3705 5908 3844 5963 enim
