  <div class='ocr_page' id='page_1' title='image "/cluster/home/n/w/nwhite01/storage/ocr_20150623/120/hvd.32044015466923/760.png"; bbox 0 0 4122 6324; ppageno 0'>
   <div class='ocr_carea' id='block_1_1' title="bbox 262 420 398 482">
    <p class='ocr_par' dir='ltr' id='par_1_1' title="bbox 262 420 398 482">
     <span class='ocr_line' id='line_1_1' title="bbox 262 420 398 482; baseline 0.007 -1"><span class='ocrx_word' id='word_1_1' title='bbox 262 420 398 482; x_wconf 74' lang='grc'><strong>1509</strong></span> 
     </span>
    </p>
   </div>
   <div class='ocr_carea' id='block_1_2' title="bbox 1458 410 2303 480">
    <p class='ocr_par' dir='ltr' id='par_1_2' title="bbox 1458 410 2303 480">
     <span class='ocr_line' id='line_1_2' title="bbox 1458 410 2303 480; baseline -0.011 0"><span class='ocrx_word' id='word_1_2' title='bbox 1458 418 1546 480; x_wconf 82' lang='lat' dir='ltr'><strong>DE</strong></span> <span class='ocrx_word' id='word_1_3' title='bbox 1586 420 1747 479; x_wconf 75' lang='lat' dir='ltr'><strong>VITA</strong></span> <span class='ocrx_word' id='word_1_4' title='bbox 1786 421 1844 476; x_wconf 87' lang='lat' dir='ltr'><strong>S.</strong></span> <span class='ocrx_word' id='word_1_5' title='bbox 1886 410 2303 475; x_wconf 82' lang='lat' dir='ltr'><strong>ADALIIARDI.</strong></span> 
     </span>
    </p>
   </div>
   <div class='ocr_carea' id='block_1_3' title="bbox 3374 406 3549 477">
    <p class='ocr_par' dir='ltr' id='par_1_3' title="bbox 3374 406 3549 477">
     <span class='ocr_line' id='line_1_3' title="bbox 3374 406 3549 477; baseline -0.006 -2"><span class='ocrx_word' id='word_1_6' title='bbox 3374 406 3512 477; x_wconf 67' lang='lat'><strong>1-510</strong></span> <span class='ocrx_word' id='word_1_7' title='bbox 3543 412 3549 417; x_wconf 82' lang='lat'>&#39;</span> 
     </span>
    </p>
   </div>
   <div class='ocr_carea' id='block_1_4' title="bbox 258 530 3510 617">
    <p class='ocr_par' dir='ltr' id='par_1_4' title="bbox 258 530 3510 617">
     <span class='ocr_line' id='line_1_4' title="bbox 258 530 3510 617; baseline -0.001 -21"><span class='ocrx_word' id='word_1_8' title='bbox 258 543 502 596; x_wconf 80' lang='lat' dir='ltr'><strong>vivorum</strong></span> <span class='ocrx_word' id='word_1_9' title='bbox 547 547 629 596; x_wconf 91' lang='lat' dir='ltr'><strong>est</strong></span> <span class='ocrx_word' id='word_1_10' title='bbox 657 540 851 613; x_wconf 74' lang='lat' dir='ltr'><strong>(Marc.</strong></span> <span class='ocrx_word' id='word_1_11' title='bbox 885 558 989 609; x_wconf 79' lang='lat' dir='ltr'><strong>xu;</strong></span> <span class='ocrx_word' id='word_1_12' title='bbox 1020 541 1150 597; x_wconf 84' lang='lat' dir='ltr'><strong>Luc.</strong></span> <span class='ocrx_word' id='word_1_13' title='bbox 1201 543 1316 617; x_wconf 81' lang='lat' dir='ltr'><strong>xx),</strong></span> <span class='ocrx_word' id='word_1_14' title='bbox 1351 549 1405 596; x_wconf 90' lang='lat' dir='ltr'><strong>et</strong></span> <span class='ocrx_word' id='word_1_15' title='bbox 1432 557 1537 596; x_wconf 93' lang='lat' dir='ltr'><strong>non</strong></span> <span class='ocrx_word' id='word_1_16' title='bbox 1581 540 1827 595; x_wconf 84' lang='lat' dir='ltr'><strong>morien-</strong></span> <span class='ocrx_word' id='word_1_17' title='bbox 1858 545 1909 603; x_wconf 76' lang='grc' dir='ltr'>Α</span> <span class='ocrx_word' id='word_1_18' title='bbox 1934 536 2236 592; x_wconf 79' lang='lat' dir='ltr'><strong>carminum</strong></span> <span class='ocrx_word' id='word_1_19' title='bbox 2277 533 2343 589; x_wconf 83' lang='lat' dir='ltr'><strong>atl</strong></span> <span class='ocrx_word' id='word_1_20' title='bbox 2369 530 2525 588; x_wconf 89' lang='lat' dir='ltr'><strong>fletus</strong></span> <span class='ocrx_word' id='word_1_21' title='bbox 2550 538 2605 588; x_wconf 90' lang='lat' dir='ltr'><strong>et</strong></span> <span class='ocrx_word' id='word_1_22' title='bbox 2637 534 2895 605; x_wconf 76' lang='lat' dir='ltr'><strong>gemitum</strong></span> <span class='ocrx_word' id='word_1_23' title='bbox 2936 533 3262 590; x_wconf 86' lang='lat' dir='ltr'><strong>audientium</strong></span> <span class='ocrx_word' id='word_1_24' title='bbox 3295 545 3510 607; x_wconf 78' lang='lat' dir='ltr'><strong>pectora</strong></span> 
     </span>
    </p>
   </div>
   <div class='ocr_carea' id='block_1_5' title="bbox 261 633 1829 706">
    <p class='ocr_par' dir='ltr' id='par_1_5' title="bbox 261 633 1829 706">
     <span class='ocr_line' id='line_1_5' title="bbox 261 633 1829 706; baseline -0.002 -17"><span class='ocrx_word' id='word_1_25' title='bbox 261 635 417 700; x_wconf 89' lang='lat' dir='ltr'><strong>tium,</strong></span> <span class='ocrx_word' id='word_1_26' title='bbox 453 649 517 689; x_wconf 93' lang='lat' dir='ltr'><strong>eo</strong></span> <span class='ocrx_word' id='word_1_27' title='bbox 547 634 687 705; x_wconf 91' lang='lat' dir='ltr'><strong>quod</strong></span> <span class='ocrx_word' id='word_1_28' title='bbox 726 635 777 688; x_wconf 92' lang='lat' dir='ltr'><strong>in</strong></span> <span class='ocrx_word' id='word_1_29' title='bbox 809 635 898 690; x_wconf 93' lang='lat' dir='ltr'><strong>illo</strong></span> <span class='ocrx_word' id='word_1_30' title='bbox 928 635 1019 706; x_wconf 88' lang='lat' dir='ltr'><strong>qui</strong></span> <span class='ocrx_word' id='word_1_31' title='bbox 1057 636 1206 701; x_wconf 89' lang='lat' dir='ltr'><strong>vivit,</strong></span> <span class='ocrx_word' id='word_1_32' title='bbox 1246 650 1435 691; x_wconf 90' lang='lat' dir='ltr'><strong>omnes</strong></span> <span class='ocrx_word' id='word_1_33' title='bbox 1465 635 1556 704; x_wconf 92' lang='lat' dir='ltr'><strong>qui</strong></span> <span class='ocrx_word' id='word_1_34' title='bbox 1606 633 1660 688; x_wconf 91' lang='lat' dir='ltr'><strong>in</strong></span> <span class='ocrx_word' id='word_1_35' title='bbox 1713 634 1829 703; x_wconf 86' lang='lat' dir='ltr'><strong>ipso</strong></span> 
     </span>
    </p>
   </div>
   <div class='ocr_carea' id='block_1_6' title="bbox 260 722 1830 797">
    <p class='ocr_par' dir='ltr' id='par_1_6' title="bbox 260 722 1830 797">
     <span class='ocr_line' id='line_1_6' title="bbox 260 722 1830 797; baseline -0.002 -18"><span class='ocrx_word' id='word_1_36' title='bbox 260 734 405 789; x_wconf 89' lang='lat' dir='ltr'><strong>sunt,</strong></span> <span class='ocrx_word' id='word_1_37' title='bbox 440 726 543 779; x_wconf 88' lang='lat' dir='ltr'><strong>vivi</strong></span> <span class='ocrx_word' id='word_1_38' title='bbox 588 725 952 779; x_wconf 89' lang='lat' dir='ltr'><strong>inveniuntur.</strong></span> <span class='ocrx_word' id='word_1_39' title='bbox 1003 725 1153 781; x_wconf 85' lang='lat' dir='ltr'><strong>Unde</strong></span> <span class='ocrx_word' id='word_1_40' title='bbox 1177 733 1232 781; x_wconf 92' lang='lat' dir='ltr'><strong>et</strong></span> <span class='ocrx_word' id='word_1_41' title='bbox 1264 723 1545 797; x_wconf 73' lang='lat' dir='ltr'><strong>Scriptura</strong></span> <span class='ocrx_word' id='word_1_42' title='bbox 1582 738 1677 778; x_wconf 93' lang='lat' dir='ltr'><strong>eos</strong></span> <span class='ocrx_word' id='word_1_43' title='bbox 1704 722 1830 778; x_wconf 89' lang='lat' dir='ltr'><strong>tlor-</strong></span> 
     </span>
    </p>
   </div>
   <div class='ocr_carea' id='block_1_7' title="bbox 260 815 1114 887">
    <p class='ocr_par' dir='ltr' id='par_1_7' title="bbox 260 815 1114 887">
     <span class='ocr_line' id='line_1_7' title="bbox 260 815 1114 887; baseline -0.002 -16"><span class='ocrx_word' id='word_1_44' title='bbox 260 818 489 871; x_wconf 87' lang='lat' dir='ltr'><strong>mientes</strong></span> <span class='ocrx_word' id='word_1_45' title='bbox 518 815 788 887; x_wconf 76' lang='lat' dir='ltr'><strong>appellare</strong></span> <span class='ocrx_word' id='word_1_46' title='bbox 817 816 1114 872; x_wconf 84' lang='lat' dir='ltr'><strong>consuevit.</strong></span> 
     </span>
    </p>
   </div>
   <div class='ocr_carea' id='block_1_8' title="bbox 327 906 1836 978">
    <p class='ocr_par' dir='ltr' id='par_1_8' title="bbox 327 906 1836 978">
     <span class='ocr_line' id='line_1_8' title="bbox 327 906 1836 978; baseline -0.002 -16"><span class='ocrx_word' id='word_1_47' title='bbox 327 908 383 962; x_wconf 81' lang='lat'><strong>2.</strong></span> <span class='ocrx_word' id='word_1_48' title='bbox 416 907 753 978; x_wconf 82' lang='lat' dir='ltr'><strong>Quapropter</strong></span> <span class='ocrx_word' id='word_1_49' title='bbox 781 908 1229 963; x_wconf 83' lang='lat' dir='ltr'><strong>oliiciosissimum</strong></span> <span class='ocrx_word' id='word_1_50' title='bbox 1260 913 1363 973; x_wconf 91' lang='lat' dir='ltr'><strong>est,</strong></span> <span class='ocrx_word' id='word_1_51' title='bbox 1394 906 1534 963; x_wconf 86' lang='lat' dir='ltr'><strong>sicut</strong></span> <span class='ocrx_word' id='word_1_52' title='bbox 1559 906 1690 970; x_wconf 83' lang='lat' dir='ltr'><strong>dixi,</strong></span> <span class='ocrx_word' id='word_1_53' title='bbox 1715 921 1836 961; x_wconf 87' lang='lat' dir='ltr'><strong>san-</strong></span> 
     </span>
    </p>
   </div>
   <div class='ocr_carea' id='block_1_9' title="bbox 260 995 1832 1067">
    <p class='ocr_par' dir='ltr' id='par_1_9' title="bbox 260 995 1832 1067">
     <span class='ocr_line' id='line_1_9' title="bbox 260 995 1832 1067; baseline -0.001 -15"><span class='ocrx_word' id='word_1_54' title='bbox 260 1006 378 1053; x_wconf 90' lang='lat' dir='ltr'><strong>ctos</strong></span> <span class='ocrx_word' id='word_1_55' title='bbox 407 997 608 1051; x_wconf 89' lang='lat' dir='ltr'><strong>imitari</strong></span> <span class='ocrx_word' id='word_1_56' title='bbox 646 997 812 1059; x_wconf 90' lang='lat' dir='ltr'><strong>viros,</strong></span> <span class='ocrx_word' id='word_1_57' title='bbox 845 996 1091 1052; x_wconf 85' lang='lat' dir='ltr'><strong>videlicet</strong></span> <span class='ocrx_word' id='word_1_58' title='bbox 1134 996 1419 1067; x_wconf 65' lang='lat' dir='ltr'><strong>praefatum</strong></span> <span class='ocrx_word' id='word_1_59' title='bbox 1465 995 1832 1059; x_wconf 87' lang='lat' dir='ltr'><strong>Ambrosium,</strong></span> 
     </span>
    </p>
   </div>
   <div class='ocr_carea' id='block_1_10' title="bbox 259 1088 1837 1161">
    <p class='ocr_par' dir='ltr' id='par_1_10' title="bbox 259 1088 1837 1161">
     <span class='ocr_line' id='line_1_10' title="bbox 259 1088 1837 1161; baseline -0.001 -17"><span class='ocrx_word' id='word_1_60' title='bbox 259 1098 318 1144; x_wconf 91' lang='lat' dir='ltr'><strong>et</strong></span> <span class='ocrx_word' id='word_1_61' title='bbox 365 1091 581 1143; x_wconf 89' lang='lat' dir='ltr'><strong>beatum</strong></span> <span class='ocrx_word' id='word_1_62' title='bbox 630 1088 1035 1161; x_wconf 81' lang='lat' dir='ltr'><strong>Hieronymum,</strong></span> <span class='ocrx_word' id='word_1_63' title='bbox 1096 1090 1438 1161; x_wconf 89' lang='lat' dir='ltr'><strong>reliquosque</strong></span> <span class='ocrx_word' id='word_1_64' title='bbox 1484 1105 1670 1146; x_wconf 88' lang='lat' dir='ltr'><strong>sacros</strong></span> <span class='ocrx_word' id='word_1_65' title='bbox 1715 1089 1837 1144; x_wconf 89' lang='lat' dir='ltr'><strong>imi-</strong></span> 
     </span>
    </p>
   </div>
   <div class='ocr_carea' id='block_1_11' title="bbox 262 1176 1837 1249">
    <p class='ocr_par' dir='ltr' id='par_1_11' title="bbox 262 1176 1837 1249">
     <span class='ocr_line' id='line_1_11' title="bbox 262 1176 1837 1249; baseline 0.001 -17"><span class='ocrx_word' id='word_1_66' title='bbox 262 1176 453 1232; x_wconf 88' lang='lat' dir='ltr'><strong>tabiles</strong></span> <span class='ocrx_word' id='word_1_67' title='bbox 480 1178 644 1243; x_wconf 87' lang='lat' dir='ltr'><strong>viros,</strong></span> <span class='ocrx_word' id='word_1_68' title='bbox 676 1179 768 1248; x_wconf 85' lang='lat' dir='ltr'><strong>qui</strong></span> <span class='ocrx_word' id='word_1_69' title='bbox 796 1179 907 1233; x_wconf 91' lang='lat' dir='ltr'><strong>suis</strong></span> <span class='ocrx_word' id='word_1_70' title='bbox 945 1179 1211 1249; x_wconf 85' lang='lat' dir='ltr'><strong>epitaphla</strong></span> <span class='ocrx_word' id='word_1_71' title='bbox 1242 1180 1423 1236; x_wconf 90' lang='lat' dir='ltr'><strong>charis</strong></span> <span class='ocrx_word' id='word_1_72' title='bbox 1451 1178 1837 1235; x_wconf 82' lang='lat' dir='ltr'><strong>facundissime</strong></span> 
     </span>
    </p>
   </div>
   <div class='ocr_carea' id='block_1_12' title="bbox 262 1268 1835 1342">
    <p class='ocr_par' dir='ltr' id='par_1_12' title="bbox 262 1268 1835 1342">
     <span class='ocr_line' id='line_1_12' title="bbox 262 1268 1835 1342; baseline 0.003 -20"><span class='ocrx_word' id='word_1_73' title='bbox 262 1268 636 1323; x_wconf 88' lang='lat' dir='ltr'><strong>condiderunt.</strong></span> <span class='ocrx_word' id='word_1_74' title='bbox 667 1268 735 1323; x_wconf 87' lang='lat' dir='ltr'><strong>Et</strong></span> <span class='ocrx_word' id='word_1_75' title='bbox 758 1270 802 1324; x_wconf 87' lang='lat' dir='ltr'><strong>si</strong></span> <span class='ocrx_word' id='word_1_76' title='bbox 826 1284 929 1324; x_wconf 93' lang='lat' dir='ltr'><strong>non</strong></span> <span class='ocrx_word' id='word_1_77' title='bbox 958 1271 1172 1342; x_wconf 87' lang='lat' dir='ltr'><strong>assequi</strong></span> <span class='ocrx_word' id='word_1_78' title='bbox 1198 1286 1385 1327; x_wconf 89' lang='lat' dir='ltr'><strong>eorum</strong></span> <span class='ocrx_word' id='word_1_79' title='bbox 1418 1269 1547 1340; x_wconf 88' lang='lat' dir='ltr'><strong>jura.</strong></span> <span class='ocrx_word' id='word_1_80' title='bbox 1571 1271 1835 1325; x_wconf 83' lang='lat' dir='ltr'><strong>facundiae</strong></span> 
     </span>
    </p>
   </div>
   <div class='ocr_carea' id='block_1_13' title="bbox 261 1358 1831 1431">
    <p class='ocr_par' dir='ltr' id='par_1_13' title="bbox 261 1358 1831 1431">
     <span class='ocr_line' id='line_1_13' title="bbox 261 1358 1831 1431; baseline 0.004 -20"><span class='ocrx_word' id='word_1_81' title='bbox 261 1373 419 1428; x_wconf 90' lang='lat' dir='ltr'><strong>queo,</strong></span> <span class='ocrx_word' id='word_1_82' title='bbox 454 1358 733 1414; x_wconf 83' lang='lat' dir='ltr'><strong>materiam</strong></span> <span class='ocrx_word' id='word_1_83' title='bbox 779 1367 956 1415; x_wconf 87' lang='lat' dir='ltr'><strong>tamen</strong></span> <span class='ocrx_word' id='word_1_84' title='bbox 999 1360 1250 1431; x_wconf 89' lang='lat' dir='ltr'><strong>loquendi</strong></span> <span class='ocrx_word' id='word_1_85' title='bbox 1283 1364 1432 1419; x_wconf 88' lang='lat' dir='ltr'><strong>scias</strong></span> <span class='ocrx_word' id='word_1_86' title='bbox 1471 1378 1575 1418; x_wconf 94' lang='lat' dir='ltr'><strong>non</strong></span> <span class='ocrx_word' id='word_1_87' title='bbox 1613 1364 1831 1429; x_wconf 89' lang='lat' dir='ltr'><strong>deesse;</strong></span> 
     </span>
    </p>
   </div>
   <div class='ocr_carea' id='block_1_14' title="bbox 257 1450 1836 1525">
    <p class='ocr_par' dir='ltr' id='par_1_14' title="bbox 257 1450 1836 1525">
     <span class='ocr_line' id='line_1_14' title="bbox 257 1450 1836 1525; baseline 0.004 -22"><span class='ocrx_word' id='word_1_88' title='bbox 257 1450 383 1520; x_wconf 87' lang='lat' dir='ltr'><strong>quia</strong></span> <span class='ocrx_word' id='word_1_89' title='bbox 407 1465 527 1505; x_wconf 91' lang='lat' dir='ltr'><strong>eum</strong></span> <span class='ocrx_word' id='word_1_90' title='bbox 554 1450 793 1506; x_wconf 88' lang='lat' dir='ltr'><strong>recolere</strong></span> <span class='ocrx_word' id='word_1_91' title='bbox 819 1452 1106 1508; x_wconf 88' lang='lat' dir='ltr'><strong>scribendo</strong></span> <span class='ocrx_word' id='word_1_92' title='bbox 1128 1454 1284 1524; x_wconf 91' lang='lat' dir='ltr'><strong>cupio</strong></span> <span class='ocrx_word' id='word_1_93' title='bbox 1305 1455 1497 1519; x_wconf 91' lang='lat' dir='ltr'><strong>virum,</strong></span> <span class='ocrx_word' id='word_1_94' title='bbox 1530 1469 1690 1525; x_wconf 89' lang='lat' dir='ltr'><strong>quem</strong></span> <span class='ocrx_word' id='word_1_95' title='bbox 1712 1471 1836 1511; x_wconf 89' lang='lat' dir='ltr'><strong>san-</strong></span> 
     </span>
    </p>
   </div>
   <div class='ocr_carea' id='block_1_15' title="bbox 259 1544 1834 1619">
    <p class='ocr_par' dir='ltr' id='par_1_15' title="bbox 259 1544 1834 1619">
     <span class='ocr_line' id='line_1_15' title="bbox 259 1544 1834 1619; baseline 0.004 -22"><span class='ocrx_word' id='word_1_96' title='bbox 259 1552 403 1598; x_wconf 91' lang='lat' dir='ltr'><strong>ctum</strong></span> <span class='ocrx_word' id='word_1_97' title='bbox 432 1552 487 1598; x_wconf 90' lang='lat' dir='ltr'><strong>et</strong></span> <span class='ocrx_word' id='word_1_98' title='bbox 507 1544 875 1600; x_wconf 84' lang='lat' dir='ltr'><strong>admirabilem</strong></span> <span class='ocrx_word' id='word_1_99' title='bbox 901 1546 1181 1603; x_wconf 90' lang='lat' dir='ltr'><strong>universus</strong></span> <span class='ocrx_word' id='word_1_100' title='bbox 1207 1562 1341 1617; x_wconf 90' lang='lat' dir='ltr'><strong>pene</strong></span> <span class='ocrx_word' id='word_1_101' title='bbox 1362 1548 1621 1619; x_wconf 62' lang='lat' dir='ltr'><strong>praedicat</strong></span> <span class='ocrx_word' id='word_1_102' title='bbox 1648 1548 1834 1614; x_wconf 88' lang='lat' dir='ltr'><strong>orbis;</strong></span> 
     </span>
    </p>
   </div>
   <div class='ocr_carea' id='block_1_16' title="bbox 257 1636 1834 1711">
    <p class='ocr_par' dir='ltr' id='par_1_16' title="bbox 257 1636 1834 1711">
     <span class='ocr_line' id='line_1_16' title="bbox 257 1636 1834 1711; baseline 0.002 -22"><span class='ocrx_word' id='word_1_103' title='bbox 257 1650 414 1706; x_wconf 88' lang='lat' dir='ltr'><strong>quem</strong></span> <span class='ocrx_word' id='word_1_104' title='bbox 442 1637 565 1707; x_wconf 90' lang='lat' dir='ltr'><strong>quia</strong></span> <span class='ocrx_word' id='word_1_105' title='bbox 595 1636 852 1702; x_wconf 85' lang='lat' dir='ltr'><strong>vidimus,</strong></span> <span class='ocrx_word' id='word_1_106' title='bbox 884 1647 937 1691; x_wconf 92' lang='lat' dir='ltr'><strong>et</strong></span> <span class='ocrx_word' id='word_1_107' title='bbox 959 1637 1043 1692; x_wconf 91' lang='lat' dir='ltr'><strong>usi</strong></span> <span class='ocrx_word' id='word_1_108' title='bbox 1076 1638 1459 1694; x_wconf 84' lang='lat' dir='ltr'><strong>familiaritatis</strong></span> <span class='ocrx_word' id='word_1_109' title='bbox 1479 1640 1596 1711; x_wconf 90' lang='lat' dir='ltr'><strong>ejus</strong></span> <span class='ocrx_word' id='word_1_110' title='bbox 1627 1653 1834 1705; x_wconf 91' lang='lat' dir='ltr'><strong>amore,</strong></span> 
     </span>
    </p>
   </div>
   <div class='ocr_carea' id='block_1_17' title="bbox 258 1726 1835 1801">
    <p class='ocr_par' dir='ltr' id='par_1_17' title="bbox 258 1726 1835 1801">
     <span class='ocr_line' id='line_1_17' title="bbox 258 1726 1835 1801; baseline 0.003 -20"><span class='ocrx_word' id='word_1_111' title='bbox 258 1726 383 1782; x_wconf 87' lang='lat' dir='ltr'><strong>licet</strong></span> <span class='ocrx_word' id='word_1_112' title='bbox 412 1729 613 1800; x_wconf 77' lang='lat' dir='ltr'><strong>indigni</strong></span> <span class='ocrx_word' id='word_1_113' title='bbox 644 1744 850 1796; x_wconf 90' lang='lat' dir='ltr'><strong>sumus,</strong></span> <span class='ocrx_word' id='word_1_114' title='bbox 884 1731 1104 1785; x_wconf 90' lang='lat' dir='ltr'><strong>omnino</strong></span> <span class='ocrx_word' id='word_1_115' title='bbox 1132 1739 1332 1796; x_wconf 88' lang='lat' dir='ltr'><strong>tacere,</strong></span> <span class='ocrx_word' id='word_1_116' title='bbox 1358 1734 1609 1801; x_wconf 84' lang='lat' dir='ltr'><strong>quamvis</strong></span> <span class='ocrx_word' id='word_1_117' title='bbox 1638 1732 1835 1788; x_wconf 92' lang='lat' dir='ltr'><strong>indocti</strong></span> 
     </span>
    </p>
   </div>
   <div class='ocr_carea' id='block_1_18' title="bbox 257 1821 1838 1896">
    <p class='ocr_par' dir='ltr' id='par_1_18' title="bbox 257 1821 1838 1896">
     <span class='ocr_line' id='line_1_18' title="bbox 257 1821 1838 1896; baseline 0.003 -21"><span class='ocrx_word' id='word_1_118' title='bbox 257 1821 582 1890; x_wconf 88' lang='lat' dir='ltr'><strong>nequimus;</strong></span> <span class='ocrx_word' id='word_1_119' title='bbox 619 1830 675 1876; x_wconf 93' lang='lat' dir='ltr'><strong>ut</strong></span> <span class='ocrx_word' id='word_1_120' title='bbox 704 1821 829 1876; x_wconf 89' lang='lat' dir='ltr'><strong>dum</strong></span> <span class='ocrx_word' id='word_1_121' title='bbox 862 1839 982 1877; x_wconf 88' lang='lat' dir='ltr'><strong>eum</strong></span> <span class='ocrx_word' id='word_1_122' title='bbox 1018 1823 1187 1879; x_wconf 89' lang='lat' dir='ltr'><strong>oculis</strong></span> <span class='ocrx_word' id='word_1_123' title='bbox 1215 1825 1397 1880; x_wconf 88' lang='lat' dir='ltr'><strong>videre</strong></span> <span class='ocrx_word' id='word_1_124' title='bbox 1427 1839 1709 1896; x_wconf 83' lang='lat' dir='ltr'><strong>negamur,</strong></span> <span class='ocrx_word' id='word_1_125' title='bbox 1731 1826 1838 1882; x_wconf 88' lang='lat' dir='ltr'><strong>sal-</strong></span> 
     </span>
    </p>
   </div>
   <div class='ocr_carea' id='block_1_19' title="bbox 261 1914 1428 1988">
    <p class='ocr_par' dir='ltr' id='par_1_19' title="bbox 261 1914 1428 1988">
     <span class='ocr_line' id='line_1_19' title="bbox 261 1914 1428 1988; baseline 0.003 -19"><span class='ocrx_word' id='word_1_126' title='bbox 261 1922 368 1969; x_wconf 87' lang='lat' dir='ltr'><strong>tem</strong></span> <span class='ocrx_word' id='word_1_127' title='bbox 405 1915 599 1970; x_wconf 91' lang='lat' dir='ltr'><strong>mentis</strong></span> <span class='ocrx_word' id='word_1_128' title='bbox 623 1914 797 1971; x_wconf 72' lang='lat' dir='ltr'><strong>ofﬁcio</strong></span> <span class='ocrx_word' id='word_1_129' title='bbox 824 1919 1075 1988; x_wconf 86' lang='lat' dir='ltr'><strong>prosequi</strong></span> <span class='ocrx_word' id='word_1_130' title='bbox 1105 1934 1428 1975; x_wconf 88' lang='lat' dir='ltr'><strong>mereamur.</strong></span> 
     </span>
    </p>
   </div>
   <div class='ocr_carea' id='block_1_20' title="bbox 326 2005 1837 2083">
    <p class='ocr_par' dir='ltr' id='par_1_20' title="bbox 326 2005 1837 2083">
     <span class='ocr_line' id='line_1_20' title="bbox 326 2005 1837 2083; baseline 0.006 -21"><span class='ocrx_word' id='word_1_131' title='bbox 326 2006 379 2062; x_wconf 74' lang='grc' dir='ltr'><strong>ὅ.</strong></span> <span class='ocrx_word' id='word_1_132' title='bbox 413 2005 517 2062; x_wconf 86' lang='lat' dir='ltr'><strong>Sed</strong></span> <span class='ocrx_word' id='word_1_133' title='bbox 558 2008 682 2062; x_wconf 93' lang='lat' dir='ltr'><strong>dum</strong></span> <span class='ocrx_word' id='word_1_134' title='bbox 737 2007 838 2063; x_wconf 89' lang='lat' dir='ltr'><strong>hoc</strong></span> <span class='ocrx_word' id='word_1_135' title='bbox 893 2012 1131 2081; x_wconf 83' lang='lat' dir='ltr'><strong>cegitare</strong></span> <span class='ocrx_word' id='word_1_136' title='bbox 1179 2011 1395 2083; x_wconf 83' lang='lat' dir='ltr'><strong>incipio,</strong></span> <span class='ocrx_word' id='word_1_137' title='bbox 1432 2013 1638 2069; x_wconf 91' lang='lat' dir='ltr'><strong>duobus</strong></span> <span class='ocrx_word' id='word_1_138' title='bbox 1685 2015 1837 2071; x_wconf 86' lang='lat' dir='ltr'><strong>valde</strong></span> 
     </span>
    </p>
   </div>
   <div class='ocr_carea' id='block_1_21' title="bbox 256 2097 1837 2175">
    <p class='ocr_par' dir='ltr' id='par_1_21' title="bbox 256 2097 1837 2175">
     <span class='ocr_line' id='line_1_21' title="bbox 256 2097 1837 2175; baseline 0.004 -22"><span class='ocrx_word' id='word_1_139' title='bbox 256 2099 545 2153; x_wconf 86' lang='lat' dir='ltr'><strong>contrariis</strong></span> <span class='ocrx_word' id='word_1_140' title='bbox 597 2097 801 2154; x_wconf 74' lang='lat' dir='ltr'><strong>afﬁcior</strong></span> <span class='ocrx_word' id='word_1_141' title='bbox 862 2100 1026 2166; x_wconf 82' lang='lat' dir='ltr'><strong>intus,</strong></span> <span class='ocrx_word' id='word_1_142' title='bbox 1081 2103 1329 2157; x_wconf 73' lang='lat' dir='ltr'><strong>mmroris</strong></span> <span class='ocrx_word' id='word_1_143' title='bbox 1379 2103 1626 2158; x_wconf 89' lang='lat' dir='ltr'><strong>videlicet</strong></span> <span class='ocrx_word' id='word_1_144' title='bbox 1676 2114 1837 2175; x_wconf 91' lang='lat' dir='ltr'><strong>atque</strong></span> 
     </span>
    </p>
   </div>
   <div class='ocr_carea' id='block_1_22' title="bbox 256 2186 1838 2265">
    <p class='ocr_par' dir='ltr' id='par_1_22' title="bbox 256 2186 1838 2265">
     <span class='ocr_line' id='line_1_22' title="bbox 256 2186 1838 2265; baseline 0.004 -23"><span class='ocrx_word' id='word_1_145' title='bbox 256 2189 457 2259; x_wconf 80' lang='lat' dir='ltr'><strong>gaudii.</strong></span> <span class='ocrx_word' id='word_1_146' title='bbox 499 2186 607 2244; x_wconf 90' lang='lat' dir='ltr'><strong>Sed</strong></span> <span class='ocrx_word' id='word_1_147' title='bbox 653 2191 965 2247; x_wconf 90' lang='lat' dir='ltr'><strong>contristari</strong></span> <span class='ocrx_word' id='word_1_148' title='bbox 1012 2191 1302 2261; x_wconf 86' lang='lat' dir='ltr'><strong>Apostolus</strong></span> <span class='ocrx_word' id='word_1_149' title='bbox 1343 2206 1443 2262; x_wconf 88' lang='lat' dir='ltr'><strong>pro</strong></span> <span class='ocrx_word' id='word_1_150' title='bbox 1486 2192 1578 2246; x_wconf 90' lang='lat' dir='ltr'><strong>tali</strong></span> <span class='ocrx_word' id='word_1_151' title='bbox 1623 2194 1838 2265; x_wconf 89' lang='lat' dir='ltr'><strong>negotio</strong></span> 
     </span>
    </p>
   </div>
   <div class='ocr_carea' id='block_1_23' title="bbox 256 2283 1835 2353">
    <p class='ocr_par' dir='ltr' id='par_1_23' title="bbox 256 2283 1835 2353">
     <span class='ocr_line' id='line_1_23' title="bbox 256 2283 1835 2353; baseline 0.003 -18"><span class='ocrx_word' id='word_1_152' title='bbox 256 2289 431 2348; x_wconf 83' lang='lat' dir='ltr'><strong>vetat;</strong></span> <span class='ocrx_word' id='word_1_153' title='bbox 465 2283 696 2353; x_wconf 88' lang='lat' dir='ltr'><strong>gaudere</strong></span> <span class='ocrx_word' id='word_1_154' title='bbox 726 2298 855 2338; x_wconf 88' lang='lat' dir='ltr'><strong>vero</strong></span> <span class='ocrx_word' id='word_1_155' title='bbox 886 2299 990 2338; x_wconf 90' lang='lat' dir='ltr'><strong>non</strong></span> <span class='ocrx_word' id='word_1_156' title='bbox 1019 2283 1192 2339; x_wconf 90' lang='lat' dir='ltr'><strong>solum</strong></span> <span class='ocrx_word' id='word_1_157' title='bbox 1225 2300 1364 2350; x_wconf 84' lang='lat' dir='ltr'><strong>utea,</strong></span> <span class='ocrx_word' id='word_1_158' title='bbox 1392 2299 1578 2338; x_wconf 88' lang='lat' dir='ltr'><strong>verum</strong></span> <span class='ocrx_word' id='word_1_159' title='bbox 1597 2285 1835 2339; x_wconf 89' lang='lat' dir='ltr'><strong>omnium</strong></span> 
     </span>
    </p>
   </div>
   <div class='ocr_carea' id='block_1_24' title="bbox 256 2374 1838 2446">
    <p class='ocr_par' dir='ltr' id='par_1_24' title="bbox 256 2374 1838 2446">
     <span class='ocr_line' id='line_1_24' title="bbox 256 2374 1838 2446; baseline -0.001 -16"><span class='ocrx_word' id='word_1_160' title='bbox 256 2383 572 2430; x_wconf 87' lang='lat' dir='ltr'><strong>nostrorum</strong></span> <span class='ocrx_word' id='word_1_161' title='bbox 591 2374 767 2431; x_wconf 88' lang='lat' dir='ltr'><strong>subita</strong></span> <span class='ocrx_word' id='word_1_162' title='bbox 795 2375 1056 2431; x_wconf 89' lang='lat' dir='ltr'><strong>desolatio</strong></span> <span class='ocrx_word' id='word_1_163' title='bbox 1078 2375 1356 2445; x_wconf 87' lang='lat' dir='ltr'><strong>prohibet:</strong></span> <span class='ocrx_word' id='word_1_164' title='bbox 1381 2376 1575 2446; x_wconf 79' lang='lat' dir='ltr'><strong>quibus</strong></span> <span class='ocrx_word' id='word_1_165' title='bbox 1595 2374 1838 2446; x_wconf 91' lang='lat' dir='ltr'><strong>utrisque</strong></span> 
     </span>
    </p>
   </div>
   <div class='ocr_carea' id='block_1_25' title="bbox 258 2467 1838 2543">
    <p class='ocr_par' dir='ltr' id='par_1_25' title="bbox 258 2467 1838 2543">
     <span class='ocr_line' id='line_1_25' title="bbox 258 2467 1838 2543; baseline -0.001 -18"><span class='ocrx_word' id='word_1_166' title='bbox 258 2469 460 2525; x_wconf 80' lang='lat' dir='ltr'><strong>taxatis</strong></span> <span class='ocrx_word' id='word_1_167' title='bbox 490 2467 613 2543; x_wconf 83' lang='lat' dir='ltr'><strong>[al.,</strong></span> <span class='ocrx_word' id='word_1_168' title='bbox 668 2468 905 2542; x_wconf 80' lang='lat' dir='ltr'><strong>laxatus]</strong></span> <span class='ocrx_word' id='word_1_169' title='bbox 941 2469 1223 2539; x_wconf 89' lang='lat' dir='ltr'><strong>stipendiis</strong></span> <span class='ocrx_word' id='word_1_170' title='bbox 1273 2469 1553 2539; x_wconf 88' lang='lat' dir='ltr'><strong>pietatum,</strong></span> <span class='ocrx_word' id='word_1_171' title='bbox 1604 2468 1838 2536; x_wconf 87' lang='lat' dir='ltr'><strong>gaudere</strong></span> 
     </span>
    </p>
   </div>
   <div class='ocr_carea' id='block_1_26' title="bbox 256 2561 1838 2635">
    <p class='ocr_par' dir='ltr' id='par_1_26' title="bbox 256 2561 1838 2635">
     <span class='ocr_line' id='line_1_26' title="bbox 256 2561 1838 2635; baseline 0.001 -19"><span class='ocrx_word' id='word_1_172' title='bbox 256 2563 454 2634; x_wconf 90' lang='lat' dir='ltr'><strong>magis,</strong></span> <span class='ocrx_word' id='word_1_173' title='bbox 514 2562 851 2633; x_wconf 86' lang='lat' dir='ltr'><strong>multumque</strong></span> <span class='ocrx_word' id='word_1_174' title='bbox 895 2563 1235 2635; x_wconf 88' lang='lat' dir='ltr'><strong>congaudere</strong></span> <span class='ocrx_word' id='word_1_175' title='bbox 1287 2561 1528 2634; x_wconf 84' lang='lat' dir='ltr'><strong>profecto</strong></span> <span class='ocrx_word' id='word_1_176' title='bbox 1572 2578 1666 2633; x_wconf 87' lang='lat' dir='ltr'><strong>spe</strong></span> <span class='ocrx_word' id='word_1_177' title='bbox 1710 2578 1838 2633; x_wconf 77' lang='lat' dir='ltr'><strong>pro--</strong></span> 
     </span>
    </p>
   </div>
   <div class='ocr_carea' id='block_1_27' title="bbox 256 2654 1840 2726">
    <p class='ocr_par' dir='ltr' id='par_1_27' title="bbox 256 2654 1840 2726">
     <span class='ocr_line' id='line_1_27' title="bbox 256 2654 1840 2726; baseline -0.001 -16"><span class='ocrx_word' id='word_1_178' title='bbox 256 2654 533 2711; x_wconf 89' lang='lat' dir='ltr'><strong>missionis</strong></span> <span class='ocrx_word' id='word_1_179' title='bbox 563 2666 780 2711; x_wconf 73' lang='lat' dir='ltr'><strong>mterna:</strong></span> <span class='ocrx_word' id='word_1_180' title='bbox 818 2656 884 2711; x_wconf 92' lang='lat' dir='ltr'><strong>de</strong></span> <span class='ocrx_word' id='word_1_181' title='bbox 921 2665 1070 2711; x_wconf 89' lang='lat' dir='ltr'><strong>tanto</strong></span> <span class='ocrx_word' id='word_1_182' title='bbox 1106 2664 1341 2726; x_wconf 88' lang='lat' dir='ltr'><strong>patrono</strong></span> <span class='ocrx_word' id='word_1_183' title='bbox 1381 2664 1611 2726; x_wconf 87' lang='lat' dir='ltr'><strong>oportet.</strong></span> <span class='ocrx_word' id='word_1_184' title='bbox 1656 2654 1840 2724; x_wconf 85' lang='lat' dir='ltr'><strong>Itaque</strong></span> 
     </span>
    </p>
   </div>
   <div class='ocr_carea' id='block_1_28' title="bbox 254 2745 1841 2820">
    <p class='ocr_par' dir='ltr' id='par_1_28' title="bbox 254 2745 1841 2820">
     <span class='ocr_line' id='line_1_28' title="bbox 254 2745 1841 2820; baseline -0.001 -19"><span class='ocrx_word' id='word_1_185' title='bbox 254 2761 352 2817; x_wconf 89' lang='lat' dir='ltr'><strong>per</strong></span> <span class='ocrx_word' id='word_1_186' title='bbox 383 2747 569 2803; x_wconf 86' lang='lat' dir='ltr'><strong>felices</strong></span> <span class='ocrx_word' id='word_1_187' title='bbox 598 2763 721 2803; x_wconf 93' lang='lat' dir='ltr'><strong>eum</strong></span> <span class='ocrx_word' id='word_1_188' title='bbox 744 2748 855 2820; x_wconf 90' lang='lat' dir='ltr'><strong>jam</strong></span> <span class='ocrx_word' id='word_1_189' title='bbox 893 2749 1152 2803; x_wconf 85' lang='lat' dir='ltr'><strong>transisse</strong></span> <span class='ocrx_word' id='word_1_190' title='bbox 1196 2763 1416 2815; x_wconf 56' lang='lat' dir='ltr'><strong>agones,</strong></span> <span class='ocrx_word' id='word_1_191' title='bbox 1452 2763 1612 2817; x_wconf 88' lang='lat' dir='ltr'><strong>quem</strong></span> <span class='ocrx_word' id='word_1_192' title='bbox 1654 2745 1841 2818; x_wconf 86' lang='lat' dir='ltr'><strong>procul</strong></span> 
     </span>
    </p>
   </div>
   <div class='ocr_carea' id='block_1_29' title="bbox 254 2839 1840 2911">
    <p class='ocr_par' dir='ltr' id='par_1_29' title="bbox 254 2839 1840 2911">
     <span class='ocr_line' id='line_1_29' title="bbox 254 2839 1840 2911; baseline -0.002 -18"><span class='ocrx_word' id='word_1_193' title='bbox 254 2839 416 2893; x_wconf 90' lang='lat' dir='ltr'><strong>dubio</strong></span> <span class='ocrx_word' id='word_1_194' title='bbox 434 2840 762 2911; x_wconf 86' lang='lat' dir='ltr'><strong>requievisse</strong></span> <span class='ocrx_word' id='word_1_195' title='bbox 778 2841 831 2895; x_wconf 94' lang='lat' dir='ltr'><strong>in</strong></span> <span class='ocrx_word' id='word_1_196' title='bbox 846 2839 1061 2896; x_wconf 85' lang='lat' dir='ltr'><strong>Christo</strong></span> <span class='ocrx_word' id='word_1_197' title='bbox 1083 2840 1198 2894; x_wconf 84' lang='lat' dir='ltr'><strong>sine</strong></span> <span class='ocrx_word' id='word_1_198' title='bbox 1213 2840 1316 2893; x_wconf 89' lang='lat' dir='ltr'><strong>line</strong></span> <span class='ocrx_word' id='word_1_199' title='bbox 1331 2841 1485 2894; x_wconf 90' lang='lat' dir='ltr'><strong>beate</strong></span> <span class='ocrx_word' id='word_1_200' title='bbox 1507 2854 1840 2905; x_wconf 85' lang='lat' dir='ltr'><strong>mansurum,</strong></span> 
     </span>
    </p>
   </div>
   <div class='ocr_carea' id='block_1_30' title="bbox 255 2930 1840 3001">
    <p class='ocr_par' dir='ltr' id='par_1_30' title="bbox 255 2930 1840 3001">
     <span class='ocr_line' id='line_1_30' title="bbox 255 2930 1840 3001; baseline 0 -17"><span class='ocrx_word' id='word_1_201' title='bbox 255 2931 481 2987; x_wconf 90' lang='lat' dir='ltr'><strong>minime</strong></span> <span class='ocrx_word' id='word_1_202' title='bbox 517 2933 812 2986; x_wconf 87' lang='lat' dir='ltr'><strong>dubitatur.</strong></span> <span class='ocrx_word' id='word_1_203' title='bbox 845 2931 949 2987; x_wconf 88' lang='lat' dir='ltr'><strong>Sed</strong></span> <span class='ocrx_word' id='word_1_204' title='bbox 983 2931 1108 3001; x_wconf 90' lang='lat' dir='ltr'><strong>quia</strong></span> <span class='ocrx_word' id='word_1_205' title='bbox 1133 2931 1257 2986; x_wconf 82' lang='lat' dir='ltr'><strong>fletu</strong></span> <span class='ocrx_word' id='word_1_206' title='bbox 1284 2931 1486 2986; x_wconf 89' lang='lat' dir='ltr'><strong>amoris</strong></span> <span class='ocrx_word' id='word_1_207' title='bbox 1528 2930 1714 2984; x_wconf 87' lang='lat' dir='ltr'><strong>vincor</strong></span> <span class='ocrx_word' id='word_1_208' title='bbox 1743 2946 1840 3000; x_wconf 91' lang='lat' dir='ltr'><strong>po-</strong></span> 
     </span>
    </p>
   </div>
   <div class='ocr_carea' id='block_1_31' title="bbox 257 3023 1839 3097">
    <p class='ocr_par' dir='ltr' id='par_1_31' title="bbox 257 3023 1839 3097">
     <span class='ocr_line' id='line_1_31' title="bbox 257 3023 1839 3097; baseline -0.001 -19"><span class='ocrx_word' id='word_1_209' title='bbox 257 3023 367 3079; x_wconf 91' lang='lat' dir='ltr'><strong>tius</strong></span> <span class='ocrx_word' id='word_1_210' title='bbox 407 3040 569 3095; x_wconf 91' lang='lat' dir='ltr'><strong>quam</strong></span> <span class='ocrx_word' id='word_1_211' title='bbox 617 3024 1011 3095; x_wconf 86' lang='lat' dir='ltr'><strong>desperationis</strong></span> <span class='ocrx_word' id='word_1_212' title='bbox 1060 3024 1295 3097; x_wconf 81' lang='lat' dir='ltr'><strong>ignavia,</strong></span> <span class='ocrx_word' id='word_1_213' title='bbox 1336 3023 1469 3080; x_wconf 91' lang='lat' dir='ltr'><strong>mihi</strong></span> <span class='ocrx_word' id='word_1_214' title='bbox 1514 3023 1839 3095; x_wconf 88' lang='lat' dir='ltr'><strong>parcendum</strong></span> 
     </span>
    </p>
   </div>
   <div class='ocr_carea' id='block_1_32' title="bbox 256 3112 1844 3188">
    <p class='ocr_par' dir='ltr' id='par_1_32' title="bbox 256 3112 1844 3188">
     <span class='ocr_line' id='line_1_32' title="bbox 256 3112 1844 3188; baseline -0.002 -17"><span class='ocrx_word' id='word_1_215' title='bbox 256 3132 363 3172; x_wconf 90' lang='lat' dir='ltr'><strong>non</strong></span> <span class='ocrx_word' id='word_1_216' title='bbox 406 3116 666 3188; x_wconf 82' lang='lat' dir='ltr'><strong>ambigo;</strong></span> <span class='ocrx_word' id='word_1_217' title='bbox 718 3118 1022 3188; x_wconf 73' lang='lat' dir='ltr'><strong>prmsertim</strong></span> <span class='ocrx_word' id='word_1_218' title='bbox 1074 3133 1196 3173; x_wconf 90' lang='lat' dir='ltr'><strong>cum</strong></span> <span class='ocrx_word' id='word_1_219' title='bbox 1243 3115 1533 3188; x_wconf 82' lang='lat' dir='ltr'><strong>Apostolus</strong></span> <span class='ocrx_word' id='word_1_220' title='bbox 1578 3132 1684 3170; x_wconf 90' lang='lat' dir='ltr'><strong>non</strong></span> <span class='ocrx_word' id='word_1_221' title='bbox 1712 3112 1844 3169; x_wconf 80' lang='lat' dir='ltr'><strong>ﬂere</strong></span> 
     </span>
    </p>
   </div>
   <div class='ocr_carea' id='block_1_33' title="bbox 256 3198 1840 3281">
    <p class='ocr_par' dir='ltr' id='par_1_33' title="bbox 256 3198 1840 3281">
     <span class='ocr_line' id='line_1_33' title="bbox 256 3198 1840 3281; baseline -0.002 -19"><span class='ocrx_word' id='word_1_222' title='bbox 256 3198 564 3281; x_wconf 86' lang='lat' dir='ltr'><strong>prohibeat,</strong></span> <span class='ocrx_word' id='word_1_223' title='bbox 598 3210 702 3264; x_wconf 91' lang='lat' dir='ltr'><strong>nisi</strong></span> <span class='ocrx_word' id='word_1_224' title='bbox 738 3218 944 3264; x_wconf 90' lang='lat' dir='ltr'><strong>tantum</strong></span> <span class='ocrx_word' id='word_1_225' title='bbox 972 3208 1113 3264; x_wconf 91' lang='lat' dir='ltr'><strong>ntde</strong></span> <span class='ocrx_word' id='word_1_226' title='bbox 1136 3206 1548 3273; x_wconf 89' lang='lat' dir='ltr'><strong>dormientibus,</strong></span> <span class='ocrx_word' id='word_1_227' title='bbox 1588 3215 1840 3277; x_wconf 91' lang='lat' dir='ltr'><strong>tanquam</strong></span> 
     </span>
    </p>
   </div>
   <div class='ocr_carea' id='block_1_34' title="bbox 1935 624 3514 700">
    <p class='ocr_par' dir='ltr' id='par_1_34' title="bbox 1935 624 3514 700">
     <span class='ocr_line' id='line_1_34' title="bbox 1935 624 3514 700; baseline -0.001 -13"><span class='ocrx_word' id='word_1_228' title='bbox 1935 630 2240 695; x_wconf 90' lang='lat' dir='ltr'><strong>concitent;</strong></span> <span class='ocrx_word' id='word_1_229' title='bbox 2276 628 2368 683; x_wconf 91' lang='lat' dir='ltr'><strong>sed</strong></span> <span class='ocrx_word' id='word_1_230' title='bbox 2410 626 2652 683; x_wconf 90' lang='lat' dir='ltr'><strong>veritatis</strong></span> <span class='ocrx_word' id='word_1_231' title='bbox 2675 624 2795 695; x_wconf 88' lang='lat' dir='ltr'><strong>jura</strong></span> <span class='ocrx_word' id='word_1_232' title='bbox 2834 627 3078 683; x_wconf 88' lang='lat' dir='ltr'><strong>mihimet</strong></span> <span class='ocrx_word' id='word_1_233' title='bbox 3113 631 3374 700; x_wconf 88' lang='lat' dir='ltr'><strong>torpentis</strong></span> <span class='ocrx_word' id='word_1_234' title='bbox 3400 631 3514 686; x_wconf 88' lang='lat' dir='ltr'><strong>otio</strong></span> 
     </span>
    </p>
   </div>
   <div class='ocr_carea' id='block_1_35' title="bbox 1934 718 3515 793">
    <p class='ocr_par' dir='ltr' id='par_1_35' title="bbox 1934 718 3515 793">
     <span class='ocr_line' id='line_1_35' title="bbox 1934 718 3515 793; baseline 0.001 -16"><span class='ocrx_word' id='word_1_235' title='bbox 1934 738 2003 777; x_wconf 91' lang='lat' dir='ltr'><strong>ne</strong></span> <span class='ocrx_word' id='word_1_236' title='bbox 2032 721 2368 784; x_wconf 87' lang='lat' dir='ltr'><strong>abdiccntnr,</strong></span> <span class='ocrx_word' id='word_1_237' title='bbox 2413 719 2714 775; x_wconf 91' lang='lat' dir='ltr'><strong>litterarum</strong></span> <span class='ocrx_word' id='word_1_238' title='bbox 2760 718 2881 774; x_wconf 83' lang='lat' dir='ltr'><strong>fidei</strong></span> <span class='ocrx_word' id='word_1_239' title='bbox 2915 721 3322 789; x_wconf 80' lang='lat' dir='ltr'><strong>commendabo,</strong></span> <span class='ocrx_word' id='word_1_240' title='bbox 3352 728 3515 793; x_wconf 90' lang='lat' dir='ltr'><strong>atque</strong></span> 
     </span>
    </p>
   </div>
   <div class='ocr_carea' id='block_1_36' title="bbox 1934 810 3512 883">
    <p class='ocr_par' dir='ltr' id='par_1_36' title="bbox 1934 810 3512 883">
     <span class='ocr_line' id='line_1_36' title="bbox 1934 810 3512 883; baseline -0.001 -14"><span class='ocrx_word' id='word_1_241' title='bbox 1934 816 2011 869; x_wconf 85' lang='lat' dir='ltr'><strong>ita</strong></span> <span class='ocrx_word' id='word_1_242' title='bbox 2044 821 2135 868; x_wconf 93' lang='lat' dir='ltr'><strong>tuo</strong></span> <span class='ocrx_word' id='word_1_243' title='bbox 2170 812 2522 883; x_wconf 79' lang='lat' dir='ltr'><strong>refrigeratus</strong></span> <span class='ocrx_word' id='word_1_244' title='bbox 2560 810 2814 881; x_wconf 90' lang='lat' dir='ltr'><strong>alloquio,</strong></span> <span class='ocrx_word' id='word_1_245' title='bbox 2849 811 2924 865; x_wconf 90' lang='lat' dir='ltr'><strong>tui</strong></span> <span class='ocrx_word' id='word_1_246' title='bbox 2960 825 3056 881; x_wconf 88' lang='lat' dir='ltr'><strong>per</strong></span> <span class='ocrx_word' id='word_1_247' title='bbox 3083 811 3275 867; x_wconf 66' lang='lat' dir='ltr'><strong>smcula</strong></span> <span class='ocrx_word' id='word_1_248' title='bbox 3304 828 3512 868; x_wconf 83' lang='lat' dir='ltr'><strong>memo-</strong></span> 
     </span>
    </p>
   </div>
   <div class='ocr_carea' id='block_1_37' title="bbox 1935 903 3513 975">
    <p class='ocr_par' dir='ltr' id='par_1_37' title="bbox 1935 903 3513 975">
     <span class='ocr_line' id='line_1_37' title="bbox 1935 903 3513 975; baseline -0.002 -13"><span class='ocrx_word' id='word_1_249' title='bbox 1935 906 2124 969; x_wconf 87' lang='lat' dir='ltr'><strong>rabor;</strong></span> <span class='ocrx_word' id='word_1_250' title='bbox 2157 918 2333 975; x_wconf 89' lang='lat' dir='ltr'><strong>neque</strong></span> <span class='ocrx_word' id='word_1_251' title='bbox 2361 919 2391 958; x_wconf 92' lang='lat' dir='ltr'><strong>a</strong></span> <span class='ocrx_word' id='word_1_252' title='bbox 2412 918 2534 958; x_wconf 90' lang='lat' dir='ltr'><strong>meo</strong></span> <span class='ocrx_word' id='word_1_253' title='bbox 2564 903 2765 972; x_wconf 89' lang='lat' dir='ltr'><strong>poteris</strong></span> <span class='ocrx_word' id='word_1_254' title='bbox 2786 903 2941 957; x_wconf 87' lang='lat' dir='ltr'><strong>evelli</strong></span> <span class='ocrx_word' id='word_1_255' title='bbox 2966 904 3167 969; x_wconf 89' lang='lat' dir='ltr'><strong>animo,</strong></span> <span class='ocrx_word' id='word_1_256' title='bbox 3193 903 3295 960; x_wconf 88' lang='lat' dir='ltr'><strong>nisi</strong></span> <span class='ocrx_word' id='word_1_257' title='bbox 3320 919 3513 959; x_wconf 90' lang='lat' dir='ltr'><strong>nomen</strong></span> 
     </span>
    </p>
   </div>
   <div class='ocr_carea' id='block_1_38' title="bbox 1935 994 3518 1065">
    <p class='ocr_par' dir='ltr' id='par_1_38' title="bbox 1935 994 3518 1065">
     <span class='ocr_line' id='line_1_38' title="bbox 1935 994 3518 1065; baseline 0 -13"><span class='ocrx_word' id='word_1_258' title='bbox 1935 1006 2087 1053; x_wconf 91' lang='lat' dir='ltr'><strong>tuum</strong></span> <span class='ocrx_word' id='word_1_259' title='bbox 2135 996 2426 1065; x_wconf 73' lang='lat' dir='ltr'><strong>laudesque</strong></span> <span class='ocrx_word' id='word_1_260' title='bbox 2481 996 2813 1064; x_wconf 87' lang='lat' dir='ltr'><strong>depromam.</strong></span> <span class='ocrx_word' id='word_1_261' title='bbox 2863 994 3064 1049; x_wconf 86' lang='lat' dir='ltr'><strong>Fidelis</strong></span> <span class='ocrx_word' id='word_1_262' title='bbox 3103 1005 3186 1049; x_wconf 90' lang='lat' dir='ltr'><strong>est</strong></span> <span class='ocrx_word' id='word_1_263' title='bbox 3230 996 3363 1050; x_wconf 90' lang='lat' dir='ltr'><strong>mihi</strong></span> <span class='ocrx_word' id='word_1_264' title='bbox 3395 1011 3518 1052; x_wconf 90' lang='lat' dir='ltr'><strong>con-</strong></span> 
     </span>
    </p>
   </div>
   <div class='ocr_carea' id='block_1_39' title="bbox 1936 1083 3512 1156">
    <p class='ocr_par' dir='ltr' id='par_1_39' title="bbox 1936 1083 3512 1156">
     <span class='ocr_line' id='line_1_39' title="bbox 1936 1083 3512 1156; baseline 0 -15"><span class='ocrx_word' id='word_1_265' title='bbox 1936 1086 2180 1151; x_wconf 85' lang='lat' dir='ltr'><strong>scientia,</strong></span> <span class='ocrx_word' id='word_1_266' title='bbox 2203 1086 2345 1155; x_wconf 86' lang='lat' dir='ltr'><strong>quod</strong></span> <span class='ocrx_word' id='word_1_267' title='bbox 2365 1084 2625 1156; x_wconf 90' lang='lat' dir='ltr'><strong>quidquid</strong></span> <span class='ocrx_word' id='word_1_268' title='bbox 2649 1083 2836 1138; x_wconf 80' lang='lat' dir='ltr'><strong>dixero</strong></span> <span class='ocrx_word' id='word_1_269' title='bbox 2856 1098 2886 1137; x_wconf 91' lang='lat' dir='ltr'><strong>a</strong></span> <span class='ocrx_word' id='word_1_270' title='bbox 2912 1091 3000 1138; x_wconf 93' lang='lat' dir='ltr'><strong>tua</strong></span> <span class='ocrx_word' id='word_1_271' title='bbox 3025 1085 3202 1139; x_wconf 90' lang='lat' dir='ltr'><strong>minus</strong></span> <span class='ocrx_word' id='word_1_272' title='bbox 3221 1093 3303 1139; x_wconf 90' lang='lat' dir='ltr'><strong>est</strong></span> <span class='ocrx_word' id='word_1_273' title='bbox 3324 1084 3512 1153; x_wconf 91' lang='lat' dir='ltr'><strong>laude;</strong></span> 
     </span>
    </p>
   </div>
   <div class='ocr_carea' id='block_1_40' title="bbox 1936 1174 3513 1249">
    <p class='ocr_par' dir='ltr' id='par_1_40' title="bbox 1936 1174 3513 1249">
     <span class='ocr_line' id='line_1_40' title="bbox 1936 1174 3513 1249; baseline -0.003 -15"><span class='ocrx_word' id='word_1_274' title='bbox 1936 1178 2055 1234; x_wconf 91' lang='lat' dir='ltr'><strong>ideo</strong></span> <span class='ocrx_word' id='word_1_275' title='bbox 2096 1178 2420 1249; x_wconf 83' lang='lat' dir='ltr'><strong>persuadere</strong></span> <span class='ocrx_word' id='word_1_276' title='bbox 2459 1177 2591 1232; x_wconf 87' lang='lat' dir='ltr'><strong>mihi</strong></span> <span class='ocrx_word' id='word_1_277' title='bbox 2632 1177 2700 1231; x_wconf 88' lang='lat' dir='ltr'><strong>de</strong></span> <span class='ocrx_word' id='word_1_278' title='bbox 2731 1184 2784 1230; x_wconf 91' lang='lat' dir='ltr'><strong>te</strong></span> <span class='ocrx_word' id='word_1_279' title='bbox 2817 1175 2944 1230; x_wconf 90' lang='lat' dir='ltr'><strong>talia</strong></span> <span class='ocrx_word' id='word_1_280' title='bbox 2983 1174 3204 1231; x_wconf 89' lang='lat' dir='ltr'><strong>minime</strong></span> <span class='ocrx_word' id='word_1_281' title='bbox 3232 1177 3513 1231; x_wconf 88' lang='lat' dir='ltr'><strong>erubesco.</strong></span> 
     </span>
    </p>
   </div>
   <div class='ocr_carea' id='block_1_41' title="bbox 1938 1267 3515 1340">
    <p class='ocr_par' dir='ltr' id='par_1_41' title="bbox 1938 1267 3515 1340">
     <span class='ocr_line' id='line_1_41' title="bbox 1938 1267 3515 1340; baseline -0.003 -15"><span class='ocrx_word' id='word_1_282' title='bbox 1938 1268 2092 1326; x_wconf 90' lang='lat' dir='ltr'><strong>Unde</strong></span> <span class='ocrx_word' id='word_1_283' title='bbox 2134 1277 2224 1323; x_wconf 90' lang='lat' dir='ltr'><strong>tua</strong></span> <span class='ocrx_word' id='word_1_284' title='bbox 2259 1283 2498 1340; x_wconf 83' lang='lat' dir='ltr'><strong>praesens</strong></span> <span class='ocrx_word' id='word_1_285' title='bbox 2526 1267 2769 1323; x_wconf 89' lang='lat' dir='ltr'><strong>absentia</strong></span> <span class='ocrx_word' id='word_1_286' title='bbox 2812 1267 2943 1322; x_wconf 89' lang='lat' dir='ltr'><strong>mihi</strong></span> <span class='ocrx_word' id='word_1_287' title='bbox 2973 1281 3220 1333; x_wconf 89' lang='lat' dir='ltr'><strong>manens,</strong></span> <span class='ocrx_word' id='word_1_288' title='bbox 3258 1281 3428 1321; x_wconf 86' lang='lat' dir='ltr'><strong>novos</strong></span> <span class='ocrx_word' id='word_1_289' title='bbox 3464 1267 3515 1322; x_wconf 91' lang='lat' dir='ltr'><strong>in</strong></span> 
     </span>
    </p>
   </div>
   <div class='ocr_carea' id='block_1_42' title="bbox 1936 1356 3518 1431">
    <p class='ocr_par' dir='ltr' id='par_1_42' title="bbox 1936 1356 3518 1431">
     <span class='ocr_line' id='line_1_42' title="bbox 1936 1356 3518 1431; baseline -0.002 -16"><span class='ocrx_word' id='word_1_290' title='bbox 1936 1375 2023 1415; x_wconf 91' lang='lat' dir='ltr'><strong>me</strong></span> <span class='ocrx_word' id='word_1_291' title='bbox 2048 1370 2270 1431; x_wconf 83' lang='lat' dir='ltr'><strong>generat</strong></span> <span class='ocrx_word' id='word_1_292' title='bbox 2291 1358 2655 1431; x_wconf 89' lang='lat' dir='ltr'><strong>lacrymarnm</strong></span> <span class='ocrx_word' id='word_1_293' title='bbox 2687 1356 2913 1414; x_wconf 80' lang='lat' dir='ltr'><strong>aﬂ&#39;ectus</strong></span> <span class='ocrx_word' id='word_1_294' title='bbox 2947 1376 2960 1412; x_wconf 88' lang='lat'><strong>:</strong></span> <span class='ocrx_word' id='word_1_295' title='bbox 2987 1359 3058 1413; x_wconf 91' lang='lat' dir='ltr'><strong>ita</strong></span> <span class='ocrx_word' id='word_1_296' title='bbox 3091 1367 3266 1413; x_wconf 90' lang='lat' dir='ltr'><strong>tamen</strong></span> <span class='ocrx_word' id='word_1_297' title='bbox 3297 1368 3354 1412; x_wconf 91' lang='lat' dir='ltr'><strong>ut</strong></span> <span class='ocrx_word' id='word_1_298' title='bbox 3383 1373 3518 1428; x_wconf 74' lang='lat' dir='ltr'><strong>pra:-</strong></span> 
     </span>
    </p>
   </div>
   <div class='ocr_carea' id='block_1_43' title="bbox 1938 1452 3519 1525">
    <p class='ocr_par' dir='ltr' id='par_1_43' title="bbox 1938 1452 3519 1525">
     <span class='ocr_line' id='line_1_43' title="bbox 1938 1452 3519 1525; baseline -0.002 -15"><span class='ocrx_word' id='word_1_299' title='bbox 1938 1454 2110 1510; x_wconf 88' lang='lat' dir='ltr'><strong>sentia</strong></span> <span class='ocrx_word' id='word_1_300' title='bbox 2138 1456 2333 1510; x_wconf 88' lang='lat' dir='ltr'><strong>absens</strong></span> <span class='ocrx_word' id='word_1_301' title='bbox 2369 1453 2531 1509; x_wconf 83' lang='lat' dir='ltr'><strong>faciat</strong></span> <span class='ocrx_word' id='word_1_302' title='bbox 2567 1452 2847 1525; x_wconf 88' lang='lat' dir='ltr'><strong>gratulari,</strong></span> <span class='ocrx_word' id='word_1_303' title='bbox 2882 1467 3042 1522; x_wconf 90' lang='lat' dir='ltr'><strong>quam</strong></span> <span class='ocrx_word' id='word_1_304' title='bbox 3065 1452 3178 1523; x_wconf 89' lang='lat' dir='ltr'><strong>jam</strong></span> <span class='ocrx_word' id='word_1_305' title='bbox 3205 1452 3519 1523; x_wconf 85' lang='lat' dir='ltr'><strong>perveneris</strong></span> 
     </span>
    </p>
   </div>
   <div class='ocr_carea' id='block_1_44' title="bbox 1938 1542 2830 1617">
    <p class='ocr_par' dir='ltr' id='par_1_44' title="bbox 1938 1542 2830 1617">
     <span class='ocr_line' id='line_1_44' title="bbox 1938 1542 2830 1617; baseline -0.002 -16"><span class='ocrx_word' id='word_1_306' title='bbox 1938 1546 2007 1601; x_wconf 92' lang='lat' dir='ltr'><strong>ad</strong></span> <span class='ocrx_word' id='word_1_307' title='bbox 2037 1546 2127 1601; x_wconf 91' lang='lat' dir='ltr'><strong>diu</strong></span> <span class='ocrx_word' id='word_1_308' title='bbox 2156 1546 2424 1617; x_wconf 85' lang='lat' dir='ltr'><strong>promissa</strong></span> <span class='ocrx_word' id='word_1_309' title='bbox 2460 1544 2655 1616; x_wconf 90' lang='lat' dir='ltr'><strong>gaudia</strong></span> <span class='ocrx_word' id='word_1_310' title='bbox 2682 1542 2830 1599; x_wconf 75' lang='lat' dir='ltr'><strong>felix.</strong></span> 
     </span>
    </p>
   </div>
   <div class='ocr_carea' id='block_1_45' title="bbox 2008 1632 3520 1707">
    <p class='ocr_par' dir='ltr' id='par_1_45' title="bbox 2008 1632 3520 1707">
     <span class='ocr_line' id='line_1_45' title="bbox 2008 1632 3520 1707; baseline -0.002 -15"><span class='ocrx_word' id='word_1_311' title='bbox 2008 1637 2063 1693; x_wconf 87' lang='lat'><strong>5.</strong></span> <span class='ocrx_word' id='word_1_312' title='bbox 2095 1636 2195 1702; x_wconf 89' lang='lat' dir='ltr'><strong>Ne,</strong></span> <span class='ocrx_word' id='word_1_313' title='bbox 2227 1651 2429 1707; x_wconf 81' lang='lat' dir='ltr'><strong>quaeso,</strong></span> <span class='ocrx_word' id='word_1_314' title='bbox 2461 1636 2777 1706; x_wconf 89' lang='lat' dir='ltr'><strong>lacrymanti</strong></span> <span class='ocrx_word' id='word_1_315' title='bbox 2809 1635 2958 1690; x_wconf 87' lang='lat' dir='ltr'><strong>dicas</strong></span> <span class='ocrx_word' id='word_1_316' title='bbox 2990 1651 3002 1688; x_wconf 90' lang='lat'><strong>:</strong></span> <span class='ocrx_word' id='word_1_317' title='bbox 3034 1632 3305 1690; x_wconf 88' lang='lat' dir='ltr'><strong>Gratulari</strong></span> <span class='ocrx_word' id='word_1_318' title='bbox 3338 1632 3405 1689; x_wconf 91' lang='lat' dir='ltr'><strong>de</strong></span> <span class='ocrx_word' id='word_1_319' title='bbox 3434 1648 3520 1689; x_wconf 87' lang='lat' dir='ltr'><strong>me</strong></span> 
     </span>
    </p>
   </div>
   <div class='ocr_carea' id='block_1_46' title="bbox 1884 1726 3521 1800">
    <p class='ocr_par' dir='ltr' id='par_1_46' title="bbox 1884 1726 3521 1800">
     <span class='ocr_line' id='line_1_46' title="bbox 1884 1726 3521 1800; baseline -0.002 -17"><span class='ocrx_word' id='word_1_320' title='bbox 1884 1726 1903 1743; x_wconf 83' lang='lat'>&#39;</span> <span class='ocrx_word' id='word_1_321' title='bbox 1937 1729 2117 1800; x_wconf 87' lang='lat' dir='ltr'><strong>potius</strong></span> <span class='ocrx_word' id='word_1_322' title='bbox 2143 1744 2302 1798; x_wconf 88' lang='lat' dir='ltr'><strong>quam</strong></span> <span class='ocrx_word' id='word_1_323' title='bbox 2338 1727 2485 1795; x_wconf 80' lang='lat' dir='ltr'><strong>flere,</strong></span> <span class='ocrx_word' id='word_1_324' title='bbox 2517 1728 2803 1782; x_wconf 89' lang='lat' dir='ltr'><strong>charorum</strong></span> <span class='ocrx_word' id='word_1_325' title='bbox 2834 1727 2926 1790; x_wconf 79' lang='lat' dir='ltr'><strong>illi,</strong></span> <span class='ocrx_word' id='word_1_326' title='bbox 2971 1727 3262 1793; x_wconf 90' lang='lat' dir='ltr'><strong>debueras;</strong></span> <span class='ocrx_word' id='word_1_327' title='bbox 3292 1736 3521 1796; x_wconf 62' lang='lat' dir='ltr'><strong>praiser-</strong></span> 
     </span>
    </p>
   </div>
   <div class='ocr_carea' id='block_1_47' title="bbox 1941 1816 3522 1885">
    <p class='ocr_par' dir='ltr' id='par_1_47' title="bbox 1941 1816 3522 1885">
     <span class='ocr_line' id='line_1_47' title="bbox 1941 1816 3522 1885; baseline -0.004 -10"><span class='ocrx_word' id='word_1_328' title='bbox 1941 1820 2040 1875; x_wconf 87' lang='lat' dir='ltr'><strong>tim</strong></span> <span class='ocrx_word' id='word_1_329' title='bbox 2068 1837 2191 1876; x_wconf 87' lang='lat' dir='ltr'><strong>cum</strong></span> <span class='ocrx_word' id='word_1_330' title='bbox 2221 1820 2365 1875; x_wconf 89' lang='lat' dir='ltr'><strong>scias</strong></span> <span class='ocrx_word' id='word_1_331' title='bbox 2394 1836 2480 1874; x_wconf 84' lang='lat' dir='ltr'><strong>me</strong></span> <span class='ocrx_word' id='word_1_332' title='bbox 2506 1818 2745 1874; x_wconf 84' lang='lat' dir='ltr'><strong>evasisse</strong></span> <span class='ocrx_word' id='word_1_333' title='bbox 2772 1819 2952 1872; x_wconf 87' lang='lat' dir='ltr'><strong>mundi</strong></span> <span class='ocrx_word' id='word_1_334' title='bbox 2981 1816 3228 1883; x_wconf 89' lang='lat' dir='ltr'><strong>ludibria,</strong></span> <span class='ocrx_word' id='word_1_335' title='bbox 3252 1823 3307 1870; x_wconf 92' lang='lat' dir='ltr'><strong>et</strong></span> <span class='ocrx_word' id='word_1_336' title='bbox 3337 1830 3522 1885; x_wconf 88' lang='lat' dir='ltr'><strong>perve-</strong></span> 
     </span>
    </p>
   </div>
   <div class='ocr_carea' id='block_1_48' title="bbox 1866 1908 3518 1981">
    <p class='ocr_par' dir='ltr' id='par_1_48' title="bbox 1866 1908 3518 1981">
     <span class='ocr_line' id='line_1_48' title="bbox 1866 1908 3518 1981; baseline -0.003 -12"><span class='ocrx_word' id='word_1_337' title='bbox 1866 1908 1910 1969; x_wconf 86' lang='lat' dir='ltr'><strong>B</strong></span> <span class='ocrx_word' id='word_1_338' title='bbox 1940 1913 2087 1969; x_wconf 91' lang='lat' dir='ltr'><strong>nisse</strong></span> <span class='ocrx_word' id='word_1_339' title='bbox 2132 1916 2198 1968; x_wconf 89' lang='lat' dir='ltr'><strong>ad</strong></span> <span class='ocrx_word' id='word_1_340' title='bbox 2241 1912 2446 1968; x_wconf 86' lang='lat' dir='ltr'><strong>fontem</strong></span> <span class='ocrx_word' id='word_1_341' title='bbox 2480 1921 2696 1967; x_wconf 78' lang='lat' dir='ltr'><strong>aeternae</strong></span> <span class='ocrx_word' id='word_1_342' title='bbox 2727 1912 2879 1976; x_wconf 59' lang='lat' dir='ltr'><strong>vitae;</strong></span> <span class='ocrx_word' id='word_1_343' title='bbox 2916 1910 3007 1981; x_wconf 91' lang='lat' dir='ltr'><strong>qui</strong></span> <span class='ocrx_word' id='word_1_344' title='bbox 3051 1910 3094 1965; x_wconf 94' lang='lat' dir='ltr'><strong>si</strong></span> <span class='ocrx_word' id='word_1_345' title='bbox 3128 1926 3216 1966; x_wconf 92' lang='lat' dir='ltr'><strong>me</strong></span> <span class='ocrx_word' id='word_1_346' title='bbox 3250 1909 3518 1981; x_wconf 83' lang='lat' dir='ltr'><strong>diligeres,</strong></span> 
     </span>
    </p>
   </div>
   <div class='ocr_carea' id='block_1_49' title="bbox 1939 1999 3520 2079">
    <p class='ocr_par' dir='ltr' id='par_1_49' title="bbox 1939 1999 3520 2079">
     <span class='ocr_line' id='line_1_49' title="bbox 1939 1999 3520 2079; baseline -0.004 -20"><span class='ocrx_word' id='word_1_347' title='bbox 1939 2005 2202 2076; x_wconf 84' lang='lat' dir='ltr'><strong>gauderes</strong></span> <span class='ocrx_word' id='word_1_348' title='bbox 2233 2005 2419 2074; x_wconf 87' lang='lat' dir='ltr'><strong>utique</strong></span> <span class='ocrx_word' id='word_1_349' title='bbox 2447 2011 2501 2057; x_wconf 91' lang='lat' dir='ltr'><strong>et</strong></span> <span class='ocrx_word' id='word_1_350' title='bbox 2526 2004 2913 2072; x_wconf 79' lang='lat' dir='ltr'><strong>congauderes,</strong></span> <span class='ocrx_word' id='word_1_351' title='bbox 2950 2002 3072 2070; x_wconf 86' lang='lat' dir='ltr'><strong>quia</strong></span> <span class='ocrx_word' id='word_1_352' title='bbox 3103 2001 3214 2071; x_wconf 89' lang='lat' dir='ltr'><strong>jam</strong></span> <span class='ocrx_word' id='word_1_353' title='bbox 3238 2000 3393 2079; x_wconf 75' lang='lat' dir='ltr'><strong>fruor</strong></span> <span class='ocrx_word' id='word_1_354' title='bbox 3417 1999 3520 2053; x_wconf 87' lang='lat' dir='ltr'><strong>im-</strong></span> 
     </span>
    </p>
   </div>
   <div class='ocr_carea' id='block_1_50' title="bbox 1938 2087 3523 2175">
    <p class='ocr_par' dir='ltr' id='par_1_50' title="bbox 1938 2087 3523 2175">
     <span class='ocr_line' id='line_1_50' title="bbox 1938 2087 3523 2175; baseline -0.007 -23"><span class='ocrx_word' id='word_1_355' title='bbox 1938 2095 2289 2152; x_wconf 85' lang='lat' dir='ltr'><strong>mortalitatis</strong></span> <span class='ocrx_word' id='word_1_356' title='bbox 2317 2093 2474 2158; x_wconf 90' lang='lat' dir='ltr'><strong>stola,</strong></span> <span class='ocrx_word' id='word_1_357' title='bbox 2499 2101 2554 2148; x_wconf 91' lang='lat' dir='ltr'><strong>et</strong></span> <span class='ocrx_word' id='word_1_358' title='bbox 2595 2092 2763 2147; x_wconf 91' lang='lat' dir='ltr'><strong>satior</strong></span> <span class='ocrx_word' id='word_1_359' title='bbox 2793 2090 3051 2175; x_wconf 48' lang='lat' dir='ltr'><strong>intuen‘do</strong></span> <span class='ocrx_word' id='word_1_360' title='bbox 3082 2089 3380 2161; x_wconf 75' lang='lat' dir='ltr'><strong>maiestatis</strong></span> <span class='ocrx_word' id='word_1_361' title='bbox 3410 2087 3523 2157; x_wconf 83' lang='lat' dir='ltr'><strong>glo-</strong></span> 
     </span>
    </p>
   </div>
   <div class='ocr_carea' id='block_1_51' title="bbox 1940 2180 3523 2252">
    <p class='ocr_par' dir='ltr' id='par_1_51' title="bbox 1940 2180 3523 2252">
     <span class='ocr_line' id='line_1_51' title="bbox 1940 2180 3523 2252; baseline -0.004 -12"><span class='ocrx_word' id='word_1_362' title='bbox 1940 2186 2097 2241; x_wconf 89' lang='lat' dir='ltr'><strong>riam.</strong></span> <span class='ocrx_word' id='word_1_363' title='bbox 2133 2185 2279 2249; x_wconf 91' lang='lat' dir='ltr'><strong>Scio,</strong></span> <span class='ocrx_word' id='word_1_364' title='bbox 2330 2185 2404 2239; x_wconf 91' lang='lat' dir='ltr'><strong>mi</strong></span> <span class='ocrx_word' id='word_1_365' title='bbox 2456 2183 2638 2247; x_wconf 89' lang='lat' dir='ltr'><strong>Pater,</strong></span> <span class='ocrx_word' id='word_1_366' title='bbox 2688 2182 2820 2246; x_wconf 91' lang='lat' dir='ltr'><strong>scio,</strong></span> <span class='ocrx_word' id='word_1_367' title='bbox 2859 2182 3098 2252; x_wconf 86' lang='lat' dir='ltr'><strong>inquam,</strong></span> <span class='ocrx_word' id='word_1_368' title='bbox 3157 2180 3281 2251; x_wconf 88' lang='lat' dir='ltr'><strong>quia</strong></span> <span class='ocrx_word' id='word_1_369' title='bbox 3329 2186 3523 2235; x_wconf 83' lang='lat' dir='ltr'><strong>exutus</strong></span> 
     </span>
    </p>
   </div>
   <div class='ocr_carea' id='block_1_52' title="bbox 1939 2267 3522 2341">
    <p class='ocr_par' dir='ltr' id='par_1_52' title="bbox 1939 2267 3522 2341">
     <span class='ocr_line' id='line_1_52' title="bbox 1939 2267 3522 2341; baseline -0.004 -11"><span class='ocrx_word' id='word_1_370' title='bbox 1939 2276 2151 2330; x_wconf 89' lang='lat' dir='ltr'><strong>carneis</strong></span> <span class='ocrx_word' id='word_1_371' title='bbox 2182 2274 2531 2337; x_wconf 89' lang='lat' dir='ltr'><strong>indumentis,</strong></span> <span class='ocrx_word' id='word_1_372' title='bbox 2558 2272 2764 2327; x_wconf 70' lang='lat' dir='ltr'><strong>caelesti</strong></span> <span class='ocrx_word' id='word_1_373' title='bbox 2788 2270 2900 2341; x_wconf 87' lang='lat' dir='ltr'><strong>jam</strong></span> <span class='ocrx_word' id='word_1_374' title='bbox 2931 2270 3130 2325; x_wconf 86' lang='lat' dir='ltr'><strong>frueris</strong></span> <span class='ocrx_word' id='word_1_375' title='bbox 3157 2270 3396 2335; x_wconf 86' lang='lat' dir='ltr'><strong>visione;</strong></span> <span class='ocrx_word' id='word_1_376' title='bbox 3426 2267 3522 2324; x_wconf 88' lang='lat' dir='ltr'><strong>sed</strong></span> 
     </span>
    </p>
   </div>
   <div class='ocr_carea' id='block_1_53' title="bbox 1938 2364 3521 2433">
    <p class='ocr_par' dir='ltr' id='par_1_53' title="bbox 1938 2364 3521 2433">
     <span class='ocr_line' id='line_1_53' title="bbox 1938 2364 3521 2433; baseline -0.001 -17"><span class='ocrx_word' id='word_1_377' title='bbox 1938 2364 2125 2418; x_wconf 86' lang='lat' dir='ltr'><strong>vincor</strong></span> <span class='ocrx_word' id='word_1_378' title='bbox 2155 2365 2338 2433; x_wconf 88' lang='lat' dir='ltr'><strong>itaque</strong></span> <span class='ocrx_word' id='word_1_379' title='bbox 2372 2364 2460 2433; x_wconf 93' lang='lat' dir='ltr'><strong>pio</strong></span> <span class='ocrx_word' id='word_1_380' title='bbox 2496 2364 2746 2433; x_wconf 82' lang='lat' dir='ltr'><strong>perfusus</strong></span> <span class='ocrx_word' id='word_1_381' title='bbox 2783 2377 2988 2427; x_wconf 87' lang='lat' dir='ltr'><strong>amore,</strong></span> <span class='ocrx_word' id='word_1_382' title='bbox 3018 2370 3340 2432; x_wconf 67' lang='lat' dir='ltr'><strong>pratsentem</strong></span> <span class='ocrx_word' id='word_1_383' title='bbox 3372 2368 3521 2414; x_wconf 91' lang='lat' dir='ltr'><strong>tuam</strong></span> 
     </span>
    </p>
   </div>
   <div class='ocr_carea' id='block_1_54' title="bbox 1937 2451 3520 2525">
    <p class='ocr_par' dir='ltr' id='par_1_54' title="bbox 1937 2451 3520 2525">
     <span class='ocr_line' id='line_1_54' title="bbox 1937 2451 3520 2525; baseline -0.001 -16"><span class='ocrx_word' id='word_1_384' title='bbox 1937 2454 2067 2510; x_wconf 87' lang='lat' dir='ltr'><strong>ﬂere</strong></span> <span class='ocrx_word' id='word_1_385' title='bbox 2096 2454 2417 2521; x_wconf 85' lang='lat' dir='ltr'><strong>absentiam,</strong></span> <span class='ocrx_word' id='word_1_386' title='bbox 2451 2471 2557 2525; x_wconf 83' lang='lat' dir='ltr'><strong>quo</strong></span> <span class='ocrx_word' id='word_1_387' title='bbox 2597 2453 2723 2507; x_wconf 90' lang='lat' dir='ltr'><strong>mihi</strong></span> <span class='ocrx_word' id='word_1_388' title='bbox 2756 2453 2909 2508; x_wconf 87' lang='lat' dir='ltr'><strong>triste</strong></span> <span class='ocrx_word' id='word_1_389' title='bbox 2939 2454 3151 2508; x_wconf 90' lang='lat' dir='ltr'><strong>videtur</strong></span> <span class='ocrx_word' id='word_1_390' title='bbox 3185 2467 3346 2508; x_wconf 90' lang='lat' dir='ltr'><strong>omne</strong></span> <span class='ocrx_word' id='word_1_391' title='bbox 3378 2451 3520 2522; x_wconf 90' lang='lat' dir='ltr'><strong>quod</strong></span> 
     </span>
    </p>
   </div>
   <div class='ocr_carea' id='block_1_55' title="bbox 1938 2540 3607 2617">
    <p class='ocr_par' dir='ltr' id='par_1_55' title="bbox 1938 2540 3607 2617">
     <span class='ocr_line' id='line_1_55' title="bbox 1938 2540 3607 2617; baseline -0.004 -13"><span class='ocrx_word' id='word_1_392' title='bbox 1938 2548 2173 2613; x_wconf 89' lang='lat' dir='ltr'><strong>intueor,</strong></span> <span class='ocrx_word' id='word_1_393' title='bbox 2199 2548 2323 2602; x_wconf 90' lang='lat' dir='ltr'><strong>dum</strong></span> <span class='ocrx_word' id='word_1_394' title='bbox 2354 2556 2405 2601; x_wconf 91' lang='lat' dir='ltr'><strong>te</strong></span> <span class='ocrx_word' id='word_1_395' title='bbox 2429 2546 2709 2617; x_wconf 89' lang='lat' dir='ltr'><strong>suspirans</strong></span> <span class='ocrx_word' id='word_1_396' title='bbox 2731 2546 2922 2601; x_wconf 85' lang='lat' dir='ltr'><strong>abesse</strong></span> <span class='ocrx_word' id='word_1_397' title='bbox 2944 2546 3137 2601; x_wconf 86' lang='lat' dir='ltr'><strong>sentio.</strong></span> <span class='ocrx_word' id='word_1_398' title='bbox 3166 2543 3233 2599; x_wconf 85' lang='lat' dir='ltr'><strong>Et</strong></span> <span class='ocrx_word' id='word_1_399' title='bbox 3255 2553 3314 2600; x_wconf 89' lang='lat' dir='ltr'><strong>ut</strong></span> <span class='ocrx_word' id='word_1_400' title='bbox 3342 2540 3519 2599; x_wconf 88' lang='lat' dir='ltr'><strong>verbis</strong></span> <span class='ocrx_word' id='word_1_401' title='bbox 3604 2544 3607 2547; x_wconf 86' lang='grc'><em>’</em></span> 
     </span>
    </p>
   </div>
   <div class='ocr_carea' id='block_1_56' title="bbox 1939 2640 2415 2696">
    <p class='ocr_par' dir='ltr' id='par_1_56' title="bbox 1939 2640 2415 2696">
     <span class='ocr_line' id='line_1_56' title="bbox 1939 2640 2415 2696; baseline -0.004 0"><span class='ocrx_word' id='word_1_402' title='bbox 1939 2640 2220 2696; x_wconf 79' lang='lat' dir='ltr'><strong>Fortunati</strong></span> <span class='ocrx_word' id='word_1_403' title='bbox 2248 2650 2370 2695; x_wconf 90' lang='lat' dir='ltr'><strong>utar</strong></span> <span class='ocrx_word' id='word_1_404' title='bbox 2400 2659 2415 2694; x_wconf 85' lang='lat'><strong>;</strong></span> 
     </span>
    </p>
   </div>
   <div class='ocr_carea' id='block_1_57' title="bbox 2069 2799 3384 2867">
    <p class='ocr_par' dir='ltr' id='par_1_57' title="bbox 2069 2799 3384 2867">
     <span class='ocr_line' id='line_1_57' title="bbox 2069 2799 3384 2867; baseline -0.003 -12"><span class='ocrx_word' id='word_1_405' title='bbox 2069 2806 2291 2866; x_wconf 79' lang='lat' dir='ltr'><strong>Qualiter</strong></span> <span class='ocrx_word' id='word_1_406' title='bbox 2315 2816 2468 2867; x_wconf 71' lang='lat' dir='ltr'><strong>agrum</strong></span> <span class='ocrx_word' id='word_1_407' title='bbox 2487 2815 2652 2854; x_wconf 78' lang='lat' dir='ltr'><strong>amans</strong></span> <span class='ocrx_word' id='word_1_408' title='bbox 2673 2804 2931 2867; x_wconf 83' lang='lat' dir='ltr'><strong>genitricis</strong></span> <span class='ocrx_word' id='word_1_409' title='bbox 2952 2803 3015 2852; x_wconf 76' lang='lat' dir='ltr'><strong>ab</strong></span> <span class='ocrx_word' id='word_1_410' title='bbox 3036 2802 3194 2852; x_wconf 84' lang='lat' dir='ltr'><strong>ubere</strong></span> <span class='ocrx_word' id='word_1_411' title='bbox 3216 2799 3384 2865; x_wconf 75' lang='lat' dir='ltr'><strong>pulsus</strong></span> 
     </span>
    </p>
   </div>
   <div class='ocr_carea' id='block_1_58' title="bbox 2135 2868 3164 2927">
    <p class='ocr_par' dir='ltr' id='par_1_58' title="bbox 2135 2868 3164 2927">
     <span class='ocr_line' id='line_1_58' title="bbox 2135 2868 3164 2927; baseline -0.006 -9"><span class='ocrx_word' id='word_1_412' title='bbox 2135 2869 2309 2918; x_wconf 74' lang='lat' dir='ltr'><strong>&#39;l‘ristis</strong></span> <span class='ocrx_word' id='word_1_413' title='bbox 2332 2878 2384 2917; x_wconf 85' lang='lat' dir='ltr'><strong>et</strong></span> <span class='ocrx_word' id='word_1_414' title='bbox 2407 2868 2630 2918; x_wconf 84' lang='lat' dir='ltr'><strong>herbosis</strong></span> <span class='ocrx_word' id='word_1_415' title='bbox 2651 2868 2822 2915; x_wconf 63' lang='lat' dir='ltr'><strong>anxius</strong></span> <span class='ocrx_word' id='word_1_416' title='bbox 2846 2875 2979 2915; x_wconf 73' lang='lat' dir='ltr'><strong>errat</strong></span> <span class='ocrx_word' id='word_1_417' title='bbox 3004 2868 3164 2927; x_wconf 79' lang='lat' dir='ltr'><strong>agris:</strong></span> 
     </span>
    </p>
   </div>
   <div class='ocr_carea' id='block_1_59' title="bbox 2067 2928 3318 2993">
    <p class='ocr_par' dir='ltr' id='par_1_59' title="bbox 2067 2928 3318 2993">
     <span class='ocr_line' id='line_1_59' title="bbox 2067 2928 3318 2993; baseline -0.004 -14"><span class='ocrx_word' id='word_1_418' title='bbox 2067 2929 2200 2979; x_wconf 77' lang='lat' dir='ltr'><strong>Nunc</strong></span> <span class='ocrx_word' id='word_1_419' title='bbox 2226 2931 2347 2993; x_wconf 78' lang='lat' dir='ltr'><strong>fugit</strong></span> <span class='ocrx_word' id='word_1_420' title='bbox 2372 2930 2428 2978; x_wconf 84' lang='lat' dir='ltr'><strong>ad</strong></span> <span class='ocrx_word' id='word_1_421' title='bbox 2452 2943 2663 2993; x_wconf 66' lang='lat' dir='ltr'><strong>catinius,</strong></span> <span class='ocrx_word' id='word_1_422' title='bbox 2684 2931 2876 2993; x_wconf 76' lang='lat' dir='ltr'><strong>feriens</strong></span> <span class='ocrx_word' id='word_1_423' title='bbox 2887 2928 3123 2976; x_wconf 80' lang='lat' dir='ltr'><strong>balatibus</strong></span> <span class='ocrx_word' id='word_1_424' title='bbox 3147 2938 3318 2993; x_wconf 80' lang='lat' dir='ltr'><strong>auras;</strong></span> 
     </span>
    </p>
   </div>
   <div class='ocr_carea' id='block_1_60' title="bbox 2127 2987 3366 3052">
    <p class='ocr_par' dir='ltr' id='par_1_60' title="bbox 2127 2987 3366 3052">
     <span class='ocr_line' id='line_1_60' title="bbox 2127 2987 3366 3052; baseline -0.004 -10"><span class='ocrx_word' id='word_1_425' title='bbox 2127 2993 2265 3042; x_wconf 84' lang='lat' dir='ltr'><strong>Nunc</strong></span> <span class='ocrx_word' id='word_1_426' title='bbox 2279 2987 2417 3041; x_wconf 66' lang='lat' dir='ltr'><strong>redit</strong></span> <span class='ocrx_word' id='word_1_427' title='bbox 2438 2993 2497 3040; x_wconf 89' lang='lat' dir='ltr'><strong>ad</strong></span> <span class='ocrx_word' id='word_1_428' title='bbox 2522 2987 2699 3052; x_wconf 79' lang='lat' dir='ltr'><strong>caulas,</strong></span> <span class='ocrx_word' id='word_1_429' title='bbox 2724 3003 2819 3041; x_wconf 88' lang='lat' dir='ltr'><strong>nec</strong></span> <span class='ocrx_word' id='word_1_430' title='bbox 2839 2991 2946 3040; x_wconf 88' lang='lat' dir='ltr'><strong>sine</strong></span> <span class='ocrx_word' id='word_1_431' title='bbox 2969 2997 3127 3040; x_wconf 84' lang='lat' dir='ltr'><strong>matre</strong></span> <span class='ocrx_word' id='word_1_432' title='bbox 3151 2987 3366 3051; x_wconf 83' lang='lat' dir='ltr'><strong>placent.</strong></span> 
     </span>
    </p>
   </div>
   <div class='ocr_carea' id='block_1_61' title="bbox 1947 3112 3520 3187">
    <p class='ocr_par' dir='ltr' id='par_1_61' title="bbox 1947 3112 3520 3187">
     <span class='ocr_line' id='line_1_61' title="bbox 1947 3112 3520 3187; baseline -0.005 -11"><span class='ocrx_word' id='word_1_433' title='bbox 1947 3120 2038 3176; x_wconf 88' lang='lat' dir='ltr'><strong>Sic</strong></span> <span class='ocrx_word' id='word_1_434' title='bbox 2079 3136 2162 3175; x_wconf 89' lang='lat' dir='ltr'><strong>me</strong></span> <span class='ocrx_word' id='word_1_435' title='bbox 2210 3121 2277 3175; x_wconf 92' lang='lat' dir='ltr'><strong>de</strong></span> <span class='ocrx_word' id='word_1_436' title='bbox 2312 3119 2438 3185; x_wconf 88' lang='lat' dir='ltr'><strong>tuis,</strong></span> <span class='ocrx_word' id='word_1_437' title='bbox 2479 3117 2660 3185; x_wconf 89' lang='lat' dir='ltr'><strong>Pater,</strong></span> <span class='ocrx_word' id='word_1_438' title='bbox 2709 3119 2985 3172; x_wconf 89' lang='lat' dir='ltr'><strong>absentem</strong></span> <span class='ocrx_word' id='word_1_439' title='bbox 3038 3130 3267 3187; x_wconf 86' lang='lat' dir='ltr'><strong>suggero</strong></span> <span class='ocrx_word' id='word_1_440' title='bbox 3306 3112 3520 3179; x_wconf 87' lang='lat' dir='ltr'><strong>verbis;</strong></span> 
     </span>
    </p>
   </div>
   <div class='ocr_carea' id='block_1_62' title="bbox 1946 3204 3522 3282">
    <p class='ocr_par' dir='ltr' id='par_1_62' title="bbox 1946 3204 3522 3282">
     <span class='ocr_line' id='line_1_62' title="bbox 1946 3204 3522 3282; baseline -0.006 -15"><span class='ocrx_word' id='word_1_441' title='bbox 1946 3212 2083 3277; x_wconf 89' lang='lat' dir='ltr'><strong>dies,</strong></span> <span class='ocrx_word' id='word_1_442' title='bbox 2113 3213 2353 3282; x_wconf 89' lang='lat' dir='ltr'><strong>inquam,</strong></span> <span class='ocrx_word' id='word_1_443' title='bbox 2389 3210 2567 3264; x_wconf 88' lang='lat' dir='ltr'><strong>obitus</strong></span> <span class='ocrx_word' id='word_1_444' title='bbox 2615 3208 2690 3262; x_wconf 91' lang='lat' dir='ltr'><strong>tui</strong></span> <span class='ocrx_word' id='word_1_445' title='bbox 2736 3207 2865 3262; x_wconf 90' lang='lat' dir='ltr'><strong>mihi</strong></span> <span class='ocrx_word' id='word_1_446' title='bbox 2900 3206 3103 3261; x_wconf 89' lang='lat' dir='ltr'><strong>utinam</strong></span> <span class='ocrx_word' id='word_1_447' title='bbox 3142 3221 3247 3259; x_wconf 89' lang='lat' dir='ltr'><strong>non</strong></span> <span class='ocrx_word' id='word_1_448' title='bbox 3277 3204 3522 3270; x_wconf 79' lang='lat' dir='ltr'><strong>luxisset,</strong></span> 
     </span>
    </p>
   </div>
   <div class='ocr_carea' id='block_1_63' title="bbox 255 3281 3527 3374">
    <p class='ocr_par' dir='ltr' id='par_1_63' title="bbox 255 3281 3527 3374">
     <span class='ocr_line' id='line_1_63' title="bbox 255 3281 3527 3374; baseline -0.002 -19"><span class='ocrx_word' id='word_1_449' title='bbox 255 3300 436 3355; x_wconf 62' lang='lat' dir='ltr'><strong>caeteri</strong></span> <span class='ocrx_word' id='word_1_450' title='bbox 486 3302 576 3372; x_wconf 89' lang='lat' dir='ltr'><strong>qui</strong></span> <span class='ocrx_word' id='word_1_451' title='bbox 631 3316 781 3371; x_wconf 86' lang='lat' dir='ltr'><strong>spem</strong></span> <span class='ocrx_word' id='word_1_452' title='bbox 845 3316 952 3357; x_wconf 91' lang='lat' dir='ltr'><strong>non</strong></span> <span class='ocrx_word' id='word_1_453' title='bbox 1006 3300 1237 3365; x_wconf 87' lang='lat' dir='ltr'><strong>habent,</strong></span> <span class='ocrx_word' id='word_1_454' title='bbox 1295 3316 1401 3355; x_wconf 90' lang='lat' dir='ltr'><strong>non</strong></span> <span class='ocrx_word' id='word_1_455' title='bbox 1455 3298 1842 3354; x_wconf 87' lang='lat' dir='ltr'><strong>contristentur</strong></span> <span class='ocrx_word' id='word_1_456' title='bbox 1869 3281 1914 3345; x_wconf 84' lang='lat' dir='ltr'>C</span> <span class='ocrx_word' id='word_1_457' title='bbox 1947 3304 2073 3374; x_wconf 73' lang='lat' dir='ltr'><strong>quia</strong></span> <span class='ocrx_word' id='word_1_458' title='bbox 2115 3281 2215 3359; x_wconf 63' lang='lat' dir='ltr'><strong>nec</strong></span> <span class='ocrx_word' id='word_1_459' title='bbox 2248 3311 2459 3374; x_wconf 80' lang='lat' dir='ltr'><strong>poterat</strong></span> <span class='ocrx_word' id='word_1_460' title='bbox 2488 3300 2639 3371; x_wconf 81' lang='lat' dir='ltr'><strong>pejor</strong></span> <span class='ocrx_word' id='word_1_461' title='bbox 2667 3314 2786 3355; x_wconf 87' lang='lat' dir='ltr'><strong>esse</strong></span> <span class='ocrx_word' id='word_1_462' title='bbox 2811 3298 2941 3353; x_wconf 81' lang='lat' dir='ltr'><strong>mihi</strong></span> <span class='ocrx_word' id='word_1_463' title='bbox 2977 3298 3190 3369; x_wconf 85' lang='lat' dir='ltr'><strong>exiguo,</strong></span> <span class='ocrx_word' id='word_1_464' title='bbox 3219 3311 3394 3365; x_wconf 85' lang='lat' dir='ltr'><strong>neque</strong></span> <span class='ocrx_word' id='word_1_465' title='bbox 3421 3310 3527 3351; x_wconf 72' lang='lat' dir='ltr'><strong>sae-</strong></span> 
     </span>
    </p>
   </div>
   <div class='ocr_carea' id='block_1_64' title="bbox 258 3390 1843 3466">
    <p class='ocr_par' dir='ltr' id='par_1_64' title="bbox 258 3390 1843 3466">
     <span class='ocr_line' id='line_1_64' title="bbox 258 3390 1843 3466; baseline 0.001 -21"><span class='ocrx_word' id='word_1_466' title='bbox 258 3390 309 3462; x_wconf 87' lang='lat' dir='ltr'><strong>(I</strong></span> <span class='ocrx_word' id='word_1_467' title='bbox 341 3391 520 3448; x_wconf 73' lang='lat' dir='ltr'><strong>Thess.</strong></span> <span class='ocrx_word' id='word_1_468' title='bbox 552 3392 649 3465; x_wconf 88' lang='lat' dir='ltr'><strong>tv).</strong></span> <span class='ocrx_word' id='word_1_469' title='bbox 683 3392 824 3464; x_wconf 88' lang='lat' dir='ltr'><strong>Ergo</strong></span> <span class='ocrx_word' id='word_1_470' title='bbox 855 3394 1013 3466; x_wconf 87' lang='lat' dir='ltr'><strong>longe</strong></span> <span class='ocrx_word' id='word_1_471' title='bbox 1041 3394 1184 3449; x_wconf 89' lang='lat' dir='ltr'><strong>aliud</strong></span> <span class='ocrx_word' id='word_1_472' title='bbox 1213 3403 1298 3449; x_wconf 90' lang='lat' dir='ltr'><strong>est</strong></span> <span class='ocrx_word' id='word_1_473' title='bbox 1321 3408 1444 3448; x_wconf 91' lang='lat' dir='ltr'><strong>cum</strong></span> <span class='ocrx_word' id='word_1_474' title='bbox 1467 3391 1843 3462; x_wconf 89' lang='lat' dir='ltr'><strong>desperatione</strong></span> 
     </span>
    </p>
   </div>
   <div class='ocr_carea' id='block_1_65' title="bbox 260 3487 1844 3559">
    <p class='ocr_par' dir='ltr' id='par_1_65' title="bbox 260 3487 1844 3559">
     <span class='ocr_line' id='line_1_65' title="bbox 260 3487 1844 3559; baseline -0.001 -16"><span class='ocrx_word' id='word_1_475' title='bbox 260 3489 602 3556; x_wconf 89' lang='lat' dir='ltr'><strong>contristari,</strong></span> <span class='ocrx_word' id='word_1_476' title='bbox 636 3489 780 3544; x_wconf 89' lang='lat' dir='ltr'><strong>aliud</strong></span> <span class='ocrx_word' id='word_1_477' title='bbox 807 3504 937 3545; x_wconf 87' lang='lat' dir='ltr'><strong>vero</strong></span> <span class='ocrx_word' id='word_1_478' title='bbox 973 3488 1157 3545; x_wconf 89' lang='lat' dir='ltr'><strong>dolere</strong></span> <span class='ocrx_word' id='word_1_479' title='bbox 1182 3496 1237 3544; x_wconf 92' lang='lat' dir='ltr'><strong>et</strong></span> <span class='ocrx_word' id='word_1_480' title='bbox 1259 3487 1565 3554; x_wconf 87' lang='lat' dir='ltr'><strong>condolere,</strong></span> <span class='ocrx_word' id='word_1_481' title='bbox 1598 3487 1740 3559; x_wconf 91' lang='lat' dir='ltr'><strong>quod</strong></span> <span class='ocrx_word' id='word_1_482' title='bbox 1765 3487 1844 3543; x_wconf 90' lang='lat' dir='ltr'><strong>sic</strong></span> 
     </span>
    </p>
   </div>
   <div class='ocr_carea' id='block_1_66' title="bbox 256 3580 1847 3652">
    <p class='ocr_par' dir='ltr' id='par_1_66' title="bbox 256 3580 1847 3652">
     <span class='ocr_line' id='line_1_66' title="bbox 256 3580 1847 3652; baseline -0.002 -15"><span class='ocrx_word' id='word_1_483' title='bbox 256 3582 464 3652; x_wconf 85' lang='lat' dir='ltr'><strong>peccati</strong></span> <span class='ocrx_word' id='word_1_484' title='bbox 497 3597 660 3638; x_wconf 82' lang='lat' dir='ltr'><strong>causa</strong></span> <span class='ocrx_word' id='word_1_485' title='bbox 688 3582 793 3637; x_wconf 84' lang='lat' dir='ltr'><strong>huc</strong></span> <span class='ocrx_word' id='word_1_486' title='bbox 812 3581 1078 3647; x_wconf 89' lang='lat' dir='ltr'><strong>venimus,</strong></span> <span class='ocrx_word' id='word_1_487' title='bbox 1110 3590 1172 3635; x_wconf 90' lang='lat' dir='ltr'><strong>ut</strong></span> <span class='ocrx_word' id='word_1_488' title='bbox 1209 3582 1279 3636; x_wconf 85' lang='lat' dir='ltr'><strong>ad</strong></span> <span class='ocrx_word' id='word_1_489' title='bbox 1318 3581 1591 3636; x_wconf 88' lang='lat' dir='ltr'><strong>modicum</strong></span> <span class='ocrx_word' id='word_1_490' title='bbox 1618 3580 1709 3635; x_wconf 79' lang='lat' dir='ltr'><strong>vix</strong></span> <span class='ocrx_word' id='word_1_491' title='bbox 1749 3596 1847 3652; x_wconf 89' lang='lat' dir='ltr'><strong>pa-</strong></span> 
     </span>
    </p>
   </div>
   <div class='ocr_carea' id='block_1_67' title="bbox 258 3670 1845 3745">
    <p class='ocr_par' dir='ltr' id='par_1_67' title="bbox 258 3670 1845 3745">
     <span class='ocr_line' id='line_1_67' title="bbox 258 3670 1845 3745; baseline -0.001 -18"><span class='ocrx_word' id='word_1_492' title='bbox 258 3688 382 3728; x_wconf 89' lang='lat' dir='ltr'><strong>rum</strong></span> <span class='ocrx_word' id='word_1_493' title='bbox 409 3671 613 3745; x_wconf 86' lang='lat' dir='ltr'><strong>aliquid</strong></span> <span class='ocrx_word' id='word_1_494' title='bbox 641 3689 764 3731; x_wconf 92' lang='lat' dir='ltr'><strong>esse</strong></span> <span class='ocrx_word' id='word_1_495' title='bbox 790 3674 1089 3729; x_wconf 89' lang='lat' dir='ltr'><strong>videamur.</strong></span> <span class='ocrx_word' id='word_1_496' title='bbox 1124 3671 1276 3728; x_wconf 90' lang='lat' dir='ltr'><strong>Unde</strong></span> <span class='ocrx_word' id='word_1_497' title='bbox 1303 3670 1492 3742; x_wconf 88' lang='lat' dir='ltr'><strong>procul</strong></span> <span class='ocrx_word' id='word_1_498' title='bbox 1532 3671 1694 3727; x_wconf 90' lang='lat' dir='ltr'><strong>dubio</strong></span> <span class='ocrx_word' id='word_1_499' title='bbox 1717 3671 1845 3725; x_wconf 89' lang='lat' dir='ltr'><strong>cha-</strong></span> 
     </span>
    </p>
   </div>
   <div class='ocr_carea' id='block_1_68' title="bbox 260 3762 1845 3840">
    <p class='ocr_par' dir='ltr' id='par_1_68' title="bbox 260 3762 1845 3840">
     <span class='ocr_line' id='line_1_68' title="bbox 260 3762 1845 3840; baseline -0.003 -18"><span class='ocrx_word' id='word_1_500' title='bbox 260 3782 445 3822; x_wconf 89' lang='lat' dir='ltr'><strong>rorum</strong></span> <span class='ocrx_word' id='word_1_501' title='bbox 470 3767 725 3840; x_wconf 79' lang='lat' dir='ltr'><strong>lacrymis</strong></span> <span class='ocrx_word' id='word_1_502' title='bbox 753 3766 973 3823; x_wconf 87' lang='lat' dir='ltr'><strong>abluere</strong></span> <span class='ocrx_word' id='word_1_503' title='bbox 1016 3765 1345 3836; x_wconf 89' lang='lat' dir='ltr'><strong>sepulturam</strong></span> <span class='ocrx_word' id='word_1_504' title='bbox 1388 3763 1582 3819; x_wconf 75' lang='lat' dir='ltr'><strong>debita:</strong></span> <span class='ocrx_word' id='word_1_505' title='bbox 1627 3762 1845 3833; x_wconf 89' lang='lat' dir='ltr'><strong>pietatis</strong></span> 
     </span>
    </p>
   </div>
   <div class='ocr_carea' id='block_1_69' title="bbox 260 3857 1218 3927">
    <p class='ocr_par' dir='ltr' id='par_1_69' title="bbox 260 3857 1218 3927">
     <span class='ocr_line' id='line_1_69' title="bbox 260 3857 1218 3927; baseline 0 -13"><span class='ocrx_word' id='word_1_506' title='bbox 260 3857 474 3916; x_wconf 66' lang='lat' dir='ltr'><strong>affectio</strong></span> <span class='ocrx_word' id='word_1_507' title='bbox 501 3875 622 3916; x_wconf 87' lang='lat' dir='ltr'><strong>esse</strong></span> <span class='ocrx_word' id='word_1_508' title='bbox 653 3861 834 3927; x_wconf 86' lang='lat' dir='ltr'><strong>debet,</strong></span> <span class='ocrx_word' id='word_1_509' title='bbox 865 3875 973 3915; x_wconf 93' lang='lat' dir='ltr'><strong>non</strong></span> <span class='ocrx_word' id='word_1_510' title='bbox 998 3860 1218 3915; x_wconf 86' lang='lat' dir='ltr'><strong>erroris.</strong></span> 
     </span>
    </p>
   </div>
   <div class='ocr_carea' id='block_1_70' title="bbox 326 3947 1846 4024">
    <p class='ocr_par' dir='ltr' id='par_1_70' title="bbox 326 3947 1846 4024">
     <span class='ocr_line' id='line_1_70' title="bbox 326 3947 1846 4024; baseline -0.003 -18"><span class='ocrx_word' id='word_1_511' title='bbox 326 3952 382 4006; x_wconf 65' lang='grc'><strong>4.</strong></span> <span class='ocrx_word' id='word_1_512' title='bbox 416 3952 533 4019; x_wconf 81' lang='lat' dir='ltr'><strong>Qua</strong></span> <span class='ocrx_word' id='word_1_513' title='bbox 576 3953 801 4024; x_wconf 86' lang='lat' dir='ltr'><strong>pietate,</strong></span> <span class='ocrx_word' id='word_1_514' title='bbox 850 3952 977 4008; x_wconf 90' lang='lat' dir='ltr'><strong>licet</strong></span> <span class='ocrx_word' id='word_1_515' title='bbox 1012 3952 1211 4007; x_wconf 91' lang='lat' dir='ltr'><strong>mentis</strong></span> <span class='ocrx_word' id='word_1_516' title='bbox 1253 3948 1473 4021; x_wconf 89' lang='lat' dir='ltr'><strong>ingenio</strong></span> <span class='ocrx_word' id='word_1_517' title='bbox 1521 3948 1724 4020; x_wconf 84' lang='lat' dir='ltr'><strong>segnis,</strong></span> <span class='ocrx_word' id='word_1_518' title='bbox 1769 3947 1846 4002; x_wconf 90' lang='lat' dir='ltr'><strong>tui</strong></span> 
     </span>
    </p>
   </div>
   <div class='ocr_carea' id='block_1_71' title="bbox 259 4042 1849 4113">
    <p class='ocr_par' dir='ltr' id='par_1_71' title="bbox 259 4042 1849 4113">
     <span class='ocr_line' id='line_1_71' title="bbox 259 4042 1849 4113; baseline -0.003 -14"><span class='ocrx_word' id='word_1_519' title='bbox 259 4047 535 4109; x_wconf 86' lang='lat' dir='ltr'><strong>recordor,</strong></span> <span class='ocrx_word' id='word_1_520' title='bbox 555 4047 794 4100; x_wconf 87' lang='lat' dir='ltr'><strong>virorum</strong></span> <span class='ocrx_word' id='word_1_521' title='bbox 816 4044 1138 4100; x_wconf 89' lang='lat' dir='ltr'><strong>charissime</strong></span> <span class='ocrx_word' id='word_1_522' title='bbox 1151 4042 1459 4099; x_wconf 84' lang='lat' dir='ltr'><strong>Adalltarde</strong></span> <span class='ocrx_word' id='word_1_523' title='bbox 1487 4052 1661 4113; x_wconf 90' lang='lat' dir='ltr'><strong>pater,</strong></span> <span class='ocrx_word' id='word_1_524' title='bbox 1689 4056 1849 4096; x_wconf 90' lang='lat' dir='ltr'><strong>sene-</strong></span> 
     </span>
    </p>
   </div>
   <div class='ocr_carea' id='block_1_72' title="bbox 259 4131 1848 4206">
    <p class='ocr_par' dir='ltr' id='par_1_72' title="bbox 259 4131 1848 4206">
     <span class='ocr_line' id='line_1_72' title="bbox 259 4131 1848 4206; baseline -0.004 -15"><span class='ocrx_word' id='word_1_525' title='bbox 259 4136 426 4191; x_wconf 88' lang='lat' dir='ltr'><strong>ctutis</strong></span> <span class='ocrx_word' id='word_1_526' title='bbox 463 4137 648 4201; x_wconf 89' lang='lat' dir='ltr'><strong>decus,</strong></span> <span class='ocrx_word' id='word_1_527' title='bbox 679 4135 889 4206; x_wconf 85' lang='lat' dir='ltr'><strong>species</strong></span> <span class='ocrx_word' id='word_1_528' title='bbox 912 4134 1240 4199; x_wconf 88' lang='lat' dir='ltr'><strong>sanctitatis,</strong></span> <span class='ocrx_word' id='word_1_529' title='bbox 1268 4133 1441 4189; x_wconf 82' lang='lat' dir='ltr'><strong>forma</strong></span> <span class='ocrx_word' id='word_1_530' title='bbox 1465 4132 1762 4196; x_wconf 88' lang='lat' dir='ltr'><strong>virtutum;</strong></span> <span class='ocrx_word' id='word_1_531' title='bbox 1794 4131 1848 4186; x_wconf 93' lang='lat' dir='ltr'><strong>in</strong></span> 
     </span>
    </p>
   </div>
   <div class='ocr_carea' id='block_1_73' title="bbox 260 4224 1851 4300">
    <p class='ocr_par' dir='ltr' id='par_1_73' title="bbox 260 4224 1851 4300">
     <span class='ocr_line' id='line_1_73' title="bbox 260 4224 1851 4300; baseline -0.004 -14"><span class='ocrx_word' id='word_1_532' title='bbox 260 4239 495 4295; x_wconf 88' lang='lat' dir='ltr'><strong>tantum,</strong></span> <span class='ocrx_word' id='word_1_533' title='bbox 522 4230 761 4300; x_wconf 90' lang='lat' dir='ltr'><strong>inquam,</strong></span> <span class='ocrx_word' id='word_1_534' title='bbox 797 4230 875 4284; x_wconf 90' lang='lat' dir='ltr'><strong>tui</strong></span> <span class='ocrx_word' id='word_1_535' title='bbox 898 4229 1175 4293; x_wconf 89' lang='lat' dir='ltr'><strong>recordor,</strong></span> <span class='ocrx_word' id='word_1_536' title='bbox 1201 4229 1403 4282; x_wconf 86' lang='lat' dir='ltr'><strong>amoris</strong></span> <span class='ocrx_word' id='word_1_537' title='bbox 1422 4224 1656 4291; x_wconf 89' lang='lat' dir='ltr'><strong>vinculo,</strong></span> <span class='ocrx_word' id='word_1_538' title='bbox 1675 4233 1733 4280; x_wconf 92' lang='lat' dir='ltr'><strong>ut</strong></span> <span class='ocrx_word' id='word_1_539' title='bbox 1761 4225 1851 4280; x_wconf 82' lang='lat' dir='ltr'><strong>vix</strong></span> 
     </span>
    </p>
   </div>
   <div class='ocr_carea' id='block_1_74' title="bbox 260 4320 1850 4392">
    <p class='ocr_par' dir='ltr' id='par_1_74' title="bbox 260 4320 1850 4392">
     <span class='ocr_line' id='line_1_74' title="bbox 260 4320 1850 4392; baseline -0.003 -13"><span class='ocrx_word' id='word_1_540' title='bbox 260 4320 552 4379; x_wconf 87' lang='lat' dir='ltr'><strong>admodum</strong></span> <span class='ocrx_word' id='word_1_541' title='bbox 577 4336 664 4376; x_wconf 90' lang='lat' dir='ltr'><strong>me</strong></span> <span class='ocrx_word' id='word_1_542' title='bbox 693 4321 901 4376; x_wconf 90' lang='lat' dir='ltr'><strong>valeam</strong></span> <span class='ocrx_word' id='word_1_543' title='bbox 931 4322 1074 4377; x_wconf 87' lang='lat' dir='ltr'><strong>inter</strong></span> <span class='ocrx_word' id='word_1_544' title='bbox 1096 4331 1327 4392; x_wconf 89' lang='lat' dir='ltr'><strong>utraque</strong></span> <span class='ocrx_word' id='word_1_545' title='bbox 1354 4332 1660 4392; x_wconf 88' lang='lat' dir='ltr'><strong>temperare</strong></span> <span class='ocrx_word' id='word_1_546' title='bbox 1686 4334 1850 4390; x_wconf 84' lang='lat' dir='ltr'><strong>nego-</strong></span> 
     </span>
    </p>
   </div>
   <div class='ocr_carea' id='block_1_75' title="bbox 262 4413 1847 4485">
    <p class='ocr_par' dir='ltr' id='par_1_75' title="bbox 262 4413 1847 4485">
     <span class='ocr_line' id='line_1_75' title="bbox 262 4413 1847 4485; baseline -0.003 -13"><span class='ocrx_word' id='word_1_547' title='bbox 262 4418 338 4472; x_wconf 89' lang='lat' dir='ltr'><strong>tia</strong></span> <span class='ocrx_word' id='word_1_548' title='bbox 389 4434 402 4469; x_wconf 87' lang='lat'><strong>:</strong></span> <span class='ocrx_word' id='word_1_549' title='bbox 453 4415 544 4485; x_wconf 88' lang='lat' dir='ltr'><strong>qui</strong></span> <span class='ocrx_word' id='word_1_550' title='bbox 589 4414 716 4469; x_wconf 89' lang='lat' dir='ltr'><strong>dum</strong></span> <span class='ocrx_word' id='word_1_551' title='bbox 765 4414 922 4471; x_wconf 88' lang='lat' dir='ltr'><strong>video</strong></span> <span class='ocrx_word' id='word_1_552' title='bbox 981 4416 1263 4471; x_wconf 88' lang='lat' dir='ltr'><strong>Dominum</strong></span> <span class='ocrx_word' id='word_1_553' title='bbox 1313 4413 1499 4470; x_wconf 83' lang='lat' dir='ltr'><strong>Jesum</strong></span> <span class='ocrx_word' id='word_1_554' title='bbox 1548 4414 1847 4476; x_wconf 86' lang='lat' dir='ltr'><strong>Christum,</strong></span> 
     </span>
    </p>
   </div>
   <div class='ocr_carea' id='block_1_76' title="bbox 216 4504 1850 4577">
    <p class='ocr_par' dir='ltr' id='par_1_76' title="bbox 216 4504 1850 4577">
     <span class='ocr_line' id='line_1_76' title="bbox 216 4504 1850 4577; baseline -0.004 -14"><span class='ocrx_word' id='word_1_555' title='bbox 216 4532 226 4549; x_wconf 74' lang='grc' dir='ltr'>ι</span> <span class='ocrx_word' id='word_1_556' title='bbox 260 4506 533 4563; x_wconf 86' lang='lat' dir='ltr'><strong>Lazarum</strong></span> <span class='ocrx_word' id='word_1_557' title='bbox 564 4520 725 4576; x_wconf 90' lang='lat' dir='ltr'><strong>quem</strong></span> <span class='ocrx_word' id='word_1_558' title='bbox 770 4504 1027 4577; x_wconf 86' lang='lat' dir='ltr'><strong>diligebat</strong></span> <span class='ocrx_word' id='word_1_559' title='bbox 1066 4505 1279 4560; x_wconf 85' lang='lat' dir='ltr'><strong>ﬂevisse</strong></span> <span class='ocrx_word' id='word_1_560' title='bbox 1328 4515 1620 4570; x_wconf 87' lang='lat' dir='ltr'><strong>mortuum,</strong></span> <span class='ocrx_word' id='word_1_561' title='bbox 1662 4513 1850 4559; x_wconf 87' lang='lat' dir='ltr'><strong>etnon</strong></span> 
     </span>
    </p>
   </div>
   <div class='ocr_carea' id='block_1_77' title="bbox 204 4594 1851 4664">
    <p class='ocr_par' dir='ltr' id='par_1_77' title="bbox 204 4594 1851 4664">
     <span class='ocr_line' id='line_1_77' title="bbox 204 4594 1851 4664; baseline -0.002 -10"><span class='ocrx_word' id='word_1_562' title='bbox 204 4596 207 4599; x_wconf 14' lang='grc' dir='ltr'><strong>Α</strong></span> <span class='ocrx_word' id='word_1_563' title='bbox 260 4599 439 4654; x_wconf 85' lang='lat' dir='ltr'><strong>solum</strong></span> <span class='ocrx_word' id='word_1_564' title='bbox 479 4595 713 4662; x_wconf 82' lang='lat' dir='ltr'><strong>flevisse,</strong></span> <span class='ocrx_word' id='word_1_565' title='bbox 752 4611 942 4651; x_wconf 87' lang='lat' dir='ltr'><strong>verum</strong></span> <span class='ocrx_word' id='word_1_566' title='bbox 982 4598 1254 4650; x_wconf 88' lang='lat' dir='ltr'><strong>turbatum</strong></span> <span class='ocrx_word' id='word_1_567' title='bbox 1293 4594 1460 4651; x_wconf 88' lang='lat' dir='ltr'><strong>fuisse</strong></span> <span class='ocrx_word' id='word_1_568' title='bbox 1508 4596 1720 4664; x_wconf 90' lang='lat' dir='ltr'><strong>spiritu,</strong></span> <span class='ocrx_word' id='word_1_569' title='bbox 1766 4594 1851 4651; x_wconf 88' lang='lat' dir='ltr'><strong>ni—</strong></span> 
     </span>
    </p>
   </div>
   <div class='ocr_carea' id='block_1_78' title="bbox 218 4670 1853 4763">
    <p class='ocr_par' dir='ltr' id='par_1_78' title="bbox 218 4670 1853 4763">
     <span class='ocr_line' id='line_1_78' title="bbox 218 4670 1853 4763; baseline -0.004 -18"><span class='ocrx_word' id='word_1_570' title='bbox 218 4670 227 4763; x_wconf 26' lang='grc' dir='ltr'><strong>Ῐ</strong></span> <span class='ocrx_word' id='word_1_571' title='bbox 262 4690 432 4745; x_wconf 89' lang='lat' dir='ltr'><strong>mium</strong></span> <span class='ocrx_word' id='word_1_572' title='bbox 462 4688 588 4744; x_wconf 85' lang='lat' dir='ltr'><strong>ﬂere</strong></span> <span class='ocrx_word' id='word_1_573' title='bbox 615 4703 801 4760; x_wconf 86' lang='lat' dir='ltr'><strong>cogor,</strong></span> <span class='ocrx_word' id='word_1_574' title='bbox 838 4686 930 4743; x_wconf 86' lang='lat' dir='ltr'><strong>tali</strong></span> <span class='ocrx_word' id='word_1_575' title='bbox 968 4702 1032 4743; x_wconf 87' lang='lat' dir='ltr'><strong>ac</strong></span> <span class='ocrx_word' id='word_1_576' title='bbox 1063 4694 1211 4742; x_wconf 86' lang='lat' dir='ltr'><strong>tanto</strong></span> <span class='ocrx_word' id='word_1_577' title='bbox 1252 4686 1373 4741; x_wconf 71' lang='lat' dir='ltr'><strong>cwli</strong></span> <span class='ocrx_word' id='word_1_578' title='bbox 1415 4687 1701 4741; x_wconf 87' lang='lat' dir='ltr'><strong>destitutus</strong></span> <span class='ocrx_word' id='word_1_579' title='bbox 1729 4702 1853 4740; x_wconf 87' lang='lat' dir='ltr'><strong>ora-</strong></span> 
     </span>
    </p>
   </div>
   <div class='ocr_carea' id='block_1_79' title="bbox 262 4782 1851 4853">
    <p class='ocr_par' dir='ltr' id='par_1_79' title="bbox 262 4782 1851 4853">
     <span class='ocr_line' id='line_1_79' title="bbox 262 4782 1851 4853; baseline -0.003 -14"><span class='ocrx_word' id='word_1_580' title='bbox 262 4783 408 4843; x_wconf 88' lang='lat' dir='ltr'><strong>culo.</strong></span> <span class='ocrx_word' id='word_1_581' title='bbox 460 4783 728 4839; x_wconf 65' lang='lat' dir='ltr'><strong>(Steterunt</strong></span> <span class='ocrx_word' id='word_1_582' title='bbox 781 4783 898 4853; x_wconf 86' lang='lat' dir='ltr'><strong>ipsa</strong></span> <span class='ocrx_word' id='word_1_583' title='bbox 938 4790 1133 4837; x_wconf 89' lang='lat' dir='ltr'><strong>natura</strong></span> <span class='ocrx_word' id='word_1_584' title='bbox 1186 4782 1345 4836; x_wconf 88' lang='lat' dir='ltr'><strong>docet</strong></span> <span class='ocrx_word' id='word_1_585' title='bbox 1394 4782 1684 4836; x_wconf 87' lang='lat' dir='ltr'><strong>charorum</strong></span> <span class='ocrx_word' id='word_1_586' title='bbox 1742 4798 1851 4836; x_wconf 90' lang='lat' dir='ltr'><strong>non</strong></span> 
     </span>
    </p>
   </div>
   <div class='ocr_carea' id='block_1_80' title="bbox 262 4874 1853 4945">
    <p class='ocr_par' dir='ltr' id='par_1_80' title="bbox 262 4874 1853 4945">
     <span class='ocr_line' id='line_1_80' title="bbox 262 4874 1853 4945; baseline -0.005 -13"><span class='ocrx_word' id='word_1_587' title='bbox 262 4875 511 4932; x_wconf 87' lang='lat' dir='ltr'><strong>oblivisci</strong></span> <span class='ocrx_word' id='word_1_588' title='bbox 544 4875 761 4941; x_wconf 88' lang='lat' dir='ltr'><strong>debere,</strong></span> <span class='ocrx_word' id='word_1_589' title='bbox 794 4874 886 4930; x_wconf 89' lang='lat' dir='ltr'><strong>sed</strong></span> <span class='ocrx_word' id='word_1_590' title='bbox 914 4874 1110 4945; x_wconf 89' lang='lat' dir='ltr'><strong>quibus</strong></span> <span class='ocrx_word' id='word_1_591' title='bbox 1139 4889 1428 4944; x_wconf 90' lang='lat' dir='ltr'><strong>possumus</strong></span> <span class='ocrx_word' id='word_1_592' title='bbox 1457 4887 1552 4928; x_wconf 89' lang='lat' dir='ltr'><strong>eos</strong></span> <span class='ocrx_word' id='word_1_593' title='bbox 1579 4885 1853 4928; x_wconf 89' lang='lat' dir='ltr'><strong>commen-</strong></span> 
     </span>
    </p>
   </div>
   <div class='ocr_carea' id='block_1_81' title="bbox 264 4963 1850 5041">
    <p class='ocr_par' dir='ltr' id='par_1_81' title="bbox 264 4963 1850 5041">
     <span class='ocr_line' id='line_1_81' title="bbox 264 4963 1850 5041; baseline -0.006 -14"><span class='ocrx_word' id='word_1_594' title='bbox 264 4971 402 5027; x_wconf 86' lang='lat' dir='ltr'><strong>dare</strong></span> <span class='ocrx_word' id='word_1_595' title='bbox 428 4971 686 5041; x_wconf 84' lang='lat' dir='ltr'><strong>ingeniis;</strong></span> <span class='ocrx_word' id='word_1_596' title='bbox 716 4978 776 5024; x_wconf 88' lang='lat' dir='ltr'><strong>ut</strong></span> <span class='ocrx_word' id='word_1_597' title='bbox 800 4979 855 5025; x_wconf 92' lang='lat' dir='ltr'><strong>et</strong></span> <span class='ocrx_word' id='word_1_598' title='bbox 873 4969 1088 5024; x_wconf 87' lang='lat' dir='ltr'><strong>dilectio</strong></span> <span class='ocrx_word' id='word_1_599' title='bbox 1116 4969 1169 5023; x_wconf 90' lang='lat' dir='ltr'><strong>in</strong></span> <span class='ocrx_word' id='word_1_600' title='bbox 1195 4963 1375 5023; x_wconf 85' lang='lat' dir='ltr'><strong>mente</strong></span> <span class='ocrx_word' id='word_1_601' title='bbox 1398 4967 1554 5021; x_wconf 81' lang='lat' dir='ltr'><strong>firma</strong></span> <span class='ocrx_word' id='word_1_602' title='bbox 1583 4975 1850 5031; x_wconf 87' lang='lat' dir='ltr'><strong>teneatur,</strong></span> 
     </span>
    </p>
   </div>
   <div class='ocr_carea' id='block_1_82' title="bbox 266 5058 1850 5128">
    <p class='ocr_par' dir='ltr' id='par_1_82' title="bbox 266 5058 1850 5128">
     <span class='ocr_line' id='line_1_82' title="bbox 266 5058 1850 5128; baseline -0.005 -9"><span class='ocrx_word' id='word_1_603' title='bbox 266 5065 478 5120; x_wconf 80' lang='lat' dir='ltr'><strong>visione</strong></span> <span class='ocrx_word' id='word_1_604' title='bbox 515 5064 693 5119; x_wconf 86' lang='lat' dir='ltr'><strong>carnis</strong></span> <span class='ocrx_word' id='word_1_605' title='bbox 713 5062 956 5128; x_wconf 90' lang='lat' dir='ltr'><strong>sublata;</strong></span> <span class='ocrx_word' id='word_1_606' title='bbox 990 5070 1047 5117; x_wconf 92' lang='lat' dir='ltr'><strong>et</strong></span> <span class='ocrx_word' id='word_1_607' title='bbox 1072 5076 1224 5115; x_wconf 89' lang='lat' dir='ltr'><strong>amor</strong></span> <span class='ocrx_word' id='word_1_608' title='bbox 1248 5061 1303 5114; x_wconf 91' lang='lat' dir='ltr'><strong>in</strong></span> <span class='ocrx_word' id='word_1_609' title='bbox 1332 5067 1514 5114; x_wconf 90' lang='lat' dir='ltr'><strong>mente</strong></span> <span class='ocrx_word' id='word_1_610' title='bbox 1535 5058 1625 5126; x_wconf 91' lang='lat' dir='ltr'><strong>qui</strong></span> <span class='ocrx_word' id='word_1_611' title='bbox 1649 5058 1850 5111; x_wconf 84' lang='lat' dir='ltr'><strong>dudum</strong></span> 
     </span>
    </p>
   </div>
   <div class='ocr_carea' id='block_1_83' title="bbox 267 5148 1849 5222">
    <p class='ocr_par' dir='ltr' id='par_1_83' title="bbox 267 5148 1849 5222">
     <span class='ocr_line' id='line_1_83' title="bbox 267 5148 1849 5222; baseline -0.009 -7"><span class='ocrx_word' id='word_1_612' title='bbox 267 5172 534 5215; x_wconf 88' lang='lat' dir='ltr'><strong>accensus</strong></span> <span class='ocrx_word' id='word_1_613' title='bbox 559 5162 751 5221; x_wconf 85' lang='lat' dir='ltr'><strong>fuerat,</strong></span> <span class='ocrx_word' id='word_1_614' title='bbox 784 5155 908 5210; x_wconf 90' lang='lat' dir='ltr'><strong>dum</strong></span> <span class='ocrx_word' id='word_1_615' title='bbox 954 5153 1145 5209; x_wconf 90' lang='lat' dir='ltr'><strong>melius</strong></span> <span class='ocrx_word' id='word_1_616' title='bbox 1180 5153 1326 5206; x_wconf 87' lang='lat' dir='ltr'><strong>vivat</strong></span> <span class='ocrx_word' id='word_1_617' title='bbox 1365 5165 1525 5222; x_wconf 89' lang='lat' dir='ltr'><strong>quem</strong></span> <span class='ocrx_word' id='word_1_618' title='bbox 1559 5148 1849 5220; x_wconf 86' lang='lat' dir='ltr'><strong>diligimus,</strong></span> 
     </span>
    </p>
   </div>
   <div class='ocr_carea' id='block_1_84' title="bbox 267 5240 1851 5314">
    <p class='ocr_par' dir='ltr' id='par_1_84' title="bbox 267 5240 1851 5314">
     <span class='ocr_line' id='line_1_84' title="bbox 267 5240 1851 5314; baseline -0.009 -6"><span class='ocrx_word' id='word_1_619' title='bbox 267 5268 380 5308; x_wconf 86' lang='lat' dir='ltr'><strong>non</strong></span> <span class='ocrx_word' id='word_1_620' title='bbox 433 5252 711 5307; x_wconf 88' lang='lat' dir='ltr'><strong>moriatur.</strong></span> <span class='ocrx_word' id='word_1_621' title='bbox 768 5248 938 5314; x_wconf 86' lang='lat' dir='ltr'><strong>Unde,</strong></span> <span class='ocrx_word' id='word_1_622' title='bbox 991 5247 1064 5300; x_wconf 85' lang='lat' dir='ltr'><strong>nti</strong></span> <span class='ocrx_word' id='word_1_623' title='bbox 1104 5256 1353 5301; x_wconf 87' lang='lat' dir='ltr'><strong>votorum</strong></span> <span class='ocrx_word' id='word_1_624' title='bbox 1391 5242 1727 5306; x_wconf 88' lang='lat' dir='ltr'><strong>charissime,</strong></span> <span class='ocrx_word' id='word_1_625' title='bbox 1776 5240 1851 5294; x_wconf 93' lang='lat' dir='ltr'><strong>tui</strong></span> 
     </span>
    </p>
   </div>
   <div class='ocr_carea' id='block_1_85' title="bbox 270 5336 1854 5415">
    <p class='ocr_par' dir='ltr' id='par_1_85' title="bbox 270 5336 1854 5415">
     <span class='ocr_line' id='line_1_85' title="bbox 270 5336 1854 5415; baseline -0.006 -16"><span class='ocrx_word' id='word_1_626' title='bbox 270 5358 632 5415; x_wconf 88' lang='lat' dir='ltr'><strong>superspargo</strong></span> <span class='ocrx_word' id='word_1_627' title='bbox 657 5357 806 5397; x_wconf 88' lang='lat' dir='ltr'><strong>more</strong></span> <span class='ocrx_word' id='word_1_628' title='bbox 828 5340 969 5412; x_wconf 88' lang='lat' dir='ltr'><strong>vulgi</strong></span> <span class='ocrx_word' id='word_1_629' title='bbox 996 5338 1229 5409; x_wconf 87' lang='lat' dir='ltr'><strong>sepulcri</strong></span> <span class='ocrx_word' id='word_1_630' title='bbox 1246 5339 1366 5410; x_wconf 90' lang='lat' dir='ltr'><strong>jura</strong></span> <span class='ocrx_word' id='word_1_631' title='bbox 1395 5336 1637 5399; x_wconf 86' lang='lat' dir='ltr'><strong>ﬂoribus,</strong></span> <span class='ocrx_word' id='word_1_632' title='bbox 1657 5348 1854 5390; x_wconf 89' lang='lat' dir='ltr'><strong>ornare</strong></span> 
     </span>
    </p>
   </div>
   <div class='ocr_carea' id='block_1_86' title="bbox 269 5428 1851 5505">
    <p class='ocr_par' dir='ltr' id='par_1_86' title="bbox 269 5428 1851 5505">
     <span class='ocr_line' id='line_1_86' title="bbox 269 5428 1851 5505; baseline -0.008 -14"><span class='ocrx_word' id='word_1_633' title='bbox 269 5435 496 5505; x_wconf 90' lang='lat' dir='ltr'><strong>cupiens</strong></span> <span class='ocrx_word' id='word_1_634' title='bbox 528 5432 690 5489; x_wconf 87' lang='lat' dir='ltr'><strong>funus</strong></span> <span class='ocrx_word' id='word_1_635' title='bbox 723 5431 1023 5486; x_wconf 87' lang='lat' dir='ltr'><strong>litterarum</strong></span> <span class='ocrx_word' id='word_1_636' title='bbox 1068 5428 1254 5485; x_wconf 90' lang='lat' dir='ltr'><strong>olliciis</strong></span> <span class='ocrx_word' id='word_1_637' title='bbox 1287 5447 1298 5481; x_wconf 93' lang='lat'>:</span> <span class='ocrx_word' id='word_1_638' title='bbox 1334 5436 1601 5498; x_wconf 90' lang='lat' dir='ltr'><strong>quatenus</strong></span> <span class='ocrx_word' id='word_1_639' title='bbox 1641 5434 1851 5480; x_wconf 88' lang='lat' dir='ltr'><strong>tuartun</strong></span> 
     </span>
    </p>
   </div>
   <div class='ocr_carea' id='block_1_87' title="bbox 272 5518 1855 5585">
    <p class='ocr_par' dir='ltr' id='par_1_87' title="bbox 272 5518 1855 5585">
     <span class='ocr_line' id='line_1_87' title="bbox 272 5518 1855 5585; baseline -0.008 0"><span class='ocrx_word' id='word_1_640' title='bbox 272 5538 518 5585; x_wconf 83' lang='lat' dir='ltr'><strong>aromata</strong></span> <span class='ocrx_word' id='word_1_641' title='bbox 554 5528 814 5582; x_wconf 77' lang='lat' dir='ltr'><strong>virtutum</strong></span> <span class='ocrx_word' id='word_1_642' title='bbox 850 5541 954 5580; x_wconf 93' lang='lat' dir='ltr'><strong>non</strong></span> <span class='ocrx_word' id='word_1_643' title='bbox 983 5524 1186 5579; x_wconf 90' lang='lat' dir='ltr'><strong>tumulo</strong></span> <span class='ocrx_word' id='word_1_644' title='bbox 1214 5530 1500 5578; x_wconf 88' lang='lat' dir='ltr'><strong>teneantur</strong></span> <span class='ocrx_word' id='word_1_645' title='bbox 1527 5520 1730 5585; x_wconf 89' lang='lat' dir='ltr'><strong>clausa,</strong></span> <span class='ocrx_word' id='word_1_646' title='bbox 1761 5518 1855 5573; x_wconf 92' lang='lat' dir='ltr'><strong>sed</strong></span> 
     </span>
    </p>
   </div>
   <div class='ocr_carea' id='block_1_88' title="bbox 273 5611 1857 5691">
    <p class='ocr_par' dir='ltr' id='par_1_88' title="bbox 273 5611 1857 5691">
     <span class='ocr_line' id='line_1_88' title="bbox 273 5611 1857 5691; baseline -0.008 -15"><span class='ocrx_word' id='word_1_647' title='bbox 273 5621 436 5691; x_wconf 87' lang='lat' dir='ltr'><strong>longe</strong></span> <span class='ocrx_word' id='word_1_648' title='bbox 458 5619 670 5690; x_wconf 88' lang='lat' dir='ltr'><strong>lateque</strong></span> <span class='ocrx_word' id='word_1_649' title='bbox 696 5619 752 5674; x_wconf 92' lang='lat' dir='ltr'><strong>in</strong></span> <span class='ocrx_word' id='word_1_650' title='bbox 779 5618 1083 5688; x_wconf 74' lang='lat' dir='ltr'><strong>exemplum</strong></span> <span class='ocrx_word' id='word_1_651' title='bbox 1111 5616 1308 5671; x_wconf 90' lang='lat' dir='ltr'><strong>futuris</strong></span> <span class='ocrx_word' id='word_1_652' title='bbox 1336 5614 1575 5686; x_wconf 86' lang='lat' dir='ltr'><strong>fragrent</strong></span> <span class='ocrx_word' id='word_1_653' title='bbox 1601 5611 1857 5681; x_wconf 89' lang='lat' dir='ltr'><strong>tempori-</strong></span> 
     </span>
    </p>
   </div>
   <div class='ocr_carea' id='block_1_89' title="bbox 273 5707 1858 5782">
    <p class='ocr_par' dir='ltr' id='par_1_89' title="bbox 273 5707 1858 5782">
     <span class='ocr_line' id='line_1_89' title="bbox 273 5707 1858 5782; baseline -0.005 -15"><span class='ocrx_word' id='word_1_654' title='bbox 273 5711 399 5767; x_wconf 82' lang='lat' dir='ltr'><strong>bus.</strong></span> <span class='ocrx_word' id='word_1_655' title='bbox 442 5711 626 5782; x_wconf 88' lang='lat' dir='ltr'><strong>Neque</strong></span> <span class='ocrx_word' id='word_1_656' title='bbox 663 5710 805 5766; x_wconf 91' lang='lat' dir='ltr'><strong>enim</strong></span> <span class='ocrx_word' id='word_1_657' title='bbox 843 5723 994 5765; x_wconf 90' lang='lat' dir='ltr'><strong>more</strong></span> <span class='ocrx_word' id='word_1_658' title='bbox 1031 5707 1387 5779; x_wconf 86' lang='lat' dir='ltr'><strong>quorumdam</strong></span> <span class='ocrx_word' id='word_1_659' title='bbox 1430 5719 1629 5761; x_wconf 90' lang='lat' dir='ltr'><strong>censeo</strong></span> <span class='ocrx_word' id='word_1_660' title='bbox 1661 5717 1858 5774; x_wconf 85' lang='lat' dir='ltr'><strong>pueros</strong></span> 
     </span>
    </p>
   </div>
   <div class='ocr_carea' id='block_1_90' title="bbox 278 5793 1859 5874">
    <p class='ocr_par' dir='ltr' id='par_1_90' title="bbox 278 5793 1859 5874">
     <span class='ocr_line' id='line_1_90' title="bbox 278 5793 1859 5874; baseline -0.006 -16"><span class='ocrx_word' id='word_1_661' title='bbox 278 5803 410 5858; x_wconf 87' lang='lat' dir='ltr'><strong>hinc</strong></span> <span class='ocrx_word' id='word_1_662' title='bbox 446 5804 568 5859; x_wconf 89' lang='lat' dir='ltr'><strong>inde</strong></span> <span class='ocrx_word' id='word_1_663' title='bbox 596 5818 759 5874; x_wconf 87' lang='lat' dir='ltr'><strong>super</strong></span> <span class='ocrx_word' id='word_1_664' title='bbox 801 5800 1060 5857; x_wconf 89' lang='lat' dir='ltr'><strong>tumulum</strong></span> <span class='ocrx_word' id='word_1_665' title='bbox 1102 5801 1451 5865; x_wconf 89' lang='lat' dir='ltr'><strong>constituere,</strong></span> <span class='ocrx_word' id='word_1_666' title='bbox 1484 5797 1575 5868; x_wconf 91' lang='lat' dir='ltr'><strong>qui</strong></span> <span class='ocrx_word' id='word_1_667' title='bbox 1608 5805 1727 5852; x_wconf 88' lang='lat' dir='ltr'><strong>tuas</strong></span> <span class='ocrx_word' id='word_1_668' title='bbox 1760 5793 1859 5850; x_wconf 83' lang='lat' dir='ltr'><strong>ﬁn-</strong></span> 
     </span>
    </p>
   </div>
   <div class='ocr_carea' id='block_1_91' title="bbox 280 5887 1856 5968">
    <p class='ocr_par' dir='ltr' id='par_1_91' title="bbox 280 5887 1856 5968">
     <span class='ocr_line' id='line_1_91' title="bbox 280 5887 1856 5968; baseline -0.006 -19"><span class='ocrx_word' id='word_1_669' title='bbox 280 5892 456 5968; x_wconf 83' lang='lat' dir='ltr'><strong>gendo</strong></span> <span class='ocrx_word' id='word_1_670' title='bbox 476 5894 662 5951; x_wconf 88' lang='lat' dir='ltr'><strong>laudes</strong></span> <span class='ocrx_word' id='word_1_671' title='bbox 685 5894 919 5951; x_wconf 85' lang='lat' dir='ltr'><strong>debeant</strong></span> <span class='ocrx_word' id='word_1_672' title='bbox 936 5892 1243 5960; x_wconf 89' lang='lat' dir='ltr'><strong>decantare,</strong></span> <span class='ocrx_word' id='word_1_673' title='bbox 1267 5901 1324 5947; x_wconf 89' lang='lat' dir='ltr'><strong>ut</strong></span> <span class='ocrx_word' id='word_1_674' title='bbox 1352 5892 1521 5946; x_wconf 84' lang='lat' dir='ltr'><strong>instar</strong></span> <span class='ocrx_word' id='word_1_675' title='bbox 1555 5887 1856 5960; x_wconf 90' lang='lat' dir='ltr'><strong>lugubrium</strong></span> 
     </span>
    </p>
   </div>
   <div class='ocr_carea' id='block_1_92' title="bbox 1877 4640 1930 4699">
    <p class='ocr_par' dir='ltr' id='par_1_92' title="bbox 1877 4640 1930 4699">
     <span class='ocr_line' id='line_1_92' title="bbox 1877 4640 1930 4699; baseline 0 0"><span class='ocrx_word' id='word_1_676' title='bbox 1877 4640 1930 4699; x_wconf 92' lang='lat' dir='ltr'><strong>D</strong></span> 
     </span>
    </p>
   </div>
   <div class='ocr_carea' id='block_1_93' title="bbox 1942 3387 3523 3458">
    <p class='ocr_par' dir='ltr' id='par_1_93' title="bbox 1942 3387 3523 3458">
     <span class='ocr_line' id='line_1_93' title="bbox 1942 3387 3523 3458; baseline -0.006 -9"><span class='ocrx_word' id='word_1_677' title='bbox 1942 3396 2063 3451; x_wconf 88' lang='lat' dir='ltr'><strong>vior</strong></span> <span class='ocrx_word' id='word_1_678' title='bbox 2099 3395 2204 3450; x_wconf 89' lang='lat' dir='ltr'><strong>ulla</strong></span> <span class='ocrx_word' id='word_1_679' title='bbox 2248 3394 2351 3450; x_wconf 88' lang='lat' dir='ltr'><strong>tuis</strong></span> <span class='ocrx_word' id='word_1_680' title='bbox 2385 3393 2634 3448; x_wconf 90' lang='lat' dir='ltr'><strong>onmibus</strong></span> <span class='ocrx_word' id='word_1_681' title='bbox 2664 3391 3032 3454; x_wconf 85' lang='lat' dir='ltr'><strong>illuscescere;</strong></span> <span class='ocrx_word' id='word_1_682' title='bbox 3067 3403 3175 3458; x_wconf 91' lang='lat' dir='ltr'><strong>quo</strong></span> <span class='ocrx_word' id='word_1_683' title='bbox 3205 3387 3332 3457; x_wconf 90' lang='lat' dir='ltr'><strong>quid</strong></span> <span class='ocrx_word' id='word_1_684' title='bbox 3369 3401 3523 3457; x_wconf 86' lang='lat' dir='ltr'><strong>agam</strong></span> 
     </span>
    </p>
   </div>
   <div class='ocr_carea' id='block_1_94' title="bbox 1945 3482 3526 3561">
    <p class='ocr_par' dir='ltr' id='par_1_94' title="bbox 1945 3482 3526 3561">
     <span class='ocr_line' id='line_1_94' title="bbox 1945 3482 3526 3561; baseline -0.008 -18"><span class='ocrx_word' id='word_1_685' title='bbox 1945 3489 2142 3560; x_wconf 88' lang='lat' dir='ltr'><strong>quidve</strong></span> <span class='ocrx_word' id='word_1_686' title='bbox 2193 3486 2390 3541; x_wconf 80' lang='lat' dir='ltr'><strong>faciam</strong></span> <span class='ocrx_word' id='word_1_687' title='bbox 2434 3482 2728 3555; x_wconf 84' lang='lat' dir='ltr'><strong>perpendo,</strong></span> <span class='ocrx_word' id='word_1_688' title='bbox 2778 3482 2883 3561; x_wconf 85' lang='lat' dir='ltr'><strong>sub</strong></span> <span class='ocrx_word' id='word_1_689' title='bbox 2912 3495 3144 3536; x_wconf 66' lang='lat' dir='ltr'><strong>maerore</strong></span> <span class='ocrx_word' id='word_1_690' title='bbox 3175 3494 3391 3533; x_wconf 88' lang='lat' dir='ltr'><strong>amarus</strong></span> <span class='ocrx_word' id='word_1_691' title='bbox 3420 3492 3526 3532; x_wconf 94' lang='lat' dir='ltr'><strong>non</strong></span> 
     </span>
    </p>
   </div>
   <div class='ocr_carea' id='block_1_95' title="bbox 1945 3567 3529 3647">
    <p class='ocr_par' dir='ltr' id='par_1_95' title="bbox 1945 3567 3529 3647">
     <span class='ocr_line' id='line_1_95' title="bbox 1945 3567 3529 3647; baseline -0.006 -14"><span class='ocrx_word' id='word_1_692' title='bbox 1945 3578 2180 3643; x_wconf 89' lang='lat' dir='ltr'><strong>invenio,</strong></span> <span class='ocrx_word' id='word_1_693' title='bbox 2214 3577 2554 3647; x_wconf 89' lang='lat' dir='ltr'><strong>prohibente,</strong></span> <span class='ocrx_word' id='word_1_694' title='bbox 2582 3584 2640 3629; x_wconf 91' lang='lat' dir='ltr'><strong>ut</strong></span> <span class='ocrx_word' id='word_1_695' title='bbox 2668 3573 2802 3639; x_wconf 84' lang='lat' dir='ltr'><strong>dixi,</strong></span> <span class='ocrx_word' id='word_1_696' title='bbox 2827 3570 3107 3643; x_wconf 85' lang='lat' dir='ltr'><strong>Apostolo,</strong></span> <span class='ocrx_word' id='word_1_697' title='bbox 3140 3570 3365 3626; x_wconf 88' lang='lat' dir='ltr'><strong>multum</strong></span> <span class='ocrx_word' id='word_1_698' title='bbox 3400 3567 3529 3625; x_wconf 85' lang='lat' dir='ltr'><strong>ﬂere</strong></span> 
     </span>
    </p>
   </div>
   <div class='ocr_carea' id='block_1_96' title="bbox 1946 3663 3527 3739">
    <p class='ocr_par' dir='ltr' id='par_1_96' title="bbox 1946 3663 3527 3739">
     <span class='ocr_line' id='line_1_96' title="bbox 1946 3663 3527 3739; baseline -0.004 -12"><span class='ocrx_word' id='word_1_699' title='bbox 1946 3672 2134 3727; x_wconf 89' lang='lat' dir='ltr'><strong>volens</strong></span> <span class='ocrx_word' id='word_1_700' title='bbox 2178 3686 2283 3725; x_wconf 92' lang='lat' dir='ltr'><strong>non</strong></span> <span class='ocrx_word' id='word_1_701' title='bbox 2331 3669 2535 3735; x_wconf 88' lang='lat' dir='ltr'><strong>audeo;</strong></span> <span class='ocrx_word' id='word_1_702' title='bbox 2568 3668 2802 3739; x_wconf 85' lang='lat' dir='ltr'><strong>gaudere</strong></span> <span class='ocrx_word' id='word_1_703' title='bbox 2847 3681 2994 3730; x_wconf 90' lang='lat' dir='ltr'><strong>vero,</strong></span> <span class='ocrx_word' id='word_1_704' title='bbox 3029 3664 3273 3736; x_wconf 84' lang='lat' dir='ltr'><strong>quamvis</strong></span> <span class='ocrx_word' id='word_1_705' title='bbox 3304 3663 3527 3732; x_wconf 90' lang='lat' dir='ltr'><strong>invitus,</strong></span> 
     </span>
    </p>
   </div>
   <div class='ocr_carea' id='block_1_97' title="bbox 1949 3757 3529 3835">
    <p class='ocr_par' dir='ltr' id='par_1_97' title="bbox 1949 3757 3529 3835">
     <span class='ocr_line' id='line_1_97' title="bbox 1949 3757 3529 3835; baseline -0.004 -13"><span class='ocrx_word' id='word_1_706' title='bbox 1949 3774 2054 3822; x_wconf 67' lang='lat' dir='ltr'><strong>tua:</strong></span> <span class='ocrx_word' id='word_1_707' title='bbox 2104 3764 2368 3821; x_wconf 89' lang='lat' dir='ltr'><strong>claritatis</strong></span> <span class='ocrx_word' id='word_1_708' title='bbox 2415 3762 2584 3835; x_wconf 83' lang='lat' dir='ltr'><strong>gloria</strong></span> <span class='ocrx_word' id='word_1_709' title='bbox 2641 3757 3001 3831; x_wconf 89' lang='lat' dir='ltr'><strong>persuadcor;</strong></span> <span class='ocrx_word' id='word_1_710' title='bbox 3066 3757 3176 3828; x_wconf 88' lang='lat' dir='ltr'><strong>jam</strong></span> <span class='ocrx_word' id='word_1_711' title='bbox 3229 3760 3371 3813; x_wconf 91' lang='lat' dir='ltr'><strong>enim</strong></span> <span class='ocrx_word' id='word_1_712' title='bbox 3431 3761 3529 3815; x_wconf 90' lang='lat' dir='ltr'><strong>tibi</strong></span> 
     </span>
    </p>
   </div>
   <div class='ocr_carea' id='block_1_98' title="bbox 1948 3851 3616 3923">
    <p class='ocr_par' dir='ltr' id='par_1_98' title="bbox 1948 3851 3616 3923">
     <span class='ocr_line' id='line_1_98' title="bbox 1948 3851 3616 3923; baseline -0.003 -10"><span class='ocrx_word' id='word_1_713' title='bbox 1948 3859 2144 3923; x_wconf 85' lang='lat' dir='ltr'><strong>hiems,</strong></span> <span class='ocrx_word' id='word_1_714' title='bbox 2172 3858 2244 3911; x_wconf 89' lang='lat' dir='ltr'><strong>tui</strong></span> <span class='ocrx_word' id='word_1_715' title='bbox 2268 3857 2448 3921; x_wconf 85' lang='lat' dir='ltr'><strong>Pater,</strong></span> <span class='ocrx_word' id='word_1_716' title='bbox 2475 3855 2627 3921; x_wconf 89' lang='lat' dir='ltr'><strong>abiit,</strong></span> <span class='ocrx_word' id='word_1_717' title='bbox 2653 3862 2707 3907; x_wconf 89' lang='lat' dir='ltr'><strong>et</strong></span> <span class='ocrx_word' id='word_1_718' title='bbox 2730 3852 2954 3908; x_wconf 85' lang='lat' dir='ltr'><strong>recessit</strong></span> <span class='ocrx_word' id='word_1_719' title='bbox 2982 3851 3172 3907; x_wconf 87' lang='lat' dir='ltr'><strong>imber.</strong></span> <span class='ocrx_word' id='word_1_720' title='bbox 3202 3851 3344 3922; x_wconf 84' lang='lat' dir='ltr'><strong>Ergo</strong></span> <span class='ocrx_word' id='word_1_721' title='bbox 3369 3868 3532 3908; x_wconf 87' lang='lat' dir='ltr'><strong>vene-</strong></span> <span class='ocrx_word' id='word_1_722' title='bbox 3611 3883 3616 3887; x_wconf 92' lang='lat'><strong><em>-</em></strong></span> 
     </span>
    </p>
   </div>
   <div class='ocr_carea' id='block_1_99' title="bbox 1949 3940 3530 4017">
    <p class='ocr_par' dir='ltr' id='par_1_99' title="bbox 1949 3940 3530 4017">
     <span class='ocr_line' id='line_1_99' title="bbox 1949 3940 3530 4017; baseline -0.003 -14"><span class='ocrx_word' id='word_1_723' title='bbox 1949 3956 2075 4003; x_wconf 85' lang='lat' dir='ltr'><strong>runt</strong></span> <span class='ocrx_word' id='word_1_724' title='bbox 2098 3947 2296 4017; x_wconf 66' lang='lat' dir='ltr'><strong>nuptiae</strong></span> <span class='ocrx_word' id='word_1_725' title='bbox 2323 3946 2484 4017; x_wconf 88' lang='lat' dir='ltr'><strong>Agni,</strong></span> <span class='ocrx_word' id='word_1_726' title='bbox 2511 3945 2652 3999; x_wconf 84' lang='lat' dir='ltr'><strong>inter</strong></span> <span class='ocrx_word' id='word_1_727' title='bbox 2678 3942 2899 3998; x_wconf 88' lang='lat' dir='ltr'><strong>delicias</strong></span> <span class='ocrx_word' id='word_1_728' title='bbox 2923 3942 3155 4012; x_wconf 88' lang='lat' dir='ltr'><strong>paradisi</strong></span> <span class='ocrx_word' id='word_1_729' title='bbox 3183 3940 3401 4010; x_wconf 85' lang='lat' dir='ltr'><strong>frueris,</strong></span> <span class='ocrx_word' id='word_1_730' title='bbox 3429 3959 3530 3999; x_wconf 77' lang='lat' dir='ltr'><strong>vox</strong></span> 
     </span>
    </p>
   </div>
   <div class='ocr_carea' id='block_1_100' title="bbox 1950 4034 3529 4107">
    <p class='ocr_par' dir='ltr' id='par_1_100' title="bbox 1950 4034 3529 4107">
     <span class='ocr_line' id='line_1_100' title="bbox 1950 4034 3529 4107; baseline -0.004 -13"><span class='ocrx_word' id='word_1_731' title='bbox 1950 4048 2043 4094; x_wconf 90' lang='lat' dir='ltr'><strong>tua</strong></span> <span class='ocrx_word' id='word_1_732' title='bbox 2072 4039 2253 4094; x_wconf 91' lang='lat' dir='ltr'><strong>sonuit</strong></span> <span class='ocrx_word' id='word_1_733' title='bbox 2293 4037 2405 4107; x_wconf 85' lang='lat' dir='ltr'><strong>jatn</strong></span> <span class='ocrx_word' id='word_1_734' title='bbox 2440 4037 2492 4090; x_wconf 91' lang='lat' dir='ltr'><strong>in</strong></span> <span class='ocrx_word' id='word_1_735' title='bbox 2533 4035 2753 4090; x_wconf 90' lang='lat' dir='ltr'><strong>auribus</strong></span> <span class='ocrx_word' id='word_1_736' title='bbox 2796 4034 2951 4101; x_wconf 86' lang='lat' dir='ltr'><strong>meis,</strong></span> <span class='ocrx_word' id='word_1_737' title='bbox 2998 4042 3054 4088; x_wconf 91' lang='lat' dir='ltr'><strong>et</strong></span> <span class='ocrx_word' id='word_1_738' title='bbox 3092 4034 3273 4089; x_wconf 90' lang='lat' dir='ltr'><strong>audita</strong></span> <span class='ocrx_word' id='word_1_739' title='bbox 3304 4045 3388 4090; x_wconf 89' lang='lat' dir='ltr'><strong>est</strong></span> <span class='ocrx_word' id='word_1_740' title='bbox 3427 4050 3529 4090; x_wconf 84' lang='lat' dir='ltr'><strong>vox</strong></span> 
     </span>
    </p>
   </div>
   <div class='ocr_carea' id='block_1_101' title="bbox 1951 4124 3535 4193">
    <p class='ocr_par' dir='ltr' id='par_1_101' title="bbox 1951 4124 3535 4193">
     <span class='ocr_line' id='line_1_101' title="bbox 1951 4124 3535 4193; baseline -0.002 -8"><span class='ocrx_word' id='word_1_741' title='bbox 1951 4130 2195 4193; x_wconf 88' lang='lat' dir='ltr'><strong>turturis,</strong></span> <span class='ocrx_word' id='word_1_742' title='bbox 2247 4129 2322 4184; x_wconf 90' lang='lat' dir='ltr'><strong>ita</strong></span> <span class='ocrx_word' id='word_1_743' title='bbox 2363 4128 2546 4183; x_wconf 89' lang='lat' dir='ltr'><strong>dicens</strong></span> <span class='ocrx_word' id='word_1_744' title='bbox 2578 4145 2591 4181; x_wconf 89' lang='grc'>;</span> <span class='ocrx_word' id='word_1_745' title='bbox 2623 4126 2773 4181; x_wconf 90' lang='lat' dir='ltr'><strong>Sicut</strong></span> <span class='ocrx_word' id='word_1_746' title='bbox 2811 4124 3128 4189; x_wconf 87' lang='lat' dir='ltr'><strong>audivimus,</strong></span> <span class='ocrx_word' id='word_1_747' title='bbox 3161 4124 3254 4191; x_wconf 78' lang='lat' dir='ltr'><strong>fili,</strong></span> <span class='ocrx_word' id='word_1_748' title='bbox 3286 4125 3363 4180; x_wconf 91' lang='lat' dir='ltr'><strong>sic</strong></span> <span class='ocrx_word' id='word_1_749' title='bbox 3399 4126 3535 4182; x_wconf 91' lang='lat' dir='ltr'><strong>vidi-</strong></span> 
     </span>
    </p>
   </div>
   <div class='ocr_carea' id='block_1_102' title="bbox 1950 4215 3532 4287">
    <p class='ocr_par' dir='ltr' id='par_1_102' title="bbox 1950 4215 3532 4287">
     <span class='ocr_line' id='line_1_102' title="bbox 1950 4215 3532 4287; baseline -0.002 -11"><span class='ocrx_word' id='word_1_750' title='bbox 1950 4237 2071 4277; x_wconf 86' lang='lat' dir='ltr'><strong>mus</strong></span> <span class='ocrx_word' id='word_1_751' title='bbox 2104 4220 2154 4275; x_wconf 91' lang='lat' dir='ltr'><strong>in</strong></span> <span class='ocrx_word' id='word_1_752' title='bbox 2187 4220 2405 4275; x_wconf 86' lang='lat' dir='ltr'><strong>civitate</strong></span> <span class='ocrx_word' id='word_1_753' title='bbox 2434 4217 2666 4274; x_wconf 88' lang='lat' dir='ltr'><strong>Domini.</strong></span> <span class='ocrx_word' id='word_1_754' title='bbox 2698 4215 3014 4270; x_wconf 88' lang='lat' dir='ltr'><strong>Audivimus</strong></span> <span class='ocrx_word' id='word_1_755' title='bbox 3036 4216 3253 4286; x_wconf 90' lang='lat' dir='ltr'><strong>quidem</strong></span> <span class='ocrx_word' id='word_1_756' title='bbox 3274 4215 3532 4287; x_wconf 91' lang='lat' dir='ltr'><strong>gloriosa,</strong></span> 
     </span>
    </p>
   </div>
   <div class='ocr_carea' id='block_1_103' title="bbox 1952 4307 3531 4381">
    <p class='ocr_par' dir='ltr' id='par_1_103' title="bbox 1952 4307 3531 4381">
     <span class='ocr_line' id='line_1_103' title="bbox 1952 4307 3531 4381; baseline -0.005 -11"><span class='ocrx_word' id='word_1_757' title='bbox 1952 4315 2046 4371; x_wconf 89' lang='lat' dir='ltr'><strong>sed</strong></span> <span class='ocrx_word' id='word_1_758' title='bbox 2076 4313 2347 4368; x_wconf 88' lang='lat' dir='ltr'><strong>cernimus</strong></span> <span class='ocrx_word' id='word_1_759' title='bbox 2386 4310 2612 4381; x_wconf 87' lang='lat' dir='ltr'><strong>potiora,</strong></span> <span class='ocrx_word' id='word_1_760' title='bbox 2655 4310 2707 4363; x_wconf 93' lang='lat' dir='ltr'><strong>in</strong></span> <span class='ocrx_word' id='word_1_761' title='bbox 2747 4310 2964 4364; x_wconf 89' lang='lat' dir='ltr'><strong>civitate</strong></span> <span class='ocrx_word' id='word_1_762' title='bbox 3003 4307 3216 4362; x_wconf 89' lang='lat' dir='ltr'><strong>Dontini</strong></span> <span class='ocrx_word' id='word_1_763' title='bbox 3250 4309 3531 4362; x_wconf 88' lang='lat' dir='ltr'><strong>virtutum.</strong></span> 
     </span>
    </p>
   </div>
   <div class='ocr_carea' id='block_1_104' title="bbox 1954 4399 3538 4477">
    <p class='ocr_par' dir='ltr' id='par_1_104' title="bbox 1954 4399 3538 4477">
     <span class='ocr_line' id='line_1_104' title="bbox 1954 4399 3538 4477; baseline -0.005 -13"><span class='ocrx_word' id='word_1_764' title='bbox 1954 4408 2224 4464; x_wconf 76' lang='lat' dir='ltr'><strong>Virtutum</strong></span> <span class='ocrx_word' id='word_1_765' title='bbox 2259 4421 2409 4477; x_wconf 89' lang='lat' dir='ltr'><strong>ergo,</strong></span> <span class='ocrx_word' id='word_1_766' title='bbox 2449 4413 2503 4458; x_wconf 89' lang='lat' dir='ltr'><strong>et</strong></span> <span class='ocrx_word' id='word_1_767' title='bbox 2535 4420 2640 4459; x_wconf 91' lang='lat' dir='ltr'><strong>non</strong></span> <span class='ocrx_word' id='word_1_768' title='bbox 2667 4403 2944 4468; x_wconf 91' lang='lat' dir='ltr'><strong>vitiorum,</strong></span> <span class='ocrx_word' id='word_1_769' title='bbox 2977 4403 3101 4472; x_wconf 89' lang='lat' dir='ltr'><strong>quia</strong></span> <span class='ocrx_word' id='word_1_770' title='bbox 3126 4399 3267 4455; x_wconf 89' lang='lat' dir='ltr'><strong>Deus</strong></span> <span class='ocrx_word' id='word_1_771' title='bbox 3295 4400 3538 4456; x_wconf 81' lang='lat' dir='ltr'><strong>fundavit</strong></span> 
     </span>
    </p>
   </div>
   <div class='ocr_carea' id='block_1_105' title="bbox 1952 4489 3538 4563">
    <p class='ocr_par' dir='ltr' id='par_1_105' title="bbox 1952 4489 3538 4563">
     <span class='ocr_line' id='line_1_105' title="bbox 1952 4489 3538 4563; baseline -0.008 -6"><span class='ocrx_word' id='word_1_772' title='bbox 1952 4517 2070 4557; x_wconf 87' lang='lat' dir='ltr'><strong>eam</strong></span> <span class='ocrx_word' id='word_1_773' title='bbox 2105 4502 2159 4556; x_wconf 91' lang='lat' dir='ltr'><strong>in</strong></span> <span class='ocrx_word' id='word_1_774' title='bbox 2196 4508 2458 4553; x_wconf 67' lang='lat' dir='ltr'><strong>aeternum</strong></span> <span class='ocrx_word' id='word_1_775' title='bbox 2489 4495 2844 4549; x_wconf 82' lang='lat' dir='ltr'><strong>fundamento</strong></span> <span class='ocrx_word' id='word_1_776' title='bbox 2866 4492 3261 4563; x_wconf 83' lang='lat' dir='ltr'><strong>perpetuitatis.</strong></span> <span class='ocrx_word' id='word_1_777' title='bbox 3299 4489 3538 4560; x_wconf 80' lang='lat' dir='ltr'><strong>Intelligo</strong></span> 
     </span>
    </p>
   </div>
   <div class='ocr_carea' id='block_1_106' title="bbox 1957 4582 3532 4665">
    <p class='ocr_par' dir='ltr' id='par_1_106' title="bbox 1957 4582 3532 4665">
     <span class='ocr_line' id='line_1_106' title="bbox 1957 4582 3532 4665; baseline -0.006 -17"><span class='ocrx_word' id='word_1_778' title='bbox 1957 4595 2174 4665; x_wconf 88' lang='lat' dir='ltr'><strong>quidem</strong></span> <span class='ocrx_word' id='word_1_779' title='bbox 2199 4593 2356 4662; x_wconf 85' lang='lat' dir='ltr'><strong>plane</strong></span> <span class='ocrx_word' id='word_1_780' title='bbox 2390 4590 2515 4643; x_wconf 88' lang='lat' dir='ltr'><strong>talia</strong></span> <span class='ocrx_word' id='word_1_781' title='bbox 2549 4596 2602 4642; x_wconf 88' lang='lat' dir='ltr'><strong>te</strong></span> <span class='ocrx_word' id='word_1_782' title='bbox 2627 4597 2934 4652; x_wconf 89' lang='lat' dir='ltr'><strong>canentem,</strong></span> <span class='ocrx_word' id='word_1_783' title='bbox 2966 4586 3058 4640; x_wconf 86' lang='lat' dir='ltr'><strong>sed</strong></span> <span class='ocrx_word' id='word_1_784' title='bbox 3089 4584 3302 4654; x_wconf 85' lang='lat' dir='ltr'><strong>suspiro</strong></span> <span class='ocrx_word' id='word_1_785' title='bbox 3329 4582 3532 4647; x_wconf 90' lang='lat' dir='ltr'><strong>dolens,</strong></span> 
     </span>
    </p>
   </div>
   <div class='ocr_carea' id='block_1_107' title="bbox 1959 4677 3540 4756">
    <p class='ocr_par' dir='ltr' id='par_1_107' title="bbox 1959 4677 3540 4756">
     <span class='ocr_line' id='line_1_107' title="bbox 1959 4677 3540 4756; baseline -0.006 -15"><span class='ocrx_word' id='word_1_786' title='bbox 1959 4697 2013 4742; x_wconf 90' lang='lat' dir='ltr'><strong>et</strong></span> <span class='ocrx_word' id='word_1_787' title='bbox 2034 4702 2187 4756; x_wconf 83' lang='lat' dir='ltr'><strong>gemo</strong></span> <span class='ocrx_word' id='word_1_788' title='bbox 2217 4685 2429 4747; x_wconf 79' lang='lat' dir='ltr'><strong>anxius,</strong></span> <span class='ocrx_word' id='word_1_789' title='bbox 2459 4680 2615 4752; x_wconf 89' lang='lat' dir='ltr'><strong>longe</strong></span> <span class='ocrx_word' id='word_1_790' title='bbox 2646 4680 2913 4735; x_wconf 88' lang='lat' dir='ltr'><strong>interdum</strong></span> <span class='ocrx_word' id='word_1_791' title='bbox 2944 4695 2971 4732; x_wconf 90' lang='lat' dir='ltr'><strong>a</strong></span> <span class='ocrx_word' id='word_1_792' title='bbox 2996 4688 3087 4733; x_wconf 92' lang='lat' dir='ltr'><strong>tuo</strong></span> <span class='ocrx_word' id='word_1_793' title='bbox 3114 4677 3388 4748; x_wconf 80' lang='lat' dir='ltr'><strong>sejunetus</strong></span> <span class='ocrx_word' id='word_1_794' title='bbox 3409 4694 3540 4733; x_wconf 83' lang='lat' dir='ltr'><strong>con-</strong></span> 
     </span>
    </p>
   </div>
   <div class='ocr_carea' id='block_1_108' title="bbox 1958 4767 3538 4844">
    <p class='ocr_par' dir='ltr' id='par_1_108' title="bbox 1958 4767 3538 4844">
     <span class='ocr_line' id='line_1_108' title="bbox 1958 4767 3538 4844; baseline -0.007 -13"><span class='ocrx_word' id='word_1_795' title='bbox 1958 4777 2129 4832; x_wconf 78' lang='lat' dir='ltr'><strong>sartio</strong></span> <span class='ocrx_word' id='word_1_796' title='bbox 2162 4793 2174 4828; x_wconf 87' lang='lat'>:</span> <span class='ocrx_word' id='word_1_797' title='bbox 2210 4774 2434 4844; x_wconf 87' lang='lat' dir='ltr'><strong>etquod</strong></span> <span class='ocrx_word' id='word_1_798' title='bbox 2471 4771 2645 4827; x_wconf 85' lang='lat' dir='ltr'><strong>serius</strong></span> <span class='ocrx_word' id='word_1_799' title='bbox 2681 4779 2785 4837; x_wconf 89' lang='lat' dir='ltr'><strong>est,</strong></span> <span class='ocrx_word' id='word_1_800' title='bbox 2829 4770 2974 4825; x_wconf 89' lang='lat' dir='ltr'><strong>orbis</strong></span> <span class='ocrx_word' id='word_1_801' title='bbox 3019 4778 3070 4823; x_wconf 87' lang='lat' dir='ltr'><strong>te</strong></span> <span class='ocrx_word' id='word_1_802' title='bbox 3113 4768 3329 4822; x_wconf 89' lang='lat' dir='ltr'><strong>virtutis</strong></span> <span class='ocrx_word' id='word_1_803' title='bbox 3365 4767 3538 4821; x_wconf 89' lang='lat' dir='ltr'><strong>virum</strong></span> 
     </span>
    </p>
   </div>
   <div class='ocr_carea' id='block_1_109' title="bbox 1959 4862 3176 4939">
    <p class='ocr_par' dir='ltr' id='par_1_109' title="bbox 1959 4862 3176 4939">
     <span class='ocr_line' id='line_1_109' title="bbox 1959 4862 3176 4939; baseline -0.007 -19"><span class='ocrx_word' id='word_1_804' title='bbox 1959 4866 2234 4939; x_wconf 82' lang='lat' dir='ltr'><strong>praedicat,</strong></span> <span class='ocrx_word' id='word_1_805' title='bbox 2262 4879 2359 4919; x_wconf 86' lang='lat' dir='ltr'><strong>nec</strong></span> <span class='ocrx_word' id='word_1_806' title='bbox 2387 4862 2770 4935; x_wconf 88' lang='lat' dir='ltr'><strong>contingimus,</strong></span> <span class='ocrx_word' id='word_1_807' title='bbox 2804 4877 2902 4916; x_wconf 91' lang='lat' dir='ltr'><strong>nec</strong></span> <span class='ocrx_word' id='word_1_808' title='bbox 2933 4862 3176 4914; x_wconf 85' lang='lat' dir='ltr'><strong>videmus</strong></span> 
     </span>
    </p>
   </div>
   <div class='ocr_carea' id='block_1_110' title="bbox 2031 4950 3544 5029">
    <p class='ocr_par' dir='ltr' id='par_1_110' title="bbox 2031 4950 3544 5029">
     <span class='ocr_line' id='line_1_110' title="bbox 2031 4950 3544 5029; baseline -0.004 -17"><span class='ocrx_word' id='word_1_809' title='bbox 2031 4960 2084 5013; x_wconf 88' lang='lat'><strong>6.</strong></span> <span class='ocrx_word' id='word_1_810' title='bbox 2118 4958 2249 5012; x_wconf 88' lang='lat' dir='ltr'><strong>Novi</strong></span> <span class='ocrx_word' id='word_1_811' title='bbox 2284 4958 2444 5029; x_wconf 87' lang='lat' dir='ltr'><strong>igitur</strong></span> <span class='ocrx_word' id='word_1_812' title='bbox 2470 4957 2609 5026; x_wconf 91' lang='lat' dir='ltr'><strong>quod</strong></span> <span class='ocrx_word' id='word_1_813' title='bbox 2642 4971 2814 5027; x_wconf 90' lang='lat' dir='ltr'><strong>neque</strong></span> <span class='ocrx_word' id='word_1_814' title='bbox 2852 4956 2948 5010; x_wconf 88' lang='lat' dir='ltr'><strong>bas</strong></span> <span class='ocrx_word' id='word_1_815' title='bbox 2987 4953 3120 5009; x_wconf 90' lang='lat' dir='ltr'><strong>velis</strong></span> <span class='ocrx_word' id='word_1_816' title='bbox 3151 4952 3396 5023; x_wconf 88' lang='lat' dir='ltr'><strong>accipere</strong></span> <span class='ocrx_word' id='word_1_817' title='bbox 3428 4950 3544 5006; x_wconf 86' lang='lat' dir='ltr'><strong>lau-</strong></span> 
     </span>
    </p>
   </div>
   <div class='ocr_carea' id='block_1_111' title="bbox 1961 5044 3540 5121">
    <p class='ocr_par' dir='ltr' id='par_1_111' title="bbox 1961 5044 3540 5121">
     <span class='ocr_line' id='line_1_111' title="bbox 1961 5044 3540 5121; baseline -0.008 -11"><span class='ocrx_word' id='word_1_818' title='bbox 1961 5053 2077 5116; x_wconf 89' lang='lat' dir='ltr'><strong>des,</strong></span> <span class='ocrx_word' id='word_1_819' title='bbox 2105 5052 2193 5121; x_wconf 91' lang='lat' dir='ltr'><strong>qui</strong></span> <span class='ocrx_word' id='word_1_820' title='bbox 2219 5058 2340 5104; x_wconf 90' lang='lat' dir='ltr'><strong>tuas</strong></span> <span class='ocrx_word' id='word_1_821' title='bbox 2356 5048 2466 5119; x_wconf 88' lang='lat' dir='ltr'><strong>jam</strong></span> <span class='ocrx_word' id='word_1_822' title='bbox 2493 5050 2545 5102; x_wconf 89' lang='lat' dir='ltr'><strong>in</strong></span> <span class='ocrx_word' id='word_1_823' title='bbox 2568 5048 2706 5104; x_wconf 70' lang='lat' dir='ltr'><strong>caelo</strong></span> <span class='ocrx_word' id='word_1_824' title='bbox 2727 5047 2955 5116; x_wconf 87' lang='lat' dir='ltr'><strong>scriptas</strong></span> <span class='ocrx_word' id='word_1_825' title='bbox 2977 5044 3160 5116; x_wconf 90' lang='lat' dir='ltr'><strong>procul</strong></span> <span class='ocrx_word' id='word_1_826' title='bbox 3182 5044 3347 5100; x_wconf 89' lang='lat' dir='ltr'><strong>dubio</strong></span> <span class='ocrx_word' id='word_1_827' title='bbox 3369 5053 3540 5098; x_wconf 83' lang='lat' dir='ltr'><strong>tenes.</strong></span> 
     </span>
    </p>
   </div>
   <div class='ocr_carea' id='block_1_112' title="bbox 1960 5136 3545 5211">
    <p class='ocr_par' dir='ltr' id='par_1_112' title="bbox 1960 5136 3545 5211">
     <span class='ocr_line' id='line_1_112' title="bbox 1960 5136 3545 5211; baseline -0.009 -10"><span class='ocrx_word' id='word_1_828' title='bbox 1960 5143 2036 5202; x_wconf 90' lang='lat' dir='ltr'><strong>lbi</strong></span> <span class='ocrx_word' id='word_1_829' title='bbox 2066 5151 2215 5197; x_wconf 90' lang='lat' dir='ltr'><strong>tuum</strong></span> <span class='ocrx_word' id='word_1_830' title='bbox 2244 5155 2467 5211; x_wconf 89' lang='lat' dir='ltr'><strong>prorsus</strong></span> <span class='ocrx_word' id='word_1_831' title='bbox 2494 5138 2703 5194; x_wconf 81' lang='lat' dir='ltr'><strong>feceras</strong></span> <span class='ocrx_word' id='word_1_832' title='bbox 2731 5140 3004 5203; x_wconf 87' lang='lat' dir='ltr'><strong>horreum,</strong></span> <span class='ocrx_word' id='word_1_833' title='bbox 3030 5136 3209 5207; x_wconf 90' lang='lat' dir='ltr'><strong>ibique</strong></span> <span class='ocrx_word' id='word_1_834' title='bbox 3234 5141 3384 5189; x_wconf 88' lang='lat' dir='ltr'><strong>tuum</strong></span> <span class='ocrx_word' id='word_1_835' title='bbox 3408 5147 3545 5189; x_wconf 86' lang='lat' dir='ltr'><strong>sem-</strong></span> 
     </span>
    </p>
   </div>
   <div class='ocr_carea' id='block_1_113' title="bbox 1963 5225 3543 5308">
    <p class='ocr_par' dir='ltr' id='par_1_113' title="bbox 1963 5225 3543 5308">
     <span class='ocr_line' id='line_1_113' title="bbox 1963 5225 3543 5308; baseline -0.009 -16"><span class='ocrx_word' id='word_1_836' title='bbox 1963 5251 2058 5308; x_wconf 87' lang='lat' dir='ltr'><strong>per</strong></span> <span class='ocrx_word' id='word_1_837' title='bbox 2100 5244 2217 5291; x_wconf 85' lang='lat' dir='ltr'><strong>erat</strong></span> <span class='ocrx_word' id='word_1_838' title='bbox 2256 5233 2451 5289; x_wconf 88' lang='lat' dir='ltr'><strong>utentis</strong></span> <span class='ocrx_word' id='word_1_839' title='bbox 2492 5230 2878 5287; x_wconf 88' lang='lat' dir='ltr'><strong>habitaculum.</strong></span> <span class='ocrx_word' id='word_1_840' title='bbox 2936 5228 3087 5285; x_wconf 90' lang='lat' dir='ltr'><strong>Unde</strong></span> <span class='ocrx_word' id='word_1_841' title='bbox 3133 5227 3381 5297; x_wconf 89' lang='lat' dir='ltr'><strong>quamvis</strong></span> <span class='ocrx_word' id='word_1_842' title='bbox 3412 5225 3543 5280; x_wconf 89' lang='lat' dir='ltr'><strong>milti</strong></span> 
     </span>
    </p>
   </div>
   <div class='ocr_carea' id='block_1_114' title="bbox 1962 5318 3547 5401">
    <p class='ocr_par' dir='ltr' id='par_1_114' title="bbox 1962 5318 3547 5401">
     <span class='ocr_line' id='line_1_114' title="bbox 1962 5318 3547 5401; baseline -0.009 -14"><span class='ocrx_word' id='word_1_843' title='bbox 1962 5332 2174 5401; x_wconf 79' lang='lat' dir='ltr'><strong>exigam</strong></span> <span class='ocrx_word' id='word_1_844' title='bbox 2215 5328 2358 5399; x_wconf 89' lang='lat' dir='ltr'><strong>quod</strong></span> <span class='ocrx_word' id='word_1_845' title='bbox 2395 5325 2664 5396; x_wconf 88' lang='lat' dir='ltr'><strong>impendo,</strong></span> <span class='ocrx_word' id='word_1_846' title='bbox 2717 5323 2810 5378; x_wconf 90' lang='lat' dir='ltr'><strong>tibi</strong></span> <span class='ocrx_word' id='word_1_847' title='bbox 2853 5322 3046 5378; x_wconf 84' lang='lat' dir='ltr'><strong>exinde</strong></span> <span class='ocrx_word' id='word_1_848' title='bbox 3096 5320 3367 5392; x_wconf 88' lang='lat' dir='ltr'><strong>gratulor,</strong></span> <span class='ocrx_word' id='word_1_849' title='bbox 3420 5318 3547 5388; x_wconf 83' lang='lat' dir='ltr'><strong>quia</strong></span> 
     </span>
    </p>
   </div>
   <div class='ocr_carea' id='block_1_115' title="bbox 1964 5412 3547 5493">
    <p class='ocr_par' dir='ltr' id='par_1_115' title="bbox 1964 5412 3547 5493">
     <span class='ocr_line' id='line_1_115' title="bbox 1964 5412 3547 5493; baseline -0.011 -12"><span class='ocrx_word' id='word_1_850' title='bbox 1964 5423 2162 5481; x_wconf 87' lang='lat' dir='ltr'><strong>frueris</strong></span> <span class='ocrx_word' id='word_1_851' title='bbox 2189 5422 2329 5493; x_wconf 90' lang='lat' dir='ltr'><strong>quod</strong></span> <span class='ocrx_word' id='word_1_852' title='bbox 2374 5418 2569 5474; x_wconf 86' lang='lat' dir='ltr'><strong>amasti</strong></span> <span class='ocrx_word' id='word_1_853' title='bbox 2600 5432 2614 5471; x_wconf 90' lang='lat'><strong>:</strong></span> <span class='ocrx_word' id='word_1_854' title='bbox 2644 5416 2778 5470; x_wconf 89' lang='lat' dir='ltr'><strong>mihi</strong></span> <span class='ocrx_word' id='word_1_855' title='bbox 2804 5414 2978 5480; x_wconf 91' lang='lat' dir='ltr'><strong>doleo,</strong></span> <span class='ocrx_word' id='word_1_856' title='bbox 3010 5429 3169 5483; x_wconf 88' lang='lat' dir='ltr'><strong>quem</strong></span> <span class='ocrx_word' id='word_1_857' title='bbox 3206 5412 3486 5484; x_wconf 89' lang='lat' dir='ltr'><strong>depulsum</strong></span> <span class='ocrx_word' id='word_1_858' title='bbox 3516 5425 3547 5464; x_wconf 89' lang='lat' dir='ltr'><strong>a</strong></span> 
     </span>
    </p>
   </div>
   <div class='ocr_carea' id='block_1_116' title="bbox 1963 5501 3547 5576">
    <p class='ocr_par' dir='ltr' id='par_1_116' title="bbox 1963 5501 3547 5576">
     <span class='ocr_line' id='line_1_116' title="bbox 1963 5501 3547 5576; baseline -0.009 -6"><span class='ocrx_word' id='word_1_859' title='bbox 1963 5515 2106 5572; x_wconf 88' lang='lat' dir='ltr'><strong>lacte</strong></span> <span class='ocrx_word' id='word_1_860' title='bbox 2134 5512 2371 5569; x_wconf 90' lang='lat' dir='ltr'><strong>velocius</strong></span> <span class='ocrx_word' id='word_1_861' title='bbox 2402 5508 2666 5573; x_wconf 90' lang='lat' dir='ltr'><strong>amisisti;</strong></span> <span class='ocrx_word' id='word_1_862' title='bbox 2690 5507 2959 5576; x_wconf 90' lang='lat' dir='ltr'><strong>jucundor</strong></span> <span class='ocrx_word' id='word_1_863' title='bbox 2989 5506 3064 5560; x_wconf 92' lang='lat' dir='ltr'><strong>tui</strong></span> <span class='ocrx_word' id='word_1_864' title='bbox 3095 5520 3279 5570; x_wconf 89' lang='lat' dir='ltr'><strong>causa,</strong></span> <span class='ocrx_word' id='word_1_865' title='bbox 3317 5504 3411 5559; x_wconf 89' lang='lat' dir='ltr'><strong>sed</strong></span> <span class='ocrx_word' id='word_1_866' title='bbox 3440 5501 3547 5556; x_wconf 89' lang='lat' dir='ltr'><strong>mei</strong></span> 
     </span>
    </p>
   </div>
   <div class='ocr_carea' id='block_1_117' title="bbox 1962 5593 3545 5679">
    <p class='ocr_par' dir='ltr' id='par_1_117' title="bbox 1962 5593 3545 5679">
     <span class='ocr_line' id='line_1_117' title="bbox 1962 5593 3545 5679; baseline -0.01 -18"><span class='ocrx_word' id='word_1_867' title='bbox 1962 5608 2192 5679; x_wconf 87' lang='lat' dir='ltr'><strong>plango;</strong></span> <span class='ocrx_word' id='word_1_868' title='bbox 2226 5604 2332 5659; x_wconf 90' lang='lat' dir='ltr'><strong>tuis</strong></span> <span class='ocrx_word' id='word_1_869' title='bbox 2358 5604 2540 5670; x_wconf 83' lang='lat' dir='ltr'><strong>itaque</strong></span> <span class='ocrx_word' id='word_1_870' title='bbox 2587 5599 2800 5670; x_wconf 90' lang='lat' dir='ltr'><strong>gaudiis</strong></span> <span class='ocrx_word' id='word_1_871' title='bbox 2827 5605 3135 5668; x_wconf 90' lang='lat' dir='ltr'><strong>superatus,</strong></span> <span class='ocrx_word' id='word_1_872' title='bbox 3171 5593 3386 5650; x_wconf 87' lang='lat' dir='ltr'><strong>tandem</strong></span> <span class='ocrx_word' id='word_1_873' title='bbox 3420 5608 3545 5663; x_wconf 87' lang='lat' dir='ltr'><strong>gra-</strong></span> 
     </span>
    </p>
   </div>
   <div class='ocr_carea' id='block_1_118' title="bbox 1965 5682 3549 5767">
    <p class='ocr_par' dir='ltr' id='par_1_118' title="bbox 1965 5682 3549 5767">
     <span class='ocr_line' id='line_1_118' title="bbox 1965 5682 3549 5767; baseline -0.011 -12"><span class='ocrx_word' id='word_1_874' title='bbox 1965 5701 2071 5756; x_wconf 88' lang='lat' dir='ltr'><strong>tias</strong></span> <span class='ocrx_word' id='word_1_875' title='bbox 2099 5698 2206 5753; x_wconf 91' lang='lat' dir='ltr'><strong>Deo</strong></span> <span class='ocrx_word' id='word_1_876' title='bbox 2232 5708 2391 5767; x_wconf 86' lang='lat' dir='ltr'><strong>agere</strong></span> <span class='ocrx_word' id='word_1_877' title='bbox 2416 5709 2521 5748; x_wconf 92' lang='lat' dir='ltr'><strong>non</strong></span> <span class='ocrx_word' id='word_1_878' title='bbox 2545 5706 2755 5748; x_wconf 88' lang='lat' dir='ltr'><strong>recuso.</strong></span> <span class='ocrx_word' id='word_1_879' title='bbox 2784 5691 2898 5761; x_wconf 86' lang='lat' dir='ltr'><strong>Ago</strong></span> <span class='ocrx_word' id='word_1_880' title='bbox 2919 5690 3134 5762; x_wconf 89' lang='lat' dir='ltr'><strong>quidem</strong></span> <span class='ocrx_word' id='word_1_881' title='bbox 3158 5686 3380 5760; x_wconf 89' lang='lat' dir='ltr'><strong>gratias,</strong></span> <span class='ocrx_word' id='word_1_882' title='bbox 3405 5682 3549 5754; x_wconf 90' lang='lat' dir='ltr'><strong>quod</strong></span> 
     </span>
    </p>
   </div>
   <div class='ocr_carea' id='block_1_119' title="bbox 1967 5775 3550 5849">
    <p class='ocr_par' dir='ltr' id='par_1_119' title="bbox 1967 5775 3550 5849">
     <span class='ocr_line' id='line_1_119' title="bbox 1967 5775 3550 5849; baseline -0.013 -1"><span class='ocrx_word' id='word_1_883' title='bbox 1967 5793 2127 5849; x_wconf 86' lang='lat' dir='ltr'><strong>talem</strong></span> <span class='ocrx_word' id='word_1_884' title='bbox 2169 5797 2220 5844; x_wconf 89' lang='lat' dir='ltr'><strong>te</strong></span> <span class='ocrx_word' id='word_1_885' title='bbox 2260 5787 2581 5849; x_wconf 87' lang='lat' dir='ltr'><strong>habuimus;</strong></span> <span class='ocrx_word' id='word_1_886' title='bbox 2619 5783 2808 5839; x_wconf 85' lang='lat' dir='ltr'><strong>vincor</strong></span> <span class='ocrx_word' id='word_1_887' title='bbox 2837 5790 2964 5838; x_wconf 84' lang='lat' dir='ltr'><strong>vero</strong></span> <span class='ocrx_word' id='word_1_888' title='bbox 3002 5777 3219 5844; x_wconf 74' lang='lat' dir='ltr'><strong>affectu,</strong></span> <span class='ocrx_word' id='word_1_889' title='bbox 3248 5777 3372 5848; x_wconf 89' lang='lat' dir='ltr'><strong>quia</strong></span> <span class='ocrx_word' id='word_1_890' title='bbox 3402 5775 3550 5848; x_wconf 88' lang='lat' dir='ltr'><strong>prius</strong></span> 
     </span>
    </p>
   </div>
   <div class='ocr_carea' id='block_1_120' title="bbox 1969 5865 3549 5948">
    <p class='ocr_par' dir='ltr' id='par_1_120' title="bbox 1969 5865 3549 5948">
     <span class='ocr_line' id='line_1_120' title="bbox 1969 5865 3549 5948; baseline -0.013 -9"><span class='ocrx_word' id='word_1_891' title='bbox 1969 5891 2023 5938; x_wconf 91' lang='lat' dir='ltr'><strong>te</strong></span> <span class='ocrx_word' id='word_1_892' title='bbox 2049 5878 2341 5946; x_wconf 87' lang='lat' dir='ltr'><strong>caruimus,</strong></span> <span class='ocrx_word' id='word_1_893' title='bbox 2373 5891 2535 5948; x_wconf 87' lang='lat' dir='ltr'><strong>quam</strong></span> <span class='ocrx_word' id='word_1_894' title='bbox 2559 5874 2785 5930; x_wconf 89' lang='lat' dir='ltr'><strong>comites</strong></span> <span class='ocrx_word' id='word_1_895' title='bbox 2811 5869 3148 5943; x_wconf 89' lang='lat' dir='ltr'><strong>paradisinos</strong></span> <span class='ocrx_word' id='word_1_896' title='bbox 3176 5876 3265 5922; x_wconf 91' lang='lat' dir='ltr'><strong>tuo</strong></span> <span class='ocrx_word' id='word_1_897' title='bbox 3291 5865 3549 5922; x_wconf 84' lang='lat' dir='ltr'><strong>asciveris</strong></span> 
     </span>
    </p>
   </div>
  </div>
