4122 6324
595 381 727 438 1511

1407 375 1463 431 S.
1504 371 1857 432 PASCHASII
1896 370 2239 432 RADBERTI
2276 372 2564 430 ABBATIS
2599 370 3045 430 CORBEIENSIS

3715 371 3860 431 i5l2

594 492 886 552 consortio.
926 490 1152 561 Pmpter
1195 487 1336 558 quod
1365 489 1612 556 obsecro,
1647 488 1720 544 mi
1752 488 1935 555 Pater,
1961 481 2171 559 prospi-
2198 489 2250 550 Α
2275 484 2422 557 leges
2459 486 2682 552 Christi,
2716 500 2850 555 quas
2876 483 3078 539 violare
3104 497 3210 539 non
3237 483 3416 539 ferens
3452 481 3555 539 sibi
3586 483 3643 540 in
3670 486 3858 540 animo

593 585 707 640 cias
755 596 851 653 per
904 579 1189 643 cancellos,
1240 594 1337 650 per
1382 577 1648 635 fenestras
1691 593 1905 648 quoque
1944 577 2171 632 Domino

598 676 926 733 concedente
978 673 1088 727 voti
1146 671 1404 727 intuearis
1462 671 1620 728 filios.
1670 668 1804 726 Novi
1857 670 2020 741 igitur
2065 684 2172 739 qua

599 767 767 822 fueris
789 764 1056 821 charitate
1074 763 1352 834 praeditus,
1374 778 1544 832 quave
1564 762 1666 816 fide
1690 761 1896 826 firmus,
1923 759 2174 830 qualique

598 872 692 927 spe
726 857 814 912 diu
860 854 1007 909 velut
1047 854 1284 908 anchora
1327 851 1556 906 Domino
1609 850 1896 921 religatus;
1936 847 2174 903 certissi-

599 963 746 1004 mum
777 947 976 1002 idcirco
1003 954 1178 1012 teneo,
1211 945 1352 1014 quod
1383 943 1575 1014 triplex
1617 944 1716 999 iste
1753 952 1876 998 tuus
1904 941 2173 997 funiculus

598 1037 834 1102 difficile,
867 1038 974 1092 imo
999 1051 1272 1106 nunquam
1306 1035 1612 1089 resolvitur.
1647 1033 1858 1088 Miraris
1881 1049 1987 1088 non
2016 1031 2176 1088 modo

600 1128 700 1183 sub
727 1127 950 1198 pedibus
981 1127 1151 1182 nubes
1175 1141 1237 1180 ac
1268 1125 1466 1189 sidera,
1497 1125 1592 1179 sed
1621 1125 1784 1180 etiam
1811 1123 1973 1178 altam
2003 1121 2176 1193 plani-

600 1220 730 1276 tiem
757 1218 900 1286 coeli,
930 1217 1087 1272 niveo
1126 1216 1444 1272 candidatus
1484 1215 1702 1280 habitu;
1746 1215 1865 1270 ideo
1891 1228 2083 1284 precor
2109 1227 2177 1267 ne

597 1311 814 1367 differas
865 1310 1109 1366 misereri
1162 1309 1464 1374 humilium,
1509 1322 1647 1378 quos
1687 1307 1888 1362 dudum
1943 1307 2010 1362 ad
2051 1305 2175 1360 talia

596 1402 930 1474 provocabas
970 1403 1024 1457 in
1054 1401 1364 1456 certaminis
1393 1414 1604 1470 campo.
1648 1397 1847 1464 Fortis,
1888 1398 1958 1453 mi
1992 1397 2175 1462 Pater,

598 1494 699 1548 fuit
725 1502 783 1547 ut
811 1508 956 1547 mors
984 1490 1198 1546 dilectio
1229 1501 1317 1545 tua
1349 1505 1364 1542 :
1393 1489 1511 1544 ideo
1541 1487 1690 1544 nullo
1715 1488 1890 1543 victus
1919 1503 1978 1543 es
2001 1489 2175 1552 hoste,

599 1583 742 1640 nullo
779 1591 1066 1653 superatus
1107 1596 1296 1650 agone.
1334 1578 1523 1635 Vicisti
1558 1579 1956 1634 oblectamenta
1992 1576 2176 1632 mundi

598 1674 849 1738 fortiter;
889 1681 944 1728 et
973 1673 1094 1727 ideo
1128 1672 1430 1735 coronaris,
1466 1669 1757 1735 credimus,
1789 1670 1958 1742 gloria
1987 1669 2176 1724 trium-

594 1765 812 1835 phantis
844 1763 1232 1818 indubitanter.
1263 1761 1474 1827 Venite,
1501 1762 1622 1817 filia:
1650 1762 1964 1826 Jerusalem,
2005 1770 2060 1816 et
2099 1761 2178 1815 vi-

2275 579 2640 649 prteponebat.
2663 577 2814 634 Unde
2836 586 2890 632 et
2911 576 3076 632 voluit
3097 575 3268 647 magis
3286 591 3408 632 cum
3429 574 3651 632 Christo
3671 587 3862 634 mente

2276 672 2540 743 ingenuus
2578 671 2756 726 crucis
2785 669 3134 742 ignominiam
3158 668 3320 735 ferre,
3350 677 3410 724 ut
3439 668 3598 725 fortia
3628 685 3862 740 quasque

2276 764 2650 829 confunderet,
2677 779 2839 833 quam
2867 763 2913 819 si
2945 761 3109 817 etiam
3141 761 3489 832 adoptaretur
3520 761 3576 816 in
3607 777 3859 834 regnum,

2277 867 2338 910 ut
2359 863 2503 911 esset
2527 854 2671 925 regis
2697 851 2858 908 illius.

2509 1007 2740 1063 Corbeia:
2768 1015 2919 1062 (etate
2948 1007 3174 1062 vicenuis
3211 1007 3270 1076 [it
3294 1007 3603 1063 monachus.

2347 1143 2399 1197 8.
2425 1140 2734 1212 Despiciens
2763 1140 2943 1211 itaque
2971 1139 3272 1195 Pharaonis
3297 1140 3446 1210 regni
3471 1139 3712 1204 divitias,
3734 1154 3856 1210 per.

2278 1239 2426 1293 venit
2453 1237 2666 1292 tandem
2691 1243 2750 1289 ut
2771 1235 3087 1298 monachus,
3111 1233 3257 1289 velut
3281 1233 3492 1302 Moyses
3539 1233 3594 1287 in
3644 1247 3852 1305 eremo,

2280 1331 2373 1385 Dei
2409 1329 2680 1384 frueretur
2723 1327 2993 1396 alloquiis.
3038 1325 3223 1396 Neque
3256 1327 3401 1380 enim
3443 1326 3622 1380 adhuc
3654 1324 3857 1379 saeulo

2280 1422 2354 1475 ita
2404 1421 2698 1486 calceatus,
2741 1428 2953 1490 poterat
2981 1418 3200 1474 cmleste
3246 1418 3420 1472 visum
3465 1418 3518 1471 in
3550 1425 3734 1472 monte
3769 1416 3858 1470 vi—

2279 1513 2437 1577 dere;
2471 1512 2566 1566 sed
2601 1520 2795 1566 exutus
2831 1510 2915 1564 his
2955 1509 3207 1565 omnibus
3235 1517 3291 1562 et
3332 1507 3726 1571 sanctificatus,
3757 1505 3857 1560 Dei

2279 1601 2472 1673 agen'te
2501 1601 2692 1672 gratia,
2725 1599 3016 1670 discipulus
3037 1598 3211 1654 factus
3238 1606 3323 1653 est
3348 1597 3665 1652 Salvatoris.
3691 1596 3864 1668 Lege-

2248 1700 2365 1745 -rat
2401 1706 2562 1761 ergo:
2582 1689 2701 1744 Nisi
2733 1689 2848 1760 quis
2881 1688 3262 1743 renuntiaverit
3293 1687 3529 1741 omnibus
3549 1703 3670 1757 quae
3694 1687 3864 1756 possi-

2281 1781 2386 1846 det,
2425 1797 2528 1835 non
2571 1788 2736 1850 potest
2775 1795 2917 1833 meus
2958 1794 3068 1832 esse
3089 1769 3373 1846 discipulus
3416 1777 3568 1848 (Luc.
3594 1793 3712 1841 xlv,
3742 1775 3858 1848 55).

595 1857 718 1913 dete
739 1857 986 1912 diadema
1013 1872 1121 1926 quo
1145 1863 1436 1910 coronatus
1459 1863 1543 1910 est
1566 1871 1733 1910 senex
1765 1865 1949 1910 noster
1982 1856 2178 1911 solem-
2209 1849 2259 1912 Β
2284 1874 2465 1944 Neque
2505 1849 2668 1943 εκίιυι-
2711 1870 2993 1943 ίεῃοτουδι
3042 1869 3186 1940 quod
3224 1869 3436 1924 facilius
3476 1868 3547 1924 si;
3592 1869 3859 1924 camelum

600 1956 767 2002 nitate
796 1948 1025 2002 acterna!
1062 1947 1257 2016 quibus
1284 1946 1371 2000 ille
1394 1947 1674 2001 inauratus
1702 1955 1785 2000 est
1816 1946 2172 2001 indumentis!

595 2038 910 2108 perpendite
935 2039 1201 2107 quomodo
1227 2038 1404 2092 adhuc
1428 2038 1644 2107 juvenis
1662 2037 1956 2108 malignum
1990 2038 2181 2092 vicerit

597 2128 828 2194 hostem,
858 2126 1125 2198 quomodo
1149 2135 1284 2198 puer
1309 2129 1565 2182 mundum
1597 2129 1822 2198 pedibus
1848 2129 1977 2184 olim
1999 2129 2177 2186 calca-

599 2219 768 2275 verit!

1032 2356 1247 2417 νιΤΑε
1293 2355 1746 2418 EXORDIUM.

667 2470 998 2528 Adelhardus
1026 2471 1203 2528 Caroli
1232 2473 1506 2544 propinqui
1541 2475 1620 2526 sui
1653 2471 1836 2526 illicito
1864 2470 2106 2541 coniugio

1197 2553 1564 2598 commoretur.

673 2680 726 2735 7.
754 2680 856 2748 Qui
888 2695 1009 2735 cum
1035 2688 1182 2734 esset
1209 2677 1374 2750 regali
1402 2677 1653 2748 prosapia
1681 2689 1730 2742 ι,
1759 2674 1968 2746 Pippini
1999 2673 2177 2744 magni

598 2774 742 2842 regis
768 2787 950 2843 nepos,
974 2770 1153 2826 Caroli
1177 2771 1537 2826 consobrinus
1555 2769 1801 2839 Augusti,
1833 2767 1974 2820 inter
1993 2763 2179 2834 palatii

599 2864 847 2918 tirocinia
879 2863 1026 2917 omni
1069 2862 1251 2915 mundi
1275 2860 1578 2930 {prudentia
1613 2857 1878 2921 eruditus,
1920 2871 2025 2910 una
2057 2870 2178 2910 cum

599 2965 865 3010 terrarum
900 2953 1142 3024 principe
1176 2951 1446 3020 magistris
1484 2949 1791 3013 adhibitus;
1822 2946 1984 3018 elegit
2011 2943 2182 3017 magis

593 3046 819 3116 iustitia:
846 3044 961 3099 fore
985 3053 1041 3099 et
1068 3042 1312 3097 veritatis
1333 3041 1538 3095 amicus
1569 3055 1728 3108 quam
1753 3038 1806 3092 in
1830 3037 2016 3092 illicita
2046 3050 2178 3090 con-

599 3137 838 3202 sentire,
888 3135 1050 3191 etiam
1098 3133 1279 3188 multis
1325 3134 1627 3188 oblectatus
1678 3129 1969 3186 blanditiis.
2027 3127 2178 3184 Unde

2281 1978 2377 2032 per
2405 1964 2641 2018 foramen
2677 1977 2807 2016 acus
2836 1960 3088 2025 transire,
3115 1975 3277 2030 quam
3303 1959 3522 2015 divitem
3547 1959 3601 2014 in
3633 1973 3859 2030 regnum

2280 2055 2539 2110 caelorum
2565 2055 2767 2109 intrare
2791 2052 3004 2125 (Matth.
3034 2053 3187 2123 xu);
3219 2060 3275 2107 et
3295 2052 3415 2107 ideo
3441 2052 3692 2122 deposuit
3711 2051 3862 2107 aselli

2279 2162 2466 2212 onera,
2494 2156 2555 2202 ut
2585 2145 2797 2202 facilius
2834 2153 3040 2200 arctam
3076 2154 3238 2215 atque
3260 2143 3506 2199 strictam
3539 2144 3682 2198 viam
3714 2159 3866 2198 man-

2279 2240 2525 2295 datorum
2572 2239 2666 2294 Dei
2719 2246 2985 2294 curreret.
3019 2237 3225 2304 Quibus
3267 2227 3547 2308 depositis,
3595 2235 3862 2301 Corbeiae,

2283 2331 2389 2384 imo
2413 2329 2613 2384 Christi
2641 2329 2842 2384 ibidem
2870 2329 3096 2399 expetiit
3121 2327 3344 2394 fontem,
3378 2329 3521 2383 velut
3557 2344 3753 2383 cervus
3777 2329 3866 2383 ille

2281 2420 2570 2475 Davidicus
2601 2417 2775 2490 (Psal.
2819 2420 2955 2493 xu).
2987 2420 3108 2491 Quo
3147 2437 3269 2476 cum
3307 2436 3497 2492 parum
3528 2421 3723 2476 fuisset
3761 2423 3862 2476 im-

2282 2520 2554 2574 moratus,
2599 2509 2778 2564 subito
2833 2509 3153 2566 humilitatis
3212 2511 3507 2581 discipulus
3551 2511 3732 2566 factus
3773 2521 3865 2584 .est

2281 2602 2539 2673 magister
2572 2601 2864 2667 virtutum;
2907 2611 2960 2656 et
3000 2603 3090 2672 qui
3129 2603 3302 2672 pridie
3330 2603 3686 2673 pedissequus
3721 2604 3865 2657 vide-

2282 2695 2457 2752 batur,
2486 2691 2712 2746 aliorum
2757 2692 3008 2748 inventus
3034 2703 3116 2748 est
3148 2694 3252 2748 dux
3283 2706 3338 2749 et
3361 2696 3598 2764 prazvius
3640 2710 3863 2750 suorum

2282 2785 2334 2838 in
2358 2783 2574 2839 Christo
2599 2782 3046 2838 commilitonum.
3070 2783 3319 2855 Elegeras
3349 2785 3518 2850 enim,
3543 2787 3684 2841 bone
3711 2785 3856 2847 Jesu,

2283 2875 2376 2930 tibi
2416 2876 2645 2929 tironem
2677 2882 2732 2930 et
2761 2890 3026 2945 puerum;
3068 2891 3174 2930 non
3197 2875 3412 2946 quidem
3443 2875 3533 2932 ille
3569 2887 3641 2943 te,
3680 2877 3775 2932 sed
3808 2887 3864 2932 tu

2284 2968 2429 3022 illum
2457 2969 2699 3038 elegeras
2726 2979 2782 3022 et
2805 2967 3180 3038 prmelegeras,
3211 2975 3300 3021 tua
3332 2978 3670 3038 praeventum
3702 2969 3862 3024 mise-

2283 3059 2531 3114 ricordia.
2567 3058 2786 3130 Elegisti
2813 3075 2934 3114 eum
2963 3058 3131 3113 ferme
3161 3074 3283 3114 cum
3307 3059 3496 3128 viginti
3529 3068 3675 3115 esset
3699 3075 3863 3114 anno-

2283 3166 2424 3215 rum,
2457 3150 2672 3220 quando
2697 3149 2881 3204 infelix
2912 3149 3137 3205 nimium
3163 3158 3295 3205 aztas
3318 3150 3551 3204 humana
3575 3149 3786 3220 fragilis
3806 3159 3860 3204 et

597 3229 801 3282 factum
848 3234 949 3288 est,
983 3240 1105 3280 cum
1144 3223 1284 3279 idem
1327 3223 1618 3292 imperator
1647 3221 1871 3277 Carolus
1899 3220 2175 3312 desidera-
2205 3210 2250 3272 C
2281 3210 2435 3296 valui,
2462 3210 2712 3311 ὁνοριίνίδ
2733 3251 2815 3298 es,
2839 3243 2905 3297 ad
2934 3242 3302 3312 peccandum;
3335 3251 3461 3296 tunc
3493 3210 3714 3310 quand'o
3735 3257 3857 3297 σω,

600 3327 709 3372 tam
753 3316 1015 3372 Desiderii
1065 3315 1204 3386 regis
1247 3313 1504 3368 Italorum
1551 3312 1716 3367 filiam
1768 3311 1796 3350 δ
1848 3311 2173 3382 repudiaret,

598 3430 759 3484 quam
790 3414 892 3469 sibi
927 3413 1127 3466 dudum
1162 3412 1326 3466 etiam
1354 3411 1707 3481 quorumdam
1738 3409 2068 3465 Francorum
2091 3409 2177 3479 iu-

600 3506 858 3562 ramentis
907 3505 1138 3574 petierat
1189 3503 1239 3556 in
1289 3501 1626 3572 coniugium;
1679 3509 1738 3555 ut
1779 3500 1924 3555 nullo
1965 3499 2177 3569 negotio

597 3603 788 3660 beatus
838 3617 1000 3658 senex
1045 3599 1357 3671 persuaderi
1404 3607 1616 3668 posset,
1647 3595 1774 3650 dum
1823 3603 1966 3650 esset
2003 3595 2178 3649 adhuc

601 3696 704 3750 tiro
739 3693 944 3764 palatii,
971 3701 1051 3758 ut,
1080 3693 1128 3747 ei
1171 3706 1332 3761 quam
1372 3691 1586 3744 vivente
1610 3687 1699 3742 illa
1738 3702 1831 3741 rex
1873 3695 2175 3755 acceperat,

599 3787 780 3858 aliquo
811 3785 1237 3841 communicaret
1277 3781 1552 3838 servitutis
1587 3778 1877 3848 obsequio;
1916 3777 2009 3831 sed
2063 3777 2177 3830 cul-

599 3881 761 3950 pabat
801 3877 977 3932 modis
1016 3874 1268 3930 erunibus
1315 3873 1423 3927 tale
1471 3869 1817 3932 connubium,
1849 3878 1900 3922 et
1932 3867 2180 3938 gemebat

599 3988 732 4044 puer
765 3972 937 4026 beatae
974 3967 1192 4031 indolis,
1220 3966 1361 4035 quod
1396 3973 1451 4020 et
1477 3962 1716 4018 nonnulli
1747 3960 2081 4014 Francorum
2113 3974 2177 4013 eo

597 4070 779 4119 essent
808 4059 1034 4132 periuri,
1066 4068 1226 4128 atque
1256 4072 1346 4111 rex
1375 4055 1562 4110 illicito
1585 4060 1825 4108 uteretur
1851 4053 2023 4114 thoro,
2054 4065 2180 4120 pro-

599 4152 870 4223 pria,sine
913 4149 1092 4219 aliquo
1120 4148 1367 4212 crimine,
1386 4145 1600 4215 repulsa
1629 4160 1817 4199 uxore.
1855 4145 1972 4210 Quo
2007 4143 2176 4198 nimio

602 4245 720 4301 zelo
739 4259 1031 4300 succensus
1049 4243 1210 4312 elegit
1232 4240 1350 4311 plus
1370 4238 1624 4293 saeculum
1645 4237 1972 4307 relinquere,
2004 4237 2177 4292 adhuc

599 4352 752 4407 puer,
785 4351 946 4407 quam
973 4334 1168 4390 talibus
1195 4330 1481 4387 admisceri
1511 4329 1758 4400 negotiis,
1789 4337 1846 4383 ut
1874 4329 2176 4399 propinquo

599 4443 761 4498 quem
787 4425 1056 4481 contraire
1081 4423 1412 4494 prohibendo
1442 4436 1543 4475 non
1575 4427 1778 4490 posset,
1815 4435 1919 4474 non
1960 4435 2018 4474 se
2049 4435 2175 4474 con-

600 4518 801 4574 sentire
823 4515 1074 4588 fugiendo
1095 4521 1438 4570 monstraret.
1459 4509 1569 4566 Nec
1591 4511 1767 4565 minus
1788 4511 1948 4580 igitur
1968 4509 2175 4564 Joanne

596 4624 700 4680 pro
738 4609 950 4680 iustitia
993 4608 1130 4663 mori
1180 4615 1399 4678 paratus
1443 4605 1609 4660 fuisse
1643 4604 1900 4669 creditur,
1934 4603 2025 4672 qui
2054 4603 2168 4673 pari

599 4700 792 4754 adnisu
840 4699 1081 4754 illicitam
1129 4694 1553 4767 reprehendebat
1593 4695 1733 4765 regis
1775 4693 2078 4759 audaciam,
2118 4701 2172 4748 et

599 4792 888 4863 spernebat
916 4789 1221 4859 huiusmodi
1255 4788 1498 4858 nuptias;
1543 4801 1641 4841 nec
1670 4786 2020 4840 considerans
2048 4800 2172 4854 pro-

596 4883 912 4952 pinquitatis
949 4883 1094 4953 iura,
1124 4888 1184 4936 ut
1222 4879 1372 4935 carni
1407 4893 1687 4933 assensqu
1733 4877 2024 4947 praeberet
2078 4877 2172 4931 sed

726 5034 986 5090 Bernardi
1033 5033 1238 5090 scilicet
1277 5031 1435 5098 filius,
1481 5040 1540 5084 ut
1579 5030 1655 5084 ait
1686 5030 1988 5086 Radbertus
2030 5029 2170 5086 infra

599 5106 866 5176 num.76l.
897 5106 1039 5176 Lege
1063 5103 1465 5176 observationes
1497 5101 1630 5176 Vita:
1664 5103 1986 5176 prmmissas.

669 5177 698 5216 δ
729 5175 843 5230 Huc
872 5171 1117 5246 spectant
1141 5173 1302 5246 verba
1335 5173 1594 5246 monachi
1616 5171 1792 5246 sancti
1820 5171 2084 5246 Callensis
2114 5172 2169 5226 in

597 5244 692 5299 lib.
721 5262 760 5300 ιι
798 5247 865 5300 de
889 5242 1007 5301 Vita
1031 5245 1208 5300 Caroli
1233 5243 1405 5312 Magni
1429 5257 1546 5312 cap.
1569 5243 1659 5296 26.
1690 5242 1941 5297 Carolum
1966 5243 2170 5298 scilicet

598 5324 722 5438 gest
752 5326 976 5370 mortem
1005 5316 1212 5398 Pippini
1244 5311 1434 5384 patris,
1458 5311 1580 5366 cum
1611 5313 1802 5392 iterato
1830 5311 2169 5383 Longobardi

649 5401 873 5438 omanos
915 5387 1282 5438 sollicitarent.
1326 5385 1378 5438 in
1427 5383 1628 5437 Italiam
1663 5385 1962 5438 profectum
1993 5400 2086 5438 eos
2116 5385 2168 5438 in

649 5401 873 5441 omanos
915 5383 1282 5448 sollicitarent,
1326 5385 1378 5438 in
1427 5383 1628 5437 Italiam
1663 5384 1962 5451 profectum
1993 5400 2086 5438 eos
2116 5385 2168 5438 in

600 5455 922 5527 deditionem
952 5459 1242 5527 accepisse,
1271 5465 1317 5508 et
1355 5455 1412 5506 in
1443 5454 1724 5527 ﬁrmitatis
1745 5453 1972 5527 gratiam
1997 5453 2162 5527 ﬁliam

2200 4571 2252 4631 D

2278 3350 2375 3388 nes
2407 3335 2610 3389 tirones
2639 3335 2736 3399 tui,
2767 3349 2890 3388 cum
2927 3334 3139 3388 exirent
3181 3333 3248 3388 de
3278 3342 3416 3389 terra
3437 3330 3676 3402 Egypti,
3707 3347 3738 3386 a
3766 3332 3856 3386 vi-

2278 3425 2409 3495 ginti
2435 3425 2590 3480 annis
2615 3435 2670 3480 et
2698 3440 2860 3494 supra
2898 3424 2952 3479 in
2996 3424 3134 3479 libro
3162 3424 3286 3478 vitae
3312 3433 3363 3479 te
3405 3423 3696 3493 conscripti
3727 3431 3865 3478 sunt

2278 3523 2644 3585 praemonente
2673 3512 2862 3586 (Num.
2894 3515 2966 3587 ι);
2999 3529 3208 3569 necnon
3234 3523 3288 3568 et
3334 3530 3457 3570 cum
3489 3530 3680 3570 rursus
3710 3531 3744 3570 a
3771 3513 3861 3570 Jo-

2282 3623 2380 3662 sue
2425 3615 2776 3662 recensentur
2814 3622 3001 3662 omnes
3046 3609 3148 3662 hac
3191 3615 3371 3674 aetate,
3403 3616 3459 3662 et
3486 3608 3741 3679 deinceps
3768 3609 3859 3679 qui

2279 3707 2505 3767 possunt
2553 3695 2619 3751 ad
2662 3695 2801 3751 bella
2846 3696 3138 3768 procedere
3189 3695 3328 3767 (los.
3360 3697 3501 3768 vm),
3545 3698 3600 3752 in
3639 3699 3861 3754 caeleste

2280 3787 2563 3857 collegium
2592 3796 2973 3858 supputantur,
3004 3787 3060 3842 hi
3094 3796 3298 3842 tantum
3329 3789 3383 3842 in
3411 3790 3607 3845 castris
3646 3791 3858 3845 Domini

2279 3879 2450 3948 figunt
2479 3879 2731 3945 tentoria,
2756 3879 2811 3933 hi
2833 3879 2930 3934 soli
2954 3881 3253 3949 procedunt
3274 3881 3342 3936 ad
3366 3880 3527 3935 bella.
3559 3881 3703 3936 Sane
3733 3884 3857 3951 quia

2280 3973 2476 4026 mirum
2505 3973 2572 4026 ad
2600 3973 2818 4027 modum
2846 3981 2929 4027 est
2960 3981 3085 4027 tunc
3134 3972 3373 4038 vincere,
3401 3989 3525 4027 cum
3553 3972 3860 4029 oblectatur

2279 4065 2443 4120 variis
2481 4063 2896 4129 blandimentis;
2921 4064 3281 4134 triumphare,
3305 4063 3488 4119 multis
3509 4079 3638 4120 cum
3668 4064 3857 4135 impel-

2280 4158 2407 4212 litur
2434 4157 2787 4226 argumentis.
2815 4157 3015 4228 Viginti
3049 4158 3252 4213 etenim
3283 4157 3420 4214 fiunt
3453 4159 3695 4230 quinque
3729 4174 3858 4228 qna-

2281 4262 2364 4306 ter
2389 4239 2556 4313 ducti,
2603 4259 2698 4305 aut
2739 4258 2972 4320 quatuor
2997 4251 3283 4320 quinquies
3309 4251 3619 4322 supputati;
3663 4251 3858 4322 quibus

2279 4344 2354 4398 ita
2400 4342 2664 4410 collectis,
2703 4349 2916 4398 constat
2977 4357 3072 4398 eos
3137 4350 3345 4398 tantum
3404 4344 3474 4398 ad
3538 4343 3686 4399 bella
3741 4343 3854 4398 fore

2278 4434 2744 4505 promptissimos,
2803 4433 2895 4504 qui
2948 4432 3160 4490 Veteris
3208 4450 3274 4490 ac
3324 4432 3457 4490 Novi
3523 4435 3854 4492 Testamenti

2279 4536 2436 4582 aetate
2466 4527 2765 4591 senuerint,
2802 4535 2857 4581 et
2900 4523 3014 4594 eius
3064 4525 3325 4596 sapientia
3367 4525 3569 4581 fuerint
3617 4528 3851 4583 educati.

2281 4620 2482 4674 llm'um
2510 4618 2673 4689 igitur
2712 4617 2886 4672 virtus
2914 4625 2998 4671 est
3030 4617 3098 4671 ad
3128 4615 3433 4671 bellandum
3468 4617 3777 4686 aptissima,
3803 4628 3855 4672 et

2280 4719 2337 4765 ut
2381 4726 2438 4765 se
2492 4710 2710 4764 vincant
2753 4708 2988 4778 primum
3041 4707 3336 4774 mouenda;
3379 4709 3688 4776 przesertim
3734 4723 3854 4764 cum

2279 4811 2406 4856 tunc
2431 4800 2624 4866 hostis,
2652 4809 2912 4870 quantum
2941 4800 2996 4854 in
3035 4814 3201 4854 carne
3221 4807 3323 4866 est,
3349 4797 3650 4868 majoribus
3689 4799 3854 4855 utitur

2279 4893 2580 4962 decipiendi
2606 4892 2854 4964 ingeniis.

2273 5063 2338 5102 ex
2375 5047 2704 5102 Francorum
2737 5061 2930 5118 genere
2960 5047 3255 5111 duxerant,
3277 5061 3422 5118 quas
3461 5048 3772 5118 repudiare,
3800 5057 3851 5103 et

2272 5131 2459 5173 earum
2512 5119 2626 5173 loco
2681 5118 2818 5172 filias
2865 5117 3127 5173 Desiderii
3175 5117 3422 5186 accipere
3469 5117 3746 5182 velebant,
3792 5128 3844 5172 ut

2271 5198 2420 5258 patet
2453 5205 2514 5266 ex
2545 5189 2770 5266 epistola
2801 5186 3058 5266 §tepliani
3083 5205 3233 5266 papae
3261 5189 3328 5242 ad
3356 5203 3461 5266 eos
3478 5191 3703 5266 scripta,
3735 5205 3845 5259 qua:

2271 5269 2358 5315 est
2384 5261 2572 5314 ordine
2606 5259 2676 5314 45
2708 5260 2762 5314 in
2793 5258 2977 5313 c'odice
3021 5258 3288 5319 Carolino,
3329 5269 3382 5314 ct
3423 5258 3846 5314 Caroldmannus

2273 5329 2490 5400 biennio
2537 5339 2655 5400 post
2704 5338 2911 5400 patrem
2961 5337 3224 5395 mortuus,
3260 5327 3616 5400 jam_liberos
3645 5346 3714 5384 ex
3746 5329 3844 5382 lilia

2273 5398 2885 5468 Desiderii—susceperat.
2910 5400 2988 5454 Ex
3019 5416 3126 5469 quo
3145 5398 3438 5454 verisimile
3482 5399 3718 5455 efﬁcitur
3738 5416 3844 5454 am-

2269 5470 2367 5540 bos
2403 5471 2596 5526 fratres
2623 5471 2806 5526 statim
2831 5486 2862 5523 a
2891 5479 3064 5525 morte
3097 5470 3290 5540 patris,
3325 5471 3534 5524 tametsi
3571 5469 3686 5538 iam
3717 5486 3840 5525 con-

600 5523 872 5611 Desiderii.
910 5523 1368 5609 Longobardorum
1413 5525 1659 5594 principis
1710 5524 2161 5611 (lgrmengardenl

2277 5523 2591 5611 iuigatos,7de
2605 5523 2757 5596 novis
2777 5523 3290 5611 nuptiiscogitaSSe,
3303 5549 3355 5594 et
3375 5523 3840 5608 contra'Stephani

599 5597 814 5667 vocant)
839 5593 1048 5652 duxisse
1073 5612 1320 5660 uxorem;
1351 5593 1512 5667 quam
1539 5593 1664 5667 non
1681 5593 1846 5649 multo
1875 5593 2016 5667 post,
2039 5596 2162 5667 quia

599 5664 938 5738 ciinica'esset
966 5681 1012 5722 et
1045 5669 1112 5722 ad
1137 5665 1523 5738 propagandam
1552 5664 1748 5738 praiem
1779 5664 2044 5738 inhabilis,
2072 5665 2162 5734 ju-

600 5734 734 5806 dicio
769 5734 1212 5792 sanctissimorum
1234 5734 1564 5789 sacerdotum
1588 5736 1868 5806 reliquerit.
1892 5735 1958 5790 Et
1983 5746 2157 5791 tamen

601 5805 822 5862 Carolus
851 5819 904 5864 et
945 5809 1366 5865 Carolomannus
1405 5807 1686 5875 superstite
1722 5815 1872 5876 patre
1907 5809 2160 5880 coniuges
2239 5852 2242 5855 .

2269 5610 2612 5666 interdictum
2682 5611 2945 5667 Desiderii
2999 5610 3136 5666 tilias
3186 5611 3522 5666 obtinuisse:
3572 5627 3638 5666 ac
3691 5628 3840 5681 porro

2266 5682 2538 5747 Carolum,
2565 5682 2762 5753 reiecta
2788 5682 2949 5736 etiam
2998 5682 3258 5753 Desiderii
3305 5681 3434 5748 lilia,
3466 5681 3837 5752 Hildegardcm

2266 5752 2666 5824 superduxisse,
2698 5763 3026 5823 repugnante
3051 5752 3374 5809 Adalbardo.
