4122 6324
294 368 433 429 15ιῦ

734 473 1065 532 Hortulorum
1090 473 1442 531 constituitur.

369 614 423 668 9.
454 610 607 669 Tunc
626 623 758 682 ergo
789 617 929 676 tuus,
957 607 1190 671 Christe,
1221 614 1380 662 aetate
1406 618 1567 677 puer,
1589 610 1771 659 mente
1793 602 1876 656 in-

297 717 527 778 genitus,
558 698 853 771 prostravit
893 697 1081 753 mundi
1104 695 1391 751 illecebras
1424 712 1438 749 :
1469 700 1603 748 tunc
1630 690 1878 762 deposuit

297 811 453 867 arma
484 791 616 849 Saul
643 792 807 862 regis,
833 798 892 846 ut
915 799 969 845 te
994 788 1109 845 solo
1132 787 1331 858 lapide,
1354 799 1514 857 quem
1538 784 1784 856 gestabat
1822 782 1876 837 in

299 895 548 959 pectore,
598 888 1040 954 prosterneretur
1090 877 1212 951 [al.,
1254 873 1645 948 prostraretur]
1691 873 1879 945 ingens

300 977 606 1031 animarum
636 971 870 1028 delusor.
900 970 977 1026 Te
1010 969 1244 1040 denique
1271 968 1434 1039 elegit
1459 980 1644 1022 secum
1667 965 1719 1019 in
1743 979 1879 1036 pne-

299 1070 504 1124 cordiis
539 1067 686 1123 ferre
714 1084 729 1121 :
763 1075 815 1121 te
854 1075 1077 1121 auctore
1104 1062 1295 1121 contra
1326 1062 1591 1134 spiritalia
1624 1060 1879 1132 nequitia:

299 1162 359 1216 in
381 1159 717 1216 coelestibus
762 1156 1023 1213 dimicare
1052 1155 1214 1227 (Eph.
1260 1155 1358 1226 vi).
1391 1153 1535 1222 Quid
1575 1151 1768 1222 plura?
1802 1151 1881 1205 ita

298 1249 617 1305 conaminis
652 1262 904 1318 campum
951 1246 1249 1317 ingressus,
1297 1241 1545 1313 pervenit
1592 1241 1661 1297 ad
1698 1254 1882 1298 ceno-

304 1341 452 1395 bium
479 1351 507 1381 ι
539 1355 553 1392 :
582 1338 671 1393 ubi
725 1351 907 1393 annuo
942 1336 1163 1407 pulsans
1204 1343 1351 1400 voto,
1383 1333 1598 1389 tandem
1638 1330 1885 1388 introivit

305 1442 490 1503 portas
535 1428 782 1498 justitize,
821 1443 918 1498 per
963 1442 1100 1497 quas
1155 1426 1255 1483 soli
1291 1423 1426 1494 justi
1484 1423 1878 1494 ingrediuntur.

306 1522 513 1579 Deinde
540 1521 787 1592 pervenit
807 1516 879 1574 ad
900 1528 1114 1590 portam
1137 1518 1339 1572 virtute
1365 1524 1597 1580 mactus,
1625 1508 1747 1585 quaé
1768 1514 1882 1569 sola

305 1626 441 1668 suos
464 1626 710 1681 quosque
733 1611 883 1665 ducit
917 1608 986 1663 ad
1023 1608 1210 1664 vitam.
1243 1607 1523 1677 ingressus
1553 1617 1783 1673 namque
1798 1612 1886 1659 est

307 1712 515 1758 arctam
542 1711 602 1757 et
633 1702 881 1757 strictam
907 1700 1072 1765 viam,
1096 1713 1220 1769 quae
1235 1710 1530 1767 paucorum
1556 1705 1641 1751 est
1664 1694 1881 1760 (Matth.
1908 1734 1914 1751 .

309 1794 428 1863 vn),
463 1800 521 1845 ut
548 1791 773 1847 dilatato
819 1789 1003 1845 animo
1038 1789 1182 1844 viam
1226 1787 1602 1843 mandatorum
1640 1785 1736 1840 Dei
1764 1799 1888 1840 cur-

311 1886 458 1933 reret
482 1879 848 1949 sagacissimx
876 1878 1014 1934 artis
1039 1876 1257 1948 ingenio
1286 1893 1299 1929 :
1328 1882 1488 1944 atque
1512 1888 1638 1928 cum
1658 1874 1772 1941 jam
1796 1873 1887 1928 diu

314 1968 390 2023 ita
411 1978 557 2025 totus
589 1969 912 2027 eﬂloruisset
952 1968 1096 2025 inter
1132 1966 1493 2024 monasticam
1520 1965 1888 2035 disciplinam,

313 2069 376 2117 ut
405 2061 579 2130 magis
611 2060 789 2116 inesse
828 2059 1140 2116 caelestibus
1184 2073 1349 2128 quam
1379 2056 1614 2113 terrenis
1642 2055 1891 2111 credere-

316 2162 439 2216 tur;
469 2150 653 2207 nescio
681 2165 789 2220 quo
820 2149 970 2206 ducti
1003 2158 1187 2220 patres
1226 2147 1439 2208 aﬂectu.
1467 2147 1627 2216 quasi
1649 2161 1712 2201 ex
1736 2145 1892 2215 jussu

317 2240 487 2309 regio,
519 2240 867 2295 hortulanum
901 2254 1025 2295 eum
1055 2240 1412 2295 constituunt.
1442 2238 1542 2305 Qui
1572 2238 1811 2308 gaudens
1836 2245 1894 2290 ut

316 2331 492 2387 bonus
517 2331 719 2386 athleta
749 2331 975 2394 Christi,
1008 2344 1073 2386 ac
1110 2330 1155 2385 si
1196 2330 1338 2384 inter
1360 2328 1600 2398 paradisi
1647 2327 1890 2392 delicias,

313 2420 393 2475 ita
418 2420 682 2495 obedienc
721 2420 1003 2476 laetabatur
1030 2420 1230 2475 animo.
1278 2418 1496 2474 Sciebat
1520 2432 1756 2487 namque
1791 2417 1889 2473 Do-

316 2510 532 2565 minum
572 2510 624 2564 in
670 2509 894 2578 hujusce
933 2509 1198 2579 sepultum
1243 2508 1407 2564 fuisse
1452 2507 1667 2577 spelaea,
1712 2507 1893 2577 ibique

321 2600 503 2658 Μαι-ιω
525 2611 587 2656 ιιι
609 2601 951 2657 hortulanum
973 2601 1289 2670 apparuisse
1313 2599 1497 2669 (Joan.
1523 2599 1636 2670 xx).
1671 2598 1896 2654 Sciebat

318 2694 511 2748 eodem
534 2692 587 2747 in
612 2692 730 2748 loco
751 2708 874 2748 eum
900 2691 1292 2756 resurrexisse,
1314 2692 1480 2746 etiam
1502 2690 1631 2745 inibi
1660 2690 1896 2744 visiones

280 2844 283 2845 γ
321 2783 595 2855 angelicas
619 2785 952 2854 apparuisse.
986 2782 1138 2839 Unde
1159 2782 1403 2852 profecto
1432 2782 1741 2836 thesaurum
1768 2779 1897 2839 εσθ-

320 2871 477 2928 diens
503 2872 557 2926 in
584 2872 759 2928 hortis
785 2872 950 2927 animi
993 2870 1274 2942 multiplici
1300 2885 1500 2941 corpus
1524 2878 1765 2925 aromate
1792 2886 1893 2924 nn-

316 2962 520 3032 guebat
548 2961 692 3018 Jesu.

683 3083 866 3140 Animo
885 3084 1168 3140 excolendo
1187 3100 1401 3156 operam
1423 3082 1536 3139 dat.

1502 354 1592 413 ne
1632 354 1789 413 vm
1828 352 1886 409 s.
1928 346 2349 409 ADALHARDI.
2806 420 2809 423 _

1897 475 1946 534 Α
1974 463 2209 529 stitatis,
2248 472 2305 518 et
2344 461 2553 518 videret
2592 461 2638 516 si
2668 459 2780 531 jatn
2827 457 2967 514 mala
3009 455 3210 511 Punica
3256 455 3553 526 genuinas-

3248 180 3305 244 ιι

3414 340 3550 394 Nili

1977 564 2117 613 sent.

2438 632 2650 710 Eloquii
2669 640 2925 694 suauitate
2953 636 3099 692 nitet.

2049 758 2136 814 10.
2167 756 2264 813 Est
2294 763 2476 811 autem
2511 755 2641 811 boni
2671 753 2772 810 viri
2801 752 3034 819 animus,
3087 759 3149 807 ut
3201 750 3337 817 dixi,
3364 749 3558 807 hortus

1976 849 2165 921 plenus
2193 846 2508 904 deliciarum
2537 843 2853 909 virtutibus,
2871 852 3033 912 atque
3063 841 3138 896 ita
3168 840 3306 896 alter
3327 838 3562 909 denique

1976 938 2286 1011 paradisus.
2308 935 2526 993 Metitur
2544 933 2671 1008 [al.,
2687 930 3001 1002 messuitur]
3026 929 3101 986 ibi
3124 929 3368 1002 myrrha,
3390 943 3564 984 mem-

1980 1033 2199 1086 brorum
2215 1028 2429 1085 scilicet
2456 1026 2822 1092 mortificatio,
2851 1040 2975 1080 cum
3006 1022 3266 1078 virtutum
3303 1021 3564 1079 aromati-

1974 1121 2113 1186 hus;
2161 1118 2436 1190 colligitur
2486 1132 2610 1172 rosa
2653 1115 2899 1189 martyrii
2939 1114 3203 1187 sanguine
3251 1113 3560 1175 rubricata;

1976 1213 2155 1268 nitent
2182 1225 2343 1282 poma
2369 1207 2717 1274 convallium,
2741 1207 3059 1263 cmlestibus
3087 1204 3389 1275 disciplinis
3417 1203 3562 1259 irro-

1977 1313 2140 1369 rata;
2184 1302 2491 1374 germinant
2535 1300 2675 1355 mala
2713 1297 2912 1354 Punica
2946 1306 3169 1369 propter
3212 1297 3568 1353 odoramenla

1986 1393 2248 1449 bonorum
2296 1398 2513 1444 actuum
2552 1408 2571 1444 :
2621 1390 2826 1459 absque
2874 1404 2939 1444 eo
2979 1388 3026 1442 si
3063 1386 3192 1458 quid
3238 1386 3570 1441 intrinsecus

1984 1481 2115 1537 latet
2140 1480 2234 1536 Dei
2275 1478 2512 1551 ﬂagrans
2552 1478 2677 1550 pius
2721 1478 2884 1533 ardor
2913 1476 3136 1532 amoris.
3164 1475 3292 1531 Inde
3320 1484 3426 1542 est,
3456 1473 3568 1529 fra-

1989 1581 2090 1636 ter,
2112 1570 2156 1626 si
2181 1569 2314 1624 velis
2343 1569 2651 1633 advertere,
2678 1565 2821 1638 quod
2848 1574 3034 1620 noster
3056 1580 3221 1621 senex
3250 1573 3393 1620 totus
3416 1578 3573 1617 ama-

1984 1660 2111 1715 bilis
2144 1668 2198 1716 et
2225 1658 2408 1714 suavis
2433 1666 2554 1713 erat
2586 1676 2598 1710 :
2626 1657 2755 1711 inde
2795 1654 2940 1727 quod
2982 1663 3138 1724 aptus
3180 1652 3327 1709 omni
3353 1652 3571 1722 eloquio
3660 1712 3668 1718 ,

1987 1748 2254 1819 puritatis.
2298 1747 2488 1802 Nonne
2528 1747 2622 1801 tibi
2652 1745 2863 1800 videtur
2891 1745 2997 1800 mel
3035 1753 3091 1800 et
3112 1744 3293 1813 lacex
3322 1744 3438 1815 ejus
3461 1742 3570 1797 lin-

1922 1829 1966 1889 Β
1988 1857 2097 1914 gua
2136 1855 2405 1905 manasse,
2442 1839 2533 1909 qui
2582 1840 2655 1893 ita
2696 1853 2753 1894 se
2802 1853 2901 1893 suo
2951 1834 3208 1892 inﬂuebat
3244 1835 3478 1906 eloquio,
3511 1842 3574 1888 ut

1992 1947 2381 2003 nonnunquam
2419 1931 2628 2001 aliquos
2658 1946 2722 1985 ac
2766 1930 2809 1985 si
2859 1928 3041 1984 ebrios
3085 1928 3338 1983 redderet
3370 1924 3574 1982 sancti-

1996 2036 2135 2092 tate;
2164 2040 2356 2081 omnes
2390 2040 2518 2081 vero
2545 2023 2648 2080 sibi
2690 2022 2966 2078 conne’ms
3003 2037 3115 2093 ptas
3143 2020 3361 2077 dulcore
3406 2018 3575 2074 nimio

1993 2114 2238 2171 faciens?
2267 2121 2321 2169 et
2347 2112 2477 2184 quid
2499 2111 2643 2167 aliud
2665 2119 2823 2166 erant
2863 2109 2980 2181 ejus
3027 2109 3189 2171 labia,
3222 2124 3384 2179 quam
3413 2106 3577 2163 favus

1995 2208 2299 2264 distillans?
2324 2216 2380 2261 et
2404 2217 2463 2260 ut
2482 2205 2645 2260 altius
2674 2204 2873 2268 dicam,
2893 2202 3019 2273 quid
3050 2201 3195 2258 aliud
3225 2217 3385 2271 quam
3412 2216 3576 2272 orga-

1997 2316 2123 2356 num
2148 2299 2320 2355 sancti
2348 2295 2623 2368 Spiritus?
2651 2295 2892 2365 alioquin
2924 2295 3161 2349 huntana
3181 2308 3286 2348 non
3311 2293 3579 2362 potuisset

1996 2388 2401 2460 apprehendere
2428 2385 2695 2456 sapientia
2736 2400 2857 2454 quae
2885 2384 3210 2453 loquebatur
3247 2400 3262 2437 :
3300 2382 3460 2453 plena
3484 2383 3579 2436 de-

1997 2481 2157 2550 nique
2205 2478 2507 2534 sanctitatis
2556 2490 2780 2533 munere
2826 2476 2990 2531 verba
3052 2474 3264 2532 caelesti
3317 2474 3579 2530 manabat

1994 2570 2121 2644 [αι.
2152 2567 2463 2640 manabant]
2495 2567 2739 2624 oraculo.

2091 2705 2322 2786 Suarum
2350 2717 2655 2773 congressus
2683 2699 2815 2771 fugit
2849 2709 2896 2753 et
2922 2696 3172 2754 Casinum
3198 2715 3253 2753 se
3281 2697 3483 2769 recipit.

2067 2815 2154 2870 tl.
2180 2813 2281 2882 Qui
2319 2827 2442 2868 cum
2475 2811 2616 2868 idem
2647 2811 2720 2866 ita
2752 2809 2911 2882 longe
2937 2809 3139 2880 diuque
3160 2824 3191 2864 a
3210 2817 3416 2864 sancto
3445 2822 3575 2879 age-

1998 2914 2150 2961 retur
2192 2902 2418 2974 Spiritu,
2453 2901 2770 2958 recordatus
2814 2902 3069 2971 praecepti
3117 2900 3352 2955 Abrahae
3411 2898 3579 2955 fuisse

1996 2994 2217 3057 dicitur,
2271 2992 2367 3047 ubi
2412 2981 2587 3061 inquit
2633 2989 2914 3060 Scriptura
2961 3006 2976 3043 :
3014 2987 3119 3044 Exi
3153 2988 3217 3044 de
3247 2998 3387 3043 terra
3429 2997 3479 3042 et
3518 2992 3583 3042 de

1996 3083 2308 3154 cognatione
2333 3089 2446 3146 tua,
2477 3090 2523 3153 et
2564 3080 2629 3134 de
2657 3078 2813 3133 domo
2842 3078 3007 3150 patris
3033 3078 3135 3145 tui,
3162 3095 3224 3135 ac
3255 3080 3366 3134 veni
3406 3079 3460 3133 in
3485 3088 3587 3132 ter-

395 3195 536 3262 Quid
568 3204 717 3261 tunc,
742 3205 919 3266 putas,
953 3197 1185 3263 dicebat,
1217 3196 1310 3253 tali
1340 3197 1661 3269 astipulatus
1690 3195 1896 3254 cilicio?

2004 3189 2121 3227 ram
2152 3187 2312 3242 quant
2356 3181 2711 3225 monstravere
2744 3168 2840 3222 tibi
2874 3166 3029 3239 (Gen.
3073 3182 3170 3230 ιιι,
3220 3168 3296 3238 1).
3327 3166 3428 3234 Qui
3460 3181 3584 3221 cum

326 3285 392 3339 Ni
421 3283 595 3349 fallor,
643 3284 874 3350 dicebat,
911 3287 980 3358 (si
1025 3302 1134 3342 non
1182 3301 1336 3353 voce,
1384 3288 1582 3344 mentis
1614 3298 1792 3344 tamen
1821 3288 1901 3342 af-

323 3373 496 3445 fectu)
518 3371 755 3440 dicebat,
780 3375 998 3444 inquam
1022 3393 1043 3431 ς
1064 3374 1260 3432 Veniat
1276 3375 1505 3432 dilectus
1527 3391 1679 3432 meus
1702 3377 1756 3432 in
1780 3377 1903 3431 hor-

327 3471 442 3518 tum
464 3478 620 3518 suum
650 3464 849 3519 virtute
880 3467 1173 3532 consitum,
1201 3476 1259 3523 et
1295 3469 1543 3524 comedat
1585 3469 1792 3525 fructus
1814 3485 1905 3539 po-

328 3568 539 3608 morum
566 3569 786 3610 suorum
820 3553 995 3626 (Cant.
1029 3555 1103 3628 v).
1133 3557 1300 3612 Erant
1332 3558 1496 3629 igitur
1529 3556 1604 3612 illi
1641 3557 1696 3612 in
1722 3557 1904 3616 animo

325 3643 543 3699 diversa
581 3645 841 3701 virtutum
880 3646 1061 3713 olera;
1106 3655 1164 3702 et
1196 3647 1400 3702 idcirco
1427 3646 1630 3703 dixisse
1655 3664 1760 3703 non
1791 3665 1905 3703 am-

325 3734 551 3805 bigitur,
577 3743 640 3790 ut
665 3736 914 3792 comedat
939 3735 1147 3793 fructus
1169 3751 1455 3808 pomorum
1497 3751 1716 3793 suorum
1740 3755 1756 3792 :
1780 3753 1904 3794 suo-

326 3840 472 3891 rum,
503 3826 758 3897 inquam,
777 3828 903 3898 quia
940 3843 1047 3884 non
1087 3828 1213 3894 sibi,
1240 3828 1337 3884 sed
1360 3828 1581 3884 Domini
1612 3828 1906 3899 applaude-

328 3916 424 3973 bat
442 3918 651 3988 gratiae,
681 3917 725 3973 si
753 3919 883 3988 quid
910 3918 1036 3974 boni
1075 3926 1254 3974 mente
1277 3925 1534 3989 gestaret.
1562 3917 1667 3983 Alii
1694 3918 1907 3976 labores

327 4019 582 4075 agrorum
618 4021 784 4077 super
808 4007 1057 4064 excolunt
1106 4024 1269 4080 quam
1312 4009 1541 4064 virtutes
1583 4009 1748 4064 animi
1776 4012 1907 4067 obe-

330 4093 549 4149 dientia-
571 4108 733 4152 causa
758 4096 965 4152 defensi
996 4114 1010 4151 :
1039 4097 1141 4153 iste
1187 4097 1310 4151 talia
1347 4113 1455 4152 non
1487 4097 1746 4154 omittens
1779 4097 1906 4152 bor-

331 4194 447 4240 tum
474 4184 787 4241 deliciarum
824 4187 1063 4242 animam
1089 4204 1243 4243 suam
1274 4188 1506 4244 Domino
1547 4204 1903 4259 consecrave-

334 4286 439 4331 rat.
484 4276 707 4332 Fecerat
737 4278 881 4334 enim
923 4281 1065 4349 quod
1093 4281 1163 4335 ab
1191 4295 1256 4337 eo
1282 4280 1384 4336 sibi
1413 4280 1616 4336 dictum
1646 4281 1905 4336 memine-

330 4376 419 4424 rat
448 4386 461 4421 :
493 4366 640 4423 Pone
668 4385 748 4423 me
770 4370 903 4425 sicut
931 4371 1260 4442 signaculum
1285 4388 1407 4443 ergo
1431 4388 1521 4426 cor
1548 4382 1697 4427 tuum
1724 4372 1903 4445 (Cant.

330 4470 451 4521 vin,
476 4456 532 4526 6)
565 4474 579 4510 :
613 4472 721 4527 quo
741 4458 992 4528 praesidio
1026 4459 1254 4516 vallatus
1283 4475 1466 4516 secum
1497 4461 1549 4516 in
1584 4462 1767 4517 animo
1793 4462 1902 4517 Do-

332 4548 465 4602 mini
490 4548 660 4617 magis
688 4548 1063 4606 delectabatur
1087 4551 1376 4620 colloquio,
1400 4566 1562 4620 quam
1594 4567 1773 4607 rerum
1802 4568 1900 4607 ne-

330 4637 493 4706 gotiis
543 4639 935 4709 temporalium.
969 4638 1335 4694 Descenderat
1367 4641 1511 4694 enim
1542 4640 1786 4710 profecto
1820 4643 1902 4696 di-

329 4725 505 4781 lectus
543 4727 661 4797 ejus
686 4727 935 4784 Christus
976 4729 1193 4785 hortum
1234 4728 1405 4783 atiimi
1442 4728 1584 4783 illius
1627 4729 1900 4784 invisere:

329 4817 689 4873 descenderat
727 4819 914 4890 utiq’ue
942 4819 1011 4874 ad
1048 4818 1288 4874 areolam
1329 4817 1610 4883 aromatis,
1660 4826 1717 4872 et
1756 4817 1905 4872 ineo

331 4907 591 4961 virtutum
618 4907 825 4963 deliciis
850 4909 1176 4978 pascebatur
1208 4925 1221 4961 :
1260 4907 1453 4963 hortus
1480 4914 1660 4961 autem
1689 4905 1908 4961 delicia-

332 5012 451 5051 rum
478 5011 545 5052 eo
565 5006 787 5054 vocatus
803 5009 884 5055 est
906 4999 1210 5070 paradisus,
1235 4998 1377 5069 quod
1409 4996 1726 5068 intelligitur
1753 5011 1903 5053 mens

329 5086 588 5163 hominis,
615 5091 743 5160 quia
772 5090 920 5147 Eden
941 5095 1122 5145 hortus
1151 5091 1461 5144 deliciarum
1482 5089 1901 5158 interpretatur;

320 5176 477 5237 unde
520 5188 576 5235 et
608 5180 825 5250 quidam
854 5179 1140 5237 ﬂorentem
1187 5195 1312 5236 eum
1361 5180 1632 5235 dixerunt.
1670 5179 1906 5234 Descen-

331 5266 487 5322 derat
524 5283 653 5340 ergo
699 5270 755 5325 in
808 5287 873 5326 eo
915 5271 1186 5337 Christus,
1228 5280 1286 5324 ut
1333 5269 1445 5324 lilia
1494 5268 1773 5340 colligeret
1812 5284 1903 5323 ca-

403 5450 431 5479 ι
452 5439 789 5496 Adalbardus
809 5441 861 5495 in
882 5440 1208 5497 Corbeiense
1230 5439 1613 5495 monasterium
1634 5437 1902 5494 admissus

328 5507 760 5590 gliordram‘no
779 5512 976 5590 dicitur
1015 5512 1075 5567 in
1095 5509 1303 5590 _fusiori
1353 5510 1525 5590 Gallia
1565 5508 1899 5590 Christiana.

333 5576 513 5639 Halim
553 5579 621 5635 ab
645 5579 867 5637 Addone
910 5582 1030 5649 ejus
1076 5581 1382 5646 decessore,
1414 5579 1461 5636 is
1488 5577 1580 5649 qui
1618 5577 1901 5637 Corbeiam

334 5649 557 5721 regebat
596 5649 772 5721 Caroli
811 5648 987 5721 Magni
1016 5665 1159 5721 anno
1202 5651 1378 5721 primo
1405 5648 1578 5721 regni,
1606 5655 1666 5703 ut
1688 5658 1906 5704 constat

333 5732 400 5773 ex
432 5719 579 5786 regio
608 5718 1133 5778 dinlomate'Addoni
1168 5718 1443 5797 concesso.
1468 5718 1746 5777 Addonem
1768 5733 1905 5789 pra:-

774 5815 1045 5877 ΡΑτιιοι.
1081 5814 1276 5874 CXX.

2000 3278 2186 3318 secum
2225 3259 2352 3316 talia
2377 3258 2720 3324 contulisset,
2765 3256 2934 3328 coepit
2972 3257 3115 3311 intra
3149 3270 3209 3311 se
3251 3256 3501 3310 meditari
3532 3263 3589 3308 et

2002 3354 2210 3433 dicere,
2259 3349 2403 3422 quod
2460 3350 2696 3405 nondum
2752 3350 2854 3404 hoc
2906 3346 3165 3419 praecepti
3201 3360 3371 3417 genus
3419 3358 3586 3414 opere

2003 3443 2385 3516 complevisset
2425 3459 2438 3497 :
2478 3442 2570 3513 qui
2619 3442 2665 3497 si
2717 3449 2898 3497 mente
2947 3440 3242 3510 reliquerat
3279 3437 3584 3493 nativitatis

2001 3535 2201 3600 solum,
2230 3532 2517 3603 reputabat
2541 3532 2685 3602 quod
2711 3532 2886 3588 adhuc
2924 3545 3153 3603 corpore
3191 3530 3500 3594 interesset,
3531 3538 3589 3583 et

2002 3629 2048 3683 si
2068 3628 2229 3699 juxta
2258 3624 2531 3696 Evangelii
2559 3633 2887 3696 praeceptum
2916 3621 3112 3695 (Marc.
3140 3620 3231 3695 x),
3256 3631 3466 3692 patrem
3494 3628 3589 3673 aut

2006 3727 2234 3774 matrem
2262 3726 2358 3773 aut
2383 3726 2645 3787 cognatos
2666 3716 2783 3789 jam
2816 3715 3127 3785 reliquerat,
3162 3723 3221 3769 ut
3252 3713 3361 3768 Deo
3391 3713 3587 3784 dignus

2005 3809 2295 3867 haberetur
2314 3807 2610 3879 discipulus
2631 3847 2647 3875 ,
2676 3807 2854 3863 adhuc
2880 3807 3043 3862 etiam
3067 3805 3299 3876 amplius
3328 3803 3585 3859 molesta-

2004 3902 2167 3960 batur
2196 3918 2211 3955 :
2244 3900 2393 3971 quia,
2434 3897 2564 3954 licet
2601 3912 2700 3971 pro
2728 3896 3006 3968 dignitatis
3036 3910 3256 3968 genere,
3282 3893 3483 3965 saepius
3509 3901 3588 3947 ta-

2005 4009 2130 4052 men
2159 4009 2282 4050 eum
2312 3990 2591 4048 invisendo
2614 3989 2899 4062 propinqui
2927 3996 2983 4045 et
3008 3986 3120 4043 noti
3147 3986 3584 4057 frequentarent,

2002 4098 2167 4156 quam
2205 4070 2373 4154 quieti
2421 4081 2524 4136 viri
2572 4079 2787 4135 animus
2837 4076 3196 4149 poposcisset.
3230 4075 3349 4142 Quo
3384 4072 3587 4127 factum

2005 4183 2109 4241 est,
2150 4181 2210 4228 ut
2236 4172 2379 4228 illico
2400 4170 2539 4227 alter
2563 4170 2709 4226 Elias
2739 4169 2862 4241 fuga
2888 4168 3182 4234 laberetur,
3210 4181 3316 4222 non
3343 4164 3587 4228 Jezahcl,

2004 4266 2102 4323 sed
2127 4265 2313 4322 carnis
2337 4263 2548 4336 fugiens
2573 4262 2924 4334 voluptatem.
2953 4260 3243 4330 Quaerebat
3264 4260 3407 4316 enim
3436 4272 3589 4315 seve-

2008 4372 2102 4413 rus
2140 4355 2342 4415 Christi
2371 4354 2526 4410 miles
2564 4351 2824 4424 effugere,
2855 4360 2917 4408 ut
2942 4365 3063 4408 sese
3091 4347 3588 4422 fugiendopleuius

2010 4445 2278 4501 inveniret
2306 4461 2320 4498 :
2352 4452 2514 4514 atque
2544 4443 2619 4497 ita
2647 4442 2740 4512 qui
2772 4440 2971 4497 dudum
2996 4439 3173 4495 fuerat
3195 4437 3382 4492 multis
3424 4434 3583 4491 fulci-

1933 4520 1980 4579 Ῑ)
2008 4549 2093 4592 tus
2137 4535 2629 4591 blandimentorum
2675 4531 2980 4602 obsequiis,
3028 4528 3206 4585 factus
3247 4537 3332 4584 est
3388 4527 3580 4598 hospes

2007 4626 2459 4699 peregrinationis
2502 4643 2515 4679 :
2559 4639 2663 4680 non
2726 4623 2931 4679 habens
2978 4637 3103 4679 cum
3142 4621 3361 4678 Christo
3412 4617 3580 4688 (quod

2006 4716 2281 4786 egregium
2323 4713 2553 4770 habendi
2586 4727 2757 4783 genus
2790 4712 2894 4784 est)
2927 4711 3124 4769 saltem
3155 4710 3245 4765 ubi
3290 4716 3451 4778 caput
3499 4720 3580 4760 re-

2007 4806 2189 4862 clinct.
2220 4806 2408 4882 Itaque
2439 4805 2520 4861 sic
2556 4819 2614 4859 se
2645 4803 2858 4877 fugiens
2885 4812 2944 4858 ut
2980 4818 3041 4859 se
3070 4801 3353 4862 inveniret,
3388 4812 3584 4868 perve-

2009 4899 2087 4953 nit
2115 4912 2298 4954 secum
2324 4898 2379 4953 in
2401 4897 2722 4952 fortitudine
2748 4896 2899 4952 verbi
2930 4898 3103 4963 usque
3130 4893 3196 4947 ad
3222 4899 3464 4947 montem
3488 4888 3584 4944 Cap

2006 4991 2209 5056 sinum,
2232 4988 2421 5045 nolens
2448 4988 2635 5059 patria:
2661 5001 2989 5059 cognoscere
3019 4998 3200 5048 curas,
3227 4996 3403 5051 neque
3440 4995 3582 5049 prae-

2006 5086 2174 5141 dicari
2200 5085 2265 5141 de
2291 5099 2349 5140 se
2374 5093 2536 5140 vento
2559 5082 2837 5153 jactantia:
2859 5079 3064 5136 laudes.
3088 5076 3372 5149 Cogitabat
3400 5066 3582 5335 arm

2006 5176 2181 5232 solum
2204 5191 2265 5233 se
2292 5175 2429 5231 velle
2471 5183 2677 5251 tantum
2725 5172 3050 5245 percepisse,
3079 5170 3304 5226 necdum
3332 5167 3403 5231 ,di
3464 5180 3582 5220 sum

2006 5284 2035 5324 a
2058 5267 2224 5333 vitiis,
2246 5282 2536 5335 ,quousqne
2585 5274 2888 5320 moraretur
2937 5261 3077 5319 infra
3106 5260 3296 5332 patria:
3330 5257 3400 5314 fin
3437 5271 3484 5311 s.
3500 5255 3582 5335 ¹εῑι

2005 5176 2181 5232 solum
2204 5191 2265 5233 se
2292 5175 2429 5231 velle
2471 5183 2677 5251 tantum
2725 5172 3050 5245 percepisse,
3079 5170 3304 5226 necdum
3332 5167 3582 5251 ,di’snm

3476 5255 3583 5402 ἐκ

2010 5452 2253 5498 cesserat
2278 5440 2609 5511 Leodgarius
2649 5449 2745 5511 seu
2789 5435 3125 5511 Leudgttritts
3156 5430 3581 5511 Leudharinsve.

2009 5512 2100 5582 ιιμὶ
2123 5527 2266 5582 anno
2284 5512 2390 5569 865
2411 5503 2620 5582 s'ynodo
2632 5503 3585 5582 (Attiniacensisubscripsisserepe-

2009 5574 2150 5637 ritur
2172 5581 2226 5637 in
2247 5574 2535 5637 Labbeana
2559 5580 2796 5635 editione
2816 5576 3201 5634 Ccnciliorum.
3226 5574 3325 5630 llic
3345 5579 3429 5627 est
3446 5574 3585 5637 Leu-

2008 5651 2232 5708 charius
2281 5650 2470 5715 abbas,
2525 5650 2631 5720 quij
2665 5650 2906 5705 scribere
2945 5646 3108 5717 jussit
3149 5640 3584 5711 Commentdrios

2011 5721 2183 5780 sancti
2219 5720 2487 5777 Ambrosii
2516 5719 2569 5775 in
2607 5719 2831 5775 Lucam.
3464 5720 3551 5779 ’τ’

3111 5802 3193 5871 58

2005 5284 2035 5324 a
2058 5267 2224 5333 vitiis,
2246 5282 2536 5338 ,quousqne
2585 5274 2888 5320 moraretur
2937 5261 3077 5319 infra
3106 5260 3296 5332 patria:
3330 5257 3464 5335 finfs
