4122 6324
555 345 694 404 15ιὸ

1339 341 1396 396 S.
1439 337 1790 395 PASCIIASII
1831 330 2176 391 llADBEllTI
2216 330 2508 385 ABBATIS
2545 328 2996 386 CURBICIICNSIS

3683 323 3816 379 1516

552 479 620 515 ne
647 475 833 516 rursus
854 459 1007 514 novis
1034 456 1229 513 diaboli
1263 455 1466 510 retibus
1487 457 1763 523 ligaretur,
1795 451 1963 506 exivit
1987 449 2128 503 ultra
2161 449 2206 508 Α
2237 455 2375 508 utar,
2409 447 2518 501 sint
2558 446 2799 500 nonnulli
2837 445 3066 500 ditiores
3107 440 3379 505 monachi,
3425 455 3587 509 quam
3624 437 3822 492 fuerint

550 568 610 606 se
642 551 842 606 vadens
887 551 931 604 si
980 547 1251 618 quomodo
1297 556 1477 617 posset
1524 546 1693 600 relatu
1739 542 1985 597 veritatis
2014 539 2129 594 edi-

551 656 678 697 cere
705 659 720 698 :
763 638 884 693 Viro
905 649 1076 693 autem
1097 638 1212 708 jam
1242 654 1342 691 non
1371 653 1486 708 ego,
1515 637 1632 690 virit
1660 651 1777 689 vero
1802 634 1854 686 in
1875 648 1954 685 me
1981 629 2129 684 Chri-

552 745 665 788 stus
695 731 839 803 (Gal.
873 746 931 794 ιι,
954 731 1068 801 9.0).

979 841 1055 894 Ab
1078 841 1393 894 anachoreta
1425 838 1684 908 detegitur

599 935 718 1006 '12.
751 950 819 1004 At
852 949 940 1004 ubi
971 950 1043 1003 ita
1077 949 1328 1003 conscius
1363 949 1509 1000 venit
1537 944 1815 1005 Casinum,
1839 957 1946 1012 quo
1970 941 2135 996 totius

555 1048 678 1102 lous
709 1043 988 1116 religionis
1007 1053 1059 1099 ct
1083 1044 1234 1113 origo
1256 1042 1574 1112 putabatur;
1615 1046 1898 1106 susceptus
1919 1035 2137 1105 quidem

555 1154 590 1190 a
623 1133 787 1191 Patre
828 1147 855 1174 ει
901 1133 1215 1187 monasterii
1248 1149 1262 1185 ;
1290 1131 1386 1184 sed
1439 1129 1528 1182 Dei
1579 1128 1898 1195 disponente
1932 1123 2140 1191 judicio

555 1228 627 1282 ibi
668 1241 791 1280 eum
824 1223 1100 1296 paululum
1145 1223 1296 1276 licuit
1323 1218 1621 1274 immorari.
1667 1218 1862 1270 Fertur
1903 1229 2136 1284 namque

553 1317 699 1388 quod
729 1314 872 1370 illico
897 1314 1114 1384 quidam
1146 1313 1198 1367 ei
1219 1314 1547 1365 anachoreta
1580 1308 1630 1361 in
1655 1306 1784 1376 spiri
1814 1321 1845 1357 ιι
1881 1304 1972 1358 Dei
1997 1319 2138 1372 prae-

555 1405 762 1461 diceret
800 1405 1021 1475 quinam
1075 1414 1129 1457 et
1169 1401 1310 1456 unde
1341 1409 1507 1464 esset,
1544 1406 1599 1453 ct
1629 1399 1698 1451 ob
1725 1411 1887 1466 quam
1917 1410 2137 1450 causam

549 1513 620 1552 eo
646 1513 817 1567 usque
845 1495 1155 1552 advenisset
1189 1513 1203 1548 :
1235 1509 1300 1549 ac
1328 1492 1521 1548 deinde
1552 1499 1673 1561 post
1701 1489 1967 1543 modicum
1997 1504 2135 1558 prae-

549 1589 682 1645 dicit
715 1589 1045 1645 adventuros
1086 1586 1230 1658 regis
1259 1585 1500 1648 nuntios,
1525 1583 1616 1653 qui
1649 1597 1775 1637 eum
1806 1588 2134 1650 repeterent,

551 1695 757 1750 suoque
788 1679 841 1734 in
855 1675 990 1734 lloco
1019 1677 1387 1732 restituerent.
1415 1675 1567 1742 Quod
1591 1672 1679 1728 ille
1705 1671 1928 1727 audiens
1951 1672 2138 1726 turba-

549 1769 710 1822 batur
740 1767 1032 1838 plurimum
1069 1767 1213 1838 quod
1250 1765 1396 1821 votis
1442 1779 1700 1834 prospera
1732 1778 1838 1817 non
1881 1762 2135 1816 succede-

552 1865 671 1910 rent
701 1875 714 1910 :
739 1857 831 1926 qui
859 1871 1142 1910 assumens
1172 1854 1315 1909 illico
1344 1853 1594 1907 abbatem
1625 1851 1726 1906 loci
1756 1850 1917 1913 illius,
1948 1848 2133 1903 retulit

551 1950 600 2002 ei
659 1964 755 2003 sua
804 1963 1063 2020 qumque,
1115 1962 1312 2018 rogans
1355 1955 1518 2016 atque
1557 1947 1882 2005 obsecrans,
1929 1941 1972 1995 si
2025 1954 2136 2009 quo

555 2039 715 2093 modo
741 2047 922 2108 posset
947 2037 1225 2108 ell'ugeret,
1254 2035 1550 2091 clementer
1587 2042 1868 2096 annuerct,
1902 2046 2009 2101 quo
2037 2045 2135 2085 no-

556 2145 679 2182 men
709 2129 852 2183 illius
885 2130 1026 2183 ultra
1053 2129 1218 2184 etiam
1247 2144 1346 2183 nec
1367 2143 1397 2182 a
1426 2127 1581 2197 longe
1606 2125 1886 2180 audiretur

1025 2243 1310 2298 Redueitur
1337 2244 1389 2297 in
1414 2240 1660 2295 Calliam.

629 2359 715 2412 15.
756 2357 861 2412 Sed
887 2358 1281 2428 prmoecupavit
1317 2358 1458 2412 Dens
1483 2371 1606 2410 mox
1637 2369 1824 2410 eorum
1854 2349 2076 2407 consilia
2115 2367 2130 2404 :

555 2459 611 2504 et
636 2451 762 2505 dum
797 2467 977 2505 moras
1010 2450 1217 2504 iaciunt
1246 2450 1550 2514 evolvendi,
1571 2449 1828 2503 continuo
1855 2460 2130 2516 praeoccu-

553 2553 713 2611 patur
735 2543 958 2604 nuntiis,
996 2542 1086 2611 qui
1123 2551 1368 2595 tenentes
1415 2556 1539 2594 eum
1583 2545 1910 2594 reduxerunt
1950 2537 2003 2591 in
2035 2552 2133 2607 pa-

555 2631 736 2685 triam.
761 2631 905 2699 Quid
932 2633 1123 2701 putas?
1147 2648 1307 2701 quam
1339 2646 1559 2685 amarus
1578 2638 1694 2684 erat
1715 2629 1951 2693 animus,
1971 2643 2136 2697 quam

559 2733 806 2786 maestus,
843 2723 967 2792 quia
991 2721 1054 2775 ad
1088 2721 1274 2792 patria:
1318 2723 1451 2776 lines
1495 2729 1548 2776 et
1593 2720 1771 2776 dulcia
1796 2719 1998 2790 proprii
2034 2717 2134 2774 soli

555 2824 684 2867 arva
732 2813 934 2867 invitus
971 2813 1199 2867 rediret!
1239 2811 1474 2866 Audiant
1506 2811 1670 2883 igitur
1716 2809 2018 2879 huiusmodi
2049 2809 2134 2863 vi-

555 2920 675 2960 rum
708 2907 876 2961 nostri
908 2906 1160 2960 concivcs
1205 2905 1451 2959 monachi
1497 2905 1587 2974 qui
1625 2904 1754 2959 lenti
1789 2902 2135 2972 requiescunt

558 2998 872 3051 umbrarum
904 2994 1374 3066 delibuti'foligine
1408 3012 1421 3048 :
1449 2995 1670 3048 audiant
1695 2993 1928 3064 quipost
1950 3007 2008 3046 se
2035 3007 2136 3045 sre-

558 3089 814 3142 rularium
865 3103 1058 3160 greges
1107 3089 1325 3143 tralulnt
1359 3107 1370 3140 :
1404 3088 1646 3150 audiant,
1703 3087 1944 3156 inquam,
1987 3086 2134 3155 quod

557 3197 664 3236 non
711 3179 845 3236 satis
888 3189 1060 3235 tutum
1106 3183 1176 3236 sit
1225 3196 1444 3236 suorum
1491 3195 1550 3234 se
1588 3177 1801 3233 deliniri
1845 3185 2132 3248 parentum
2162 3157 2208 3221 (ἶ

555 3273 858 3329 τιΠεεῑίΙιαε.
889 3271 1139 3328 Christus
1181 3289 1307 3343 ergo
1338 3281 1566 3327 matrem
1620 3271 1790 3325 nescit
1823 3279 1876 3326 et
1913 3270 2135 3341 ignorat

555 3363 774 3427 fratres,
807 3372 863 3416 ut
894 3377 1075 3416 veram
1112 3362 1266 3416 nobis
1307 3361 1504 3415 mentis
1533 3360 1780 3415 ostendat
1831 3358 2138 3413 lraternita-

557 3467 664 3513 tem
698 3473 710 3508 :
745 3455 961 3526 Siquis,
995 3454 1188 3524 inquit,
1221 3453 1398 3523 fecerit
1444 3452 1762 3508 voluntatem
1797 3449 1975 3505 Patris
2014 3451 2137 3517 mei,

552 3549 642 3618 qui
666 3549 717 3600 in
744 3545 885 3601 caelis
929 3552 1029 3610 est,
1071 3545 1178 3614 ipse
1206 3561 1348 3598 metu
1392 3543 1574 3613 frater,
1603 3559 1754 3597 soror
1794 3552 1842 3597 et
1875 3553 2041 3596 mater
2065 3551 2139 3595 est

555 3636 772 3706 (.ltatth.
805 3652 903 3700 xu,
925 3635 1038 3698 50).
1068 3634 1270 3689 Deinde
1301 3643 1519 3688 revocat
1557 3633 1880 3704 discipulum
1922 3633 1990 3687 ab
2019 3631 2137 3688 olli-

477 3761 481 3764 -
554 3729 640 3783 cio
664 3727 873 3783 funeris
916 3743 982 3781 ne
1019 3735 1226 3798 patrem
1255 3725 1412 3779 liccat
1455 3725 1684 3794 sepelire
1727 3724 1912 3780 debito
1960 3724 2141 3780 carnis

549 3820 671 3888 jure
697 3835 713 3874 :
743 3818 886 3883 Sine,
918 3819 1114 3888 inquit,
1145 3828 1377 3871 mortuos
1400 3816 1614 3886 sepelire
1655 3826 1886 3869 mortuos
1908 3832 2052 3880 suos,
2086 3825 2142 3870 tu

559 3925 735 3966 «idem
768 3929 979 3983 sequere
1005 3909 1325 3981 mellllattlr.
1357 3926 1474 3974 vm,
1503 3910 1613 3978 2'2).
1646 3908 1757 3963 lloc
1786 3909 1950 3979 igitur
1972 3917 2140 3963 totum

555 4010 782 4056 noverat
826 4001 946 4072 pius
982 4015 1145 4055 senex
1173 4011 1374 4082 .nos:er
1404 4016 1417 4052 :
1449 4009 1503 4055 et
1541 4000 1662 4054 ideo
1693 3999 1878 4068 lugere
1914 3997 2142 4053 festina-

558 4092 649 4147 bat
677 4107 708 4146 e
745 4093 922 4146 medio
962 4091 1163 4145 civium
1193 4105 1434 4145 suorum.
1471 4089 1880 4145 Recordabatur
1909 4103 2145 4159 namque

555 4182 702 4251 quod
728 4179 886 4236 Jesus
917 4195 1020 4234 non
1053 4181 1122 4234 sit
1153 4180 1301 4249 signa
1332 4188 1586 4249 operatus
1622 4180 1675 4233 in
1720 4179 1894 4250 patria
1926 4199 1939 4233 :
1971 4195 2146 4250 neque

558 4271 820 4342 propheta
844 4270 914 4325 sit
939 4270 1056 4324 sine
1079 4270 1302 4333 honore,
1327 4270 1429 4324 nisi
1463 4270 1515 4324 in
1544 4270 1762 4340 proprio
1785 4270 1899 4325 solo
1925 4269 2142 4342 (Matth.

559 4364 698 4433 xui).
754 4362 852 4418 Hic.
899 4370 1079 4416 autem
1112 4361 1316 4416 honore
1360 4360 1542 4415 mundi
1586 4361 1916 4432 exspoliatus
1942 4361 2145 4416 idcirco

562 4451 854 4508 festinabat
905 4451 1054 4506 exire
1097 4450 1385 4505 charorum
1418 4448 1663 4516 vinculis,
1701 4458 1759 4504 ut
1793 4465 1922 4506 vere
1961 4459 2147 4521 posset

561 4543 661 4596 sibi
696 4541 892 4597 mentis
939 4542 1197 4594 honorem
1243 4539 1536 4605 asciscere,
1569 4547 1731 4610 atque
1757 4542 1839 4609 (ut
1872 4539 2037 4593 altius
2067 4539 2148 4594 di-

561 4637 705 4706 cam)
744 4633 1042 4705 angelicam
1097 4633 1148 4686 in
1198 4632 1356 4687 terris
1398 4633 1596 4704 degere
1634 4633 1819 4688 vitam.
1851 4631 2149 4688 Videbatur

562 4741 668 4778 non
710 4723 846 4778 satis
877 4736 1080 4791 pauper
1102 4735 1259 4790 posse
1292 4721 1406 4775 lieri
1439 4721 1491 4774 in
1524 4722 1699 4777 medio
1722 4729 2006 4791 parentum
2029 4736 2150 4776 suo-

566 4830 701 4877 rum,
735 4815 828 4884 qui
874 4811 1020 4882 regni
1056 4810 1327 4882 pollehaat
1359 4811 1583 4876 honore,
1614 4820 1668 4866 et
1707 4812 2016 4866 divitiarum
2059 4826 2149 4866 co-

563 4905 668 4975 piis
701 4903 1029 4967 renitebanl,
1059 4911 1114 4957 et
1145 4903 1265 4956 ideo
1294 4903 1553 4972 disruptis
1592 4902 1820 4958 vinculis
1870 4903 2003 4957 clari
2052 4919 2151 4957 no-

566 4997 750 5060 minis,
785 4996 950 5052 vdluit
991 5009 1197 5064 panper
1229 4995 1344 5048 lieri
1389 4994 1506 5048 sine
1534 4994 1848 5058 ambitione,
1877 4994 2153 5064 quondam

567 5086 828 5154 locuples.
859 5085 965 5138 Sed
993 5084 1075 5138 sui
1106 5091 1452 5152 contemptor
1488 5083 1720 5138 eximius
1748 5091 2068 5152 paupertate
2097 5083 2158 5137 lit

571 5178 839 5242 ornatior,
864 5178 985 5247 luga
1013 5175 1234 5240 clarior,
1254 5175 1458 5228 vilitate
1485 5174 1808 5229 humilitatis
1833 5174 2114 5229 sublimior
2137 5191 2152 5230 :

573 5281 627 5325 et
669 5279 726 5325 ut
766 5269 908 5324 beati
960 5267 1270 5336 Hieronymi
1307 5265 1485 5320 verbis
1531 5264 1726 5335 (Epist.
1759 5264 1794 5318 2
1833 5265 1903 5318 ad
1935 5262 2156 5334 Nepot.)

645 5437 669 5465 ι
702 5423 965 5478 Nimirum
994 5437 1023 5476 a
1061 5421 1290 5486 Potone,
1337 5423 1388 5476 ni
1447 5421 1624 5486 fallor,
1652 5423 1740 5492 qui
1773 5421 1841 5475 ab
1863 5437 2006 5476 anno
2037 5421 2153 5478 lere

569 5496 665 5548 ’771
723 5495 782 5548 in
837 5509 1008 5547 annos
1057 5507 1151 5546 sex
1190 5492 1386 5546 Casino
1431 5493 1666 5562 praefuit.
1712 5493 2151 5548 'l‘heodemarum

571 5565 1209 5617 suminis-successorem.
1240 5561 1292 5615 In
1320 5561 1499 5616 libello
1527 5564 1593 5616 de
1617 5562 1992 5617 'l'ranslatione
2022 5578 2156 5617 san-

573 5635 644 5685 cti
683 5633 786 5686 Viti
808 5632 1160 5686 'Adalbardus
1199 5632 1328 5684 alter
1363 5649 1487 5686 cum
1514 5633 1818 5687 Adalbartln
1851 5635 2155 5687 nosti-otia-

561 5703 752 5755 siuutu
783 5704 1074 5755 secessisse
1099 5700 1310 5754 dicitur.
1344 5704 1495 5769 Quod
1524 5720 1619 5756 cur
1664 5705 1793 5757 mihi
1842 5714 2153 5760 susum-{mu

1035 5779 1044 5800 \

2175 4505 2226 4565 D

2235 535 2519 589 szeculares
2561 535 2921 606 :possideant
2973 549 3104 604 opes
3147 533 3244 588 sub
3283 544 3519 600 paupere
3571 528 3816 590 Christo,

2240 638 2376 691 quas
2405 623 2505 677 sub
2526 623 2787 694 locuplete
2815 633 2868 677 et
2891 623 3078 678 l'allace
3109 620 3322 676 diabolo
3351 634 3458 674 non
3480 619 3781 673 habuerant
3810 635 3822 668 :

2238 720 2295 766 ut
2317 712 2555 782 suspiret
2588 727 2681 766 eos
2709 712 2946 766 Ecclesia
2975 712 3191 774 divites,
3221 724 3357 780 quos
3387 709 3621 763 mundus
3653 709 3824 762 tenuit

2238 813 2362 856 ante
2388 803 2680 858 mendicos.
2716 802 3059 858 Adalhardus
3081 816 3211 856 vero
3240 809 3444 864 noster,
3479 798 3667 853 mundi
3700 813 3821 853 om-

2241 896 2326 949 uia
2349 897 2592 962 calcans,
2619 898 2744 951 vicit
2783 897 2834 951 in
2859 899 3155 961 schemate,
3182 903 3236 950 et
3263 903 3457 951 cuncta
3481 911 3602 964 qua:
3637 896 3825 948 mundi

2241 996 2368 1041 sunt
2397 989 2497 1043 sub
2520 988 2748 1059 pedibus
2776 988 3009 1043 attrivit.

2324 1111 2496 1165 Abba:
2522 1111 2751 1181 eligitur.
2789 1112 3069 1182 Augustini
3097 1110 3412 1165 imitatorem
3446 1125 3500 1164 re
3528 1106 3735 1164 exhibet

2313 1222 2402 1276 ιι.
2429 1221 2493 1276 Ει
2522 1219 2649 1275 dum
2683 1222 2755 1276 ita
2785 1223 3000 1292 quietus
3029 1222 3143 1291 juu
3196 1221 3374 1276 victor
3417 1220 3562 1276 celsa
3610 1221 3828 1277 sederet

2243 1312 2297 1366 in
2327 1313 2522 1367 mentis
2543 1328 2695 1376 arce,
2725 1313 3075 1383 dispensante
3103 1313 3196 1368 Dei
3228 1313 3829 1383 providentia,.rursus

2241 1402 2291 1456 ei
2323 1417 2495 1457 novus
2523 1403 2874 1457 constituitur
2899 1405 3171 1473 pugnandi
3192 1405 3347 1460 ordo.
3373 1406 3566 1476 Agitur
3592 1422 3830 1476 namque

2243 1507 2347 1546 non
2381 1491 2537 1562 longe
2568 1501 2853 1563 postquam
2900 1495 3154 1559 redierat,
3187 1495 3408 1565 proprio
3455 1499 3833 1553 consentiente

2242 1583 2556 1637 monasterii
2579 1593 2733 1652 patre
2764 1584 2813 1650 ιι,
2849 1593 2907 1638 ut
2948 1601 3047 1639 nec
3089 1585 3314 1640 inultum
3353 1586 3513 1657 longe
3535 1589 3749 1658 dispar,
3779 1591 3834 1644 id

2242 1684 2326 1732 est
2350 1675 2486 1730 alter
2507 1676 2841 1747 Augustinus
2861 1679 3076 1734 virente
3105 1680 3509 1750 pranlecessore
3541 1696 3834 1738 successor

2166 1794 2212 1855 Β
2241 1767 2468 1838 eligatur
2497 1786 2512 1822 :
2545 1769 2648 1823 nisi
2692 1769 2835 1838 quod
2881 1770 2969 1824 ille
3000 1771 3286 1840 episcopus
3335 1771 3519 1837 fuerit,
3557 1773 3661 1828 iste
3697 1789 3832 1829 vero

2241 1856 2452 1912 abbatis
2475 1856 2594 1911 loco
2628 1858 2950 1929 subrogatus
2977 1861 3080 1925 sit;
3111 1860 3331 1928 utrique
3361 1870 3539 1914 tamen
3591 1861 3827 1931 perfecti

2242 1947 2335 2001 Dei
2381 1948 2786 2018 dispensatores
2848 1950 3216 2003 inveniuntur.
3270 1950 3397 2004 Erat
3447 1959 3630 2006 autem
3686 1954 3831 2007 idem

2240 2041 2434 2096 beatus
2479 2041 2689 2112 praelati
2715 2043 2887 2112 patris
2937 2042 3221 2112 Augustini
3270 2042 3416 2096 velut
3475 2043 3837 2114 pedissequus

2240 2149 2464 2204 operum
2489 2135 2826 2190 clarissimus
2872 2136 3313 2197 imitator,‘satis
3355 2143 3546 2190 acutus
3588 2135 3832 2206 ingenio,

2239 2223 2516 2280 voluntate
2561 2234 2873 2295 promptus,
2924 2225 3232 2291 eloquentia
3297 2225 3482 2289 dives,
3542 2225 3834 2280 dulcilluus

2240 2313 2427 2380 allato,
2455 2316 2755 2370 auditorem
2794 2325 2943 2371 tanto
2983 2315 3223 2372 alliciens
3245 2316 3446 2381 l‘ructu,
3477 2327 3539 2371 ut
3586 2317 3827 2388 linguam

2240 2406 2359 2476 ejus
2382 2405 2472 2460 vix
2499 2405 2642 2460 aliud
2665 2420 2827 2475 quam
2849 2405 3116 2461 calamum
3149 2408 3319 2461 sancti
3341 2406 3576 2478 Spirits
3605 2410 3838 2464 credere

2240 2496 2529 2567 potuisses.
2558 2496 2968 2551 Przedicationis
2995 2497 3112 2567 ejus
3137 2483 3370 2552 ollieium
3399 2497 3654 2569 lacrymze
3676 2514 3831 2554 com-

2242 2589 2585 2651 mendabant,
2629 2595 2685 2640 et
2729 2586 2909 2640 cordis
2951 2587 3207 2642 duritiam
3255 2587 3492 2658 gemitus
3532 2588 3827 2643 molliebat.

2240 2675 2467 2732 Fluebat
2502 2677 2682 2745 itaque
2727 2676 3087 2748 lacrymarum
3129 2677 3197 2731 ab
3223 2693 3294 2731 eo
3327 2679 3604 2734 serotinus
3632 2680 3832 2740 imber,

2241 2774 2509 2836 quatenus
2545 2775 2754 2820 mentes
2799 2766 3022 2820 uberius
3051 2780 3235 2820 semen
3265 2764 3628 2822 fructiﬁcandi
3656 2783 3827 2838 cape-

2243 2865 2386 2921 rent,
2412 2864 2467 2912 et
2493 2873 2589 2913 cor
2630 2858 2964 2914 audientium
2997 2856 3305 2927 hujusmodi
3346 2874 3509 2914 sensu
3536 2861 3829 2916 charitatis

2243 2963 2428 3005 amore
2458 2949 2739 3005 mulceret.

2421 3085 2755 3140 Eximiarum
2789 3085 3081 3139 Adallmrdi
3110 3086 3357 3141 virtutum
3384 3086 3647 3140 encomia.

2319 3198 2404 3254 15.
2432 3198 2545 3254 Vox
2567 3196 2685 3267 ejus
2711 3196 2867 3267 plena
2896 3196 3089 3252 viroris
3119 3197 3294 3268 gratia
3321 3205 3374 3252 et
3401 3197 3547 3252 omni
3575 3206 3838 3252 constan—

2247 3289 2321 3345 tia
2354 3289 2547 3345 l'ortior
2585 3287 2866 3342 videbatur
2897 3301 2911 3341 :
2947 3289 3061 3357 ipse
3094 3303 3223 3342 vero
3268 3287 3415 3341 vultu
3446 3303 3708 3356 corporeo
3743 3290 3836 3341 ni-

2248 3388 2386 3442 tens,
2411 3378 2598 3450 plenus
2627 3377 2954 3447 pinguedine
2979 3377 3150 3431 sancti
3203 3375 3440 3446 Spiritus
3481 3376 3833 3430 credebatur.

2247 3470 2374 3524 Erat
2405 3478 2584 3524 autem
2611 3467 2764 3536 juxta
2794 3467 2922 3521 illud
2968 3466 3171 3521 lloratii
3204 3465 3318 3536 (lib.
3357 3481 3396 3519 ιι
3427 3464 3622 3529 δενηιο,
3644 3476 3752 3521 sat.
3777 3467 3840 3537 7)

2249 3561 2390 3630 quod
2421 3559 2628 3629 magnis
2656 3557 2903 3612 laudibus
2935 3553 3278 3627 prmdicatur,

2375 3693 2553 3754 Fortis,
2577 3693 2696 3742 etin
2717 3691 2886 3754 seipse
2911 3696 3043 3741 totus
3063 3697 3200 3742 teres
3221 3697 3372 3754 atque
3397 3690 3654 3742 rotundus.

2247 3818 2428 3874 Fortis
2473 3818 2739 3888 siquidem
2777 3817 2900 3883 lide,
2946 3817 3250 3872 constantia
3282 3825 3337 3872 et
3365 3817 3570 3872 virtute
3597 3817 3834 3882 solidus,

2249 3910 2515 3964 iutantum
2545 3916 2602 3961 ut
2630 3907 2704 3961 nil
2736 3907 3008 3976 trepidans
3065 3906 3306 3976 nihilque
3335 3907 3592 3962 dubitans
3618 3909 3838 3963 videre-

2253 4010 2361 4063 tur,
2394 3999 2610 4056 etiamsi
2663 4007 2810 4053 totus
2839 4008 3048 4053 terrore
3077 3998 3340 4054 infractus
3365 4000 3514 4055 orbis
3538 4001 3844 4055 laberetur.

2253 4090 2636 4147 Verumtamen
2688 4090 2732 4144 si
2784 4089 2960 4158 aliqua
3019 4089 3244 4144 terroris
3287 4090 3521 4160 procella
3571 4091 3843 4162 impulsus

2251 4193 2416 4249 esset,
2447 4183 2739 4254 aliquando
2762 4197 2855 4252 spe
2877 4182 3188 4253 superabat,
3239 4183 3533 4253 aliquando
3583 4199 3714 4237 vero
3761 4199 3848 4238 ra-

2254 4277 2400 4332 tione
2448 4273 2744 4330 vincebat:
2778 4273 2940 4328 timor
2987 4281 3167 4326 autem
3211 4273 3501 4327 mundialis
3543 4288 3670 4326 eum
3718 4289 3847 4326 nus-

2252 4381 2414 4437 quam
2455 4363 2630 4434 potuit
2663 4361 2990 4431 subrigendo
3039 4361 3504 4417 transverberare.
3551 4361 3725 4416 Tercs
3752 4378 3848 4414 an.

2255 4467 2361 4512 tem
2409 4466 2463 4512 et
2503 4455 2764 4510 rotundus
2807 4453 2929 4507 ideo
2965 4453 3016 4506 in
3059 4453 3254 4522 seipse,
3296 4453 3405 4507 imo
3443 4453 3495 4507 in
3538 4453 3652 4508 Deo
3683 4453 3852 4506 fuisse

2253 4548 2470 4610 dicitur,
2496 4545 2621 4614 quia
2662 4559 2768 4598 non
2798 4542 2971 4597 solum
3001 4542 3219 4597 sibimet
3246 4543 3540 4598 virtutibus
3571 4560 3635 4598 ac
3684 4544 3852 4598 mori-

2254 4637 2354 4691 bus
2380 4635 2686 4706 aptabatur,
2717 4647 2905 4685 verum
2935 4631 3099 4686 etiam
3143 4632 3397 4686 omnibus
3429 4648 3705 4702 congruos
3731 4642 3855 4686 erat

2255 4736 2309 4782 et
2338 4740 2525 4780 amore
2575 4723 2956 4795 dignissimus;
2990 4722 3259 4776 iutantum
3291 4731 3349 4776 ut
3379 4725 3562 4778 omnia
3594 4723 3855 4776 omnibus

2253 4828 2399 4873 esset
2452 4824 2508 4870 et
2551 4828 2690 4885 pene
2753 4811 2964 4866 cunctis
3025 4811 3343 4866 lncrilierct.
3398 4812 3531 4866 Erat
3581 4811 3854 4880 siquidem

2257 4923 2421 4964 carne
2449 4906 2666 4970 nobilis,
2690 4904 2784 4958 sed
2833 4903 3065 4957 nobilior
3091 4903 3333 4957 moribus
3363 4920 3376 4955 :
3410 4902 3604 4971 plenus
3635 4902 3731 4957 Dei
3768 4917 3858 4957 sa-

2259 4999 2482 5070 pientia,
2513 4996 2606 5052 sed
2652 5011 2818 5065 opere
2861 5009 2964 5048 non
3011 5008 3212 5048 vacuus
3247 5014 3261 5047 :
3293 4993 3520 5063 pulchra
3555 4991 3724 5057 facie,
3758 4990 3858 5046 sed

2263 5089 2367 5142 lide
2417 5102 2479 5142 ac
2533 5087 2820 5142 sanctitate
2866 5083 3187 5153 pulchrior:
3222 5084 3374 5138 dives
3424 5083 3710 5153 progenie,
3755 5081 3853 5136 sed

2261 5178 2425 5233 ditior
2464 5176 2728 5239 almitate,
2762 5173 2886 5244 quia
2932 5188 3173 5244 propago
3216 5181 3336 5228 erat
3367 5186 3527 5227 natus
3557 5173 3628 5228 de
3659 5187 3857 5244 propa-

2266 5269 2390 5340 gine
2410 5268 2554 5324 coeli.
3231 5285 3254 5296 -·

2271 5427 2360 5488 sit,
2387 5438 2652 5496 exponam
2666 5438 2743 5496 eo
2773 5421 2912 5496 loco.

2334 5497 2362 5535 ι)
2402 5489 2472 5550 Is'
2497 5504 2618 5548 erat
2665 5493 3040 5549 Mordramnus
3085 5491 3254 5546 abbas
3304 5491 3460 5560 cujus
3527 5489 3711 5545 obitus
3746 5503 3861 5560 _xru

2263 5567 2379 5691 ῗςηι.
2414 5564 2538 5648 Julii
2587 5564 2864 5635 reponitur
2889 5562 2940 5618 in
2969 5571 3182 5618 vetusto
3224 5558 3402 5618 Indice
3439 5560 3699 5616 abbatqu
3727 5558 3862 5616 Gor-

2283 5650 2585 5691 κιιοῐιςιιιιη.

2283 5650 2585 5691 κιιοῐιςιιιιη.
