4122 6324
295 291 432 349 ιδῃ

911 482 1235 535 uistratioue.

361 587 447 645 16.
481 589 649 644 Totus
685 589 849 659 igitur
903 604 1043 644 novo
1094 590 1312 644 homine
1362 589 1582 646 indutus
1621 598 1762 654 erat,
1813 597 1888 644 ct'

286 691 546 750 quantum
594 679 682 734 hic
725 679 1047 736 mortalibus
1075 680 1158 736 fas
1185 691 1292 747 est,
1325 681 1380 736 in
1424 681 1614 736 intimo
1639 682 1866 737 Domino

289 779 585 826 recreatus.
618 767 902 839 Equitatus
949 769 1068 838 ejus
1105 780 1237 845 erat.
1267 771 1530 842 quadriga
1558 771 1816 824 virtutum
1852 789 1863 823 :

286 871 419 916 rotae
447 875 578 915 vero
604 863 880 932 quadrigae
910 862 1077 928 illius,
1118 863 1427 933 prudentia,
1454 861 1690 931 justitia,
1715 859 1869 915 forti.

285 953 436 1018 tudo,
494 961 551 1006 et
599 954 974 1022 temperantia.
1025 953 1194 1010 Porro
1255 954 1540 1024 prudentia
1584 962 1730 1008 tanta
1793 953 1871 1007 illi

285 1045 469 1099 inerat
499 1052 556 1097 ut
578 1042 699 1098 fons
723 1043 934 1098 consilii
957 1059 1025 1099 ex
1057 1043 1173 1112 ejus
1201 1046 1384 1099 animo
1412 1057 1636 1099 manare
1665 1043 1874 1099 videre-

289 1144 396 1189 tur.
435 1133 707 1188 Cernebat
756 1135 901 1188 enim
941 1135 1101 1189 simul
1150 1135 1444 1205 praeterita,
1499 1134 1787 1204 praesentia
1818 1142 1872 1187 et

290 1224 515 1278 futura:
548 1233 606 1278 ut
655 1222 723 1278 de
769 1223 997 1294 singulis
1043 1226 1367 1296 praevideret
1413 1224 1541 1294 quid
1582 1222 1870 1294 agendum,

285 1314 482 1381 quidve
511 1315 844 1382 sequendum
875 1315 966 1369 Dei
1003 1315 1228 1370 consilio
1252 1325 1669 1371 monstraretur.
1703 1312 1870 1368 Justi-

289 1403 417 1457 tiam
448 1418 574 1458 vero
619 1412 883 1473 quantum
932 1413 1172 1460 sectatus
1235 1407 1305 1461 sit
1339 1407 1493 1461 testis
1529 1414 1610 1462 est
1648 1404 1874 1459 Francia

285 1501 344 1546 et
373 1493 555 1547 omnia
605 1508 766 1563 regna
816 1501 1084 1550 terrarum
1117 1497 1364 1552 consultu
1416 1495 1517 1551 sibi
1549 1497 1816 1551 submissa
1857 1510 1873 1549 :

289 1585 524 1640 maxime
553 1593 729 1639 tamen
757 1585 929 1651 Italia,
965 1603 1086 1658 quae
1113 1590 1215 1644 sibi
1261 1589 1550 1644 commissa
1584 1589 1781 1653 fuerat,
1817 1599 1876 1644 ut

291 1692 515 1748 regnum
543 1688 598 1731 et
640 1676 758 1746 ejus
802 1693 984 1748 regem
1025 1678 1645 1750 Pippinumsjuniorcm
1667 1679 1732 1734 ad
1767 1689 1880 1735 sta-

1500 292 1587 347 DE
1631 289 1784 346 VITA
1825 287 1883 341 S.
1923 286 2338 342 .\D.\Lli.\lil)l.

390 407 474 466 De
489 408 790 479 prudentia,
825 420 872 464 et
897 411 1109 480 justitia
1143 412 1256 482 ejus
1293 412 1348 464 iu
1379 409 1555 464 Italiae
1579 407 1754 462 admi-
1891 406 1938 463 Λ

3414 275 3547 333 l513

2390 399 2635 454 Lat/tario
2671 400 2904 470 Augusto
2932 398 3130 452 scribit.

2041 510 2128 565 18.
2167 507 2274 564 Sed
2302 516 2538 578 quantus
2555 507 2624 562 sit
2644 507 2931 577 plurimum
2955 506 3187 577 produnt
3206 521 3372 576 opera
3415 520 3543 576 pro-

1971 597 2244 654 missionis
2285 596 2501 666 impleta
2528 615 2540 649 :
2564 605 2619 651 et
2647 604 2912 651 testantur
2941 596 3136 650 littera:
3165 611 3298 665 quas
3338 595 3407 650 de
3443 597 3546 652 hac

1971 707 2091 761 quae
2137 691 2279 746 inter
2318 691 2565 746 homines
2593 699 2678 746 est
2707 691 2936 746 tenenda
2968 691 3130 755 ﬁnes,
3162 690 3419 746 Lothario
3444 691 3550 746 iiii-

1973 785 2208 856 peratori
2259 800 2430 855 nuper
2484 784 2709 848 direxit,
2742 785 2882 839 inter
2934 783 3137 854 reliqua
3193 785 3266 838 ita
3319 783 3550 838 dicens:

1979 895 1996 924 ι
2031 875 2169 941 Quid
2212 883 2390 943 putas,
2419 873 2615 942 inquit,
2641 889 2675 928 o
2705 873 2977 944 princeps,
3005 874 3051 927 si
3087 874 3216 928 ﬁdes
3239 889 3384 945 saepe
3411 875 3552 930 inter

1975 979 2197 1019 cruores
2230 973 2284 1019 et
2325 964 2659 1019 saevientium
2704 981 2876 1029 arma,
2907 965 3070 1020 etiam
3097 965 3262 1020 ‘inter
3311 983 3553 1036 paganos

1979 1064 2184 1109 tantum
2234 1054 2424 1119 valuit,
2451 1063 2510 1108 ut
2546 1055 2776 1126 quisque
2819 1072 2879 1110 se
2923 1057 3286 1110 committeret
3333 1057 3556 1111 alterius

1979 1146 2098 1199 ﬁdei
2147 1146 2502 1201 sacramentis
2549 1163 2562 1198 ε
2598 1155 2860 1215 quantum
2911 1145 3092 1200 valere
3136 1146 3332 1200 debeat
3375 1146 3556 1201 fre-ius

1975 1237 2268 1292 Christiani
2312 1237 2364 1292 in
2408 1238 2636 1293 veritate
2674 1237 3037 1308 promissum?
3067 1252 3172 1292 non
3219 1249 3270 1293 te
3319 1239 3560 1308 decipiat

1979 1326 2196 1397 aliquis,
2220 1329 2467 1392 obsecro,
2503 1327 2705 1397 inquit,
2735 1328 3049 1398 imperator,
3079 1328 3204 1399 quia
3257 1328 3388 1383 ﬁJcs
3430 1344 3556 1382 cum

1978 1429 2166 1472 contra
2199 1417 2434 1488 aliquem
2481 1417 2729 1483 violatur,
2762 1434 2867 1474 non
2901 1419 3081 1484 homo,
3109 1419 3204 1474 sed
3233 1418 3374 1474 Dens
3405 1418 3556 1473 testis

1979 1523 2034 1566 et
2057 1512 2257 1566 veritas
2301 1527 2421 1566 mea
2451 1512 2836 1567 contemnitur.
2866 1532 2883 1565 ι
2917 1513 3137 1587 Talibus
3168 1513 3328 1568 dictis
3369 1513 3560 1583 procul

1980 1605 2142 1660 dubio
2191 1603 2375 1674 liquet,
2405 1604 2548 1674 quod
2595 1603 2808 1660 facilius
2839 1604 3004 1660 fuerit
3049 1604 3179 1660 ferri
3222 1605 3410 1661 violari
3443 1606 3559 1660 vin-

1983 1695 2122 1757 cula,
2147 1710 2308 1764 quam
2341 1694 2499 1764 hujus
2543 1695 2643 1750 viri
2688 1696 2809 1751 fidei
2857 1697 3212 1752 contaminari
3249 1698 3555 1767 promissa:

292 1759 405 1819 tum
441 1765 750 1836 reipublicae
777 1775 832 1820 et
856 1768 925 1822 ad
953 1768 1232 1840 religionis
1256 1769 1459 1824 cultum
1489 1769 1712 1832 utiliter,
1733 1769 1876 1838 juste

1981 1785 2276 1852 praesertim
2325 1799 2448 1838 cum
2491 1785 2542 1839 in
2574 1785 2692 1855 ejus
2737 1794 2954 1854 pectore
3003 1786 3077 1841 nil
3131 1795 3241 1842 toto
3288 1788 3390 1843 nisi
3442 1788 3561 1843 fons

292 1864 457 1926 atque
508 1857 742 1914 discrete
778 1859 1058 1915 honestius
1113 1859 1428 1914 informaret
1480 1877 1492 1912 :
1547 1858 1638 1914 ubi
1672 1867 1874 1913 tantam

287 1948 591 2016 promeruit
625 1948 862 2014 laudem,
891 1959 948 2004 ut
991 1965 1023 2005 a
1067 1951 1414 2020 quibusdam,
1447 1951 1520 2004 ita
1575 1960 1632 2004 ut
1684 1937 1874 2015 fertur,

290 2053 397 2093 non
429 2039 614 2104 homo,
640 2041 734 2095 sed
776 2056 876 2110 pro
900 2042 1116 2096 virtutis
1143 2057 1332 2096 amore
1368 2041 1592 2110 angelus
1618 2040 1878 2111 pradica-

293 2136 460 2182 retur.
491 2129 752 2184 Fatentur
779 2132 923 2185 enim
961 2130 1106 2201 quod
1143 2147 1421 2201 nunquam
1469 2133 1520 2186 in
1545 2131 1754 2202 judicio
1784 2131 1878 2185 ali-

290 2219 445 2286 cujus
468 2234 755 2290 personam
786 2221 1083 2291 inspexerit
1111 2241 1122 2275 :
1155 2237 1330 2292 neque
1348 2221 1501 2290 juxta
1529 2222 1875 2292 proverbium

293 2311 460 2380 vulgi,
491 2327 655 2366 aureo
678 2328 856 2383 pugno
880 2313 951 2366 sit
975 2329 1161 2368 utiirus
1190 2313 1307 2380 ejus
1329 2313 1493 2368 animi
1518 2313 1744 2369 fractus.
1778 2313 1876 2368 So-

291 2398 394 2463 lus,
427 2410 485 2453 ut
515 2401 686 2466 aiunt,
723 2402 896 2471 potuit
927 2402 1124 2458 illaesus
1173 2402 1390 2457 ﬂuvium
1439 2405 1672 2459 transire
1701 2404 1877 2458 Ache-

293 2489 466 2542 rontis
495 2489 662 2554 avari,
696 2499 750 2543 et
777 2490 895 2546 sine
917 2491 1230 2547 discrimine
1262 2493 1523 2547 caecitatis
1553 2509 1616 2546 ex
1652 2492 1877 2563 Alpibus

295 2591 540 2632 remeare
563 2591 660 2646 per
684 2593 874 2633 annus.
900 2578 1038 2634 Ante
1061 2595 1218 2651 quem
1249 2582 1513 2636 tremebat
1541 2583 1592 2635 in
1622 2596 1875 2652 promptu

292 2666 649 2736 superborum
672 2667 924 2728 altitudo.
946 2669 1284 2741 gloriabatur
1311 2671 1588 2726 humilitas
1632 2688 1876 2728 mansue-

293 2771 470 2816 torum
495 2776 510 2816 :
536 2762 783 2833 deposuit
813 2763 956 2818 enim
984 2763 1130 2820 illico
1162 2765 1214 2819 in
1239 2765 1482 2835 ingressu
1511 2780 1725 2819 omnem
1752 2766 1877 2820 inde

296 2854 638 2924 tyrannicam
684 2864 1026 2924 potestatem,
1074 2855 1165 2924 qui
1194 2855 1339 2909 velut
1381 2855 1663 2926 praedones
1709 2855 1877 2926 iniqui

295 2944 349 2996 in
404 2944 600 3013 populo
645 2945 934 3001 ferebant:
973 2955 1229 3016 tantoque
1279 2947 1569 3002 audentius
1614 2957 1876 3018 quantum

292 3033 428 3087 liciti
472 3036 878 3091 auxiliabautur
917 3037 1118 3092 domini
1153 3038 1300 3109 jure.
1358 3039 1511 3095 Unde
1555 3049 1611 3095 et
1659 3056 1874 3097 omnem

295 3133 498 3178 terram
528 3127 764 3195 pessima
817 3138 1084 3198 potestate
1122 3132 1428 3186 vastabant.
1476 3132 1715 3188 Primum
1749 3149 1877 3206 ergo

295 3216 382 3270 his
404 3232 589 3286 pacem
631 3220 893 3286 reddidit;
933 3222 1126 3278 deinde
1168 3240 1266 3279 sua
1306 3225 1500 3295 cuique
1526 3227 1647 3297 pius
1674 3228 1878 3282 arbiter

285 3308 413 3375 jura
453 3311 702 3365 restituit.
740 3313 881 3384 Ergo
913 3323 1057 3368 tanta
1093 3317 1260 3371 inerat
1293 3318 1342 3372 ei
1375 3319 1655 3387 sapientiae
1687 3320 1877 3386 virtus,

294 3407 353 3451 ut
383 3413 482 3468 pro
529 3401 674 3468 virga
707 3403 946 3457 censoris
983 3403 1181 3470 judicis
1208 3415 1452 3461 uteretur
1482 3409 1673 3473 verbo,
1705 3423 1880 3478 neque

294 3507 506 3546 moram
540 3493 742 3548 faciens
773 3510 869 3549 sua
916 3496 1111 3565 cuique
1151 3513 1271 3567 qua:
1306 3497 1453 3566 justa
1502 3497 1715 3553 fuerant
1739 3500 1881 3555 desi-

295 3583 531 3652 gnando.
578 3582 730 3638 Fecit
773 3585 937 3656 igitur
976 3595 1034 3640 ut
1081 3601 1236 3641 suum
1284 3589 1488 3658 quique
1523 3589 1883 3660 adimplerent

293 3674 550 3739 cilicium,
572 3683 628 3729 et
653 3675 888 3743 nullijus
915 3685 1238 3747 usurparent
1258 3678 1513 3734 alienum.
1543 3679 1672 3733 Erat
1698 3688 1880 3734 autem

298 3764 676 3819 thesaurarius
700 3780 1022 3835 pauperum,
1046 3766 1326 3822 viduarum
1352 3768 1763 3838 patrimonium,
1790 3784 1882 3839 pa-

300 3867 386 3911 ter
411 3871 539 3912 vero
567 3859 958 3927 orphanorum,
1016 3861 1359 3914 maerentium
1406 3859 1733 3925 consolator,
1764 3861 1900 3940 bra-r

297 3948 481 4003 chium
512 3948 872 4016 inﬁrmorum,
904 3958 960 4004 et
1009 3949 1149 4008 forte
1181 3952 1604 4022 superbientiqu
1633 3953 1877 4024 flagrum.

296 4037 684 4095 Verumtamen
713 4057 902 4097 omnes
933 4042 999 4096 de
1041 4045 1330 4114 supercilio
1359 4045 1556 4101 mentis
1583 4047 1881 4102 artiﬁcioso

295 4130 601 4199 depouebat
625 4131 858 4203 ingenio,
878 4143 934 4187 et
963 4132 1164 4187 nullum
1195 4135 1413 4204 penitus
1438 4133 1744 4206 frangebat,
1780 4137 1881 4192 nisi

294 4237 456 4292 quem
478 4223 815 4294 conspiceret
840 4225 1245 4280 irrevocabilem
1275 4241 1416 4282 esse.

654 4335 699 4388 Α
735 4334 905 4390 Leone
937 4354 1073 4407 papa
1105 4336 1201 4392 III
1230 4338 1503 4394 (eradatur.

1980 1865 2222 1927 veritatis
2245 1882 2300 1928 et
2329 1873 2462 1927 mira
2508 1875 2825 1944 simplicitas
2851 1876 3110 1931 radiabat.
3163 1877 3332 1944 Quem
3359 1878 3402 1932 si
3432 1879 3524 1932 dili
3544 1908 3558 1918 -

1979 1977 2168 2038 genter
2213 1967 2528 2037 inspiceres.
2555 1976 2673 2025 erat
2715 1969 2768 2022 in
2819 1983 2884 2022 eo
2933 1969 3144 2024 animus
3191 1970 3365 2041 sigillo
3405 1970 3562 2025 Chri-

1979 2057 2046 2113 sti
2095 2057 2575 2128 impressuszideo
2605 2058 2657 2112 in
2707 2057 2852 2114 nullo
2897 2059 3112 2129 penitus
3153 2061 3423 2130 corrumpi
3469 2076 3564 2130 po-

1980 2156 2139 2201 terat.

2186 2260 2421 2316 Aliorum
2450 2262 2662 2317 virtutes
2685 2263 2968 2318 aemulatur
2995 2263 3354 2319 Adiit/turdus.

2052 2369 2138 2424 l9.
2176 2368 2405 2425 Animus
2431 2385 2560 2425 vero
2588 2369 2704 2440 ejus
2742 2382 2862 2426 erat
2902 2373 3045 2426 velut
3080 2373 3272 2430 hortus
3302 2376 3560 2445 paradisi,

1980 2459 2104 2515 ﬁdei
2143 2475 2299 2515 muro
2347 2461 2655 2528 conclusus,
2686 2463 3059 2518 universarum
3105 2465 3344 2520 consitus
3395 2468 3564 2520 virtu-

1982 2560 2092 2612 tum
2119 2551 2428 2622 generibus.
2477 2551 2647 2622 llujus
2674 2553 2772 2607 viri
2818 2553 3134 2608 imitabatur
3180 2555 3559 2624 humilitatem,

1980 2644 2136 2699 istius
2180 2643 2496 2699 lenitatem:
2533 2645 2861 2714 scquebatdr
2907 2654 3087 2700 autem
3128 2645 3348 2703 alterius
3392 2651 3564 2719 parci-

1981 2734 2174 2790 moniae
2206 2735 2406 2790 vietum
2445 2723 2501 2790 et
2541 2736 2866 2790 mediocrem
2915 2736 3357 2793 vestimentorum
3409 2740 3562 2794 habi-

1982 2836 2115 2880 tum.
2163 2824 2310 2888 Illius
2334 2839 2548 2894 quoque
2578 2825 2812 2880 habebat
2855 2827 3197 2896 patientiam,
3232 2826 3390 2896 hujus
3436 2844 3564 2881 vero

1985 2915 2478 2969 mansuetudinem.
2523 2913 2655 2969 Cum
2695 2915 2964 2986 frequenti
2993 2925 3172 2972 autem
3199 2919 3430 2988 suspirio
3463 2919 3566 2973 tale

1984 3005 2112 3059 mihi
2149 3006 2370 3060 verbum
2400 3005 2616 3076 pietatis
2643 3021 2738 3062 ore
2785 3007 2995 3062 dicebat
3023 3027 3036 3061 :
3065 3006 3241 3078 Super
3271 3025 3428 3079 quem
3477 3027 3566 3065 re-

1903 3102 1949 3165 C
1981 3098 2276 3169 quiescam,
2311 3097 2415 3152 nisi
2465 3111 2628 3167 super
2681 3097 2937 3153 humilem
2991 3109 3044 3154 et
3091 3101 3338 3170 quietum
3367 3119 3430 3156 ac
3461 3111 3598 3175 tre-_

1983 3200 2217 3247 mentem
2260 3205 2539 3246 sermones
2583 3191 2767 3244 meos?
2813 3190 2946 3260 (Isa.
2976 3208 3133 3257 uvr,
3165 3191 3243 3263 2.)
3275 3194 3352 3246 Tu
3402 3195 3566 3256 nosti,

1980 3285 2120 3341 bone
2145 3282 2291 3346 Jesu,
2311 3291 2369 3336 ut
2396 3282 2524 3352 quid
2557 3281 2681 3336 talia
2707 3281 2809 3336 sibi
2831 3281 3014 3338 sedulo
3043 3283 3338 3353 replicabat
3367 3285 3565 3339 mentis

1983 3374 2197 3430 affectu.
2249 3373 2491 3428 llahebat
2537 3374 2680 3428 enim
2743 3373 2844 3428 sibi
2903 3374 3157 3430 distincte
3216 3383 3272 3429 et
3325 3378 3570 3446 apposite

1982 3465 2050 3520 ad
2098 3463 2525 3533 persuadendum
2584 3463 2821 3517 hominis
2870 3463 3215 3519 sanctitatem
3257 3482 3269 3517 :

1985 3565 2074 3609 tua
2122 3563 2388 3624 praecepta
2431 3553 2530 3608 sibi
2562 3552 2743 3606 animo
2773 3552 3060 3608 commissa
3095 3553 3331 3619 tenebat,
3360 3564 3414 3610 et
3444 3555 3567 3611 inde

1983 3645 2297 3702 conferebat
2343 3660 2549 3709 secum,
2578 3643 2783 3698 habens
2835 3652 3048 3698 tuorum
3102 3644 3246 3698 dicta
3288 3646 3562 3701 mandato-

1985 3756 2100 3795 rum
2133 3753 2258 3794 suos
2285 3746 2408 3792 ante
2440 3737 2626 3792 oculos
2653 3755 2665 3790 :
2691 3746 2855 3807 atque
2880 3737 2957 3790 ita
2985 3737 3224 3791 onmium
3254 3747 3566 3792 sanctorum

1985 3832 2124 3886 vitas
2162 3845 2270 3885 uno
2307 3828 2503 3884 mentis
2541 3817 2737 3883 intuitu
2775 3828 3187 3894 considerabat,
3221 3844 3450 3899 quorum
3478 3846 3553 3885 se-

1985 3923 2110 3979 dulo
2141 3921 2448 3976 ruminabat
2492 3919 2754 3974 virtutum
2803 3920 3070 3989 exempla,
3102 3929 3161 3975 ut
3188 3934 3253 3974 ex
3283 3921 3368 3976 his
3395 3909 3570 3976 omni-

1984 4015 2085 4070 bus
2121 4030 2285 4068 unum
2329 4012 2605 4084 colligeret
2633 4011 2809 4084 virum
2853 4013 3154 4083 perfectum
3183 4006 3292 4070 Deo
3324 4013 3563 4084 plenum,

1984 4116 2040 4164 et
2071 4106 2346 4177 religionis
2371 4105 2546 4162 ofﬁcio
2578 4083 2916 4187 decoratum.
3510 4087 3520 4098 ’

2484 4220 2788 4279 Similitudo
2804 4240 2869 4279 ea:
2892 4221 3085 4279 Tullio.

2057 4338 2147 4393 ΞΟ.
2165 4337 2365 4394 Scribit
2389 4351 2620 4406 namque
2643 4336 2868 4403 Tullius,
2886 4351 2978 4392 rex
2999 4335 3321 4406 eloquentia:
3335 4335 3562 4402 Latinae,

374 4447 457 4500 17,
494 4446 670 4516 Αιαιιθ
712 4447 784 4502 ξω
814 4449 1015 4503 virum;
1053 4450 1260 4504 validus
1297 4452 1444 4506 mitis
1481 4459 1536 4505 Θι
1572 4461 1885 4506 mansuetus
1916 4458 1962 4516 ι)
1993 4431 2045 4485 in
2076 4429 2213 4485 libro
2242 4426 2478 4484 secundo
2504 4429 2570 4481 de
2597 4426 2908 4516 inventione
2953 4426 3238 4480 rhetorica:
3279 4426 3432 4490 artis,
3458 4443 3568 4496 quo

296 4537 666 4592 Romanorum
712 4538 955 4607 pervenit
995 4539 1063 4591 ad
1105 4539 1260 4603 ﬁnes,
1295 4540 1383 4592 ubi
1413 4555 1442 4592 a
1473 4540 1672 4594 domno
1700 4539 1880 4594 Leone

301 4634 430 4679 tunc
469 4627 728 4695 temporis
773 4627 1090 4696 apostolico,
1120 4636 1266 4682 tanto
1293 4626 1678 4682 familiaritatis
1707 4627 1882 4684 ofﬁcio

295 4726 384 4771 est
425 4727 730 4787 susceptus,
763 4726 822 4771 ut
871 4718 1141 4772 neminem
1196 4717 1503 4772 constiterit
1550 4717 1879 4773 Francorum

297 4817 458 4860 antea
503 4809 828 4878 suscepisse.
861 4808 1014 4864 Unde
1059 4817 1366 4863 nostrorum
1397 4808 1616 4878 quidam
1659 4819 1883 4862 narrant

298 4898 399 4952 sibi
422 4898 612 4967 jocoso
639 4899 841 4954 dixisse
866 4899 1084 4953 animo:
1117 4919 1135 4951 ι
1171 4899 1400 4963 France,
1431 4899 1628 4967 inquit,
1659 4898 1878 4954 sciendo

297 4989 464 5053 scias,
490 4990 615 5060 quia
649 4991 696 5044 si
725 4999 778 5044 te
818 4989 962 5044 aliud
995 4991 1249 5044 invenero
1287 5005 1450 5058 quam
1480 4998 1530 5044 te
1559 4989 1743 5051 credo,
1771 5005 1876 5043 non

297 5077 440 5131 ultra
483 5093 705 5134 necesse
747 5088 829 5134 est
879 5079 920 5134 F
927 5093 1212 5134 raucorum
1262 5078 1496 5148 aliquem
1545 5078 1650 5133 huc
1695 5079 1879 5134 venire

297 5169 384 5223 cui
421 5171 644 5226 credere
669 5173 912 5227 debeam.
937 5192 954 5223 ι
990 5172 1108 5238 Quo
1152 5171 1394 5242 profecto
1439 5179 1587 5241 patet
1617 5179 1877 5241 quantum

299 5262 509 5330 pondus
533 5262 779 5318 habuerit
805 5250 943 5318 idem
969 5243 1071 5328 vir,
1087 5263 1239 5334 cujus
1261 5263 1542 5318 evacuatio
1567 5262 1686 5316 fidei
1711 5261 1878 5316 Frau-

298 5367 488 5406 corum
534 5370 702 5426 genus
731 5371 892 5409 omne
921 5354 1228 5424 probaverit
1257 5369 1363 5408 non
1408 5351 1760 5418 credendum,
1789 5368 1879 5407 cu-

292 5441 452 5512 jusve
474 5445 747 5501 ﬁrmitatis
772 5446 955 5500 fuerit.

372 5568 399 5598 ι
437 5556 700 5628 Pippiuus
742 5559 808 5614 ab
853 5557 1092 5613 Adriano
1132 5572 1267 5628 papa
1304 5555 1629 5626 baptizatus,
1658 5565 1714 5609 et
1737 5553 1880 5628 han-

299 5625 658 5698 gobardoi‘um
690 5644 781 5684 seu
814 5629 980 5683 Italiae
1017 5644 1109 5682 rex
1133 5625 1554 5698 'coronatusest
1579 5639 1724 5680 anno
1750 5625 1875 5690 781,

299 5696 520 5754 estante
548 5699 859 5770 l'lginhardo
885 5714 898 5753 ε
931 5708 1176 5756 mortuus
1203 5713 1349 5755 anno
1371 5696 1474 5754 810
1501 5711 1873 5753 successorem

1989 4530 2232 4589 tempore
2253 4517 2632 4573 Crotonienses
2653 4515 2906 4572 florerent
2922 4517 3138 4586 Opibus,
3152 4526 3315 4586 atque
3342 4516 3414 4570 ita
3442 4533 3564 4571 cum

1987 4612 2130 4667 beati
2177 4617 2614 4672 numerarentur,
2642 4617 2698 4663 et
2732 4607 2987 4678 templum
3035 4607 3310 4680 religionis
3345 4622 3460 4663 suae
3488 4610 3569 4678 pi—

1989 4703 2156 4758 cturis
2185 4701 2396 4772 egregie
2444 4699 2771 4770 locupletare
2817 4698 3033 4767 vellent,
3074 4715 3297 4755 vocasse
3341 4699 3562 4763 Zeuxim

1987 4792 2298 4863 quemdam,
2325 4789 2416 4860 qui
2462 4787 2701 4843 omnium
2731 4789 2994 4860 pictorum
3028 4788 3258 4859 ingeniis
3285 4788 3567 4844 videbatur

1987 4883 2250 4941 excellere
2275 4901 2287 4936 ε
2312 4897 2472 4952 quem
2518 4896 2712 4952 magno
2741 4882 2916 4952 pretio
2957 4867 3568 4942 conductumfa’dhibue-

1987 4987 2133 5045 runt,
2169 4988 2228 5034 ut
2269 4978 2370 5033 sibi
2417 4977 2664 5048 pingeret
2708 4977 2984 5049 cujusdam
3019 4975 3231 5032 Helenae
3273 4978 3561 5049 un‘aginem

1986 5069 2199 5126 saeculis
2227 5083 2363 5138 opus
2393 5066 2639 5122 mirabile
2665 5081 3102 5136 permansurum.
3131 5067 3232 5134 Qui
3256 5067 3398 5122 illico
3419 5083 3566 5136 quae-

1986 5163 2114 5219 sivit
2138 5162 2204 5216 ab
2225 5161 2306 5216 eis
2327 5174 2592 5230 quasnam
2616 5157 2852 5228 virgines
2876 5155 3141 5212 formosas
3169 5156 3448 5213 haberent.
3482 5156 3562 5210 Illi

1987 5259 2166 5308 autem
2215 5252 2396 5307 statim
2444 5249 2783 5304 deduxerunt
2822 5247 3092 5301 hominem
3133 5248 3184 5302 in
3233 5247 3561 5317 palaestram,

1986 5354 2148 5415 atque
2172 5343 2220 5399 ei
2252 5357 2447 5414 pueros
2476 5339 2824 5394 ostenderunt
2863 5336 3060 5392 multos
3089 5353 3280 5409 magna
3306 5337 3564 5408 praeditos

1985 5437 2246 5508 dignitate
2275 5455 2285 5488 :
2315 5433 2506 5490 deinde
2552 5428 2964 5486 honestissimas
2992 5445 3056 5484 ex
3087 5429 3342 5500 gymnico
3389 5437 3565 5485 certa-

1986 5551 2175 5607 habuit
2200 5547 2570 5603 Bernhardum
2624 5544 2810 5605 ﬁlium.
2838 5543 2938 5598 sub
2964 5559 3070 5614 quo
3099 5544 3260 5598 etiam
3294 5542 3562 5614 Adalhar-

1985 5623 2086 5678 dus
2114 5621 2317 5676 Italiam
2343 5618 2751 5672 administrasse
2776 5614 2948 5670 fertur
2981 5613 3035 5670 in
3064 5614 3244 5672 libello
3265 5616 3331 5670 de
3361 5613 3564 5670 Trans-

1988 5693 2188 5750 latione
2219 5689 2392 5746 sancti
2418 5687 2542 5752 Viti,
2580 5685 2743 5740 infra.
3481 5713 3486 5716 -

3571 5786 3627 5832 κ.

3315 3465 3567 3520 universa
3633 3485 3638 3488 ·
