4122 6324
600 329 740 385 1519

1395 329 1451 383 S.
1491 327 1844 383 PASCllASll
1881 327 2224 384 RADBERTI
2265 327 2556 382 ABBATIS
2591 326 3036 384 CORDEIENSIS

3719 331 3742 384 l
3753 330 3860 384 5‘20

599 453 744 507 mine
789 447 1039 503 victorias
1075 446 1290 500 domum
1321 461 1442 500 cum
1490 444 1645 500 laude
1691 446 1924 499 maxima
1974 444 2170 499 retule-
2197 446 2246 504 Α
2275 441 2526 512 largusne
2570 443 2840 498 videaris?
2883 442 3026 497 scias
3064 456 3286 511 prorsus
3328 441 3471 512 quod
3517 443 3561 498 si
3608 443 3858 502 timueris

600 548 746 594 runt.
777 538 909 593 Cum
933 550 1221 606 puerorum
1246 536 1410 607 Igitur
1430 535 1632 591 formas
1651 543 1704 590 et
1723 549 1951 604 corpora
1976 549 2170 605 magno

602 632 691 686 hic
719 643 883 700 opere
907 612 1194 682 miraretur
1235 645 1247 680 :
1283 625 1508 691 ﬂorum,
1535 625 1784 694 inquiunt
1815 625 1915 689 illi,
1954 638 2174 679 sorores

596 728 723 775 sunt
748 717 887 788 apud
919 729 1018 770 nos
1044 716 1299 786 virgines,
1328 731 1450 786 qua:
1489 725 1692 786 quanta
1737 715 1847 768 sint
1887 714 2171 783 dignitate,

595 818 749 881 potes
785 823 852 862 es
894 807 980 862 his
1018 807 1302 877 suspicari.
1335 807 1399 861 Et
1421 807 1511 860 ille
1535 825 1551 860 :
1575 807 1816 881 Prarbete
1855 805 1975 861 illas
2013 804 2171 869 mihi,

593 915 800 971 quaeso,
830 907 889 954 ut
915 914 983 953 ex
1012 898 1096 953 his
1136 898 1265 952 dum
1303 897 1462 968 pingo
1503 897 1892 952 formosissima
1919 908 2164 966 quaeque,

593 993 920 1046 transferam
961 1005 1124 1060 super
1152 990 1312 1045 unius
1339 989 1626 1058 imaginem
1676 987 1752 1042 rei
1782 1002 1945 1057 quam
1986 994 2166 1055 petere

589 1083 898 1137 eensuistis.
943 1080 1095 1148 Quod
1133 1079 1205 1134 illi
1232 1080 1687 1148 obtemperantes.
1728 1077 1905 1146 pictor
1930 1076 2168 1146 quinque

587 1172 808 1241 delegit,
827 1186 1053 1242 quarum
1076 1169 1304 1224 formam
1325 1184 1424 1224 suo
1444 1167 1687 1238 probavit
1706 1165 1910 1234 judicio
1930 1165 2169 1236 pulchri-

589 1261 795 1315 tudinis
816 1276 954 1314 esse.
975 1259 1159 1328 Neque
1181 1258 1323 1313 enim
1342 1258 1550 1328 putavit
1561 1257 1740 1311 omnia
1754 1270 1874 1326 quae
1901 1263 2169 1326 quareret

594 1351 660 1405 ad
685 1357 1018 1404 venustatem
1062 1363 1169 1403 uno
1205 1363 1262 1403 se
1307 1347 1361 1402 in
1386 1347 1875 1418 corpore-reperire
1901 1359 2077 1415 posse,
2104 1360 2170 1400 eo

593 1441 736 1510 quod
784 1439 915 1494 nihil
959 1439 1188 1509 simplici
1237 1439 1290 1493 in
1333 1453 1530 1508 genere
1558 1437 1898 1492 omnibusex
1922 1436 2168 1506 partibus

583 1529 891 1600 perfectam
941 1538 1130 1584 natura
1175 1528 1451 1600 expolivit,
1499 1537 1754 1598 tanquam
1796 1527 2010 1582 caneris
2059 1540 2166 1580 non

590 1623 666 1678 sit
708 1622 955 1678 habitura
1001 1622 1130 1692 quid
1173 1621 1458 1694 largiatur,
1484 1620 1528 1675 si
1561 1621 1656 1675 uni
1701 1627 1896 1675 cuncta
1943 1632 2166 1674 conceso

595 1712 744 1767 serit.

574 1822 674 1877 οὐ
715 1838 963 1892 magnam
1025 1837 1184 1891 quam
1228 1821 1422 1892 habuit
1476 1820 1726 1892 virtutum
1776 1818 2164 1892 a'mulationem

665 1890 1002 1946 Mollierant
1041 1890 1256 1946 Antonii
1297 1901 1345 1946 et
1373 1890 1650 1960 Augustini
1697 1890 2001 1958 cognomine
2027 1905 2163 1958 gau-

663 1966 766 2016 det.

649 2074 755 2128 3t.
795 2074 870 2127 lta
901 2073 944 2127 si
974 2072 1191 2142 quidem
1219 2080 1274 2127 et
1299 2085 1461 2127 senex
1493 2079 1676 2127 noster
1724 2069 2029 2140 ingrediens
2072 2083 2165 2140 pa-

596 2164 830 2217 lmstram
866 2161 1024 2231 lmjus
1054 2163 1174 2216 vita:
1201 2203 1214 2224 ,
1246 2172 1524 2233 postquam
1555 2161 1770 2216 ablutus
1799 2172 1882 2216 est
1910 2161 2164 2232 baptismi

579 2256 764 2320 fonte,
791 2264 911 2326 post
935 2255 1456 2310 abrenuntiationem
1479 2253 1693 2317 seculi;
1721 2268 1826 2323 quo
1853 2268 1990 2324 puro
2014 2267 2166 2308 men-

585 2348 664 2402 .tis
691 2347 883 2400 intuitu
913 2345 1192 2416 conspexit
1219 2345 1463 2398 diversos
1497 2346 1563 2399 ad
1600 2343 1810 2398 diversa
1850 2341 2167 2397 tendentes?

594 2436 741 2492 Alios
768 2433 981 2506 quidem
1007 2435 1138 2489 vidit
1163 2435 1358 2489 sudare
1382 2433 1450 2487 ad
1484 2434 1664 2487 umndi
1699 2433 1931 2487 honores
1957 2439 2011 2486 et
2034 2447 2166 2501 pra:-

594 2529 762 2584 sentis
791 2529 916 2582 vita:
937 2527 1151 2598 gaudia,
1182 2527 1317 2581 alios
1349 2542 1476 2579 vero
1497 2527 1562 2580 ad
1593 2525 1776 2579 luxum
1805 2535 1858 2580 et
1888 2525 2162 2579 libidinem

591 2617 803 2680 carnis;
847 2615 1130 2671 nonnullos
1165 2625 1343 2670 autem
1389 2615 1584 2670 sectari
1622 2613 1907 2683 justitiam,
1954 2627 2162 2668 necnon

589 2717 646 2762 et
687 2709 896 2780 aliquos
942 2707 1176 2762 futuram
1211 2707 1476 2776 respicere
1521 2707 1705 2760 vitam.
1759 2704 1932 2775 Elegit
1982 2712 2161 2759 tamen

590 2816 655 2853 ex
683 2799 934 2854 omnibus
956 2813 1091 2868 quos
1116 2798 1290 2868 potuit
1321 2796 1622 2867 intelligere
1641 2796 1880 2865 quinque
1906 2795 2160 2864 virgines,

590 2907 708 2960 qua:
756 2889 848 2960 pio
895 2889 1178 2943 charitatis
1221 2887 1339 2942 oleo
1387 2903 1512 2942 suas
1556 2885 1926 2940 indesinenter
1969 2894 2164 2940 ornant

590 2980 893 3049 lampadas,
915 2987 968 3032 et
989 2986 1183 3048 parant
1204 2977 1353 3031 exire
1374 2976 1586 3030 obviam
1615 2991 1814 3048 sponso
1839 2983 1894 3030 et
1918 2991 2158 3045 sponsas;

580 3080 641 3123 et
663 3071 764 3124 has
789 3069 1028 3124 imitatus
1053 3077 1136 3124 est
1155 3068 1394 3140 vigilanti
1418 3067 1618 3133 animo,
1646 3081 1714 3121 ne
1739 3065 1878 3121 forte
1901 3065 1985 3120 fur
2004 3076 2161 3122 nocte

585 3162 812 3217 veniens
858 3161 1213 3217 dormientem
1261 3160 1582 3230 subriperet.
1631 3159 1850 3214 Andivit
1887 3161 2047 3214 etiam
2094 3173 2162 3218 ex
2191 3145 2234 3205 C

587 3253 838 3324 gymnico
882 3253 1124 3308 carmine
1169 3262 1477 3308 sanctorum
1523 3269 1686 3322 quam
1725 3253 1914 3324 dignas
1959 3254 2164 3308 honore

586 3344 862 3407 victorias,
903 3354 1062 3414 atque
1103 3359 1169 3399 ex
1201 3344 1285 3398 his
1312 3344 1563 3399 omnibus
1593 3358 1756 3398 unam
1790 3344 1840 3397 in
1873 3360 1932 3399 se
1959 3343 2159 3400 Christi

588 3433 902 3488 reformavit
947 3433 1258 3505 imaginem.
1292 3433 1403 3488 Illic
1431 3433 1485 3487 in
1514 3447 1619 3488 uno
1661 3432 1911 3488 videlicet
1958 3433 2066 3488 Deo
2109 3442 2164 3488 et

585 3527 804 3583 homine
845 3526 1060 3584 Christo
1099 3525 1223 3583 Jesu
1267 3527 1447 3582 omnia
1484 3542 1602 3597 quae
1633 3535 1759 3582 sunt
1787 3529 2083 3583 venustatis
2109 3538 2165 3584 et

575 3618 798 3674 decoris
820 3626 1037 3672 aeternae
1063 3619 1186 3672 vitae
1207 3617 1344 3672 ultra
1371 3633 1530 3688 quam
1565 3617 1783 3688 intelligi
1812 3619 1980 3689 possit
2011 3619 2162 3673 adin-

570 3709 731 3764 'venit
755 3726 769 3762 :
793 3709 887 3764 sed
917 3708 1212 3780 perfectum
1245 3710 1387 3778 quod
1410 3709 1462 3763 in
1489 3710 1740 3764 omnibus
1764 3709 2016 3765 Ecclesia:
2044 3726 2162 3781 par-

564 3799 729 3855 .tibus
749 3807 945 3854 natura
976 3799 1272 3870 prohibuit,
1303 3799 1472 3870 gratia
1521 3799 1812 3864 concessit,
1841 3807 1898 3852 ut
1925 3798 1995 3854 sit
2022 3801 2162 3856 Deus

581 3893 764 3948 omnia
796 3892 862 3946 in
912 3891 1181 3947 onmibus.
1219 3891 1423 3947 lleirco
1451 3907 1513 3948 ex
1544 3893 1793 3950 omnibus
1836 3908 1932 3965 per
1975 3895 2157 3950 mni’ia

581 3982 880 4054 satagebat,
915 3991 972 4036 ιιι
1010 3980 1124 4051 jam
1171 3982 1447 4038 Christum
1486 3983 1537 4038 in
1581 3983 1831 4039 omnibus
1871 3985 2154 4042 inveniret.

581 4070 664 4126 0b
712 4071 812 4126 hoc
856 4079 1037 4127 autem
1085 4073 1155 4127 ab
1203 4072 1493 4142 aliquibus,
1523 4084 1583 4129 ut
1627 4075 1864 4143 epi'Stolae
1913 4076 2156 4148 magistri

579 4159 760 4215 Albini
804 4171 831 4201 ι
876 4159 1086 4226 ferunt,
1131 4162 1399 4218 Antonius
1450 4165 1774 4230 vocabatur;
1807 4180 1838 4218 a
1887 4167 2156 4222 nonnullis

579 4263 732 4314 vero,
765 4256 826 4303 ut
873 4264 1036 4318 supra
1082 4250 1284 4305 dictum
1327 4260 1429 4315 est,
1482 4250 1730 4307 Aurelius
1777 4254 2152 4326 Augustinus:

577 4339 773 4410 agebat
814 4355 1050 4411 namque
1081 4341 1222 4397 istud
1253 4342 1522 4411 Gregorii,
1553 4343 1698 4401 aliud
1723 4360 1854 4404 vero
1880 4347 2022 4404 beati
2050 4348 2156 4405 Sil-

578 4437 768 4493 vestri.

973 4551 1108 4623 Ejus
1150 4552 1204 4606 in
1237 4569 1420 4624 egenos
1456 4552 1764 4609 liberalitas.

643 4667 737 4722 22.
777 4667 956 4723 Testis
1000 4677 1084 4722 est
1137 4668 1266 4722 mihi
1316 4667 1644 4724 conscientia
1675 4683 1792 4723 mea
1823 4667 1966 4737 quod
2007 4681 2151 4737 saepe

575 4758 834 4822 mirabar,
859 4772 955 4812 cur
981 4767 1186 4812 tantum
1215 4766 1401 4812 mutuo
1423 4756 1586 4812 vellet
1623 4758 1892 4827 accipere,
1921 4765 1979 4812 ut
2007 4757 2148 4812 indi-

565 4848 822 4918 gentibus
850 4847 932 4901 vel
981 4862 1199 4902 suorum
1242 4855 1489 4919 erogaret
1528 4847 1737 4910 usibus,
1764 4847 1935 4900 donec
1979 4846 2146 4900 vitam

561 4938 714 4992 beati
765 4936 1012 4993 Silvestri
1073 4937 1322 5006 inspexi,
1371 4935 1524 5004 cujus
1578 4936 1629 4990 in
1678 4935 1782 4990 hoc
1836 4935 2150 4990 imitabatur

556 5027 894 5098 exemplum,
929 5037 988 5080 ut
1010 5042 1223 5096 semper
1245 5027 1414 5096 magis
1435 5025 1729 5080 mutuando
1757 5037 1958 5094 pauper
1983 5038 2145 5094 quam

552 5117 723 5172 'dives
759 5118 1110 5173 inveniretur.
1159 5117 1386 5171 Dicebat
1412 5129 1640 5186 namque
1668 5115 1770 5170 sibi
1795 5130 1937 5186 saepe
1971 5117 2148 5171 cohae-

570 5207 818 5262 rentibus
845 5225 858 5262 :
888 5225 906 5260 ι
939 5205 1032 5262 Vis
1072 5223 1250 5272 nosse,
1279 5221 1331 5273 ο,
1360 5207 1600 5277 inquam,
1626 5215 1702 5273 tu,
1733 5214 1910 5260 utrum
1952 5221 2147 5262 avarus

642 5348 671 5378 ι
709 5337 900 5410 Exstat
938 5339 1149 5410 Alcuini
1187 5338 1408 5410 epistola
1443 5338 1543 5393 107
1575 5337 1644 5392 ad
1677 5337 1972 5410 Antonium
1990 5337 2142 5410 scri-

551 5414 682 5478 pta,
707 5422 826 5478 qua:
863 5408 968 5466 hoc
1009 5409 1125 5464 loco
1159 5407 1274 5464 sine
1301 5409 1463 5464 dubio
1493 5425 1522 5463 a
1553 5409 1848 5465 Paschasio
1887 5407 2141 5478 designa~

572 5475 661 5548 tur
686 5494 700 5530 :
725 5475 831 5548 qua
866 5479 1113 5548 hortatur
1155 5479 1537 5543 Adalhardum,
1565 5488 1624 5533 ut
1662 5478 1878 5532 Homeri
1909 5491 2001 5532 seu
2016 5475 2143 5548 An-

569 5545 786 5620 gilberti
809 5547 1037 5604 salutem
1065 5560 1335 5620 procuret,
1370 5548 1580 5615 Valens,
1605 5548 1797 5620 inquit,
1819 5563 1912 5616 per
1932 5546 2139 5620 teﬁeri,

564 5617 706 5685 quod
719 5634 826 5690 per
853 5635 933 5690 me
976 5616 1082 5674 non
1116 5635 1263 5690 posse
1297 5620 1415 5688 ﬁeri
1453 5619 1659 5690 agnovi.
1681 5617 1740 5690 lu
1772 5617 1875 5671 hac
1913 5616 2137 5690 epistola

555 5687 814 5742 .sneminit
857 5685 1362 5744 Alcuinus'altcrins
1403 5685 1640 5758 cpistola:
1676 5688 1742 5742 ab
1773 5702 1829 5744 se
1866 5685 2141 5742 ad‘Anto-

2273 534 2398 602 quis
2427 533 2600 605 magis
2635 541 2687 588 te
2713 534 2924 589 dedisse
2953 549 3115 603 quam
3147 537 3466 604 oportuerit,
3496 551 3694 592 avarus
3721 554 3855 592 cou-

2272 623 2544 689 vinceris;
2571 625 2712 694 quod
2741 625 2787 680 si
2833 625 3015 680 minus
3062 641 3225 695 quam
3269 625 3558 692 debueras,
3587 627 3857 700 largitatis

2271 723 2354 769 est
2378 715 2564 784 utique
2595 714 2830 784 signum.
2881 715 2950 769 Et
2979 715 3100 769 ideo
3130 724 3203 779 te,
3236 715 3334 780 liii,
3365 731 3559 771 moneo
3583 726 3644 772 ut
3682 721 3858 787 magis

2271 804 2316 859 si
2347 805 2671 876 neglexeris,
2714 805 2766 860 in
2815 807 2915 861 hoc
2953 821 3078 860 reus
3126 821 3421 876 appareas,
3453 817 3512 862 ut
3554 807 3622 863 de
3666 821 3857 866 nestro

2271 893 2391 964 plus
2440 909 2665 951 censeas
2714 896 2993 961 tribuere,
3039 911 3200 966 quam
3251 897 3431 952 minus
3473 897 3676 968 aliquid
3726 916 3855 955 cro-

2272 999 2423 1055 gare.
2455 1007 2473 1038 s

2521 1097 2634 1155 Sua
2675 1099 2961 1158 liberaliter
2987 1118 3208 1173 erogans
3245 1101 3436 1174 strpius
3472 1113 3603 1175 eget.

2341 1208 2430 1263 23.
2473 1208 2630 1266 Novit
2671 1211 2935 1269 altissima
2985 1215 3191 1279 virtus,
3233 1215 3374 1285 quod
3423 1215 3760 1286 frequentius
3799 1221 3853 1274 in

2273 1309 2478 1355 tantum
2521 1300 2808 1359 liberaliter
2841 1305 3130 1370 tribuebat,
3165 1316 3222 1360 ut
3277 1307 3390 1375 ipse
3433 1322 3637 1378 pauper
3662 1325 3727 1364 ac
3769 1312 3855 1364 δἐἰ

2270 1390 2428 1445 simul
2443 1390 2754 1446 viderentur
2772 1409 2952 1465 egere.
2978 1393 3081 1449 Sed
3114 1405 3238 1450 tunc
3265 1395 3442 1462 laetus,
3461 1406 3589 1452 tunc
3610 1400 3857 1469 gaudem-

2270 1477 2573 1533 exsultabat
2603 1479 2656 1532 in
2690 1479 2935 1535 Domino.
2984 1481 3177 1536 Aiebat
3221 1499 3453 1553 namque
3479 1503 3491 1537 ε
3516 1484 3734 1542 Utinam
3765 1487 3855 1559 vel

2272 1571 2325 1626 in
2370 1571 2582 1627 modico
2630 1583 2945 1644 paupertate
2971 1574 3168 1630 Christi
3217 1575 3707 1645 participaremur!
3758 1579 3857 1632 sed

2270 1676 2544 1731 nunquam
2592 1663 2642 1717 ei
2688 1665 2861 1718 visum
2907 1672 2989 1718 est
3029 1664 3316 1733 aliquando
3359 1666 3426 1718 ad
3476 1665 3578 1720 hoc
3611 1667 3860 1734 potuisse

2269 1756 2552 1823 pervenire
2595 1757 2888 1828 negotium,
2915 1771 2980 1812 eo
3018 1759 3158 1826 quod
3196 1757 3445 1812 Christus
3491 1759 3666 1828 magis
3696 1759 3748 1812 in
3787 1773 3858 1812 eo

2269 1843 2637 1914 pusillanimes
2683 1856 2948 1902 animaret
2991 1848 3242 1908 assidue.
3297 1857 3355 1902 ut
3401 1864 3494 1904 sua
3551 1848 3856 1904 liberaliter

2266 1933 2538 1990 discerent
2585 1950 2831 2005 erogare;
2867 1937 3015 1991 etde
3043 1938 3136 1992 Dei
3188 1931 3436 2010 largitate
3481 1954 3850 2008 praesumere;

2263 2025 2675 2094 praeoccupabat
2724 2025 2866 2080 enim
2924 2042 3046 2080 eum
3109 2027 3288 2080 divina
3352 2025 3633 2082 clementia
3691 2028 3854 2082 mini—

2267 2113 2509 2167 strando.
2543 2113 2697 2169 Unde
2739 2131 2861 2170 cum
2907 2117 3138 2184 quodam
3179 2117 3266 2170 die
3315 2131 3476 2171 omne
3511 2117 3854 2186 pulmentum

2267 2201 2408 2255 casei
2442 2201 2510 2256 de
2539 2205 2870 2259 monasterio
2911 2204 3213 2274 hospitibus
3239 2219 3304 2259 ex
3333 2205 3545 2277 integro
3568 2209 3856 2277 expendis-

2266 2303 2368 2361 set,
2401 2296 2472 2350 ita
2499 2304 2556 2350 ut
2580 2296 2713 2351 nihil
2746 2297 3003 2353 fratribus
3035 2308 3364 2365 reservaret,
3391 2302 3613 2371 contigit
3642 2312 3702 2356 ut
3730 2305 3852 2372 qni—

2267 2383 2389 2440 dam
2425 2400 2547 2440 cum
2577 2395 2722 2440 esset
2761 2386 3096 2453 cellerarius,
3125 2390 3277 2459 quasi
3321 2405 3452 2446 voce
3484 2392 3683 2447 minaci
3714 2409 3851 2462 quo-

2266 2477 2387 2530 dam
2420 2477 2616 2533 mentis
2645 2477 2837 2534 alfectu
2867 2478 3071 2533 diceret
3096 2497 3109 2532 :
3144 2499 3162 2530 ι
3198 2479 3380 2544 Miror,
3408 2482 3484 2535 ait
3511 2481 3695 2546 Pater,
3715 2485 3850 2553 quid

2268 2577 2354 2622 tua
2389 2567 2518 2623 velit
2545 2568 2777 2640 ingentis
2809 2569 2882 2624 rei
2914 2570 3193 2640 expensio.
3228 2569 3306 2624 En
3335 2571 3466 2625 nihil
3497 2573 3698 2627 residui
3725 2590 3847 2644 per-

2267 2657 2437 2711 mittis
2481 2671 2601 2712 esse
2635 2655 2917 2723 fratribus,
2948 2673 3056 2728 quo
3083 2659 3226 2715 vesci
3271 2660 3450 2715 libeat.
3483 2660 3621 2715 Tum
3654 2663 3760 2726 ille,
3789 2679 3850 2718 ut

2265 2756 2384 2801 erat
2407 2747 2588 2802 suavis
2603 2747 2839 2817 eloquio,
2865 2749 3111 2804 arridens
3135 2767 3147 2802 :
3175 2749 3434 2806 Dominus
3453 2751 3622 2815 dabit,
3649 2751 3851 2823 inquit.

2268 2837 2334 2892 Et
2363 2823 2592 2892 ille:Tu
2639 2853 2872 2908 semper,
2921 2840 3113 2909 inquit,
3154 2841 3228 2895 ita
3274 2841 3579 2911 polliceris;
3609 2845 3706 2898 sed
3738 2860 3850 2898 nun

2269 2929 2346 2985 sic
2372 2929 2643 3001 extemplo
2671 2931 2906 2997 dabitur,
2935 2932 3077 3002 quod
3107 2942 3160 2986 ιιι
3193 2932 3564 2989 indifferenter
3590 2934 3846 2989 emundis.

2265 3019 2483 3077 Interim
2519 3028 2697 3076 autem
2747 3021 2873 3075 dum
2920 3023 3036 3078 haec
3076 3032 3330 3094 aguntur,
3362 3038 3490 3080 ecce
3516 3025 3624 3079 duo
3649 3026 3850 3080 adsunt

2270 3109 2507 3180 plaustra
2563 3123 2662 3180 pro
2713 3109 2962 3177 foribus,
3011 3129 3175 3167 unum
3241 3113 3424 3168 nescio
3483 3115 3610 3184 quid
3663 3113 3849 3169 ferens

2265 3198 2513 3268 piscium,
2549 3208 2604 3255 et
2630 3200 2773 3256 aliud
2803 3201 3018 3271 plenum
3057 3202 3251 3258 easeis.
3285 3201 3436 3268 Quod
3463 3203 3652 3257 beatus
3681 3202 3849 3258 Pater

2265 3290 2508 3356 audiens,
2538 3289 2694 3347 hctus
2740 3306 2839 3363 pro
2881 3292 3048 3348 fratre
3068 3334 3083 3357 ,
3107 3293 3271 3364 jussit
3296 3309 3414 3350 eum
3443 3294 3630 3348 adesse
3661 3295 3849 3349 conti-

2265 3395 2390 3438 nuo.
2436 3383 2574 3438 Ecce
2603 3383 2788 3449 frater,
2820 3384 3012 3456 inquit,
3047 3395 3102 3442 et
3147 3387 3289 3455 quod
3319 3386 3540 3441 timebas
3571 3388 3848 3458 argueris,

2263 3486 2388 3528 ecce
2432 3473 2742 3544 imprudens
2784 3477 3128 3532 convincitur
3176 3478 3407 3547 ignavia.
3457 3476 3591 3532 Tum
3645 3477 3756 3542 ille,
3788 3490 3850 3534 ut

2264 3569 2382 3616 erat
2411 3561 2633 3632 simplex
2663 3564 2863 3631 animo,
2894 3565 3082 3621 videns
3124 3581 3182 3621 sc
3213 3569 3364 3637 argui
3411 3567 3709 3631 beneficiis,
3745 3571 3845 3632 Da,

2263 3651 2336 3705 mi
2367 3649 2544 3717 Pater,
2570 3652 2744 3722 inquit
2771 3654 3044 3726 deinceps,
3068 3656 3132 3710 da
3159 3667 3421 3726 quantum
3445 3658 3696 3714 volueris.
3722 3660 3846 3716 Jam
3927 3723 3931 3726 λ

2261 3742 2405 3796 enim
2455 3757 2558 3797 non
2604 3743 2780 3800 dicam
2813 3745 3038 3804 ulterius
3067 3766 3079 3801 :
3104 3746 3220 3804 Non
3250 3749 3397 3804 dabit
3430 3749 3714 3817 Dominus;
3749 3753 3848 3809 sed

2231 3831 2438 3890 ‘dkm
2459 3846 2716 3906 ptumus,
2749 3838 2874 3907 quia
2903 3838 3121 3894 dabitur
3148 3850 3406 3910 quantum
3436 3841 3693 3897 volueris.
3722 3864 3741 3896 ι

2336 3990 2588 4062 Exemplo
2619 3990 2914 4046 Adallmrdi
2939 4001 3126 4047 auctor
3158 3993 3319 4048 duros
3349 3995 3506 4049 corde
3532 3996 3773 4066 stagilla.

2332 4121 2422 4176 Ἡ.
2465 4120 2646 4192 Neque
2678 4122 2840 4193 igitur
2871 4132 3053 4178 tantus
3083 4125 3166 4178 vir
3212 4125 3464 4196 prudenti
3499 4125 3690 4182 affectu
3743 4145 3844 4198 pn-

2261 4224 2400 4271 terat
2429 4216 2700 4286 ignorare,
2728 4215 2877 4286 quid,
2901 4216 2986 4272 cui
3015 4226 3070 4272 et
3099 4226 3357 4286 quantum
3391 4219 3559 4273 daret.
3598 4219 3711 4275 Hoc
3751 4238 3845 4275 so-

2260 4308 2371 4361 lum
2399 4306 2536 4371 vitii,
2561 4306 2606 4361 si
2644 4307 2839 4371 libeat;
2869 4307 3155 4377 deputetur
3202 4308 3344 4376 quod
3395 4310 3592 4372 aiebat,
3625 4313 3845 4366 dicebat

2260 4396 2402 4452 enim
2440 4397 2512 4450 ita
2539 4413 2552 4449 :
2587 4415 2606 4448 ι
2639 4391 2696 4450 Si
2731 4399 2797 4450 ad
2820 4396 3054 4452 dandum
3086 4399 3215 4452 mihi
3246 4399 3318 4455 ita
3368 4400 3626 4468 exiguum
3655 4401 3838 4461 fuerit.

2185 4485 2236 4546 D
2264 4494 2322 4539 ut
2349 4500 2452 4540 non
2479 4485 2708 4541 habeam
2738 4486 2881 4556 quod
2897 4487 3426 4557 duobusimpertiam
3446 4491 3838 4560 indigentibus,

2260 4590 2368 4644 quo
2393 4574 2566 4628 solum
2587 4589 2776 4630 eorum
2799 4576 2996 4646 aliquis
3015 4576 3382 4647 adjumentum
3395 4581 3604 4648 capiat;
3637 4583 3841 4636 bonum

2259 4665 2390 4719 mihi
2421 4665 2654 4729 videtur,
2691 4666 2776 4720 cui
2797 4666 2921 4736 jure
2958 4667 3132 4736 magis
3173 4669 3433 4736 competit
3459 4677 3518 4722 ut
3567 4671 3619 4724 ei
3661 4679 3840 4724 totum

2259 4754 2510 4820 tribuam,
2541 4769 2702 4824 quam
2727 4756 2970 4826 utrisque
2995 4755 3071 4810 nil
3096 4771 3231 4826 pene
3259 4757 3588 4826 impertiam,
3623 4769 3720 4813 aut
3747 4776 3841 4814 eos

2253 4863 2318 4901 ex
2345 4855 2458 4901 toto
2487 4860 2686 4901 vacuus
2712 4845 3033 4916 relinquam.
3075 4866 3093 4899 ι
3151 4845 3303 4902 Unde
3349 4848 3440 4902 uni
3485 4848 3839 4918 impendebat

2253 4945 2541 5004 utrumque
2561 4935 2956 4990 benevolentia;
2993 4951 3209 5000 munus,
3249 4936 3404 4990 alteri
3446 4937 3668 5007 pietatis
3704 4938 3838 4993 alle-

2253 5035 2420 5080 ctum.
2455 5025 2666 5090 Videte,
2724 5026 3062 5091 duricordes,
3107 5025 3285 5081 videte
3335 5027 3544 5082 viscera
3594 5029 3837 5098 pietatis.

2252 5117 2391 5172 Ecce
2413 5113 2530 5183 hic,
2560 5116 2688 5172 licet
2709 5131 2815 5172 non
2857 5126 3040 5188 posset
3087 5117 3272 5188 largiri
3331 5119 3608 5184 omnibus,
3657 5130 3837 5175 tamen

2250 5205 2490 5261 omnium
2513 5205 2789 5262 doloribus
2815 5215 2869 5262 ct
2915 5207 3155 5276 peuuriis
3195 5218 3358 5277 atque
3400 5209 3622 5265 casibus
3674 5213 3841 5267 variis

2252 5338 2397 5410 nium
2426 5337 2662 5410 scriptae,
2689 5351 2808 5410 qua:
2828 5353 2935 5391 non
2961 5346 3158 5410 exstat.
3185 5337 3324 5410 sunt
3349 5339 3439 5410 qui
3460 5339 3837 5395 Adalhardum

2251 5408 2457 5482 Arsenii
2480 5416 2535 5462 et
2562 5407 3139 5482 Ieremire‘nomi‘nib‘us
3165 5424 3195 5462 a
3232 5407 3835 5482 Paschasiodesiguari

2249 5477 2753 5551 ex_istiment_in_itio
2797 5476 2918 5551 libri
2938 5478 3016 5551 _de
3043 5478 3282 5551 Corpore
3316 5489 3371 5534 et
3410 5476 3706 5551 sanguine
3737 5482 3840 5534 Du-

2251 5547 2402 5618 mini.
2449 5546 3076 5618 At‘ﬁ’alamﬂsignilicari
3121 5546 3504 5607 demonstrabo
3530 5546 3606 5604 ad
3633 5568 3837 5605 annum

2249 5617 2371 5683 823,
2397 5632 2504 5687 quo
2527 5615 2695 5673 Walae
2722 5615 2859 5673 Vita'
2875 5615 3160 5674 referenda
3189 5628 3290 5675 est.
