4122 6324
318 281 452 341 1521

312 394 710 469 emupassionis
774 399 967 460 affectu
994 444 1011 473 ,
1082 408 1238 478 quasi
1318 413 1552 483 propriis
1622 416 1894 477 allicieba-

314 496 425 544 tur.

595 600 870 674 Lacrymis
893 606 1101 663 deditus
1124 618 1236 665 erat
1255 610 1613 671 Adalhardns.

291 732 295 735 ι
379 706 473 768 Ξδ.
515 707 658 768 Vere
688 720 870 771 tantus
903 732 970 772 ac
997 717 1119 774 talis
1143 729 1282 786 erat,
1310 730 1369 777 nt
1402 724 1469 780 de
1504 741 1563 782 se
1590 728 1786 799 quippe
1807 744 1894 785 re-

310 799 422 857 latu
448 800 695 858 veritatis
736 806 999 875 potuisset
1043 823 1327 867 asserere:
1371 812 1686 873 Vulneratus
1713 820 1889 874 chari-

306 903 420 950 tate
440 911 533 966 ego
560 912 714 962 sunt;
744 899 837 969 qui
864 900 967 957 nisi
1001 902 1316 961 vulneratus
1341 917 1486 963 esset
1526 924 1557 964 a
1603 911 1889 980 ebaritate,

306 986 550 1042 onmium
593 1002 750 1045 casus
774 990 1045 1052 continuis
1088 994 1337 1053 lamentis
1384 1008 1444 1053 ut
1488 1003 1733 1074 proprios
1781 1021 1887 1060 non

307 1075 533 1147 lugeret.
567 1077 759 1136 Flebat
783 1091 964 1138 autem
998 1085 1187 1143 diebus
1214 1089 1473 1159 singulis,
1519 1094 1567 1149 si
1616 1111 1720 1151 non
1767 1112 1884 1151 am—

305 1166 468 1236 plius,
495 1169 663 1224 semel
689 1169 743 1226 in
772 1171 859 1227 die
897 1183 990 1229 aut
1032 1178 1294 1246 secundo,
1343 1197 1500 1238 mane
1538 1184 1790 1241 videlieet
1831 1196 1887 1243 et

306 1259 542 1326 vesperi.
566 1257 710 1330 Ignis
746 1276 878 1332 ergo
902 1272 1025 1320 erat
1069 1268 1181 1322 iste
1221 1268 1274 1323 in
1317 1285 1384 1325 eo
1436 1283 1728 1344 perpetuus
1776 1292 1882 1332 non

302 1346 564 1405 deficiens
591 1350 840 1406 exaltari
869 1353 1075 1421 animi;
1120 1358 1215 1413 sed
1262 1357 1462 1431 iugiter
1507 1363 1598 1418 tali
1655 1366 1883 1421 ardebat

302 1448 449 1494 voto.
475 1439 553 1494 lbi
583 1442 727 1497 enim
752 1440 915 1499 ﬂebat
937 1460 1102 1503 suave
1127 1448 1494 1507 holocaustum
1519 1454 1767 1522 Domino;
1808 1457 1881 1513 ibi

300 1529 535 1586 victimae
550 1532 948 1604 mutabantur,
971 1541 1244 1612 praecipue
1266 1542 1317 1597 in
1336 1546 1510 1601 metis
1526 1548 1732 1614 medio;
1763 1558 1882 1605 erat

297 1619 445 1675 eadm
475 1621 703 1693 pervigil
726 1623 781 1679 iu
806 1626 1163 1685 orationibus.
1189 1629 1419 1688 Omnem
1444 1636 1627 1691 carnis
1662 1638 1878 1708 adipem

295 1716 356 1764 et
415 1712 976 1781 concupiscentiarum
1044 1718 1327 1778 illecebras
1404 1732 1534 1781 tunc
1601 1728 1880 1784 cremabat

1506 298 1616 356 ‘DE
1657 299 1813 359 “TA
1855 306 1916 363 S.
1955 310 2370 376 ADALHARDI.

3437 337 3587 395 Ιδέὶ

1923 427 1972 486 Α
2000 439 2171 485 nerei.
2208 452 2227 485 ι
2253 434 2379 491 inde
2405 445 2546 505 erat,
2569 438 2641 495 mi
2663 440 2843 509 Pater,
2884 445 3026 515 quod
3052 446 3104 501 in
3126 426 3319 503 mortis
3343 452 3592 511 articulo.

1996 533 2103 573 non
2154 524 2439 581 recedebat
2484 530 2553 584 ab
2601 545 2698 587 ore
2737 532 2859 602 plus
2907 533 3154 599 aﬂ'eetus.
3203 554 3267 606 ae
3312 541 3571 600 dicebas:

1997 607 2175 666 Sitinit
2202 617 2382 671 anima
2402 635 2519 674 mea
2545 621 2615 675 ad
2653 621 2821 678 Deum
2845 625 3030 689 vivum,
3060 630 3270 700 quando
3296 633 3500 688 veniam
3524 646 3587 689 er
3636 636 3639 647 '

1993 704 2254 790 apparebo
2276 716 2397 761 ante
2414 709 2604 778 {aciem
2627 711 2766 767 Dei?
2792 713 2962 783 (Psal.
3007 732 3117 784 xu,
3151 718 3229 790 ὅ.)
3266 720 3385 775 Iam
3420 723 3581 778 enim.

1994 785 2252 855 cupiebas
2280 790 2485 862 ingredi
2514 794 2851 854 tabernaculi
2879 800 3056 857 locum
3079 785 3435 873 admirabilis,
3454 807 3567 878 jam

1994 887 2095 928 vox
2119 877 2499 938 exsubatienis
2529 884 2582 938 iu
2626 888 2852 944 auribus
2872 899 2990 945 erat
3013 900 3070 947 et
3120 892 3493 954 confessionis.
3512 900 3587 955 in.

1989 977 2117 1031 ore;
2138 966 2251 1037 jam
2289 985 2456 1026 sonus
2487 974 2755 1046 epulantis
2783 981 3133 1048 audiebatur;
3174 984 3287 1052 jam
3312 990 3583 1057 quodam».

1991 1056 2152 1110 modo
2192 1058 2460 1118 intereras
2484 1064 2570 1119 bis
2610 1082 2839 1136 quorum
2873 1071 3136 1128 habitatio
3169 1087 3252 1131 est
3293 1056 3567 1136 sicuthe-

1994 1148 2223 1204 tantium
2244 1154 2505 1209 omnium.
2539 1157 2685 1212 Talia
2714 1161 2912 1231 quippe
2947 1164 3071 1219 dum
3098 1165 3275 1232 ﬂeres,
3307 1168 3402 1224 tibi
3436 1180 3581 1228 ante

1984 1237 2181 1293 oculos
2216 1242 2583 1301 assistebant:
2619 1256 2673 1302 et
2707 1249 2828 1306 ideo
2856 1268 3039 1309 amore
3073 1263 3218 1312 totus
3242 1257 3570 1331 elangueras
3652 1271 3656 1274 '

1986 1340 2051 1382 ac
2081 1327 2342 1386 dicebas:
2368 1334 2573 1403 Adiuro
2605 1354 2714 1402 vos,
2748 1340 2867 1409 ﬁlia
2903 1342 3222 1412 Jerusalem,
3245 1348 3290 1402 si
3311 1327 3568 1406 inueneri-

1989 1419 2056 1473 tis
2079 1420 2322 1477 dilectum
2348 1441 2544 1492 meum,
2575 1438 2632 1483 at
2655 1433 2901 1488 nuntietis
2922 1451 2980 1500 et,
2998 1437 3124 1505 quia
3149 1454 3327 1494 amore
3344 1439 3577 1512 langueo
3610 1469 3617 1481 -

1987 1505 2168 1577 (Cant.
2196 1527 2251 1577 ν,
2279 1512 2355 1585 8).
2382 1512 2603 1572 Noverit
2621 1519 2742 1589 pius
2766 1520 2957 1587 lector,
2983 1526 3127 1595 quod
3152 1526 3198 1581 si
3225 1542 3285 1583 se
3307 1543 3337 1582 a
3364 1505 3562 1587 talibus

1985 1598 2262 1667 paululum
2292 1618 2391 1675 pro
2418 1606 2745 1676 quibuslibet
2768 1614 2997 1684 negotiis
3024 1627 3383 1688 segregasset,
3405 1623 3568 1690 quasi

1985 1704 2016 1743 a
2071 1693 2274 1750 sanctis
2317 1696 2504 1753 exiens
2543 1697 2833 1758 festinabat
2881 1706 3036 1763 ocius
3081 1716 3141 1763 ut
3180 1709 3416 1777 rediret;
3466 1713 3573 1769 sed

294 1792 636 1857 ﬂammarum
664 1803 955 1874 incendio;
987 1816 1045 1864 et
1088 1811 1277 1866 omnia
1321 1811 1651 1872 intrinsecus
1696 1817 1873 1873 vitalia

1984 1785 2243 1841 continuo
2271 1796 2440 1847 totum
2471 1806 2534 1847 se
2563 1792 2866 1861 inveniens,
2905 1806 3050 1855 totus
3080 1801 3271 1857 aderat
3312 1803 3466 1875 quasi
3504 1803 3573 1860 ita

295 1898 566 1960 caputque
591 1908 716 1950 cum
744 1896 992 1964 pedibus,
1021 1899 1074 1955 id
1104 1909 1189 1956 est
1212 1901 1422 1958 initium
1462 1904 1585 1962 vitae
1610 1921 1676 1964 ac
1715 1907 1876 1964 ﬁnem

294 1979 510 2036 Domini
535 1981 591 2037 in
619 1984 949 2043 sacrificium
977 1988 1249 2047 adolebat.
1282 1991 1527 2050 Lavabat
1553 1997 1700 2052 enim
1733 2013 1880 2067 quae-

293 2086 401 2141 que
445 2071 703 2145 lacrymis
742 2076 1000 2147 primum,
1033 2087 1093 2134 ut
1129 2081 1386 2154 deinceps
1416 2085 1600 2140 omnia
1648 2086 1881 2145 Domino

292 2163 547 2219 mundius
589 2170 994 2225 cremarentur.
1017 2168 1216 2227 Fateor
1246 2172 1406 2244 plane
1455 2190 1731 2246 nunquam
1783 2193 1871 2235 me

291 2252 567 2310 i..venisse
594 2255 797 2321 virum,
828 2258 918 2313 cui
949 2258 1072 2315 fons
1091 2259 1450 2333 lacrymarum
1487 2272 1676 2322 tantus
1723 2265 1872 2323 inesa-

291 2350 379 2397 set
406 2351 700 2416 tantusque
722 2348 974 2417 gemitus.
1006 2348 1234 2408 Putares
1255 2353 1398 2408 enim
1420 2353 1745 2411 intrinsecus
1759 2370 1873 2412 om-

289 2431 382 2486 nia
418 2431 634 2490 ﬂetibus
664 2437 898 2493 resoluta
932 2438 1217 2509 profundis
1244 2443 1495 2513 suspiriis
1542 2453 1732 2515 pectus
1768 2446 1876 2502 dis-

290 2538 561 2595 rumpere.
588 2524 923 2584 Videbantur
950 2529 1004 2585 in
1038 2546 1106 2588 eo
1135 2547 1201 2589 ac
1242 2534 1287 2590 si
1337 2535 1571 2592 tonitrua
1602 2552 1877 2606 resonare,

290 2610 421 2668 dum
455 2629 513 2669 se
534 2615 745 2673 crebris
770 2619 1021 2676 tunderet
1051 2622 1273 2690 ictibus,
1302 2633 1361 2679 ιιι
1385 2624 1748 2699 laclymarum
1778 2632 1880 2685 im-

290 2710 421 2765 bres
449 2711 671 2769 uberius
715 2713 957 2771 eliceret.
1010 2715 1167 2774 Haud
1196 2717 1418 2776 dubium
1468 2723 1598 2793 quin
1641 2726 1875 2781 tonitrua

293 2798 466 2856 fuisse
504 2810 651 2859 recte
677 2802 942 2873 dicamus,
988 2808 1118 2878 quia
1141 2818 1197 2864 tu
1220 2809 1367 2867 intus
1392 2826 1534 2877 eras,
1564 2815 1702 2869 bone
1723 2813 1875 2882 Jesu,

288 2899 353 2945 ut
376 2888 597 2950 ﬂetibus
632 2895 896 2952 virtutum
919 2898 1129 2970 rigares
1176 2901 1408 2967 semina,
1463 2913 1519 2960 et
1567 2906 1681 2976 agri
1729 2907 1873 2977 pleni

286 2996 453 3052 quem
526 2984 919 3056 benedixeras,
991 2989 1228 3048 fructum
1316 2993 1465 3052 fonte
1546 2999 1877 3068 aspersionis

284 3071 563 3131 abiueres.

535 3144 539 3151 ’
821 3150 992 3218 Quam
1013 3153 1077 3211 ob
1111 3172 1352 3213 causam.

358 3235 451 3292 26.
489 3234 589 3305 Qui
620 3254 745 3297 cum
759 3242 987 3315 exiguus
1014 3261 1117 3317 ego
1143 3248 1433 3321 aliquando
1455 3252 1523 3307 ab
1544 3266 1609 3309 eo
1634 3255 1875 3326 require:

287 3342 407 3384 rem
444 3330 670 3402 hujusce
709 3334 927 3392 lamenti
961 3353 1131 3409 genus
1175 3350 1232 3396 et
1283 3345 1414 3397 tanti
1448 3342 1604 3401 ﬂetus
1641 3346 1883 3415 gratiam.

286 3418 470 3475 intulit
497 3421 571 3475 ita
599 3422 822 3480 dicens:
856 3445 875 3477 ι
927 3426 1159 3500 Plange,
1182 3430 1376 3501 inquit,
1405 3432 1479 3486 illi
1524 3432 1620 3498 mi,
1657 3433 1869 3507 plango,

287 3527 395 3569 non
424 3514 581 3584 quasi
611 3514 945 3580 humiliando
972 3516 1102 3575 ﬂere
1145 3536 1247 3577 mea
1281 3523 1625 3590 conveniam,
1668 3537 1763 3580 aut
1813 3536 1873 3583 ut

286 3602 482 3661 altiora
530 3605 652 3662 caeli
708 3618 1049 3665 sacramenta
1095 3613 1461 3682 conspiciam?
1499 3616 1592 3671 sed
1636 3624 1743 3679 me,
1791 3618 1870 3673 iu-

284 3707 475 3767 quam,
499 3696 628 3767 quid
654 3696 757 3753 sim
781 3699 1152 3771 considerans,
1178 3702 1480 3775 plangentio
1505 3704 1680 3778 lugeo.
1708 3704 1869 3763 Plau-

287 3797 357 3851 go
382 3783 623 3854 quidem,
665 3801 773 3842 non
802 3789 929 3860 quia
957 3788 1038 3846 sic
1083 3806 1170 3846 me
1214 3791 1404 3848 vellem
1455 3793 1868 3866 plangerezsed

284 3876 414 3944 quia
450 3892 537 3932 me
561 3877 635 3933 ila
664 3879 1024 3951 plangendum
1039 3884 1385 3956 novi,procul
1411 3886 1572 3942 dubio
1595 3887 1809 3961 plango.
1845 3914 1862 3942 ι

284 3964 332 4021 Θ
379 3966 643 4037 profunda
712 3969 992 4028 humilitas
1035 3974 1136 4029 viri
1200 3983 1255 4031 et
1307 3975 1629 4034 altissimum
1712 3995 1868 4036 men-

285 4057 357 4113 tis
438 4058 744 4131 ingenium!
816 4061 1035 4120 dicebas
1094 4064 1240 4121 enim
1316 4067 1470 4132 inec,
1545 4083 1653 4124 non
1724 4071 1867 4141 quod

283 4157 339 4207 te
394 4150 559 4207 talem
616 4153 817 4221 scires,
860 4157 955 4212 sed
1007 4166 1066 4213 ut
1119 4173 1230 4226 me,
1287 4176 1447 4231 quem
1511 4162 1674 4219 talem
1730 4164 1868 4222 forte

280 4253 532 4307 noveras,
587 4242 655 4297 ad
706 4242 1064 4316 plangendum
1115 4246 1310 4303 saltem
1374 4250 1549 4306 serius
1608 4251 1868 4310 iuvitares

278 4336 339 4383 et
404 4338 597 4400 pectus
667 4347 890 4390 saxeum
964 4337 1046 4393 sic
1097 4338 1205 4393 tuis
1276 4337 1492 4397 ﬂetibus
1544 4342 1865 4401 emollires:

279 4421 521 4492 alioquin
550 4425 749 4482 tuideo
773 4425 961 4493 ﬂebas,
992 4429 1136 4499 quod
1163 4430 1310 4486 velut
1337 4432 1484 4489 intra
1517 4443 1709 4491 sancta
1737 4450 1865 4491 san-

1984 1875 2072 1930 die
2100 1876 2406 1935 nihilaliud
2429 1881 2575 1937 inter
2607 1898 2801 1941 manus
2844 1886 3139 1946 habuisset.
3190 1891 3311 1950 Mox
3356 1893 3571 1949 ctenim

1979 1964 2207 2021 aderant
2226 1966 2498 2040 lacrymae,
2513 1987 2635 2028 mox
2659 1975 2909 2044 gemitus,
2938 1985 3099 2049 atque
3111 1983 3288 2036 omnis
3313 1982 3559 2039 devotio:

1980 2055 2253 2112 revirebat
2300 2073 2515 2130 quoque
2567 2062 2783 2119 animus
2828 2064 2995 2132 illico,
3040 2077 3096 2123 et
3141 2070 3330 2127 omnis
3367 2086 3583 2129 sensus.

1979 2147 2225 2218 corporis
2244 2149 2498 2206 continuo
2524 2153 2725 2209 mundo
2758 2155 3115 2214 moriebatur.

2364 2282 2432 2338 In
2458 2285 2622 2356 oﬁcio
2648 2286 2823 2344 divino
2852 2307 3007 2360 quam
3029 2293 3168 2363 pius.

2047 2393 2138 2449 27.
2176 2393 2333 2462 Quod
2362 2396 2406 2452 si
2431 2396 2498 2452 ad
2521 2396 2616 2454 Dei
2646 2399 2901 2457 intrasset
2924 2402 3181 2470 oﬂicium.
3206 2415 3267 2462 ut
3301 2408 3441 2464 idem
3466 2406 3563 2477 ju—

1976 2486 2157 2542 cunde
2183 2486 2366 2543 animo
2396 2488 2588 2546 solitus
2612 2500 2732 2546 erat
2762 2493 2964 2561 dicere,
2998 2512 3121 2552 mox
3173 2514 3363 2555 omnes
3386 2502 3557 2575 cogi-

1982 2576 2215 2633 tationes
2254 2585 2310 2633 et
2336 2593 2532 2635 causas
2558 2595 2740 2637 rerum
2772 2585 3149 2655 temporalium
3195 2590 3580 2646 antetros'tium.

1980 2666 2290 2735 reponebat,
2319 2678 2374 2724 et
2419 2684 2604 2727 secum
2656 2679 2798 2729 totus
2846 2674 3276 2747 ingrediebatur,
3323 2688 3383 2735 ut
3410 2688 3569 2737 totus

1978 2756 2088 2813 Deo
2118 2774 2183 2813 ac
2209 2759 2309 2815 sibi
2331 2761 2563 2817 adesset.
2612 2761 2783 2831 Quem
2839 2765 2885 2821 si
2934 2768 3328 2838 conspexisses,
3379 2770 3561 2828 subito

1979 2849 2190 2906 videres
2219 2867 2341 2907 eum
2368 2853 2596 2909 introire
2612 2870 2726 2912 sua:
2746 2857 3042 2914 secretiora
3071 2861 3288 2927 mentis,
3302 2862 3563 2927 etnescio

1977 2942 2104 3009 quid
2154 2945 2360 2999 verenti
2409 2944 2565 3000 vuitu-
2604 2947 2893 3018 respicere.
2931 2951 3435 3030 Tingebat-quippe
3474 2968 3575 3011 cas

1977 3031 2177 3084 laumm
2211 3031 2410 3103 [iugum
2435 3035 2775 3092 feutesaucti
2804 3038 3061 3110 Spiritus,
3092 3051 3151 3097 ut
3184 3044 3418 3102 mundus
3447 3045 3572 3102 Deo

1907 3154 1950 3214 Ο
1985 3122 2173 3178 Iaudes
2198 3124 2441 3180 diceret:
2476 3126 2615 3182 inter
2650 3128 2796 3197 ipsas
2833 3131 3019 3187 laudes
3051 3133 3233 3190 nescio
3259 3134 3389 3204 quid
3440 3152 3558 3191 unt-

1983 3213 2152 3266 sieum
2182 3216 2506 3285 percipiens,
2547 3217 2837 3288 aliquando
2873 3222 3336 3280 abundantissime
3372 3224 3554 3281 ﬂebat.

1975 3302 2036 3361 Et
2064 3304 2194 3373 quid
2237 3305 2469 3360 mirum?
2500 3323 2623 3362 cum
2671 3317 2731 3364 ut
2777 3310 2957 3366 audivi
3003 3312 3236 3382 quodam
3286 3314 3555 3371 referente

1973 3394 2248 3464 episcopo,
2285 3395 2428 3452 inter
2463 3398 2635 3468 ipsas.
2650 3399 2834 3470 palatii
2872 3401 3191 3471 populorum
3222 3403 3559 3475 frequentias

1974 3486 2101 3538 dum
2136 3501 2233 3541 rex
2261 3494 2329 3545 et.
2346 3488 2639 3561 consiliarii
2678 3491 2795 3562 ejus
2838 3492 2983 3549 aliud
3026 3492 3152 3564 quid
3183 3494 3553 3562 intenderent.

1971 3581 2029 3629 et
2073 3578 2228 3630 turba
2270 3594 2421 3635 more
2465 3580 2911 3653 solito_undique
2968 3594 3354 3659 perstreperet,
3408 3604 3553 3659 saépe

1971 3678 2158 3720 eorum
2182 3667 2235 3722 in
2260 3670 2437 3725 medio
2466 3672 2675 3740 positus
2722 3673 2961 3745 lugebat,
3004 3676 3159 3747 quasi
3212 3677 3281 3732 ad
3323 3694 3551 3748 agonem

1972 3752 2130 3811 ﬂelidi
2163 3757 2271 3814 huc
2297 3759 2553 3817 venisset.
2593 3763 2779 3835 Itaque
2806 3764 2878 3821 ibi
2902 3767 3150 3825 residens
3181 3769 3347 3826 aliubi
3382 3770 3559 3829 uelo--

1972 3858 2089 3898 rum
2121 3847 2229 3918 regi
2261 3851 2529 3906 secretius
2559 3853 2872 3911 assistebat.

2274 3985 2444 4074 Exin:
2492 3990 2869 4045 monasterium
2919 4000 2975 4046 ut
3021 4009 3076 4047 se
3110 3993 3263 4064 gerit.

2051 4116 2141 4172 28.
2182 4115 2334 4184 Quod
2358 4118 2403 4173 si
2429 4118 2572 4173 inter
2597 4120 2781 4176 mundi
2807 4119 3123 4177 discrimina
3168 4121 3275 4180 ltuc
3316 4123 3551 4194 illucque

1971 4222 2071 4277 pro
2103 4206 2359 4264 Ecclesiae
2387 4209 2605 4281 negotio
2650 4221 2949 4282 occupatus
2993 4223 3161 4279 esset,
3192 4214 3438 4270 instituta
3474 4225 3555 4270 Ia-

1971 4314 2097 4354 men
2136 4297 2338 4370 regulae
2359 4300 2582 4357 minime
2604 4301 2909 4370 deserebat,
2942 4306 3036 4360 sed
3074 4322 3174 4378 pro
3194 4306 3427 4363 lectione
3461 4324 3555 4363 va-

1971 4390 2137 4444 eahat
2157 4387 2394 4455 ﬂetibus,
2425 4398 2480 4444 et
2510 4404 2609 4460 pro
2634 4390 2860 4461 reliquis
2899 4393 3091 4449 oﬂiciis
3141 4396 3340 4450 mentis
3380 4393 3554 4464 jubilo

279 4480 497 4569 ειοιιξηη
537 4480 1867 4592 ίηετθεέυέ
1899 4511 1945 4571 D
1973 4480 2202 4536 Domino
2251 4480 2636 4536 famulabatur.
2693 4481 2965 4538 Noveram
3005 4485 3172 4556 igitur
3219 4503 3409 4544 omnes
3465 4489 3551 4544 sui

817 4558 835 4583 ’
1870 4567 1888 4589 ο
1975 4568 2195 4592 --_.:.--
2238 4577 2284 4592 ..ι
2321 4568 2527 4592 :.:..-_:-
2559 4570 2691 4592 ---::
2735 4570 2979 4592 A-_-.2_e_-
3023 4590 3033 4592 _
3343 4577 3377 4592 η

282 4558 394 4569 ν-ν-
410 4558 496 4569 ιιι-ου
537 4558 835 4587 ..ιο-υνυῑιῡ.
865 4558 1099 4574 ιινιιυιιιιι
1130 4558 1449 4578 ννιιιιιιιιαιῡ
1481 4558 1622 4591 γυιῠι
1636 4558 1696 4579 αδ
1723 4558 1888 4592 ιμιυυρ

239 4580 249 4594 ο

277 4607 562 4665 cernebas.
594 4608 735 4681 Spes
753 4626 985 4681 namque
1006 4627 1128 4682 quae
1149 4611 1861 4687 diﬂ'erniraﬂligitanimam.

280 4695 425 4767 Ergo
452 4702 716 4758 cernebas
737 4703 933 4759 mentis
956 4702 1117 4760 oculo
1135 4704 1411 4761 cmlcstem
1443 4707 1586 4763 illam
1609 4710 1861 4779 patriam,

277 4801 389 4855 quo
415 4787 709 4858 bymnidici
758 4792 909 4848 chori
962 4793 1069 4849 Deo
1101 4793 1287 4850 laudes
1334 4796 1710 4853 concelebrant
1748 4816 1765 4856 :
1811 4807 1868 4854 et

277 4873 548 4932 fruebaris
582 4864 802 4935 beatum
835 4881 982 4936 illum
1010 4892 1065 4938 ct
1109 4882 1317 4940 felicem
1346 4885 1470 4940 cedi
1521 4898 1866 4955 concentum,

278 4963 375 5020 ubi
404 4964 673 5023 indefessa
710 4984 841 5025 voce
869 4970 1135 5028 resultant
1164 4989 1280 5044 pra:
1298 4975 1494 5044 gaudio
1528 4975 1875 5045 iubilationis'

278 5070 515 5127 organa;
552 5067 607 5115 et
630 5061 774 5131 quod
804 5062 979 5131 majus
1016 5072 1120 5130 est,
1152 5064 1330 5119 adhuc
1366 5063 1574 5122 feceras
1610 5075 1756 5123 tuam
1786 5068 1864 5140 ip-

278 5146 393 5200 sius
429 5147 664 5204 animam
693 5151 870 5206 sancti
892 5152 1128 5221 Spiritus
1163 5153 1553 5210 habitaculum.
1597 5154 1702 5211 Sed
1739 5173 1864 5215 cum

277 5235 424 5291 idem
465 5236 702 5309 Spiritus
731 5240 1006 5311 paululum
1037 5242 1200 5297 altius
1234 5245 1503 5300 evolasset
1531 5252 1591 5299 ut
1624 5260 1746 5300 eum
1780 5262 1863 5302 re-

276 5325 545 5395 quireres,
571 5327 738 5385 ﬂebas
767 5346 879 5401 pne
901 5347 1087 5387 amore
1122 5332 1310 5398 nimio,
1341 5334 1678 5407 multumque
1696 5335 1862 5394 ﬂebas

277 5413 358 5467 ita
392 5413 613 5471 dicens:
643 5438 662 5468 ι
697 5418 890 5474 Anima
940 5437 1055 5476 mea
1094 5421 1380 5492 liquefacta
1411 5432 1495 5481 est
1538 5434 1601 5482 ut
1642 5425 1855 5491 locutus

274 5505 537 5570 estmihi,
586 5509 631 5565 si
676 5510 893 5579 quidem
933 5511 1144 5568 locutus
1190 5523 1275 5568 est
1318 5515 1588 5571 et.abiit:
1617 5516 1750 5573 abiit
1796 5525 1855 5572 ut

275 5609 436 5654 mens
477 5600 633 5656 avida
674 5600 886 5659 fruendi
916 5602 1124 5661 felicius
1169 5605 1560 5674 inardesceret,
1602 5616 1659 5664 et
1703 5606 1855 5664 ﬂam-

275 5699 425 5744 mam
450 5704 575 5748 cum
607 5692 920 5767 invenisset,
952 5695 1005 5751 in
1054 5711 1119 5754 eo
1172 5697 1458 5757 eharitatis
1490 5698 1697 5757 ﬂrmius
1727 5700 1855 5757 reli-

1970 4568 2197 4623 comites
2235 4577 2297 4622 et
2321 4568 2530 4624 itineris
2558 4570 2691 4625 socii
2730 4570 2988 4628 continuo
3009 4590 3133 4630 eum
3166 4592 3225 4634 se
3270 4577 3413 4653 nolle
3458 4594 3552 4651 ap-

1971 4656 2361 4728 propinquari:
2398 4657 2603 4715 idcirco
2658 4662 2846 4731 procul
2903 4664 2972 4719 ab
3018 4681 3086 4721 eo
3140 4668 3547 4739 gradiebantur.

1970 4755 2239 4816 quatenus
2278 4747 2365 4802 ille
2416 4748 2514 4804 soli
2558 4748 2668 4805 Deo
2697 4762 2937 4809 vacaret.
2990 4753 3235 4815 Venerat
3267 4759 3413 4815 enim
3473 4761 3549 4817 illi
3589 4785 3601 4815 ι

1965 4837 2076 4906 jam
2105 4847 2337 4909 tempus,
2369 4848 2428 4894 ut
2455 4857 2629 4911 neque
2656 4843 2708 4897 in
2741 4854 2944 4912 monte,
2979 4862 3152 4919 neque
3181 4850 3234 4905 in
3274 4849 3548 4924 ierosoly—
3600 4892 3607 4899 .

1974 4930 2098 4995 mis,
2126 4940 2204 4996 et,
2236 4939 2295 4985 ut
2329 4930 2401 4986 ila
2432 4932 2631 4999 dicam,
2655 4951 2829 5005 neque
2879 4938 2933 4992 iu
2976 4938 3159 5010 aliquo
3187 4932 3341 5008 loco,
3370 4944 3462 4997 sed
3492 4954 3550 4999 ut
3600 4952 3603 4955 '

1968 5021 2021 5076 in
2056 5021 2247 5092 spiritu
2302 5031 2359 5077 et
2410 5025 2647 5080 veritate
2687 5028 2941 5083 adoraret
2982 5029 3221 5086 Patrem.
3267 5032 3547 5104 Templum

1967 5119 2150 5167 autem
2177 5110 2417 5180 ejusdem
2464 5112 2700 5185 Spiritus
2719 5132 2873 5173 suam
2896 5119 3098 5175 fecerat
3139 5121 3374 5176 animam
3410 5124 3546 5178 veri-

1968 5202 2203 5273 tatisque
2229 5203 2599 5260 habitaculum
2641 5224 2653 5261 :
2683 5206 2910 5274 idcirco,
2945 5218 3004 5264 ut
3050 5209 3183 5265 mihi
3235 5212 3409 5267 visum
3440 5222 3545 5275 est,

1970 5301 2116 5350 totus
2143 5293 2343 5366 ubique
2368 5311 2556 5352 secum
2585 5305 2839 5368 totusque
2861 5315 2986 5356 cum
3019 5300 3132 5359 Deo
3157 5312 3297 5368 erat,
3345 5319 3412 5361 ac
3441 5305 3553 5363 sol-

1966 5386 2146 5444 licitus
2167 5403 2290 5444 cum
2316 5403 2383 5444 eo
2411 5389 2756 5461 gradiebatur

2309 5498 2628 5557 Diuidentes
2666 5514 2868 5559 revocat
2894 5506 2964 5562 ad
2989 5524 3188 5578 pacem.

2034 5611 2125 5667 29.
2168 5612 2296 5669 lude
2320 5614 2600 5685 eratquod
2641 5616 2885 5686 profecto
2911 5634 3123 5690 semper
3161 5620 3347 5677 hilaris
3398 5635 3545 5679 sem-

1970 5718 2172 5775 perque
2202 5703 2349 5760 mitis
2379 5720 2442 5762 ac
2463 5704 2614 5762 laetus
2640 5706 3013 5768 inveniebatur
3042 5729 3053 5765 :
3098 5711 3217 5768 inde
3250 5712 3390 5785 quod
3435 5719 3561 5769 tam
