4122 6324
602 312 626 364 1
636 311 742 368 553

1399 310 1456 367 S.
1495 307 2221 369 l’ASCilASﬂ’llAlJBERTI
2258 310 2546 368 ABBATIS
2579 311 3023 373 CORBEIENSIS

3728 322 3864 380 £525

602 422 837 494 patiens,
871 431 982 500 tam
1012 421 1357 491 longanimis,
1397 431 1614 492 tamque
1635 424 1899 496 benignus
1920 425 1973 480 in
1996 426 2175 481 onmi-
2201 428 2249 487 Α
2282 425 2668 497 triumphabat,
2698 428 2752 484 in
2785 430 3027 486 adversis
3048 439 3212 487 etiam
3242 433 3628 507 triumpharet,
3652 446 3716 494 ιιι
3739 441 3867 513 quia

601 517 705 572 bus
732 516 1052 571 habebatur.
1088 514 1219 570 Erat
1252 516 1398 571 enim
1444 515 1584 571 ﬁlius
1613 517 1765 587 pacis
1789 518 2180 589 cbaritatisque
2276 515 2389 586 jam
2417 519 2590 589 gratia
2638 520 2749 593 Dei,
2783 531 2988 594 septem
3033 523 3308 598 Evangelii
3351 527 3717 588 beatitudines
3757 532 3869 589 vita

603 619 815 667 catena.
851 618 909 664 ut
940 609 1175 664 fraterna
1200 608 1303 665 sibi
1332 610 1536 664 viscera
1558 610 1790 666 invicem
1817 611 2179 667 cohaererent.

601 702 765 758 Novit
791 702 892 757 hoc
910 700 1187 771 Spoletum
1215 710 1271 756 ct
1292 702 1656 757 Beneventum
1687 720 1700 755 :
1727 702 1818 773 qui
1848 713 1972 759 cum
2005 703 2181 758 hostili

600 791 784 858 gladio
802 805 862 847 se
883 791 1114 847 invicem
1147 791 1514 847 indesinenter
1530 793 1827 859 caederent,
1855 793 2054 851 factum
2098 805 2184 852 est

601 893 679 949 ut,
695 885 835 941 idem
865 886 1054 940 beatus
1082 885 1207 940 illuc
1231 901 1404 956 usque
1427 888 1497 942 ob
1528 887 1629 941 hoc
1653 890 2002 959 progrediens
2023 891 2183 948 deve—

600 976 769 1042 niret,
791 985 847 1032 et
882 975 1254 1032 Beneventum
1278 977 1526 1032 intraret.
1555 978 1726 1033 Porro
1749 979 1819 1033 ibi
1847 994 1971 1033 cum
2016 988 2181 1045 esset,

601 1069 749 1125 inter
793 1082 889 1123 eos
938 1076 1141 1123 tantam
1192 1070 1430 1125 restituit
1473 1085 1683 1140 pacem,
1716 1079 1776 1125 ιιι
1803 1087 1975 1142 usque
2023 1071 2183 1127 hodie

588 1163 838 1219 -eonnexi
865 1172 923 1220 et
950 1163 1302 1220 conftederati
1355 1164 1455 1218 sibi
1488 1174 1676 1218 mutuo
1712 1165 1766 1220 iu
1803 1179 1936 1234 pace
1984 1164 2184 1220 Christi

586 1253 938 1311 cohaereant.
974 1253 1124 1308 Unde
1154 1270 1259 1310 non
1312 1253 1486 1308 solum
1533 1254 1673 1324 apud
1725 1270 1838 1318 eos,
1875 1256 1969 1310 sed
2019 1255 2183 1309 etiam

608 1346 748 1415 apud
776 1344 997 1402 Graecos
1019 1355 1074 1401 et
1097 1362 1287 1402 omnes
1322 1348 1489 1401 maris
1516 1347 1739 1412 insulas,
1792 1349 2014 1403 nimiam
2066 1363 2188 1419 pro-

588 1439 809 1493 .tneruit
831 1439 1034 1494 amoris
1061 1440 1311 1509 gratiam,
1360 1439 1560 1494 famam
1610 1439 1843 1495 virtutis.
1882 1439 2188 1510 Perpende-

608 1526 703 1582 bat
728 1536 913 1583 autem
949 1528 1003 1583 in
1046 1529 1148 1584 hoc
1191 1528 1436 1592 dissidio,
1465 1530 1606 1598 quod
1639 1530 1853 1599 utrique
1895 1528 2187 1585 Christiani

607 1628 664 1671 et
695 1617 893 1675 fratres
910 1629 1093 1676 essent
1124 1637 1137 1670 :
1165 1635 1345 1691 neque
1368 1621 1579 1675 censuit
1603 1636 1695 1675 eos
1720 1622 1792 1676 ita
1823 1621 1932 1675 Deo
1972 1623 2189 1692 placere

614 1724 798 1776 posse,
824 1717 885 1763 ut
911 1718 1063 1765 tanta
1091 1719 1517 1764 cmentarentnr
1538 1712 1701 1776 cede,
1725 1719 1779 1765 et
1805 1726 2024 1766 suarum
2048 1727 2188 1782 prae—

2283 618 2339 664 et
2371 611 2612 667 moribus
2649 611 2750 666 sibi
2780 615 3129 684 acquisierat,
3158 628 3407 674 octavam
3435 637 3557 691 quae
3585 637 3872 693 supererat

2283 700 2536 769 Operibus
2564 703 2902 775 adimpleret.
2930 706 3115 773 Beati,
3165 710 3341 781 inquit
3371 712 3752 785 Evangelium,
3783 720 3875 788 qui

2281 793 2686 862 persecutione»:
2716 797 2994 866 patiuntur
3036 812 3246 870 propter
3272 803 3573 872 justitiam,
3616 808 3873 872 quoniam

2285 885 2512 955 ipsorum
2553 898 2628 942 est
2657 905 2870 960 regnum
2909 890 3156 947 steterunt
3183 893 3398 963 (lculi.
3422 912 3475 961 τ,
3512 897 3622 962 10).
3668 898 3876 953 Passus

2285 986 2367 1031 est
2402 978 2565 1050 igitur
2603 980 2742 1036 idem
2773 981 3140 1053 malignorum
3171 986 3461 1054 supercilio
3496 998 3551 1043 et
3581 999 3877 1045 accusatus

2287 1067 2474 1124 fraude
2505 1069 2871 1132 humanitatis,
2904 1072 2996 1141 qui
3040 1087 3228 1129 amore
3264 1075 3489 1145 justitiae
3516 1092 3581 1132 ac
3624 1079 3877 1133 veritatis

2288 1158 2340 1212 in
2367 1167 2612 1230 promptu
2645 1160 2722 1215 nil
2745 1161 2848 1217 sibi
2884 1171 3056 1218 tutum
3089 1175 3426 1231 servaverat,
3454 1168 3559 1221 nisi
3593 1183 3654 1222 se
3681 1183 3784 1237 pro
3809 1183 3874 1222 ea

2288 1265 2457 1319 usque
2485 1252 2549 1306 ad
2596 1259 2828 1307 mortem
2858 1254 3036 1310 modis
3072 1257 3326 1311 omnibus
3354 1258 3687 1314 tradidisset.
3723 1259 3877 1314 Nou-

2287 1360 2448 1414 quam
2475 1345 2620 1401 enim
2661 1345 2855 1402 timore
2893 1347 3204 1404 oceuluerat
3245 1350 3550 1412 veritatem,
3594 1368 3876 1421 nunquam

2288 1431 2631 1488 mendacium
2662 1432 2838 1488 locum
2867 1436 3068 1491 habere
3103 1447 3489 1493 concesserat:
3515 1440 3611 1495 sed
3647 1442 3879 1496 miseros

2288 1523 2497 1594 objecta
2529 1525 2640 1581 veri
2675 1525 2793 1598 [al.,
2820 1525 3022 1600 verius]
3053 1528 3288 1598 puritate
3315 1526 3612 1586 clementer
3640 1534 3877 1603 tegebat,

2289 1628 2426 1683 quos
2467 1616 2765 1685 pncsertim
2812 1617 3039 1672 avaritia
3096 1628 3153 1673 et
3194 1619 3432 1675 crudelis
3496 1622 3878 1691 imperitorum

2292 1705 2525 1761 vexabat
2565 1706 2795 1778 ignavia.
2830 1706 2982 1763 Unde
3005 1724 3128 1764 cum
3158 1710 3375 1765 accitas
3412 1711 3728 1781 iniquorum
3778 1714 3876 1767 ἀοι

609 1805 713 1860 das
732 1802 1050 1860 facultatum
1079 1804 1358 1860 facerent:
1391 1805 1514 1873 quia
1545 1806 1735 1868 omnis,
1766 1805 2183 1875 ίηιιιιίιΑροειο-
2215 1784 2256 1842 Β
2287 1795 2455 1851 losius
2493 1810 2818 1852 aranearum
2846 1796 2981 1852 telas
3015 1813 3177 1868 quant
3212 1801 3429 1856 cautius
3469 1802 3711 1856 venandi
3740 1802 3878 1857 retia

598 1896 718 1961 ius,
749 1898 840 1967 qui
873 1897 982 1951 odit
1009 1896 1226 1967 fratrem
1249 1913 1425 1958 suum.
1462 1897 1721 1951 homicida
1751 1907 1869 1951 est:
1895 1907 1942 1951 et
1993 1898 2185 1953 scimus

2291 1889 2533 1955 texisset,
2564 1889 2736 1944 noluit
2760 1901 2888 1945 ante
2922 1888 3114 1946 faciem
3157 1906 3438 1961 apparere,
3484 1908 3554 1948 ne
3584 1891 3880 1964 fortepra-

610 1987 751 2056 quod
786 1987 955 2041 omnis
978 1987 1240 2042 homicida
1267 2002 1370 2040 non
1395 1987 1547 2040 habet
1595 1988 1752 2041 vitam
1776 1995 2023 2041 a'ternam
2050 1987 2105 2042 in
2132 2003 2188 2042 se
2287 1981 2468 2037 Vitatis
2499 1982 2782 2052 turpitudo
2801 1981 3012 2051 justitia
3051 1985 3344 2041 reducente
3374 1984 3572 2041 fasdius
3611 1996 3879 2043 monstra.

612 2088 913 2133 utauenteus
947 2077 997 2149 (1
1025 2074 1188 2132 Joan.
1223 2093 1307 2143 tu,
1348 2075 1455 2147 l5).
1492 2078 1646 2133 Unde
1686 2092 1745 2133 se
1773 2079 2005 2132 medium
2044 2077 2189 2133 inter
2289 2081 2458 2128 retur.
2488 2073 2605 2142 Quo
2638 2072 2842 2129 factum
2872 2083 2981 2141 est,
3006 2083 3070 2130 ut
3088 2076 3209 2131 sine
3235 2086 3574 2142 accusatore,
3598 2079 3719 2134 sine
3746 2092 3878 2134 cur

614 2182 712 2221 eos
756 2167 878 2237 pius
912 2166 1079 2222 Pater
1120 2167 1323 2231 iniecit,
1380 2175 1435 2221 et
1476 2181 1638 2236 quam
1697 2166 1941 2221 diabolus
1998 2181 2187 2236 pacem
2288 2179 2506 2234 gressu,
2558 2179 2766 2221 necnon
2809 2165 2927 2220 sine
2949 2164 3221 2222 audientia
3270 2176 3434 2238 atque
3482 2168 3605 2224 sine
3640 2169 3870 2234 judicio,

616 2256 821 2311 Christi
859 2256 1172 2320 violaverat,
1216 2271 1347 2311 sane
1381 2258 1448 2311 ad
1492 2256 1706 2327 plenum
1741 2256 1994 2312 restituit.
2025 2255 2192 2327 Igitur
2281 2253 2492 2323 justitia
2538 2254 2864 2325 plecteretur
2902 2255 2956 2310 in
2991 2271 3075 2312 eo.
3120 2256 3220 2323 Qui
3269 2257 3458 2327 pulsus
3515 2258 3878 2328 pnesemibus

2288 2344 2465 2408 bonis,
2497 2344 2753 2414 dignitate
2796 2354 3021 2411 exutus,
3063 2346 3207 2416 vulgi
3247 2347 3653 2401 existimatione
3698 2348 3875 2402 foeda-

2292 2444 2412 2503 tus,
2439 2438 2511 2493 ob
2543 2437 2859 2494 beneﬁcium
2905 2437 3214 2510 reipublicte
3241 2439 3493 2494 exsilium
3522 2438 3552 2479 δ
3582 2439 3727 2494 ιιιΙίι.
3771 2438 3877 2494 Sed

2290 2545 2454 2603 quam
2493 2545 2636 2587 circa
2681 2538 2738 2586 et
2778 2529 2940 2585 stulta
2990 2543 3366 2599 perversorum
3426 2529 3701 2585 calliditas
3736 2529 3871 2587 iuit!

2292 2620 2595 2693 cogitabant
2629 2622 2774 2677 enim
2813 2621 3037 2677 inﬁcere
3070 2621 3334 2676 bonorum
3377 2615 3594 2691 semper
3632 2630 3689 2674 et
3725 2636 3880 2675 com-

618 2346 990 2415 hujuscemodi
1020 2347 1237 2418 negotio
1266 2345 1613 2418 infatigabilis
1643 2345 1950 2411 videbatur,
1979 2353 2034 2401 et
2088 2360 2190 2416 pro

604 2439 819 2509 justitia
857 2448 1097 2495 certator
1123 2439 1372 2495 eximius.

718 2590 961 2646 Veritatis
989 2597 1043 2645 et
1055 2591 1279 2661 justitia
1302 2606 1469 2646 causa
1495 2590 1698 2646 exsulat
1728 2590 2085 2647 Adalliardus.

684 2703 773 2759 30.
813 2705 967 2761 Unde
1002 2715 1058 2761 et
1091 2705 1290 2761 factum
1321 2714 1404 2761 est
1439 2721 1560 2761 cum
1587 2705 1884 2775 imperator
1913 2706 2137 2762 Carolus
2162 2718 2189 2748 ι

614 2795 743 2849 dum
774 2796 898 2849 vita:
938 2794 1155 2851 fecisset
1200 2804 1535 2861 extremum,
1572 2804 1626 2850 et
1673 2795 1980 2852 Ludovicus
2014 2795 2193 2868 proles

609 2890 734 2959 ejus
762 2890 1032 2960 Augustus
1082 2891 1433 2946 successisset
1469 2890 1521 2945 in
1576 2906 1838 2961 regnum,
1886 2903 1950 2948 ut
1995 2891 2193 2949 diaboli

616 2991 808 3053 agente
836 2981 1035 3036 invidia
1065 2981 1119 3036 in
1152 2995 1217 3037 eo
1246 2981 1449 3036 veritas
1480 2997 1768 3051 pravorum
1804 2998 1994 3039 rursus
2019 2982 2195 3040 solitis

602 3074 916 3145 agitaretur
959 3073 1186 3129 insidiis.
1225 3072 1335 3129 Nec
1371 3088 1567 3129 novum
1610 3073 1834 3143 aliquid,
1879 3074 2005 3145 quia
2053 3074 2193 3146 apud

2294 2712 2569 2769 maculare
2605 2711 2820 2767 virtutis
2846 2711 3042 2766 famam
3079 2710 3151 2767 ob
3184 2710 3461 2783 dignitatis
3497 2710 3881 2775 ambitionem,

2292 2803 2591 2876 praesertim
2639 2817 2779 2858 cum-
2804 2818 2871 2858 eo
2907 2803 3083 2874 magis
3111 2801 3331 2857 alterius
3370 2810 3730 2870 torqueantur
3766 2802 3883 2871 glo-

2297 2894 2405 2960 ria,
2434 2909 2548 2964 quo
2569 2894 2760 2948 nolunt
2787 2892 2999 2963 assequi
3046 2908 3164 2947 eam
3194 2907 3300 2962 qua
3331 2891 3465 2949 clari
3513 2892 3759 2946 nominis
3786 2895 3885 2947 ho-

2294 3000 2437 3043 nore
2464 2985 2619 3056 digni
2653 2984 2936 3041 habeatur.
2978 2982 3083 3040 Sed
3123 2985 3169 3039 si
3219 2984 3356 3039 Deus
3401 3000 3497 3053 pro
3534 2984 3722 3048 nobis,
3761 2987 3882 3054 quis

2296 3090 2479 3135 contra
2517 3079 2653 3134 nos?
2692 3077 2871 3151 (Rom.
2902 3094 3019 3145 vut,
3048 3078 3162 3151 51.)
3209 3079 3353 3152 Ergo
3396 3081 3609 3136 mentiti
3651 3082 3786 3135 sunt-
3824 3097 3885 3137 se

606 3166 892 3238 improbos
920 3183 1132 3238 semper
1161 3167 1379 3223 inimica
1417 3168 1617 3223 veritas
1644 3165 1809 3224 fuisse
1835 3169 2183 3240 comperitur,
2214 3161 2259 3222 C
2290 3185 2447 3242 posse
2476 3169 2714 3241 polluere
2739 3169 2904 3225 decus
2928 3183 2994 3225 ac
3036 3168 3344 3226 felicitatem
3375 3186 3582 3239 eorum,
3613 3172 3740 3242 quia
3782 3188 3884 3226 sua

614 3267 670 3315 et
698 3257 911 3329 justitia
940 3258 1229 3315 stultorum
1255 3259 1573 3316 criminibus
1599 3259 1854 3315 lacerata.
1897 3259 2014 3315 iam
2046 3261 2190 3317 enim
2293 3261 2346 3317 in
2388 3261 2583 3317 celum
2624 3260 2936 3317 facultatum
2983 3260 3221 3317 tulerunt
3261 3262 3526 3331 pnesidia.
3564 3261 3679 3316 Illic
3718 3263 3880 3317 enim

617 3365 822 3406 annosa
870 3364 1245 3421 perversurum
1286 3346 1800 3421 improbitas,juxta
1842 3349 1971 3405 illud
2006 3350 2189 3407 Plato-
2290 3371 2466 3426 neque
2490 3355 2636 3411 fures
2659 3354 2938 3421 ell‘odiunt,
2964 3370 3065 3410 nec
3089 3354 3338 3410 furantur
3360 3354 3884 3427 (Hatth.vt).Nemo

620 3442 725 3508 nis,
752 3442 939 3497 beatas
961 3451 1016 3498 et
1048 3441 1229 3497 felices
1260 3439 1591 3512 respublicas
1633 3457 1750 3497 esse
1783 3441 2188 3513 ingemiseehat,

612 3534 660 3588 si
694 3548 787 3589 eas
816 3533 1049 3589 studiosi
1072 3532 1350 3603 sapientia:
1380 3542 1651 3605 regerent,
1689 3532 1775 3587 vel
1798 3533 1840 3588 si
1880 3548 2068 3588 earum
2108 3549 2193 3589 re-

615 3635 795 3683 ctores
852 3626 1070 3682 studere
1119 3625 1440 3695 sapientiam
1492 3624 1828 3696 contigisset.
1879 3622 2032 3681 Unde
2068 3624 2191 3680 dolo

609 3718 835 3774 accensi
865 3726 1026 3788 atque
1065 3717 1299 3779 invidia,
1344 3716 1787 3789 excogitaverunt
1819 3715 2089 3787 quomodo
2126 3731 2191 3773 ac

609 3806 662 3866 si
695 3810 968 3866 Dauielem
1004 3825 1068 3865 cx
1101 3810 1246 3882 regis
1287 3808 1457 3865 latere
1483 3816 1798 3864 amoverent
1840 3805 2023 3880 [Mss.,
2050 3807 2191 3862 face.

618 3900 794 3973 rent],
838 3908 899 3956 ut
922 3899 1128 3969 iustitia
1155 3899 1383 3955 ulterius
1423 3913 1527 3954 non
1573 3897 1818 3953 habendo
1852 3896 2189 3953 defensorem

614 4002 815 4047 statum
846 3992 1146 4058 amitteret;
1194 3999 1252 4046 et
1293 3991 1550 4062 iniquitas
1592 3989 1703 4045 suis
1718 3996 2007 4073 perempta
2047 3987 2191 4043 frau-

617 4084 776 4140 dibus
823 4084 998 4140 Iocum
1058 4082 1369 4139 dominandi
1419 4090 1702 4153 recrperet.
1750 4079 1988 4137 Noveras
2043 4080 2189 4134 enim

616 4176 857 4231 nomium
898 4175 1199 4230 animarum
1232 4172 1374 4228 Deus
1412 4173 1700 4243 inspector,
1729 4171 1819 4241 qui
1866 4171 1970 4226 hoc
2013 4168 2191 4225 consi-

610 4248 747 4322 lium
795 4262 1113 4320 illius'cordi
1153 4262 1450 4326 inseveras,
1476 4269 1535 4315 ut
1565 4262 1706 4332 regis
1736 4269 1789 4315 et
1818 4259 2073 4316 Ecclesia:
2099 4274 2190 4315 ce-

616 4357 769 4412 deret
796 4352 1151 4423 jussionlbns,
1193 4352 1336 4423 quod
1365 4367 1470 4406 non
1502 4351 1603 4406 nisi
1632 4350 1701 4406 ob
1741 4364 2026 4406 commune
2067 4363 2187 4405 om-

617 4448 766 4504 nium
808 4447 1075 4501 bonorum
1125 4444 1360 4500 studium
1410 4442 1512 4499 hoc
1558 4441 1760 4498 fecerat
1795 4460 1809 4497 :
1846 4440 2094 4497 videlicet
2130 4448 2190 4496 ut

2289 3447 2439 3502 enim
2457 3446 2656 3517 aliquid
2677 3445 2839 3502 habet
2859 3453 2979 3516 post
3000 3445 3166 3500 Deum
3192 3446 3370 3515 seipso
3395 3444 3707 3514 pretiosius.
3752 3444 3884 3500 l‘deo

2291 3538 2407 3610 qui
2442 3538 2789 3607 semetipsum
2838 3538 2977 3593 bene
3025 3537 3299 3607 operando
3344 3536 3611 3600 custodit,
3652 3551 3884 3590 necesse

2290 3638 2371 3684 est
2399 3644 2458 3685 se
2488 3635 2658 3683 totum
2684 3637 2741 3683 et
2770 3628 2937 3684 Deum
2964 3626 3260 3698 possideat.
3290 3625 3575 3696 Nunquam
3601 3624 3749 3679 enim
3780 3640 3882 3678 suo

2293 3737 2351 3777 se
2394 3738 2623 3777 vacuare
2658 3723 2863 3777 honore
2903 3736 2970 3777 ac
3008 3719 3325 3775 facultatum
3364 3716 3565 3789 pretio,
3598 3732 3707 3787 quo
3740 3716 3883 3770 nihil

2292 3812 2457 3867 ditius
2486 3820 2587 3875 est,
2618 3811 2933 3883 privarieari
2956 3810 3178 3882 poterit,
3204 3808 3248 3864 si
3280 3823 3347 3863 se
3369 3808 3611 3878 quisque
3626 3814 3789 3862 extra
3819 3821 3882 3861 se

2293 3918 2398 3957 non
2428 3901 2742 3973 projecerit.

2684 4030 2877 4097 Virtus,
2909 4029 3167 4101 possessio
3195 4027 3488 4101 potissima.

2361 4167 2450 4223 31.
2491 4164 2950 4222 Pretiosissimum
2986 4176 3117 4230 ergo
3161 4173 3332 4231 genus
3387 4153 3752 4228 possessionis
3799 4161 3888 4208 est

2289 4256 2549 4312 virtutum
2596 4254 2789 4317 decus,
2838 4251 3037 4321 quibus
3085 4248 3218 4305 nihil
3274 4246 3495 4320 gravius
3547 4245 3880 4314 acquiritur,

2290 4348 2433 4404 nihil
2463 4346 2689 4403 suavius
2705 4345 2938 4399 amando
2983 4341 3297 4413 percipitur,
3327 4338 3460 4394 nihil
3501 4336 3721 4392 felicius
3754 4350 3885 4404 pos-

2292 4440 2520 4496 sidetur.
2547 4436 2701 4492 littus
2723 4437 3036 4492 thesaurum
3058 4422 3159 4489 sibi
3185 4448 3348 4488 senex
3374 4438 3558 4485 noster
3579 4427 3893 4482 laborando

614 4532 841 4593 Lbertas
875 4528 1237 4608 potentiorum
1283 4533 1565 4608 tyrannide
1595 4532 1825 4589 relevata
1872 4531 2191 4602 propensius
2218 4507 2267 4566 D
2294 4531 2604 4603 quaesierat,
2632 4527 2925 4599 qumvendo
2952 4525 3165 4581 felicius
3189 4524 3564 4581 adinvenerat,
3596 4519 3890 4573 inventura

618 4631 844 4686 ltomiuo
875 4628 1155 4691 militaret,
1177 4627 1629 4681 etuuiversarutn
1652 4622 1775 4694 jure
1804 4623 1986 4681 Iaudes
2016 4621 2195 4678 Eccle-

614 4724 817 4778 siarum
845 4719 1089 4775 devotius
1117 4717 1343 4773 Domino
1372 4717 1743 4793 redderentur.
1770 4713 1877 4769 Sed
1918 4712 2079 4779 Deus,
2098 4712 2189 4783 qui

614 4830 742 4868 suos
786 4812 851 4866 ad
894 4810 1083 4867 alliam
1132 4825 1343 4880 seu-per
1373 4809 1583 4874 invitat,
1621 4806 1785 4861 voluit
1836 4807 1976 4862 hunc
2016 4805 2189 4859 virum

550 4936 554 4940 Α
615 4903 957 4960 manifestius
982 4902 1301 4974 approbare,
1329 4908 1667 4970 quantusque
1696 4906 1841 4954 esset
1868 4897 1923 4955 in
1952 4896 2192 4951 adversis

615 4994 950 5051 ostendere:
994 5001 1052 5047 ut
1094 4992 1184 5063 qui
1225 4999 1404 5045 lautus
1446 4989 1557 5043 Deo
1603 4988 1776 5043 victor
1818 4988 1873 5043 in
1920 4986 2195 5058 prosperis

687 5122 714 5151 ι
745 5108 822 5164 De
855 5107 1088 5177 quodam
1118 5101 1618 5177 religptiario,_quod
1662 5101 1892 5177 Carolus
1929 5100 2198 5177 aute;_ob-

619 5181 756 5235 itum
791 5170 1061 5234 concessit
1100 5170 1427 5240 Adalhardo,
1454 5170 1509 5227 in
1546 5170 1840 5243 appendice
1864 5170 2022 5241 hujus
2061 5170 2196 5227 Vitae

617 5251 922 5305 dicendum.
1812 5272 1815 5273 ν

691 5323 719 5363 b
746 5318 1053 5375 Adalhardo
1077 5329 1385 5387 ipsecausa
1417 5312 1588 5387 exsilii
1620 5310 1821 5387 fuerit,
1857 5324 1965 5366 non
2006 5308 2191 5380 liquet.

617 5392 779 5446 Certe
822 5406 929 5445 non
966 5381 1224 5444 Bernardi
1257 5385 1426 5440 Italiae
1446 5384 1587 5454 regis
1616 5381 1795 5454 factio.
1823 5396 1945 5454 cum
1979 5394 2054 5454 ea.
2075 5394 2190 5435 cm-

616 5462 758 5532 perit
786 5475 929 5532 anno
970 5458 1130 5514 tertio
1155 5455 1328 5512 exsilii
1357 5450 1670 5532 adalh'ardi,
1697 5451 1788 5532 qui
1829 5450 2055 5532 pnoinde
2079 5465 2185 5532 non

617 5518 688 5586 ob
713 5532 766 5586 id
796 5531 1062 5602 relegatus
1102 5537 1208 5586 est.
1236 5526 1389 5607 quasi
1429 5525 1700 5607 particeps
1716 5518 1865 5607 ejus
1878 5519 2071 5607 fuerit.
2091 5518 2188 5607 Ne-

618 5619 722 5672 que
749 5597 933 5674 porro
973 5613 1203 5674 usquam
1238 5597 1380 5652 inter
1429 5597 1585 5650 istius
1629 5597 2018 5674 cottjuratiouis
2064 5605 2186 5674 reos

621 5668 949 5731 nominatur,
1000 5668 1205 5723 tametsi
1253 5676 1498 5720 auctores
1544 5668 1843 5734 prrccipuos
1883 5670 2184 5734 memorant

620 5741 835 5812 Egilllla‘
855 5741 902 5793 dt
927 5757 972 5804 ς,
1001 5748 1188 5792 auctor
1218 5738 1345 5792 \'i‘:r
1378 5731 1627 5791 Ludovici
1655 5731 1753 5799 Pii,
1781 5733 1995 5802 aliique.
2024 5731 2187 5787 Certe

2293 4632 2475 4681 autem
2518 4634 2847 4694 quocunque
2884 4619 2993 4674 iret
3039 4631 3221 4672 secum
3267 4612 3591 4686 possidendo
3624 4609 3845 4664 ferebat
3868 4624 3893 4663 :

2293 4725 2457 4787 atque
2490 4715 2562 4769 ita
2592 4720 2800 4784 quanto
2842 4717 3205 4781 exoccupatus
3234 4708 3399 4762 rebus
3434 4704 3621 4760 mundi
3674 4702 3886 4763 fuerat,

2296 4815 2445 4862 tanto
2477 4820 2590 4860 suae
2617 4801 2944 4876 possessioni
2974 4801 3214 4856 iuuentus
3242 4799 3369 4853 hinc
3395 4792 3521 4865 inde
3558 4792 3891 4861 locupletius

2293 4906 2349 4953 et
2374 4910 2433 4953 se
2461 4894 2600 4952 catlo
2641 4894 2978 4950 restituebat.
3007 4889 3248 4945 Noveras
3267 4887 3379 4957 jam
3426 4884 3714 4956 impudens
3743 4898 3888 4937 eou-

2297 4987 2644 5059 eupisceutiar
2686 4993 2959 5057 quaestus,
3001 4982 3128 5053 quia
3178 4981 3333 5036 miles
3372 4976 3576 5035 Christi
3622 4991 3731 5029 nou
3780 4974 3893 5027 tuis

2297 5101 2549 5158 exsilium
2601 5099 2706 5155 hoc
2745 5092 3323 5168 Adalhardo_ejusque
3371 5088 3708 5168 propinquis
3739 5084 3892 5168 inlli-

2298 5156 2445 5229 etum
2475 5170 2689 5225 videtur
2716 5184 2823 5223 non
2854 5167 3013 5240 aliam
3027 5166 3111 5240 _ob
3126 5156 3387 5240 causam,
3423 5156 3585 5240 quam
3608 5157 3748 5240 quia
3788 5156 3895 5240 lio.

2301 5225 2473 5297 mines
2497 5240 2753 5311 potentia
2779 5246 2832 5293 et
2863 5236 3078 5311 ingenio
3106 5232 3312 5311 praaliti
3341 5225 3573 5310 suspecti
3606 5228 3765 5280 fuere
3788 5225 3897 5279 Luc

2300 5302 2513 5373 dovieo;
2539 5311 2628 5381 pio
2667 5308 2882 5381 quidem
2912 5302 3174 5381 Augusto,
3204 5302 3297 5381 sed
3322 5302 3739 5381 .suspicipsoac
3784 5312 3896 5381 me:

2298 5366 2554 5439 ticuloso:
2577 5380 2632 5450 ις]
2675 5366 2950 5450 colligitur
2975 5366 3040 5431 εἱ
3073 5374 3194 5450 Vita
3237 5371 3405 5450 ipsius
3435 5366 3744 5450 Ludr'tviei,
3776 5366 3892 5446 ubi

2293 5436 2408 5507 haec
2437 5436 2511 5506 de
2543 5449 2698 5504 Wala
2730 5436 3026 5501 advaunum
3068 5436 3301 5517 primum
3339 5437 3550 5517 impe_rii
3578 5436 3848 5517 Ludoyici
3877 5451 3890 5484 :

2296 5506 2595 5576 ﬁniebatur
2639 5517 3028 5591 quummaxime
3054 5506 3261 5591 Ilvam,
3298 5506 3668 5591 summi-apud
3712 5506 3893 5591 (Sorof

2290 5593 2398 5647 lum
2421 5579 2784 5661 imperatorem
2807 5586 3023 5661 habitus
3046 5583 3169 5645 loci,
3198 5600 3259 5636 ne
3288 5582 3421 5652 forte
3450 5579 3655 5650 aliquid
3684 5579 3895 5629 sinistra

2291 5674 2468 5718 rouua
2493 5655 2867 5730 imperatorem
2901 5655 3188 5710 moiirctur.
