4122 6324
339 303 364 356 Ι
376 299 479 357 523

1544 298 1633 354 DE
1675 293 1829 352 VITA
1872 296 1930 350 S.
1972 294 2386 351 ADALIIARDI.

3454 310 3593 367 {520

340 411 625 468 tenebatur
652 411 900 477 vinculis,
932 425 1105 481 neque
1134 419 1225 466 tua
1251 410 1615 468 oﬂ‘sseabatur
1643 408 1910 479 caligine:
1944 409 1989 467 Α
2017 400 2299 478 propagati
2336 426 2349 461 :
2390 424 2619 479 quorum
2669 410 2831 466 nium
2862 412 3158 483 imperator
3186 417 3461 491 kugustns
3506 424 3591 480 fa-

338 504 438 559 sed
463 501 607 558 celsa
643 502 941 572 presidens
967 502 1252 558 eharitatis
1288 515 1433 565 arce,
1479 500 1736 556 mundum
1763 497 1919 569 quasi

338 594 444 649 sub
484 594 714 663 pedibus
758 609 857 650 suo
914 592 1252 649 liberalitatis
1296 593 1533 649 dominio
1584 591 1916 663 subjugarat.

338 684 550 741 Idcirco
589 700 695 740 non
710 686 1042 763 quocunque
1080 684 1433 740 invidentium
1474 684 1641 751 zelus,
1681 684 1775 739 sed
1813 697 1921 753 quo

343 775 442 830 Dei
467 776 730 846 agebatur
752 775 967 846 spiritu,
995 775 1147 845 quasi
1178 775 1246 829 ad
1273 775 1458 846 epulas
1494 775 1753 831 invitatus
1789 774 1922 830 satis

342 864 633 919 admodum
657 865 937 921 ultroneus
964 865 1099 921 ibat.
1127 866 1242 931 Dic,
1271 881 1474 936 quaeso,
1504 866 1703 922 misera
1737 865 1919 920 mundi

338 955 631 1025 cupiditas,
673 955 801 1025 quid
847 954 1095 1013 inanibus
1138 955 1351 1029 gaudiis
1380 957 1623 1028 raperis?
1661 957 1787 1027 quid
1826 971 1922 1011 ex-

342 1051 497 1099 terna
543 1044 683 1098 bona
730 1052 786 1099 et
829 1054 1265 1101 momentaneum
1313 1046 1499 1100 luxum
1548 1060 1649 1115 pro
1705 1044 1923 1100 aeternis

346 1135 469 1189 vitae
493 1133 700 1189 deliciis
720 1134 1082 1204 amplexaris‘l
1113 1136 1330 1191 noveris
1352 1135 1495 1205 quod
1520 1150 1794 1205 nunquam
1828 1142 1923 1189 tua

343 1224 513 1279 facias
539 1239 680 1289 esse,
700 1240 825 1295 qua:
847 1240 877 1278 a
900 1233 954 1280 te
980 1234 1170 1280 natura
1198 1240 1379 1281 rerum
1406 1225 1534 1281 fecit
1553 1225 1747 1281 aliena.
1769 1225 1923 1293 Quod

343 1314 390 1370 si
421 1322 625 1369 natura:
656 1315 971 1372 satisfacere
1012 1318 1229 1387 quaeris,
1266 1318 1405 1373 scito
1441 1314 1575 1388 quia
1609 1314 1800 1388 parum
1839 1325 1924 1373 est

339 1408 488 1476 quod
532 1408 778 1477 requirit.
826 1407 978 1477 Quod
1018 1409 1069 1465 si
1115 1409 1425 1479 cupiditatis
1472 1409 1621 1464 luxui
1668 1408 1745 1465 nil
1789 1409 1924 1464 satis

340 1514 466 1555 esse
491 1499 710 1570 poterit,
740 1515 776 1554 ο
807 1501 1005 1556 misera
1038 1500 1349 1555 mortalium
1374 1501 1727 1572 przesumptio
1757 1509 1811 1557 et
1840 1509 1918 1556 te-

342 1591 578 1647 meraria
622 1592 879 1648 virtutum
927 1591 1189 1647 imitatrix
1228 1593 1445 1662 cupido,
1494 1602 1553 1649 ut
1596 1594 1723 1665 quid
1757 1595 1926 1650 tantis

2019 499 2213 555 miliari
2253 517 2381 556 usus
2415 502 2657 569 consilio,
2699 520 2814 559 una-
2847 520 3029 564 secum
3060 509 3319 569 fundabiii
3359 495 3595 586 quadra-

2018 596 2141 643 tura
2188 589 2516 680 Francorum
2550 592 2829 663 imperium
2877 598 3010 653 satis
3045 598 3337 658 admodum
3366 607 3596 679 disposi-

2018 688 2132 735 tum
2163 682 2380 753 regebat
2406 683 2711 752 reipublicze
2754 698 3179 757 augmentatum.
3224 694 3299 750 De
3333 697 3418 753 bis
3443 713 3597 754 nam-

2017 784 2126 840 que
2151 773 2307 842 equis
2334 771 2585 830 Habacuc
2608 792 2717 831 non
2748 777 3044 852 incongrue
3070 784 3297 842 Domino
3326 791 3599 847 cecinerat

2022 859 2251 953 dicens:
2296 862 2401 928 Qui
2444 867 2681 922 accendis
2713 886 2869 939 super
2905 890 3063 940 equos
3087 886 3225 943 tuos,
3267 890 3314 934 et
3345 884 3593 953 cquitntio

2022 959 2114 1005 tua
2149 952 2294 1008 salus
2333 953 2493 1024 (Hab.
2522 973 2604 1022 ιη,
2633 959 2710 1030 8).
2743 960 2982 1028 Quorum
3018 969 3232 1035 quidem
3263 952 3438 1042 impar
3476 991 3596 1029 cur-
3654 1000 3657 1003 λ

2023 1056 2135 1106 sus,
2165 1044 2259 1098 sed
2289 1059 2389 1113 par
2412 1045 2624 1103 animus
2650 1049 2718 1103 ad
2749 1051 2982 1120 palmam
3022 1059 3077 1111 iu
3118 1059 3415 1127 primordio
3461 1046 3598 1120 fere-

2022 1130 2199 1186 batur.
2246 1133 2414 1191 Porro
2448 1135 2564 1205 jam
2607 1140 2861 1213 deinceps
2905 1148 3231 1216 prmsidente
3272 1153 3352 1219 eis
3395 1154 3599 1226 Spiritu

2022 1232 2209 1278 sancto
2248 1240 2402 1295 aequo
2428 1237 2552 1283 voto
2578 1229 2632 1283 in
2662 1231 2748 1286 his
2792 1249 2957 1290 unum
2987 1240 3601 1309 propositumconsunv

2023 1321 2202 1367 utatur
2241 1328 2256 1368 :
2305 1316 2397 1386 qui
2449 1319 2628 1388 primo
2675 1323 2891 1393 quidem
2939 1327 3234 1386 discolores
3280 1334 3601 1405 videbantur

2022 1405 2146 1475 equi
2189 1421 2431 1474 currere,
2470 1409 2583 1465 sola
2610 1412 2886 1473 voluntate
2911 1422 3237 1489 concordes;
3266 1434 3607 1494 postremum
3688 1422 3695 1444 ⁵

2024 1513 2187 1565 νει-οι
2212 1508 2271 1553 ut
2297 1500 2489 1559 beatus
2519 1502 2877 1579 Hieronymus
2902 1510 2999 1575 ait,
3032 1512 3192 1569 iidem
3225 1515 3279 1570 in
3309 1517 3412 1574 hoc
3439 1514 3607 1590 opere

2025 1604 2191 1647 uiuum
2216 1591 2419 1663 auriga:
2445 1591 2633 1666 jngum
2661 1599 2883 1655 trahunt
2912 1616 3065 1670 requa
3092 1605 3305 1661 cervice
3325 1614 3383 1663 et
3408 1606 3606 1680 propr»;
3685 1622 3692 1629 ‘

342 1681 688 1752 immergeris
725 1680 1015 1738 ﬂuctibus?
1057 1682 1187 1753 quid
1232 1682 1423 1739 mortis
1459 1691 1679 1738 aeternae
1719 1698 1925 1752 prmoc—
1949 1760 1985 1764 _
2025 1680 2340 1752 site-pares,
2371 1699 2481 1739 non
2506 1698 2882 1759 exspectantes
2906 1691 3105 1764 ﬂagelli
3141 1695 3396 1763 verbera,
3412 1700 3509 1755 sed
3537 1702 3603 1755 ad

340 1771 561 1842 cuparis
593 1772 850 1827 casibus?
877 1780 935 1828 ut
973 1773 1101 1843 quid
1139 1766 1281 1827 ultra
1322 1783 1376 1829 te
1414 1772 1713 1828 inconsulte
1742 1783 1921 1829 trans-
1949 1760 1996 1820 Β
2024 1771 2172 1826 vocis
2197 1771 2398 1830 Christi
2439 1774 2781 1834 hortamenta
2823 1781 2897 1836 ita
2945 1760 3327 1852 fervexiteskut
3361 1760 3602 1859 magistri

337 1863 553 1927 condis,
580 1880 701 1919 cum
730 1865 853 1920 inde
879 1865 924 1921 si
949 1866 1077 1936 quid
1103 1880 1222 1922 esse
1247 1866 1538 1937 potuisses,
1565 1874 1736 1922 totum
1766 1866 1925 1922 amit-

342 1953 463 2008 tas?
489 1954 627 2010 Ecce
655 1970 778 2010 cum
814 1955 1023 2025 justitia
1053 1966 1108 2013 et
1141 1957 1365 2014 veritate
1397 1958 1597 2015 bellum
1628 1966 1681 2014 te
1711 1971 1925 2029 semper

342 2044 597 2101 habuisse
640 2048 887 2103 novimus
929 2066 946 2102 :
994 2056 1050 2104 et
1078 2049 1201 2105 inde
1227 2057 1315 2105 est
1356 2050 1521 2121 igitur
1562 2050 1704 2121 quod
1746 2051 1925 2107 adhuc

341 2134 511 2189 livore
536 2136 935 2205 torqueris-Tu
980 2138 1153 2208 primo
1183 2139 1440 2194 mundum
1477 2140 1532 2194 in
1568 2139 1703 2195 Abel
1741 2137 1926 2195 fratri-

342 2225 486 2279 t-idio
510 2227 842 2293 cruentasti;
882 2228 1074 2285 deinde
1112 2245 1218 2301 per
1245 2243 1407 2285 omne
1444 2238 1659 2302 tempus
1704 2238 1923 2286 sancto-

345 2331 466 2370 rum
511 2317 676 2372 millia
705 2318 1013 2389 iniquitatis
1049 2320 1227 2392 gladio
1270 2321 1549 2377 trucidasti
1594 2340 1608 2376 :
1650 2329 1740 2388 et,
1779 2319 1926 2392 quod

343 2407 628 2464 scelestius
668 2418 781 2474 est,
830 2410 1118 2466 Dominum
1163 2410 1476 2483 cupiditatis
1514 2412 1691 2482 pretio
1735 2412 1924 2470 vendio

340 2495 492 2553 disti.
517 2497 687 2554 Porro
714 2500 891 2555 adhuc
927 2500 1193 2557 vincendo
1221 2501 1475 2567 vinceris,
1509 2516 1628 2572 quae
1648 2500 1764 2571 jam
1802 2517 1929 2557 san-

345 2601 556 2647 ctorum
582 2593 808 2663 pedibus
829 2593 1181 2651 conculcaris.
1197 2594 1373 2662 Quare
1391 2609 1497 2651 nou
1519 2595 1695 2660 audis,
1719 2594 1923 2659 infelix,

346 2684 638 2742 adversum
692 2695 744 2741 te
776 2696 1086 2743 sanctorum
1112 2686 1479 2757 querimonias
1508 2687 1607 2743 sub
1633 2686 1805 2742 altare
1831 2685 1927 2742 Dei

346 2779 685 2835 clamantes:
713 2778 960 2845 Vindica,
990 2780 1236 2842 Domine,
1284 2778 1599 2850 sanguinem
1649 2778 1923 2833 nostrum!

347 2872 536 2940 (Apoc.
558 2868 657 2942 Vl.)
685 2869 849 2926 Forte
868 2870 1078 2941 cogitas
1105 2869 1249 2941 quod
1276 2870 1331 2925 in
1351 2871 1456 2925 isto
1475 2870 1793 2943 sanguinem
1822 2885 1928 2926 non

348 2954 709 3020 fuderis,ideo
739 2965 790 3011 te
806 2965 1119 3011 excusatum
1141 2955 1242 3011 iri?
1265 2954 1437 3011 fateor
1448 2956 1610 3025 plane
1631 2955 1758 3026 quia
1776 2971 1929 3012 meu-

346 3047 448 3100 m
477 3056 560 3102 est
597 3048 852 3117 iniquitas
879 3048 1003 3104 sibi.
1039 3032 1288 3104 Audisue
1304 3048 1569 3103 dicentem
1600 3047 1927 3103 Dominum:

351 3137 489 3193 lilii
511 3108 762 3201 uindicta,
794 3148 843 3194 et
872 3156 971 3210 ego
1009 3139 1335 3194 retribuam?
1358 3137 1532 3211 (Rom.
1559 3154 1656 3205 xu,
1683 3138 1794 3209 l9.)
1824 3137 1931 3195 Sed
1956 3108 2003 3171 Ο

347 3230 494 3298 quod
519 3237 579 3284 tu
608 3230 1008 3301 exeogitaveras
1038 3230 1345 3300 improvise,
1376 3239 1436 3285 ut
1470 3245 1655 3311 senem
1684 3239 1930 3287 nostrum
2030 3298 2035 3305 .

350 3331 622 3376 terrarum
674 3321 891 3377 sedibus
916 3321 1213 3387 exsulares,
1246 3321 1506 3377 Dominus
1526 3319 1645 3391 ejus
1670 3320 1777 3376 hoc
1804 3335 1935 3377 usus

349 3417 437 3464 est
465 3410 532 3463 ad
576 3424 852 3465 coronam.
882 3409 1050 3481 lgitur
1091 3424 1243 3465 more
1282 3409 1444 3465 solito
1490 3421 1641 3464 tuum
1672 3408 1934 3465 excitatis

353 3499 556 3555 malum
609 3498 877 3555 convertit
928 3500 982 3554 in
1029 3499 1254 3555 alterius
1290 3499 1510 3555 bonum.
1554 3498 1698 3554 Ecce
1745 3513 1934 3554 rursus

353 3595 569 3666 ponitur
618 3610 810 3650 aurum
857 3595 910 3649 iu
956 3593 1183 3650 fornace
1226 3611 1240 3648 :
1285 3608 1412 3651 ecce
1462 3592 1777 3649 tentationis
1810 3592 1934 3664 igne

352 3689 618 3759 probatur
663 3708 679 3744 :
731 3687 975 3743 tunditur
1012 3703 1078 3743 ac
1133 3687 1357 3742 limatur
1402 3702 1418 3741 :
1460 3685 1655 3758 igitur,
1703 3694 1765 3740 ut
1807 3699 1934 3756 spe-

350 3780 563 3835 ciosum
604 3793 700 3835 vas
725 3779 777 3834 in
806 3779 1011 3834 honore
1037 3777 1330 3834 formtum
1354 3777 1528 3846 possit
1559 3776 1758 3833 clarius
1786 3775 1931 3831 reni-

353 3877 492 3924 tere.
522 3866 627 3925 Sed
661 3869 785 3923 dum
814 3884 1052 3940 praesens
1072 3869 1301 3939 quisque
1328 3868 1514 3924 talium
1541 3860 1935 3939 contemplatur

355 3972 538 4014 rerum
558 3967 831 4025 eventum,
855 3958 1107 4015 fortassis
1126 3966 1311 4015 censet
1322 3957 1479 4028 juxta
1499 3957 1631 4014 illud
1655 3956 1886 4028 Virgilii,

600 4077 706 4129 Nec
728 4089 904 4129 curare
925 4077 1086 4128 Deum
1108 4076 1330 4129 mortalia
1349 4089 1665 4142 quemquam.

354 4179 542 4235 Iustus
568 4179 712 4235 enim
744 4179 1033 4251 aliquando
1061 4194 1190 4236 ceco
1219 4180 1273 4235 in
1303 4195 1405 4236 sua
1432 4179 1572 4251 perit
1589 4178 1821 4252 justitia,
1843 4193 1937 4235 ca-

355 4268 733 4327 lumniantium
762 4267 955 4324 hau-le
982 4270 1288 4339 perimitur,
1325 4278 1383 4325 et
1417 4278 1619 4341 pravus
1652 4268 1757 4324 sibi
1792 4268 1939 4339 quis-

354 4376 464 4437 que
493 4362 729 4416 vindicat
772 4361 1054 4432 sapientia:
1080 4361 1315 4418 laudem.
1349 4362 1734 4418 Verumtamen
1781 4369 1934 4416 utra-

360 4466 587 4525 rumque
610 4452 789 4506 rermn
814 4450 977 4507 ﬁnem
1005 4452 1083 4507 rei
1108 4452 1357 4523 probavit
1382 4461 1628 4509 eventus.

282 4649 302 4667 .
355 4588 446 4642 Ad
473 4587 524 4643 Π
527 4590 601 4644 eri
626 4589 852 4667 insulam
882 4590 1142 4667 relegatur
1161 4591 1516 4667 Adalhardus.
1535 4623 1608 4633 —
1626 4592 1705 4649 De
1726 4592 1936 4664 reliquis

755 4661 872 4730 ejus
906 4661 1156 4732 fratribus
1178 4670 1226 4716 et
1253 4661 1538 4716 sororibus.

427 4769 519 4825 52.
553 4767 769 4825 Interim
802 4784 928 4826 vero
963 4784 1130 4825 senex
1174 4779 1376 4836 noster,
1421 4770 1682 4840 sapientia
1713 4768 1935 4845 probus,

361 4859 596 4914 mittitur
618 4860 769 4929 quasi
800 4875 938 4915 unus
966 4874 1031 4914 ex
1069 4859 1392 4931 ignobilibus
1420 4861 1487 4915 ad
1522 4858 1647 4915 lleri
1680 4859 1930 4915 insulam.

360 4949 554 5005 Missus
586 4965 711 5005 vero
749 4950 876 5007 illuc
910 4952 1056 5007 omni
1101 4953 1334 5008 humano
1376 4952 1617 5023 privatus
1659 4953 1864 5007 honore
1885 4963 1935 5016 ι,

356 5043 452 5096 sed
498 5041 704 5098 ctelesti
753 5042 969 5098 interim
1009 5043 1246 5115 undique
1277 5043 1415 5099 vallo
1455 5042 1691 5100 fulcitur.
1732 5043 1935 5099 Dissol-

359 5136 504 5190 vitur
532 5146 713 5192 autem
749 5136 817 5191 ad
846 5145 1057 5207 tempus
1082 5152 1242 5207 quam
1280 5135 1424 5191 felix‘
1441 5135 1699 5208 quadriga
1728 5151 1937 5207 germa-

359 5228 529 5284 nitate
557 5228 609 5282 in
645 5228 864 5283 modum
906 5228 1049 5287 illius
1075 5227 1372 5283 Ezechielis
1406 5227 1736 5297 conjuncta:
1778 5242 1939 5297 super

356 5331 495 5386 quos
522 5317 680 5373 Jesns
721 5317 889 5373 lorica
917 5319 1175 5389 virtutum
1220 5320 1530 5375 succinctus
1565 5319 1938 5376 decentissime

359 5408 703 5480 prwsidebat.
731 5409 899 5467 Erant
925 5409 1088 5481 igitur
1113 5410 1351 5481 quinque
1394 5410 1555 5467 unius
1589 5410 1691 5465 viri
1734 5410 1938 5467 semine

431 5558 456 5586 ι
491 5545 830 5601 Adalhardu’s
851 5545 1055 5615 jnnior,
1087 5545 1205 5615 ejus
1239 5545 1485 5600 alumnus
1531 5561 1595 5601 ac
1621 5544 1934 5616 discipulus,

361 5615 536 5687 vicem
562 5616 751 5687 optimi
782 5617 1023 5687 parentis
1057 5616 1221 5687 gessit
1248 5625 1358 5687 toto
1383 5616 1470 5670 illo
1500 5616 1799 5685 septennia,
1831 5633 1938 5685 qm)

365 5686 630 5743 exsulavit
659 5686 995 5742 Adalbardus
1022 5686 1220 5753 senior,
1255 5686 1391 5744 infra
1422 5703 1568 5743 num.
1596 5689 1682 5743 liti.

2023 1876 2090 1917 ac
2132 1862 2300 1919 duces
2341 1867 2607 1922 exercitui
2650 1868 2840 1926 flerent
2882 1875 3208 1932 sanctitatis.
3251 1877 3381 1933 Erat
3426 1891 3605 1939 autem

2024 1951 2197 2041 major
2231 1964 2359 2011 natu
2388 1971 2556 2012 senex
2581 1967 2767 2015 noster
2792 1964 3185 2030 sanctissimus,
3211 1976 3377 2024 aetate
3399 1986 3463 2025 ac
3491 1988 3608 2041 gra-

2029 2041 2099 2095 tia
2118 2040 2230 2109 jam
2260 2043 2486 2102 Domino
2510 2057 2884 2116 consecratus;
2918 2053 3181 2108 maturior
3208 2057 3454 2124 cons'lio,

2025 2131 2166 2187 mior
2197 2134 2450 2191 omnibus
2485 2137 2792 2196 sanctitate.
2822 2139 3025 2197 Deinde
3052 2141 3205 2199 Wala
3233 2144 3471 2202 virorum
3495 2148 3608 2204 ela-

2026 2223 2292 2293 rissimns,
2318 2229 2412 2298 qui
2436 2230 2485 2284 ei
2526 2232 2788 2287 successit
2810 2239 3417 2303 postea.monachorum
3444 2239 3613 2297 Pater

2026 2316 2294 2383 eximius;
2346 2319 2510 2375 tlimia
2565 2320 3096 2398 familiaritateregi
3158 2329 3430 2387 inhaerens
3473 2332 3617 2405 [ιιι.ι

2027 2406 2290 2481 ἰηιιωευε]
2318 2409 2381 2474 b,
2424 2419 2483 2465 et
2517 2411 2750 2468 maxima
2794 2405 3129 2483 praefectura:
3171 2417 3434 2491 dignitate
3479 2423 3610 2479 sub.-

2027 2506 2244 2563 vectus;
2286 2499 2343 2554 in
2390 2510 2582 2556 senatu
2631 2502 2830 2559 clarior
2873 2507 3106 2576 eunetis,
3150 2509 3202 2565 in
3251 2511 3442 2567 militia
3483 2528 3614 2571 vero

2026 2586 2275 2658 prudenti
2304 2590 2487 2646 animo
2535 2590 2726 2648 fortior
2755 2594 3040 2652 universis.
3078 2599 3250 2665 Quem
3293 2609 3446 2657 tanta
3491 2600 3610 2658 laus

2028 2678 2353 2750 sequebatur
2379 2681 2431 2735 in
2460 2683 2609 2738 omni
2639 2683 2764 2740 vitae
2791 2687 3029 2755 negotio,
3065 2696 3126 2743 ut
3152 2689 3312 2763 longe
3339 2690 3458 2762 plus
3483 2707 3605 2747 cen-

2029 2777 2243 2825 seretur
2266 2785 2456 2826 amore
2482 2786 2666 2842 posse,
2694 2788 2855 2842 quam
2883 2776 3123 2831 omnium
3151 2778 3324 2834 fastus
3352 2780 3518 2836 etiam
3557 2790 3615 2835 et

2032 2864 2273 2935 tyrannis
2320 2865 2666 2935 reliquorum.
2713 2867 2841 2923 Erat
2883 2870 3029 2924 enim
3060 2870 3288 2938 justitia:
3322 2882 3511 2953 custos
3554 2885 3614 2928 et

2030 2954 2196 3012 decus
2231 2956 2558 3023 honestatis,
2598 2972 2977 3038 oppressorum
3025 2976 3239 3032 quoque
3290 2950 3614 3047 juspgsjop-r

2032 3061 2269 3118 pressor.

2037 3198 2115 3253 De
2135 3197 2424 3257 Gundrada
2446 3211 2495 3257 et
2520 3200 2844 3344 Theodrafdzt
2857 3205 3120 3261 sororibus
3149 3206 3261 3285 ejus
3287 3218 3335 3262 et
3362 3182 3612 3266 llos'naria

2672 3318 2677 3323 .
2763 3291 2792 3325 ι·
2846 3292 2921 3331 re.

2672 3318 2677 3323 ι
2740 3291 2921 3331 ιναινι.

2102 3406 2192 3463 55.
2229 3406 2434 3475 Quibus
2477 3408 2779 3468 inhaerebat
2817 3426 2901 3473 ex,
2926 3411 3091 3472 latore
3115 3428 3248 3470 sesu
3278 3429 3434 3471 soror
3463 3414 3616 3473 Gun-

2035 3495 2224 3561 drada,
2262 3497 2479 3553 nomine
2524 3498 2722 3570 dispar,
2768 3500 2864 3556 sed
2908 3501 3217 3560 virtutibus.
3238 3505 3428 3575 procul
3456 3503 3621 3561 dubio

2034 3602 2278 3659 compar,
2318 3588 2579 3647 fratribus
2622 3591 2935 3649 assiduitate
2981 3608 3239 3669 przesens.
3293 3595 3348 3650 Si
3396 3595 3616 3666 quidem

2034 3681 2192 3754 virgo
2235 3680 2555 3739 familiarior
2594 3682 2755 3754 regi,
2790 3674 3049 3739 nobilium
3098 3685 3455 3753 nobilissima,
3498 3701 3620 3756 quae

2033 3773 2178 3828 inter
2205 3788 2465 3829 venereos
2503 3773 2686 3846 palatii
2721 3775 3038 3845 ardoreset
3075 3774 3335 3846 juvenum
3364 3785 3619 3833 venusta-

2037 3872 2137 3929 tes,
2164 3863 2327 3921 etiam
2354 3865 2497 3921 inter
2523 3864 2812 3921 mulcentia
2843 3866 3157 3923 deliciarum
3185 3876 3241 3925 et
3266 3868 3409 3924 inter
3436 3870 3618 3929 omnia

2034 3952 2273 4010 libidinis
2298 3954 2678 4022 blandimenta,
2705 3955 2819 4012 sola
2848 3957 3064 4023 meruit,
3098 3940 3164 4013 ut
3196 3958 3495 4025 credimus,
3532 3975 3617 4014 rc-

2035 4053 2254 4115 portare
2282 4046 2554 4117 pudicitiae
2579 4046 2907 4117 palmam,et
2934 4048 3130 4119 potuit,
3161 4057 3220 4104 ut
3249 4048 3466 4115 dicitur,
3495 4064 3619 4109 car-

2035 4136 2122 4192 nis
2165 4137 2453 4206 spurcitias
2499 4137 2666 4195 illaeso
2711 4137 2847 4195 calle
2889 4139 3140 4196 transire.
3188 4138 3502 4207 Pudicitlze,
3534 4142 3619 4197 in~

2036 4242 2218 4298 quam,
2251 4237 2465 4298 sceptra
2498 4220 2682 4284 secum
2723 4229 2931 4285 tenuit:
2958 4229 3085 4306 quia
3126 4244 3353 4303 prorsus
3396 4232 3495 4288 sibi
3544 4233 3621 4288 lo-

2037 4320 2298 4393 cupletius
2326 4322 2444 4378 fore
2486 4322 2714 4397 credidit
2753 4322 3121 4395 integritatem
3145 4337 3393 4379 servasse
3417 4323 3614 4386 carnis,

2040 4432 2203 4487 quam
2241 4430 2426 4472 roseos
2470 4416 2779 4487 castitatum
2823 4415 2983 4471 flores
3028 4415 3253 4470 violare.
3298 4415 3403 4471 Est
3436 4416 3621 4470 autem
3676 4469 3684 4475 .

2039 4506 2294 4577 pudicitia
2336 4505 2531 4569 virtus,
2559 4519 2665 4575 qua
2703 4503 2932 4560 feliciter
2966 4512 3029 4559 ut
3061 4505 3323 4575 probatur
3368 4505 3618 4561 coronari
3673 4506 3687 4561 ἰ

2040 4597 2256 4659 meruit.
2281 4597 2427 4652 velut
2466 4596 2829 4652 Tertullianus
2859 4596 3274 4654 facundissimus
3314 4598 3390 4654 ait
3427 4594 3618 4658 itavdi-

2037 4703 2166 4744 cens
2194 4688 2279 4759 (de
2304 4685 2473 4752 Pud.,
2494 4705 2541 4742 ο.
2564 4686 2617 4754 l)
2644 4704 2659 4743 :
2695 4706 2713 4740 ι
2740 4687 2867 4745 Flos
2887 4703 3123 4765 morum,
3154 4687 3618 4757 honoeeorporis.

2038 4776 2201 4833 decor
2223 4791 2404 4843 sexus,
2431 4776 2716 4848 integritas
2743 4777 3045 4848 sanguinis,
3073 4776 3226 4837 ﬁdes.
3242 4776 3472 4847 generis.
3503 4775 3623 4831 fun-

2039 4868 2350 4924 damentum
2414 4868 2691 4935 sanitatis,
2739 4866 3134 4939 praejudicimn,
3164 4867 3415 4923 ominibus
3465 4869 3622 4922 home

2040 4957 2259 5012 mentis.
2285 4976 2303 5007 ι
2337 4957 2417 5013 Ae
2450 4958 2680 5013 deinde:
2713 4975 2742 5011 ι
2763 4956 3078 5036 Quanquam
3122 4972 3269 5022 rara,
3297 4956 3493 5027 inquit,
3525 4971 3623 5011 nec

2040 5048 2199 5105 facile
2212 5048 2450 5121 perfecta
2477 5050 2672 5120 vixque
2700 5057 3012 5129 perpetem;
3032 5045 3266 5116 Hujusce
3287 5047 3451 5119 igitur
3473 5046 3625 5108 Cbri—
3681 5080 3687 5093 ε

2040 5140 2108 5195 sti
2146 5139 2342 5195 famula
2372 5140 2514 5203 inter
2542 5141 2723 5199 omnia
2754 5139 3020 5196 castitatis
3064 5139 3375 5196 discrimina
3420 5139 3623 5210 delegit

2040 5239 2302 5302 expetere
2355 5246 2605 5302 campum
2667 5229 3009 5295 certaminis,
3056 5237 3113 5284 et
3173 5229 3380 5285 meruit
3424 5228 3622 5282 trium-

2048 5322 2213 5393 pbum
2242 5321 2489 5389 obtinere
2522 5321 2771 5392 pudoris.
2792 5320 3004 5390 Reliqui
3042 5335 3174 5375 vero
3202 5320 3328 5386 duo,
3370 5319 3623 5375 videlicet

2051 5411 2345 5475 Bernarius
2375 5421 2576 5477 noster,
2595 5470 2600 5475 ,
2622 5420 2677 5466 et
2705 5410 3025 5467 'l‘lieodrada
3065 5425 3221 5466 soror
3246 5409 3366 5481 ejus
3388 5409 3501 5465 Deo
3530 5410 3622 5469 de-

2122 5550 2148 5590 ι»
2181 5549 2506 5674 negatum
2532 5532 2744 5604 duobus
2782 5545 2933 5605 libris
2960 5545 3157 5617 scripta
3188 5553 3362 5602 exstat
3387 5544 3525 5609 intra
3554 5543 3642 5606 ad,

2122 5637 2244 5674 ΙΙΙΙΙΠ
2305 5639 2391 5674 δῖ).

2045 5637 2244 5682 annum
2269 5637 2391 5674 i500.
