4122 6324
587 276 713 331 13ἓῖ

1479 280 1831 336 PASCHASII
1867 280 2207 337 RADBERTI
2249 281 2536 339 ABBATIS
2573 285 3020 345 CORBEIENSIS

3700 292 3840 346 11228

582 396 726 453 vota,
758 403 878 458 qua:
899 389 1011 458 jam
1061 390 1267 445 reddito
1295 389 1470 446 fructu
1504 391 1813 463 nuptiarum
1859 391 2156 446 secundum
2186 394 2233 454 Α
2267 401 2403 448 trem
2448 395 2670 453 habere.
2699 399 2744 455 Ο
2775 400 3109 470 providentia
3137 399 3233 455 Dei
3261 409 3314 455 et
3355 402 3524 471 parati
3551 403 3694 458 oculi
3721 404 3837 458 dis—

582 479 920 534 eastimonim
969 481 1192 549 gradum
1235 481 1558 549 arripuerat,
1589 481 1653 535 ad
1683 481 1846 550 pedes
1873 479 1998 536 Jesu
2029 495 2152 536 cum

584 564 754 620 naria
777 567 921 621 domi
954 569 1214 623 sedebant
1237 589 1250 623 :
1274 569 1362 624 illa
1387 570 1602 640 quidem
1635 569 1936 625 Suessionis
1957 570 2156 626 sancti-

583 657 897 712 monialium
946 675 1138 730 regens
1183 661 1386 727 vitam;
1438 661 1538 716 iste
1581 676 1713 716 vero
1750 662 1950 723 Christi
1997 662 2158 718 disci-

583 748 798 818 pulatus
839 751 1116 805 nobiscum
1156 751 1358 807 habens
1397 750 1663 806 formam:
1709 754 1928 822 utrique
1976 763 2156 808 tamen

585 840 652 892 ad
685 857 848 896 unum
887 843 1130 898 bravium
1161 859 1407 915 superna:
1434 846 1730 903 vocationis
1755 861 1974 902 currere
2002 845 2156 902 festi-

584 933 806 989 nabant.
1414 938 1427 946 “

716 1061 794 1114 De
821 1077 1002 1116 eorum
1031 1065 1374 1120 unanimitate
1397 1075 1445 1120 et
1472 1067 1748 1121 concordia
1777 1066 2030 1137 fratem.

651 1169 741 1223 54.
779 1171 945 1226 Video
987 1172 1148 1243 igitur
1191 1174 1246 1228 in
1288 1173 1392 1229 hoc
1434 1189 1620 1229 eorum
1650 1175 1897 1244 quinario
1935 1189 2160 1229 numero

582 1261 742 1322 dulei,
772 1278 961 1318 sonum
993 1264 1234 1331 utrisque
1259 1265 1502 1334 partibus
1531 1265 1833 1320 revolutum
1869 1279 2158 1334 personare

581 1352 878 1417 musicum,
923 1363 979 1407 et
1021 1355 1089 1408 ad
1119 1355 1318 1425 aliquid
1368 1355 1662 1411 harmoniae
1709 1357 1901 1412 horum
1948 1356 2160 1426 quanti-

579 1451 719 1496 tates
749 1443 1054 1499 concinere.
1085 1443 1252 1499 Porro
1285 1446 1328 1500 si
1361 1446 1591 1516 primum
1626 1447 1880 1516 inspicias
1907 1447 2073 1512 viros,
2105 1454 2161 1501 et

579 1531 816 1585 secundo
840 1533 972 1586 duas
1001 1548 1237 1598 sorores,
1263 1535 1368 1588 erit
1403 1534 1649 1604 diapente
1686 1534 1932 1590 Grzecum
1964 1544 2018 1589 et
2043 1550 2162 1605 pro-

579 1623 756 1690 portio
801 1624 1150 1693 sesqualterze
1193 1627 1541 1694 quantitatis,
1594 1635 1702 1682 tres
1744 1627 1890 1681 enim
1941 1625 2158 1696 duplum

2257 500 2477 541 currere
2519 488 2572 542 in
2611 503 2824 544 omnem
2851 500 3052 545 terram
3079 492 3350 562 attingens
3377 508 3407 546 a
3437 493 3542 547 line
3567 508 3741 558 usque
3770 497 3840 547 ad
3907 530 3910 533 -

2258 576 2416 632 linem
2450 576 2679 643 fortiter,
2710 579 3107 648 disponensque
3141 582 3322 636 omnia
3363 582 3632 636 suaviter!
3671 597 3840 651 quam

2260 666 2821 736 incomprehensibilia
2868 680 2994 725 sunt
3035 687 3202 740 opera
3232 682 3289 727 et
3325 673 3526 741 judicia
3576 682 3667 727 tua
3713 673 3838 728 uni—

2259 769 2437 819 versa,
2471 757 2562 825 qui
2599 758 2838 813 caecitate
2865 760 3097 814 humana
3121 761 3290 815 uteris
3317 762 3677 818 inasstimabili
3705 763 3842 817 lucis

2259 847 2510 904 consilio!
2545 848 2808 922 Flagellas
2841 852 2986 906 enim
3026 854 3092 906 ad
3124 863 3334 923 tempus
3377 853 3538 918 ﬁlios,
3580 870 3722 924 quos
3750 869 3843 910 eo-

2263 953 2453 994 ronare
2496 939 2756 1010 disponis.
2787 941 2913 995 Inde
2944 941 3110 1011 igitur
3147 951 3252 1007 est,
3284 944 3355 997 mi
3399 943 3563 998 Pater
3591 945 3841 1014 omnipo-

2261 1037 2398 1092 tens,
2430 1030 2574 1100 quod
2615 1031 2906 1086 Bernarius
2954 1042 3137 1087 noster
3172 1031 3414 1088 Lirinum
3443 1046 3468 1074 ι
3498 1035 3797 1090 remittitur
3823 1054 3842 1088 :

2259 1118 2414 1174 Wala
2443 1134 2571 1176 vero
2599 1129 2723 1176 tuus
2749 1121 2996 1186 Corbeia,
3029 1132 3088 1176 ut
3122 1123 3256 1188 dixi,
3284 1124 3393 1179 tiro
3418 1126 3695 1195 recipitur.
3735 1125 3840 1189 Qui

2261 1210 2537 1281 deponens
2567 1212 2773 1268 militia:
2809 1213 3100 1284 cingulum,
3130 1223 3190 1268 ut
3234 1224 3287 1268 te
3323 1224 3492 1270 totum
3525 1216 3664 1271 velle
3707 1231 3838 1271 san-

2259 1301 2465 1357 ctitatis
2511 1303 2777 1369 indueret,
2817 1304 3040 1372 arripuit
3089 1305 3320 1374 primum
3371 1305 3618 1360 tirocinia
3670 1320 3836 1374 para-

2259 1392 2385 1457 disi,
2414 1402 2472 1448 ut
2496 1403 2893 1449 consummaret
2919 1395 2974 1448 in
3000 1409 3064 1449 se
3086 1409 3392 1450 mensuram
3416 1394 3646 1450 Christi.
3666 1395 3710 1449 Τ
3716 1397 3841 1450 ιτα»

2260 1480 2428 1535 drada
2478 1497 2709 1552 namque
2754 1483 2904 1552 quasi
2941 1483 3200 1538 innocens
3246 1483 3347 1538 sub
3393 1493 3576 1538 sancta
3621 1482 3839 1553 profes-

2260 1571 2414 1626 sione
2459 1570 2767 1628 Suessionis
2810 1573 3170 1643 relinquitur:
3203 1589 3366 1644 porro
3412 1573 3635 1644 praefata
3681 1573 3839 1628 Gun-

2263 1661 2428 1716 drada
2468 1663 2532 1718 ad
2565 1671 2805 1718 sanctam
2846 1663 3227 1736 Radegundcm
3269 1664 3542 1734 quondam
3591 1663 3837 1734 reginam

579 1713 986 1823 fff‘fﬁ‘fﬂwjlﬂ
1008 1717 1076 1823 af]
1105 1715 1305 1823 “91"”
1353 1727 1573 1823 "Ancum
1643 1727 1698 1773 et
1731 1727 1969 1823 ξδ⁰¹¹⁰¹¹ξ¹ί
1994 1733 2153 1823 P'l‘ls'
2189 1735 2230 1794 Β
2259 1753 2510 1818 mittitur,
2554 1754 2757 1809 idcirco
2787 1765 2845 1810 ut
2891 1755 2978 1810 cui
2996 1713 3522 1809 ocommunicaverat
3561 1769 3630 1808 ex
3653 1713 3839 1823 wparte

579 1801 826 1857 videlicet
868 1805 1057 1860 beatus
1101 1821 1263 1862 senex
1297 1816 1509 1874 noster,
1546 1807 1688 1863 inter
1719 1808 1855 1863 duos
1879 1816 1934 1862 et
1977 1808 2148 1862 duas:

577 1899 740 1958 atque
786 1891 858 1946 ita
908 1892 1215 1949 mellilluam
1264 1895 1484 1949 musieze
1519 1896 1893 1966 symphoniam
1939 1896 2073 1951 artis
2099 1902 2154 1950 et

578 1983 925 2054 pyramydem
956 1984 1295 2055 geometrica:
1318 1986 1612 2056 disciplina:
1639 1987 1868 2042 formam
1901 1987 2149 2042 reddunt.

577 2073 684 2126 Sed
731 2074 872 2143 quod
904 2084 1159 2143 operatur
1187 2091 1346 2142 unus,
1378 2076 1429 2130 id
1463 2085 1546 2131 est
1583 2076 1920 2132 Adalhardus
1962 2091 2151 2144 senex,

569 2164 719 2218 inter
759 2174 1009 2234 quatuor,
1037 2175 1096 2220 ut
1127 2167 1262 2222 bene
1305 2168 1627 2232 conciuaut;
1661 2167 1763 2223 hoc
1808 2183 1938 2223 vero
1982 2168 2152 2223 isdem

575 2258 1004 2324 supereminens,
1034 2267 1092 2312 ut
1129 2259 1181 2313 iu
1214 2259 1427 2313 modum
1460 2259 1600 2330 ignis
1627 2259 1876 2339 quadrati
1918 2259 2154 2315 caelestis

577 2349 765 2414 patrius
791 2364 974 2405 amore
1002 2349 1250 2413 ardeant,
1285 2350 1496 2404 invitat.
1527 2350 1776 2420 Alioquin
1815 2350 1861 2404 si
1896 2350 2152 2421 respicias

575 2453 669 2493 eos
719 2440 770 2492 in
820 2441 1034 2512 negotio
1083 2441 1388 2512 reipublicae
1435 2441 1706 2511 prmlatos,
1754 2450 1914 2496 erunt
1963 2458 2152 2497 rursus

575 2541 688 2584 tres
736 2531 983 2599 publicis,
1027 2531 1171 2586 velut
1223 2531 1464 2599 Martha,
1513 2533 1803 2604 mancipati
1835 2532 2046 2600 ofﬁciis,
2097 2542 2156 2589 et

574 2625 679 2676 duo
711 2624 774 2676 ad
812 2624 973 2694 pedes
1014 2621 1139 2679 Jesu
1188 2625 1395 2686 intenti,
1441 2633 1645 2679 tantum
1693 2634 1749 2680 ut
1781 2626 2004 2680 audiant
2035 2641 2153 2679 ver-

576 2716 644 2767 hu
671 2735 721 2769 u.
775 2717 948 2785 Atque
979 2716 1050 2770 ita
1093 2715 1298 2770 medius
1331 2725 1413 2771 est
1443 2726 1594 2786 pater
1621 2726 1806 2771 noster
1836 2730 2023 2782 senex,
2058 2717 2150 2787 qui

575 2812 714 2864 inter
746 2821 998 2882 utrasque
1028 2811 1184 2874 vitas,
1217 2812 1447 2866 activam
1491 2812 1698 2866 scilicet
1725 2821 1778 2866 et
1820 2812 2151 2882 contempla-

573 2905 769 2966 tivam,
794 2903 1060 2957 interdtun
1089 2904 1263 2958 medie
1296 2912 1624 2973 temperatus
1655 2904 1873 2958 incedit.
1909 2903 2152 2973 Denique

573 2994 617 3046 si
651 3009 744 3049 eos
771 3008 960 3050 rursus
1000 2995 1280 3064 diligenter
1309 2995 1562 3059 attendis,
1593 3005 1700 3049 tres
1727 3009 1911 3049 eorum
1943 2995 1998 3050 si
2032 2995 2151 3066 quir-

2255 1841 2452 1898 llorens
2482 1844 2624 1899 inter
2666 1844 2848 1914 palatii
2876 1845 3209 1912 discrimina,
3239 1845 3543 1900 imitaretur
3571 1842 3838 1897 virtutum

2252 1931 2370 1999 ejus
2414 1933 2641 2004 insignia
2689 1951 2702 1990 :
2751 1944 2955 1990 etcum
2996 1949 3057 1989 ea
3089 1935 3174 1990 die
3217 1942 3488 2004 noctuque
3529 1934 3698 1987 Deum
3739 1947 3837 1984 ex-

2253 2038 2435 2088 orans,
2463 2025 2528 2079 de
2553 2039 2610 2079 se
2649 2025 2876 2095 suisque
2912 2025 3180 2080 interdum
3211 2024 3635 2080 consolationem
3678 2024 3840 2078 obse-

2252 2115 2452 2172 crando
2474 2116 2758 2186 reciperet.

2470 2227 2726 2282 Exsilium
2753 2227 2873 2281 (toto
2898 2227 3072 2281 animo
3098 2227 3237 2281 subit
3273 2227 3352 2280 air
3380 2237 3612 2281 sanctas.

2323 2333 2413 2389 36.
2447 2334 2552 2390 Sed
2592 2352 2713 2390 cum
2760 2335 2922 2390 iidem
2968 2335 3122 2406 quasi
3151 2336 3479 2390 exhonoeati
3511 2335 3773 2390 secedunt
3805 2350 3835 2387 a

2253 2425 2480 2496 palatio,
2503 2425 2744 2495 procedit
2787 2410 2948 2480 senex
2984 2433 3170 2480 noster
3209 2425 3361 2495 quasi
3410 2425 3475 2479 ad
3507 2423 3701 2495 epulas
3747 2425 3834 2477 iu-

2254 2518 2452 2573 vitatus
2478 2518 2618 2573 inter
2641 2533 2756 2582 eos,
2784 2527 2843 2572 ut
2870 2519 3037 2582 aiunt,
3073 2515 3224 2572 fortis
3250 2517 3372 2583 fide,
3408 2529 3600 2571 tuente
3628 2516 3832 2581 alacer,

2252 2611 2500 2666 conscius
2538 2611 2788 2681 puritate.
2833 2611 3037 2682 Agebat
3070 2625 3300 2680 namque
3326 2609 3532 2681 gratias
3573 2610 3718 2680 quod
3755 2611 3836 2662 di-

2253 2717 2388 2773 gnus
2417 2703 2666 2756 inventus
2701 2700 2864 2755 fuerit
2911 2717 3008 2771 pro
3036 2701 3263 2756 veritate
3291 2700 3675 2755 contumeliam
3722 2701 3834 2769 pali

2254 2794 2391 2859 (Act.
2421 2793 2496 2860 v).
2530 2791 2730 2846 Deinde
2765 2807 2907 2845 nunc
2950 2790 3168 2845 fratrem
3211 2790 3397 2844 osculo
3443 2789 3711 2844 deliniens
3756 2789 3836 2841 ι...

2251 2891 2607 2955 crymantem,
2649 2899 2790 2938 nunc
2816 2897 3057 2938 sororem
3104 2882 3380 2938 blanditiis
3414 2890 3468 2936 et
3513 2890 3838 2936 sanctorum

2254 2974 2488 3031 alliciens
2514 2974 2891 3038 hortamentis,
2923 2973 3109 3028 amicis
3135 2972 3467 3044 persuadens
3491 2971 3694 3026 mentis
3726 2969 3838 3023 for-

572 3086 692 3138 dem
721 3094 844 3139 sunt
879 3087 970 3155 qui
1001 3087 1342 3140 continentia:
1387 3087 1714 3156 triumphum
1743 3056 2070 3152 sortiuntur,
2091 3095 2154 3141 et'

2253 3063 2570 3130 titudinem,
2608 3056 2922 3133 proceribus
2957 3077 3085 3116 vero
3132 3061 3312 3130 palatii
3361 3060 3623 3114 exhibens
3662 3059 3838 3111 virtu-

572 3176 677 3230 duo
716 3176 806 3245 qui
854 3178 1086 3246 primum
1139 3186 1348 3232 castum
1406 3177 1732 3230 meditantur
1781 3177 2138 3241 connubium;

571 3267 638 3320 ad
685 3275 1012 3334 postremum
1046 3283 1173 3322 vero
1207 3268 1422 3338 utrique
1467 3283 1565 3337 par
1601 3267 1787 3338 jngum
1835 3269 2144 3322 monasticze

571 3358 865 3427 disciplina:
907 3359 1146 3414 trahunt.
1185 3359 1242 3414 ιη
1289 3359 1540 3414 omnibus
1591 3359 1753 3429 igitur
1809 3358 1989 3414 vestiti
2043 3359 2143 3414 du-

573 3450 832 3514 plicibus,
875 3451 926 3505 i‘n
964 3451 1213 3506 omnibus
1261 3451 1481 3506 consoni
1537 3459 1590 3505 et
1637 3450 1933 3505 concordes
1981 3461 2144 3518 atque

571 3543 878 3596 emet-leres
924 3541 1111 3614 [Boll.,
1141 3541 1477 3614 concolores]
1510 3542 1888 3610 pracdicantur.
1915 3541 2142 3610 Consid-

570 3633 655 3682 t'itt
696 3633 911 3700 quidem
958 3647 1056 3686 eos
1090 3647 1209 3685 cum
1255 3623 1545 3702 Benjamin
1579 3629 1822 3700 singulos
1863 3631 2001 3685 inter
2044 3646 2141 3700 pa-

573 3725 842 3777 ti-izirelias
875 3725 1110 3794 quinque
1151 3724 1368 3779 indutos
1399 3723 1584 3788 stolis;
1617 3723 1711 3778 sed
1747 3738 1776 3776 a
1805 3721 1926 3778 Jesu
1959 3732 2144 3777 nostro

571 3824 716 3867 veste
757 3815 1072 3885 simpliciter
1107 3815 1330 3886 nuptiali
1368 3814 1706 3886 postmodum
1737 3813 2022 3886 gloriosius
2051 3815 2143 3870 de-

569 3907 744 3960 corari
785 3925 797 3960 ε
839 3915 1102 3961 contueor
1147 3916 1327 3961 autem
1381 3921 1593 3976 quoque
1651 3904 1851 3960 talenta
1901 3905 2138 3971 credita,

568 3999 663 4051 sed
715 3999 796 4052 his
843 3999 1093 4055 omnibus
1133 4013 1296 4052 unum
1347 3996 1626 4068 praemium
1678 3996 1793 4067 lego
1840 4010 2002 4066 super
2039 4009 2138 4064 ap-

489 4129 507 4147 ,
570 4101 812 4154 pensum.

1127 4174 1244 4227 Alio
1273 4172 1585 4244 relegantur.

636 4296 724 4352 35.
756 4296 866 4364 Qui
883 4312 1004 4352 cum
1039 4297 1111 4352 ita
1153 4297 1236 4352 his
1278 4295 1490 4351 avidius
1529 4296 1581 4350 in
1623 4296 1850 4350 invicem
1876 4312 1974 4367 pro
2003 4313 2060 4353 se
2089 4308 2144 4354 et

567 4406 619 4443 tn
654 4387 906 4442 omnibus
951 4387 1324 4450 decertarent,
1370 4386 1517 4442 venit
1566 4385 1779 4456 invitlize
1828 4396 2040 4452 ventus,
2089 4400 2149 4446 et.

564 4481 816 4549 dispersit
840 4495 934 4535 eos
953 4480 1134 4550 procul
1162 4480 1230 4534 ab
1260 4479 1509 4543 invicem,
1543 4479 1594 4534 in
1621 4479 1818 4548 quibus
1842 4481 2152 4548 przesertim-

565 4571 792 4626 ﬂorebat
836 4571 998 4625 totius
1036 4571 1182 4642 regni
1212 4571 1414 4625 decus:
1445 4579 1505 4625 ut
1539 4580 1593 4625 et
1631 4570 1732 4641 ipsi
1776 4570 1986 4641 probati
2023 4589 2138 4627 ma-

563 4663 744 4718 nifcsti
774 4663 982 4727 ﬁerent,
1011 4671 1070 4718 et
1105 4663 1170 4716 ad
1199 4678 1334 4732 quos
1363 4663 1704 4727 devenirent,
1747 4677 1936 4718 eomm
1966 4663 2138 4718 virtu-

588 4755 706 4807 tbus
752 4753 1086 4808 fulcirentur.
1132 4753 1198 4807 At
1243 4768 1370 4807 vero
1398 4753 1627 4807 Corbeia
1668 4761 1818 4818 tunc,
1846 4754 2147 4809 multorum

565 4858 774 4911 «itaque
803 4858 896 4897 ore
935 4842 1046 4912 iam
1077 4842 1168 4898 diu
1207 4842 1443 4905 laudata,
1474 4857 1708 4898 mmrens
1735 4857 1799 4897 ac
1844 4842 1979 4900 ﬂens
2015 4859 2136 4900 eum

583 4944 626 4975 νει
660 4942 808 4988 tanto
851 4935 1070 4988 viduata
1097 4943 1325 5004 patrono
1365 4933 1600 5004 lugeret;
1632 4933 1685 4988 in
1715 4935 2135 4991 consolationem

563 5023 663 5086 tuti,
700 5023 924 5079 Domino
953 5024 1316 5094 dispensante,
1361 5023 1557 5078 meruit
1586 5023 1860 5093 suscipere
1897 5023 2133 5092 Walam,

562 5113 921 5168 clarissimum
947 5114 1147 5180 virum,
1173 5116 1314 5169 inter
1345 5113 1578 5184 reliQuos
1603 5130 1740 5185 quos
1767 5115 2008 5172 habebat-
2041 5132 2138 5172 uo-

564 5202 712 5263 biles,
745 5201 891 5256 velut
921 5202 1151 5258 tironem
1196 5202 1417 5270 Christi,
1458 5217 1618 5275 quem
1653 5215 1839 5274 postea
1874 5215 1996 5274 post
2036 5206 2132 5261 de-

562 5308 773 5348 cessum
805 5292 988 5348 fratris
1015 5295 1128 5349 vice
1154 5291 1357 5350 Christi
1395 5293 1637 5364 gaudens
1663 5294 1765 5350 sibi
1793 5295 2007 5350 exsulat
2041 5311 2134 5366 pa-

635 5449 660 5477 ³
693 5437 756 5492 Et
797 5447 972 5494 tamen
1017 5439 1069 5492 in
1097 5436 1219 5494 Vita
1260 5438 1516 5494 Ludovici
1541 5436 1622 5493 Pii
1647 5437 1994 5501 Bcrnarium,
2025 5453 2131 5494 non

563 5507 824 5572 Liriuum,
849 5509 941 5564 sed
970 5507 1274 5564 Floriacum
1299 5509 1593 5573 exsulasse,
1631 5517 1722 5562 aut
1758 5517 1907 5563 certe
1949 5507 2130 5562 Lirino

566 5581 617 5632 in
661 5578 999 5634 Floriacense
1028 5578 1409 5633 monasterium
1450 5579 1735 5632 abductum
1769 5577 1953 5640 fuisse,
1981 5577 2125 5632 colli-

567 5649 709 5718 gitur
733 5664 798 5702 cx
830 5649 1007 5704 verbis
1037 5650 1291 5714 auctoris,
1319 5647 1406 5718 qui
1441 5648 1519 5702 ait
1556 5647 1864 5702 Bernarimn
1891 5664 1920 5700 a
1950 5663 2130 5701 mona-

2253 3164 2364 3210 tum
2394 3154 2658 3224 exempla,
2699 3168 2860 3223 porro
2900 3153 2953 3207 in
2993 3152 3241 3206 omnibus
3286 3149 3584 3205 mirabilem
3630 3149 3838 3202 mentis

2249 3262 2359 3302 sua:
2399 3246 2754 3302 constantiam
2784 3243 3222 3299 demonstrabat:
3255 3243 3328 3296 ita
3377 3251 3435 3296 ut
3469 3239 3686 3309 quidam
3737 3255 3836 3292 ar-

2248 3336 2706 3406 chiepiscoporum
2735 3335 2839 3388 duo
2865 3332 3054 3387 flentes
3079 3333 3148 3386 ab
3172 3348 3236 3386 eo
3265 3330 3512 3402 regressi,
3538 3337 3599 3383 ut
3624 3328 3831 3390 fertur,

2249 3427 2559 3496 imperatori
2622 3425 2862 3494 Augusto
2920 3423 3272 3494 interroganti
3337 3421 3631 3476 dicerent:
3685 3419 3834 3485 Quid

2245 3527 2425 3588 putas,
2448 3533 2504 3583 ο,
2535 3517 2801 3587 inquiunt,
2846 3516 3172 3587 imperator?
3201 3514 3438 3585 nunquid
3466 3514 3743 3568 vindicare
3778 3524 3836 3567 te

2246 3615 2398 3684 cupis
2424 3614 2567 3668 hunc
2587 3613 2760 3667 virum
2786 3612 3186 3674 exhonorando,
3210 3618 3264 3663 et
3289 3607 3528 3678 qualibet
3556 3617 3834 3661 terrarum

2244 3713 2399 3774 parte
2423 3719 2545 3760 eum
2569 3701 2900 3758 exsiliando?
2923 3701 3181 3756 Fatemur
3206 3700 3362 3770 plane
3383 3699 3524 3768 quod
3550 3711 3830 3766 nunquam

2246 3797 2294 3851 ei
2332 3797 2581 3868 gaudium
2609 3795 2736 3849 huic
2782 3794 2958 3850 simile
2989 3793 3166 3848 facere
3206 3793 3491 3862 potuisses,
3533 3805 3640 3860 quo
3684 3805 3834 3844 nunc

2245 3892 2294 3945 ei
2342 3891 2566 3961 probata
2624 3887 2879 3959 patientia
2922 3887 3134 3942 caelitus
3190 3885 3544 3962 eondonatur,
3603 3897 3836 3952 prmser-

2246 3982 2340 4037 tim
2380 3993 2503 4035 cum
2531 3980 2690 4034 hodie
2719 3978 2818 4033 sibi
2850 3977 3070 4031 nimium
3101 3974 3418 4047 gratulatur,
3451 3973 3737 4042 pristinam
3774 3972 3828 4025 in

2243 4072 2460 4128 Christo
2488 4071 2728 4140 recipere
2769 4067 3095 4122 libertatem.
3126 4065 3277 4121 Unde
3315 4065 3483 4127 scias,
3513 4063 3658 4133 quod
3689 4078 3832 4115 nun-

2243 4179 2406 4235 quam
2449 4161 2639 4224 lzetior,
2667 4173 2940 4229 nunquam
2982 4156 3271 4226 jucundior
3297 4170 3325 4208 a
3363 4153 3518 4208 nobis
3547 4153 3697 4206 visus
3739 4162 3832 4205 est

2241 4254 2558 4325 aliquando,
2588 4253 2769 4322 itaque
2799 4250 3004 4306 nullum
3049 4246 3292 4303 ferientis
3321 4260 3418 4316 spe
3462 4253 3648 4300 sancta
3697 4243 3832 4298 sub-

2248 4347 2408 4402 nixus
2452 4353 2610 4417 pavet
2648 4357 2953 4408 occursum,
2996 4355 3171 4410 neque
3220 4353 3342 4394 eum
3387 4336 3529 4391 ullus
3559 4336 3689 4391 hinc
3735 4350 3833 4404 pe-

2170 4440 2219 4500 ι)
2249 4444 2426 4491 netrat
2463 4435 2635 4490 dolor.
2664 4434 2817 4502 Quod
2857 4432 3080 4487 audiens
3118 4430 3430 4498 imperator,
3467 4426 3677 4498 pudore
3709 4424 3828 4478 suf-

2243 4529 2412 4593 fusus,
2453 4527 2622 4583 doluit
2650 4543 2709 4582 se
2735 4526 2928 4580 fecisse
2962 4521 3104 4594 quod
3138 4521 3251 4590 jam
3286 4519 3498 4575 ruboris
3528 4527 3649 4575 erat
3682 4517 3833 4571 inhi-

2239 4617 2386 4673 bere.

2332 4710 2339 4717 ’
2632 4722 2942 4794 Imperatori
2970 4737 3071 4775 non
3103 4720 3428 4790 indignatur.

2311 4837 2400 4891 37.
2439 4834 2510 4888 At
2533 4849 2661 4889 vero
2682 4834 2803 4904 pius
2825 4830 3026 4888 Christi
3056 4828 3291 4885 famulus
3309 4828 3411 4883 hoc
3430 4825 3630 4900 Caesari
3657 4822 3832 4894 quasi-

2241 4941 2340 4996 pro
2382 4924 2609 4979 crimine
2656 4921 3049 4992 imputantibus
3098 4919 3297 4981 aiebat,
3349 4917 3536 4971 dicens
3571 4933 3586 4969 :
3616 4913 3824 4976 Nolite,

2239 5030 2454 5086 quaeso,
2473 5013 2668 5069 fratres
2693 5011 2818 5076 mel,
2869 5011 3032 5066 nolite
3062 5010 3362 5073 attendere,
3388 5004 3543 5076 quasi
3579 5004 3723 5072 quod
3754 5004 3820 5059 de

2241 5107 2397 5163 nobis
2428 5105 2628 5176 agitur,
2668 5104 2723 5158 in
2765 5102 2997 5158 hominis
3025 5101 3095 5156 sit
3123 5109 3406 5172 potestate.
3435 5096 3635 5152 Fateor
3671 5099 3817 5151 enim

2237 5199 2400 5254 etiam
2429 5197 2474 5252 si
2508 5197 2648 5250 idem
2671 5194 2815 5249 aliud
2844 5190 3123 5263 delegerit,
3155 5185 3491 5259 quam.quod
3527 5201 3557 5240 a
3583 5185 3698 5240 Deo
3729 5200 3819 5238 se-

2242 5290 2345 5346 mel
2375 5289 2640 5360 prolatum
2667 5295 2771 5351 est,
2799 5300 2905 5340 non
2939 5297 3095 5353 posse
3123 5282 3339 5352 penitus
3365 5277 3675 5340 retractari,
3711 5275 3822 5329 nisi

2234 5447 2392 5500 sterio
2415 5445 2582 5499 sancti
2611 5440 2880 5496 Benedicti
2917 5447 3179 5493 euocatum
3205 5445 3253 5491 et
3298 5434 3714 5494 reconciliatum,
3749 5433 3828 5486 ei-

2234 5519 2358 5570 dem
2397 5530 2517 5569 eum
2562 5512 2869 5566 Adalhardo
2914 5511 3085 5562 fratre
3127 5507 3291 5563 fuisse
3322 5506 3634 5564 restitutum
3672 5503 3822 5567 loco,

2234 5601 2421 5655 nempe
2451 5582 2779 5640 monasterio
2802 5577 3138 5636 Corbciensi.
