4122 6324
307 258 371 312 13
381 256 445 312 29
1510 250 1599 305 DE
1640 249 1797 306 VITA
1839 249 1876 305 S

1981 250 2352 307 DALIIARDI.
3428 256 3567 317 I530

301 368 538 438 primum
566 364 671 420 hoc
693 376 857 434 opere
885 360 1252 432 compleatur:
1277 376 1453 435 neque
1479 369 1703 431 possunt
1724 376 1881 447 ⁸(δοιιι-
1910 366 1957 424 Α
1984 370 2169 419 votum
2203 363 2292 418 diu
2332 361 2699 421 desideratum
2732 365 3073 433 conceditur,
3104 367 3258 438 quasi
3299 376 3358 423 ut
3396 382 3560 441 quem

301 456 439 527 pleri
464 452 748 526 disposita,
777 452 822 507 si
850 468 959 508 non
980 452 1126 506 idem
1156 452 1426 506 annuerit.
1457 452 1663 507 Idcirco
1692 467 1889 507 moneo
1987 455 2138 526 prius
2169 454 2308 511 Deus
2338 455 2521 512 labore
2564 456 2788 528 hrjusce
2828 458 3050 513 honoris
3072 457 3310 524 laeserat,
3353 459 3565 517 tandem

302 565 422 616 vos,
452 530 784 612 charissimi,
821 543 1081 630 attendite
1106 542 1276 598 Deum
1310 544 1363 597 in
1403 543 1581 610 nobis,
1624 543 1755 599 licet
1789 558 1888 614 per

302 641 459 715 cujus
499 655 607 695 non
651 647 924 709 optassem
968 651 1181 703 manus,
1219 636 1552 691 voluntatem
1595 651 1748 691 suam
1796 650 1889 689 cx-

302 731 483 802 plere;
508 727 659 799 quia,
684 726 978 783 secundum
993 724 1113 791 Job,
1142 740 1265 780 cum
1288 725 1390 780 ista
1413 725 1730 795 expleverit,
1759 725 1886 780 talia

301 821 353 875 ci
402 827 604 891 praesto
643 826 699 872 et
746 832 907 888 quam
955 815 1109 887 plura
1153 824 1278 871 sunt
1327 818 1494 871 multa
1536 816 1662 886 (Job
1704 818 1884 887 mu;

302 908 585 979 Alioquin,
618 921 741 963 cum
769 904 1040 976 expletum
1072 898 1234 961 fuerit
1263 907 1409 976 quod
1453 907 1730 978 prmlixum
1777 917 1886 973 est,

276 992 413 1054 'non
447 999 591 1069 quod
637 994 691 1052 in
742 996 900 1052 istius
946 996 1054 1052 erit
1102 997 1400 1061 voluntate,
1457 996 1550 1054 sed
1583 1007 1745 1068 prout
1787 1014 1886 1054 suo

302 1090 604 1145 clementer
639 1088 894 1145 annuerit
939 1098 1093 1154 nutu,
1125 1091 1451 1160 quandoque
1490 1089 1884 1145 revocabimur.

302 1181 523 1235 Interim
569 1195 719 1247 vero,
750 1195 956 1251 qumso,
1001 1181 1208 1250 parcite
1259 1197 1290 1236 a
1333 1180 1445 1236 Deo
1488 1180 1685 1237 collato
1729 1180 1885 1236 nobis

304 1269 555 1341 principi,
592 1270 733 1340 quod
779 1286 883 1324 non
931 1285 1029 1325 sua
1068 1270 1490 1341 quodammodo,
1525 1272 1621 1327 sed
1673 1272 1888 1327 Domini

303 1361 476 1416 nostri
521 1360 608 1416 cui
649 1362 1015 1431 peccavimus,
1059 1360 1330 1416 interdum
1374 1364 1545 1417 utitur
1581 1362 1881 1418 voluntate.

301 1451 571 1507 Caeterum
595 1450 751 1521 juxta
795 1452 937 1508 beati
963 1451 1130 1507 David
1156 1468 1362 1520 vocem,
1390 1454 1435 1509 si
1465 1454 1724 1511 Dominus
1750 1454 1885 1510 inci-

305 1554 384 1601 tat
411 1561 539 1601 eum
561 1546 846 1602 adversum
890 1561 1012 1613 nos,
1042 1552 1254 1618 precor;
1307 1548 1625 1619 suppliciter
1660 1558 1883 1604 exorate

304 1645 364 1692 ut
390 1636 716 1694 sacriﬁcium
762 1638 1086 1695 humilitatis
1125 1647 1327 1695 nostra:
1373 1639 1631 1695 odoretur
1658 1638 1710 1709 (1
1752 1637 1878 1710 Reg.

1988 545 2255 615 posterius
2279 560 2541 602 concessu
2582 546 2763 617 (peris
2787 547 3068 603 delinirct!
3098 563 3261 619 quem
3300 549 3347 605 si
3377 548 3461 605 vel
3485 558 3567 606 tc-

1989 637 2110 693 nuis
2131 636 2370 708 pulveris
2395 638 2538 693 inter
2571 636 2731 706 hujus
2773 639 2958 694 mundi
2994 630 3311 696 discrimina
3346 639 3570 698 macula

1986 728 2375 794 sordidassent,
2404 727 2646 799 angelico
2670 728 3007 785 assuefactus
3032 730 3308 785 consortio
3328 728 3571 799 fontibus

1986 822 2345 895 lacrymarum
2368 822 2631 878 ablueret.
2657 821 2809 889 Quod
2831 823 3033 881 factum
3057 822 3243 894 procul
3267 822 3430 879 dubio
3450 836 3565 879 cre—

1984 911 2153 978 ditur,
2181 920 2471 982 ut‘scptcm
2502 912 2682 976 annis,
2709 913 2802 982 qui
2839 912 2906 968 ad
2939 914 3042 969 hoc
3071 922 3317 969 sacratus
3357 922 3443 969 est
3470 927 3569 971 nu-

1986 1017 2184 1067 merus,
2221 1011 2409 1058 sancto
2437 1002 2634 1058 ibidem
2677 1004 2868 1074 spiritu
2894 1012 3171 1076 ageretur,
3211 1004 3257 1060 si
3299 1003 3569 1074 quomodo

1983 1091 2354 1163 septiformem
2385 1093 2626 1163 ejusdem
2657 1093 2878 1164 spiritus
2908 1094 3135 1166 gratiam
3157 1109 3225 1150 ex
3247 1093 3456 1171 integro
3475 1108 3569 1151 ac-

1983 1183 2163 1252 cipere
2187 1184 2473 1238 meruisset
2501 1198 2516 1235 :
2540 1182 2779 1253 alioquin
2811 1198 2918 1238 non
2952 1183 3073 1239 talis
3102 1199 3121 1238 :
3140 1199 3170 1240 c
3198 1192 3346 1238 tanta
3376 1183 3570 1240 fuisset

1983 1275 2176 1331 collata
2202 1275 2460 1331 virtutum
2489 1276 2651 1340 fama,
2683 1275 2784 1330 nisi
2817 1276 2942 1346 quia
2973 1276 3155 1330 divino
3184 1276 3411 1332 arbitrio
3433 1291 3566 1332 con—

1983 1374 2200 1421 ventum
2243 1373 2349 1428 est,
2379 1374 2439 1421 ut
2459 1365 2549 1435 qui
2589 1380 2727 1435 pene
2759 1365 3012 1420 omnibus
3060 1365 3288 1436 Europa:
3320 1365 3569 1436 partibus

1975 1452 2089 1522 jam
2130 1454 2311 1510 clarus
2332 1454 2533 1519 inerat,
2553 1455 2716 1509 etiam
2749 1454 3054 1523 Aquitania:
3091 1453 3265 1509 solum
3305 1455 3565 1509 extremis

1985 1529 2179 1600 ﬁnibus
2213 1544 2542 1600 illustraret:
2573 1552 2634 1600 ut
2659 1543 2751 1613 qui
2791 1543 2893 1599 sibi
2922 1542 3159 1614 pollebat
3196 1540 3394 1614 ubique
3437 1552 3565 1599 sau-

1983 1638 2189 1693 ctitatis
2210 1637 2449 1704 nomine,
2483 1637 2608 1693 illuc
2639 1653 2809 1708 usque
2838 1638 3049 1693 cunctis
3075 1637 3275 1693 clarior
3310 1636 3567 1694 reddere-

300 1728 476 1801 xxvt),
501 1738 557 1785 et
585 1745 712 1787 suos
734 1730 997 1801 suscipiat
1022 1730 1353 1801 poenitentes
1382 1731 1437 1785 in
1473 1708 1726 1786 omnibus
1757 1748 1770 1785 :
1806 1708 1882 1785 ita
1910 1708 1957 1767 Β
1980 1739 2092 1794 tur,
2135 1744 2202 1785 ac
2247 1729 2441 1785 deinde
2482 1730 2680 1800 ubique
2727 1729 2895 1785 fultus
2951 1730 3046 1786 Dei
3086 1728 3289 1786 auxilio
3324 1729 3564 1800 pranniis

303 1834 483 1881 tamen
524 1831 582 1877 ut
609 1823 728 1895 ejus
773 1824 868 1878 [lat
899 1823 1169 1879 voluntas.
1188 1822 1347 1892 ,Ecce
1389 1830 1591 1893 quanta
1634 1830 1690 1878 et
1719 1837 1883 1893 quam

302 1912 597 1968 immobilis
628 1912 889 1984 patientia
927 1911 1003 1967 illi
1036 1912 1360 1968 inhaeserat!
1387 1920 1587 1982 quanta
1612 1912 1881 1976 doctrina,

300 2011 618 2075 quantaque
648 2003 865 2058 viscera
888 2003 1133 2074 pietatis!
1164 2002 1333 2073 Igitur
1368 2003 1509 2058 inter
1536 2002 1717 2058 omnia
1763 2003 1882 2058 haec

299 2103 357 2149 et
397 2094 543 2149 inter
570 2093 811 2148 omnium
850 2108 1012 2150 voces
1048 2093 1378 2165 gementium
1422 2102 1476 2148 et
1516 2093 1880 2164 lacrymaruni

300 2186 557 2259 alloquia,
589 2187 801 2244 medius
834 2187 902 2243 de
939 2187 1346 2244 soconsolator
1366 2192 1486 2242 erat
1511 2193 1568 2243 et
1592 2168 1886 2259 pershasor

298 2279 580 2335 virtutum.

419 2390 542 2448 Viro
584 2403 766 2448 sancto
796 2393 1152 2465 proﬁciscente
1195 2409 1371 2449 omnes
1407 2393 1770 2464 ingemiscant.

363 2502 460 2577 ‘58.
502 2503 634 2558 Erat
658 2504 802 2558 enim
832 2503 987 2573 quasi
1017 2503 1294 2574 speculum
1324 2503 1632 2559 sanctitatis
1661 2512 1716 2560 et
1741 2504 1885 2558 inter

301 2593 541 2648 omnium
596 2594 1060 2664 querimoniarum
1100 2592 1223 2662 jura
1279 2593 1584 2650 causidicus
1637 2593 1883 2664 irrogan-

300 2685 457 2739 tium.
486 2685 600 2751 Dic,
631 2700 780 2756 rogo,
807 2685 931 2756 quis
956 2695 1084 2740 tunc.
1107 2685 1189 2740 vel
1213 2696 1435 2740 saxeum
1458 2692 1648 2755 pectus
1674 2684 1880 2739 habens

301 2789 409 2829 non
440 2774 632 2831 ﬂeret?
668 2775 789 2845 quis
810 2775 1071 2844 praecisus
1102 2775 1186 2830 vel
1213 2775 1279 2830 de
1320 2775 1471 2831 silice
1504 2789 1608 2830 non
1639 2775 1881 2831 doleret?

300 2865 540 2934 aut-quis
565 2864 650 2919 vel
675 2863 864 2920 ferreis
885 2865 1164 2920 continere
1196 2879 1256 2920 se
1284 2858 1492 2935 poterat
1515 2865 1687 2921 oculis
1711 2881 1780 2921 ne
1802 2865 1876 2920 lu-

294 2956 488 3027 geret?
507 2957 741 3012 maxime
762 2970 826 3012 ea
857 2957 1011 3022 hora,
1042 2972 1166 3013 cum
1196 2971 1395 3029 omnes
1420 2973 1527 3013 una
1557 2972 1690 3015 voce
1718 2959 1876 3029 plan-

1983 1820 2299 1876 meritorum
2326 1819 2546 1875 uberius
2569 1820 2889 1875 abundaret.

2059 1962 2133 2016 De
2161 1976 2349 2031 magno
2377 1959 2710 2015 Heriensium
2738 1960 3107 2031 monachorum
3132 1975 3226 2030 per
3246 1968 3488 2014 sanctum

2540 2031 2585 2085 υἱ
2594 2046 2707 2083 rum
2741 2029 2999 2100 profectu.

2051 2164 2139 2219 40.
2182 2162 2412 2233 Hujusce
2441 2163 2518 2218 rei
2549 2170 2717 2219 testes
2746 2162 2925 2217 idonei
2954 2169 3081 2217 sunt
3119 2171 3420 2217 assertores
3436 2175 3566 2218 san-

1982 2259 2052 2312 cti
2086 2257 2304 2319 fratres,
2335 2256 2478 2309 inter
2504 2270 2642 2325 quos
2670 2255 2811 2310 idem
2840 2255 3054 2319 beatus,
3087 2264 3148 2313 ut
3178 2255 3279 2325 ipsi
3306 2255 3562 2319 fatentur,

1982 2347 2089 2400 vita
2150 2345 2392 2415 angelica
2436 2359 2532 2414 per
2570 2336 2909 2415 septenniuni
2958 2345 3107 2399 visus
3147 2356 3232 2400 est
3266 2344 3563 2401 habitasse.

1983 2437 2128 2502 Quos
2154 2434 2351 2489 fratres
2397 2434 2538 2489 idem
2585 2435 2651 2487 ad
2682 2433 2873 2488 omnia.
2904 2448 3024 2504 ane
3053 2434 3148 2488 Dei
3181 2442 3328 2499 sunt,
3378 2444 3563 2490 sancta

1983 2524 2285 2579 devotionis
2330 2522 2545 2578 ﬂamma
2580 2523 2861 2589 movebat;
2912 2522 3165 2592 quoniam
3200 2531 3348 2577 tanta
3389 2523 3565 2578 chari-

1986 2616 2114 2669 tatis
2138 2615 2308 2669 virtus
2332 2614 2387 2668 in
2413 2628 2478 2668 eo
2499 2620 2638 2675 erat,
2662 2621 2721 2667 ut
2739 2613 2992 2668 omnibus
3017 2628 3077 2668 se
3106 2621 3291 2684 posset
3315 2612 3565 2677 inﬂuere,

1983 2716 2038 2763 et
2067 2721 2166 2761 suo
2194 2720 2291 2761 eos
2314 2719 2502 2760 amore
2534 2704 2588 2758 in
2619 2703 2712 2758 Dei
2735 2719 2899 2776 causa
2929 2704 3137 2761 ﬁrmius
3165 2704 3420 2761 solidare.
3462 2705 3561 2761 Dei

1981 2800 2178 2870 quippe
2199 2797 2459 2852 altissima
2488 2796 2660 2851 virtus
2694 2810 2916 2868 asperos
2938 2797 2988 2852 ei
3022 2813 3265 2868 quosque
3291 2797 3563 2854 secunda-

1983 2890 2077 2944 bat
2103 2888 2301 2957 ubique
2328 2902 2510 2953 casus,
2542 2902 2663 2956 qua:
2692 2887 2865 2942 tribus
2888 2888 3073 2958 pueris
3102 2888 3337 2945 medium
3380 2887 3566 2943 forna-

1983 2982 2063 3037 cis
2113 2979 2316 3035 fecerat
2360 2986 2614 3048 tanquam
2657 2978 2906 3049 spiritum
2946 2978 3086 3034 roris
3136 2976 3375 3033 ﬂantem.
3409 2976 3567 3033 Unde

300 3023 476 3114 gendo
503 3044 805 3101 clamarent
827 3065 840 3101 :
864 3045 1105 3102 Pessima
1127 3023 1342 3103 caecitas
1369 3047 1675 3118 malumque
1696 3023 1874 3105 consi-

1983 3023 2063 3037 ν...
2113 3023 2316 3035 ww..-
2360 3023 2614 3048 .....,.......
2657 3023 2906 3049 ,τη-..ηπ
2948 3023 3086 3034 η..-
3136 3023 3375 3033 ......--....
3415 3023 3562 3033 --.π

1981 3090 2079 3130 nec
2107 3072 2357 3144 procellis
2383 3064 2729 3138 allidebatur,
2762 3086 2937 3141 neque
2966 3071 3018 3126 vi
3048 3081 3333 3127 ventorum
3363 3070 3562 3140 impin-

299 3135 433 3191 Iium
469 3142 533 3190 ut
562 3133 681 3191 fons
718 3135 930 3192 consilii
977 3136 1171 3193 exsilio
1211 3136 1549 3208 deportetur.
1594 3137 1761 3203 Istud,
1796 3140 1877 3193 iu-

292 3226 515 3296 quiunt,
539 3240 647 3283 non
685 3228 1118 3298 recuperabitur,
1157 3243 1335 3299 neque
1362 3228 1699 3284 Francorum
1726 3230 1878 3300 quis-

293 3332 464 3385 quam
511 3316 565 3371 ei
607 3316 803 3372 similis
849 3325 1137 3386 tantusque
1185 3317 1471 3373 charitatis
1519 3333 1586 3373 ac
1632 3318 1879 3375 veritatis

296 3407 608 3462 invenietur
635 3415 894 3462 assertor.
932 3406 1120 3475 Plane,
1150 3407 1407 3473 fatemur,
1451 3408 1689 3478 pessima
1726 3408 1878 3464 fraus

296 3505 354 3551 et
380 3495 606 3552 callidus
645 3496 838 3553 veneni
876 3496 1067 3553 dolus!
1101 3497 1243 3553 Ecce
1277 3508 1440 3567 quam
1471 3499 1888 3569 iniquissimum-

297 3586 470 3641 instat
494 3592 732 3656 tempus,
754 3584 882 3641 dum
905 3584 1037 3655 justi
1069 3593 1129 3642 et
1164 3587 1289 3642 boni
1317 3588 1726 3645 exhonorantur
1750 3590 1876 3656 viri,

296 3683 353 3729 ct
383 3689 542 3731 nemo
581 3685 664 3730 est
696 3676 789 3746 qui
820 3675 1123 3733 interdicat.
1161 3674 1303 3742 Quid
1330 3676 1521 3748 igitur,
1562 3685 1742 3748 putas,
1773 3680 1880 3735 erit

222 3832 225 3835 _
296 3767 365 3821 de
386 3764 583 3821 nobis?
611 3767 769 3831 Ecce,
792 3767 963 3832 aiunt,
991 3766 1195 3822 tollitur
1222 3768 1506 3837 pravitatis
1527 3768 1887 3837 interdictor;.

296 3866 354 3911 ct
379 3857 500 3928 quis
532 3856 671 3912 ultra
712 3857 939 3929 iustitiae
976 3857 1129 3914 locus
1169 3858 1307 3914 erit?
1328 3874 1449 3928 qua:
1477 3860 1688 3916 consilii
1733 3861 1879 3918 sani-

298 3948 421 4004 tas?
452 3949 757 4018 praesertim
792 3964 916 4005 cum
939 3964 1130 4006 omnes
1151 3965 1247 4005 sua
1270 3958 1539 4020 qurerant.
1565 3949 1737 4007 Nemo
1774 3952 1884 4023 igi-

296 4050 391 4096 tur
427 4040 754 4111 reipublicae,
797 4039 892 4096 sed
939 4041 1176 4110 pessime
1212 4040 1315 4096 sibi
1358 4041 1590 4113 quisque
1622 4042 1883 4107 consulit,

296 4130 580 4187 consilium
624 4145 726 4201 pro
752 4131 1066 4186 muneribus
1093 4132 1362 4199 venditur,
1386 4141 1687 4205 sequuntur
1712 4133 1875 4190 retri-

295 4220 572 4286 butiones,
604 4219 820 4291 propria
847 4220 995 4277 lucra
1027 4222 1397 4279 considerant.

394 4334 605 4407 Septem
639 4352 804 4392 annos
832 4339 893 4394 in
916 4337 1163 4394 Ileriensi
1187 4340 1363 4396 insula
1394 4342 1544 4397 exsul
1576 4353 1779 4415 egerat.

366 4446 457 4502 59.
498 4445 594 4503 His
639 4456 693 4502 ct
736 4447 1101 4517 hujuscemodi
1149 4452 1608 4522 querimoniarum
1652 4456 1876 4511 vocibus

295 4540 403 4605 usi,
445 4540 769 4612 generaliter
801 4542 1042 4596 omnium
1080 4544 1242 4598 corda
1284 4545 1617 4616 singulorum
1662 4545 1875 4603 ﬂetibus

295 4630 649 4700 ingemiscere
688 4631 1038 4702 cogebantur.
1069 4629 1394 4702 Ignorabant
1430 4648 1561 4704 ergo
1590 4635 1735 4704 quod
1777 4636 1874 4692 Dei

292 4721 508 4777 occulto
545 4722 749 4793 judicio
794 4720 992 4777 factum
1033 4722 1129 4789 sit,
1180 4731 1240 4777 ut
1293 4738 1456 4778 senex
1514 4733 1699 4780 noster
1735 4725 1873 4781 mala

293 4827 420 4868 cum
462 4812 658 4869 ﬂerent
694 4830 762 4869 ne
811 4814 1040 4879 videret,
1092 4824 1148 4868 et
1194 4827 1354 4885 paena
1404 4816 1607 4885 peccati
1656 4816 1873 4874 interim

296 4903 476 4976 μηδι,
517 4903 811 4978 interdum]
862 4904 914 4960 in
965 4906 1226 4976 quosdam
1291 4906 1515 4962 liberius
1566 4908 1869 4964 desaeviret.

294 4993 449 5050 Tunc
475 4994 656 5064 itaque
701 4996 853 5065 quasi
890 4995 944 5051 ei
967 4996 1072 5051 hoc
1118 4996 1292 5052 solum
1330 4995 1546 5052 deesset
1583 4999 1726 5068 quod
1762 5000 1874 5070 pri-

293 5098 443 5139 mum
466 5086 870 5156 concupiverat,
897 5086 1121 5142 Domino
1161 5086 1507 5156 dispensante
1535 5087 1604 5143 ab
1632 5088 1872 5159 humano

293 5174 512 5245 pellitur
549 5175 699 5232 orbe.
732 5177 799 5232 E1
836 5177 1109 5234 credimus
1152 5177 1295 5249 quod
1334 5179 1646 5236 coelestibus
1684 5191 1872 5253 pastus

294 5267 366 5320 sit
391 5270 767 5335 sacramentis,
815 5282 873 5325 ut
897 5270 982 5325 cui
1010 5271 1231 5326 vetitum
1255 5280 1375 5326 erat
1397 5271 1573 5327 solum
1604 5282 1869 5330 terrarum

293 5371 538 5425 cernere,
573 5359 797 5416 Joannis
823 5361 1079 5432 exemplo
1094 5360 1337 5417 caelestis
1371 5363 1560 5433 patriae
1587 5365 1873 5436 inquisitor

293 5449 470 5504 ﬁeret.
509 5450 649 5517 Quid
686 5451 879 5521 putas?
918 5451 1157 5521 nunquid
1203 5450 1347 5506 Deus
1375 5451 1619 5508 oblivisci
1659 5463 1871 5524 poterat

294 5537 438 5606 quod
482 5539 714 5609 primum
765 5544 953 5597 contra
995 5541 1114 5611 ejus
1157 5542 1359 5597 decreti
1402 5542 1729 5599 voluntatem
1780 5545 1868 5598 tali

294 5644 417 5687 eum
447 5631 516 5687 ab
538 5631 714 5688 oliicio
742 5633 1076 5689 retardaret?
1097 5634 1204 5691 Sed
1231 5651 1373 5689 nunc
1402 5633 1643 5689 fortassis
1673 5636 1790 5690 idco
1821 5640 1867 5691 ci

1978 3165 2223 3237 gebatur.
2273 3161 2474 3219 Christi
2523 3163 2667 3219 enim
2710 3171 2829 3217 erat
2849 3162 3105 3217 fundatus
3146 3177 3357 3225 amore,
3386 3169 3460 3225 et,
3503 3169 3563 3215 ut

1978 3272 2101 3312 cum
2125 3253 2384 3326 Apostolo
2407 3253 2583 3309 dicam
2615 3252 2787 3324 (Rom.
2824 3254 2963 3325 vui),
2986 3254 3108 3323 quis
3128 3267 3250 3307 eum
3281 3260 3565 3326 separaret

1978 3363 2007 3401 a
2039 3321 2305 3403 charitate
2341 3342 2583 3399 Christi?
2604 3321 2903 3410 tribulatio,
2923 3321 3561 3414 ian—persecutioﬁnda:

1978 3449 2114 3501 mes,
2145 3450 2214 3489 an
2241 3434 2479 3499 nuditas,
2506 3449 2574 3488 an
2605 3433 2851 3502 gladius?
2875 3447 3022 3497 vere,
3050 3440 3112 3487 ιιι
3130 3431 3459 3488 evidentius
3472 3430 3560 3487 Io-

1976 3541 2134 3596 quar,
2159 3540 2334 3595 neque
2372 3539 2536 3586 mors,
2585 3537 2758 3592 neque
2787 3523 2919 3588 vita,
2953 3522 3436 3593 neque‘instantia,
3466 3537 3562 3577 nec-

1977 3630 2082 3685 que
2109 3613 2312 3678 futura,
2342 3612 2436 3669 sed
2479 3627 2656 3683 neque
2679 3612 2786 3667 ulla
2817 3620 3067 3668 creatura
3094 3621 3305 3682 poterat
3324 3628 3451 3668 eum
3473 3628 3561 3668 se-

1976 3722 2171 3778 parare
2220 3722 2251 3762 a
2294 3706 2557 3761 charitate
2584 3705 2701 3769 Dei,
2746 3720 2869 3775 qua:
2912 3712 3000 3761 est
3036 3705 3092 3760 in
3138 3704 3360 3761 Christo
3380 3703 3505 3759 Jesu
3540 3721 3556 3770 ε

1976 3796 2182 3851 fundati
2210 3796 2354 3851 enim
2379 3803 2538 3850 erant
2559 3794 2722 3865 pedes
2759 3794 2878 3867 eius
2912 3808 3071 3865 supra
3103 3804 3334 3866 petram,
3359 3804 3412 3849 et
3437 3795 3565 3850 ideo
3660 3854 3671 3863 ,

1975 3900 2080 3942 non
2111 3893 2324 3956 poterat
2351 3883 2702 3940 commoveri.

1974 4019 2057 4075 De
2084 4033 2386 4075 eorumne»:
2422 4034 2476 4072 ιιι
2503 4016 2867 4073 Adalharaunt
2909 4033 3088 4072 amore
3126 4025 3177 4071 et
3203 4015 3553 4072 veneratione.

2036 4133 2125 4188 il.
2170 4131 2323 4188 Unde
2353 4138 2742 4202 cognoscentes
2761 4145 2884 4185 eum
2912 4130 3059 4186 beati
3097 4128 3224 4194 viri,
3255 4128 3398 4184 inter
3419 4143 3558 4197 quos

1972 4222 2127 4293 quasi
2151 4222 2253 4278 sub
2273 4221 2519 4277 custodia
2546 4219 2743 4292 degere
2775 4221 3010 4290 primum
3046 4219 3349 4281 videbatur,
3376 4232 3557 4288 coepe-

1974 4322 2102 4369 runt
2129 4325 2326 4384 magno
2362 4311 2481 4382 ejus
2517 4325 2703 4367 amore
2730 4311 3069 4366 inardescere
3090 4351 3105 4376 ,
3134 4318 3189 4365 et
3218 4310 3441 4364 nimium
3465 4325 3559 4364 ve—

1907 4409 1955 4471 D
1980 4406 2182 4471 nerari,
2213 4420 2318 4461 non
2356 4403 2427 4460 ob
2471 4405 2634 4493 regite
2671 4402 2887 4472 quidem
2930 4402 3345 4473 propinquitatis
3386 4401 3561 4455 hono-

1978 4513 2125 4563 rem,
2163 4497 2256 4551 sed
2298 4510 2398 4566 pro
2425 4501 2709 4549 venustate
2746 4506 2957 4547 morum
3000 4502 3055 4547 et
3100 4491 3377 4563 sapientia:
3398 4494 3555 4546 docu~

1978 4587 2196 4652 mentis,
2224 4600 2433 4641 necnon
2460 4593 2516 4639 et
2544 4598 2641 4655 pro
2680 4583 3011 4639 sublimitate
3034 4583 3297 4638 virtutum
3324 4582 3376 4637 in
3403 4590 3562 4638 tanto

1977 4693 2102 4734 eum
2143 4679 2348 4734 honore
2368 4675 2740 4748 prtel’erentes,
2778 4684 2840 4731 ut
2864 4676 3028 4731 etiam
3054 4674 3295 4745 ejusdem
3323 4674 3426 4730 loci
3456 4674 3557 4730 Paw

1978 4777 2065 4825 ter
2091 4777 2147 4824 et
2167 4782 2329 4824 omne
2362 4766 2495 4824 illud
2523 4765 2803 4839 collegium
2834 4775 3078 4823 sanctum
3111 4766 3291 4822 Patris
3312 4782 3434 4822 eum
3464 4780 3562 4824 ve:
3651 4774 3659 4781 '

1978 4868 2304 4914 nerarentur
2348 4857 2634 4928 obsequio,
2682 4866 2738 4912 et
2774 4859 3070 4914 secundum
3110 4856 3233 4926 ejus
3269 4857 3558 4913 consilium

1899 4976 1902 4979 π
1976 4966 2071 5005 sua
2105 4958 2301 5006 cuncta
2331 4958 2658 5014 tractarent,
2679 4958 2732 5005 et
2776 4950 3062 5006 obedirent
3102 4950 3152 5005 ei
3182 4949 3234 5004 in
3280 4950 3561 5017 omnibus,

1973 5046 2134 5108 prout
2162 5038 2207 5093 is
2231 5038 2399 5094 semel
2430 5053 2527 5094 ore
2553 5038 2756 5109 aliquid
2782 5040 3117 5109 protulisset.
3148 5039 3226 5094 Tn
3267 5039 3411 5095 enim
3438 5040 3564 5098 haec

1973 5127 2177 5193 omnia,
2206 5127 2351 5184 Deus
2382 5126 2545 5184 Pater
2566 5129 3151 5199 incomprehensibilis,
3184 5137 3278 5184 tuo
3299 5130 3557 5201 dispone-

1974 5216 2073 5272 bas
2106 5225 2265 5284 nutu,
2313 5228 2374 5273 ut
2407 5227 2462 5274 et
2489 5219 2715 5275 devotus
2769 5227 2894 5274 tuus
2927 5218 3160 5274 famulus
3205 5222 3421 5277 tandem
3455 5218 3561 5276 ιιι-

1972 5308 2187 5376 quando
2219 5309 2309 5364 diu
2349 5318 2533 5379 optato
2568 5309 2837 5379 potiretur
2864 5310 2997 5370 otio.
3034 5318 3089 5365 et
3125 5310 3304 5366 devoti
3350 5310 3564 5367 milites

1975 5397 2050 5452 tui
2090 5396 2207 5468 ejus
2238 5398 2560 5454 fulcirentur
2586 5398 2831 5455 consilio.

2153 5529 2228 5584 De
2257 5529 2492 5600 ejusdem
2518 5530 2575 5583 in
2609 5527 2853 5585 Heriensi
2883 5496 3059 5586 insula
3082 5532 3371 5589 mansione.

2047 5640 2134 5693 42.
2177 5639 2414 5697 Vacabat
2443 5640 2606 5713 igitur
2634 5640 2740 5698 illic
2763 5642 2869 5701 iam
2915 5610 3385 5705 ccelesti‘sabbato
3412 5644 3553 5717 frui-
