4122 6324
577 264 754 343 'tsst

1429 280 1487 335 S.
1524 278 1881 336 PASCHASD
1917 278 2263 334 RADBEll'l'l
2298 276 2590 336 ABDATIS
2623 279 3065 338 CORDEIENSIS

3745 284 3873 343 ιδδε

622 399 768 453 tione
792 392 1039 466 perenni,
1064 400 1120 447 et
1143 390 1378 463 gustavit
1399 389 1519 462 [al.,
1548 387 1875 461 potitnsest}
1893 402 2055 457 quam
2077 401 2199 442 sua-
2228 394 2276 452 Α
2301 387 2370 444 de
2410 406 2513 447 suo
2556 394 2818 463 φηςι-(ξιιιί
2850 394 3095 449 exsulatu
3122 434 3141 459 ,
3189 395 3379 450 ouium
3415 411 3475 453 se
3510 398 3646 454 velte
3679 398 3870 456 ῑωίιεπί

621 488 705 543 vis
751 485 825 541 sit
866 483 1143 539 Dominus.
1179 481 1331 537 Unde
1378 496 1539 550 quam
1590 480 1865 535 immensa:
1915 478 2100 533 laudes
2141 487 2201 533 et

622 576 921 651 gratiarum
966 574 1209 629 actiones
1256 572 1455 626 ibidem
1484 570 1602 639 ejus
1635 577 1949 624 resonarent
1985 568 2052 622 ab
2079 583 2196 633 ore,

622 679 770 740 puto,
811 682 967 721 nemo
1013 676 1091 721 est
1128 665 1219 736 qui
1264 663 1435 734 possit
1466 663 1531 716 ad
1572 662 1788 733 plenum
1837 660 2069 719 edicere.
2114 661 2199 717 Si-

620 759 838 828 quidem
867 764 987 813 erat
1014 757 1064 811 ei
1112 755 1238 810 felix
1275 754 1365 809 illa
1403 753 1667 808 habitatio
1702 753 1756 806 in
1784 752 2000 806 modum
2048 765 2200 820 para-

621 848 745 911 disi,
794 862 861 902 ex
904 861 1011 916 quo
1058 844 1328 914 serpentis
1382 842 1583 896 invidia
1627 841 1835 911 primus
1866 838 2071 908 eiectus
2114 848 2199 892 est

620 940 802 994 homo.
842 938 908 993 Et
949 936 1209 992 mirabilis
1256 933 1392 990 satis
1424 933 1710 987 admodum
1752 930 2037 986 ordotille
2078 930 2198 1000 qui—

620 1031 743 1085 dem
795 1028 1069 1101 proiectus
1111 1027 1235 1082 inde
1274 1024 1589 1081 confusione
1644 1024 1878 1095 tegitur,
1927 1024 2029 1078 iste
2067 1036 2203 1077 vero,

618 1118 859 1186 ejusdem
902 1133 1064 1173 suasu
1106 1116 1257 1187 quasi
1300 1123 1545 1170 revectus
1586 1112 1780 1168 ibidem
1818 1112 2101 1183 gloriatur,
2132 1127 2198 1167 eo

618 1207 761 1276 quod
794 1205 905 1276 jam
946 1206 1219 1261 consortio
1265 1202 1533 1257 frueretur
1573 1202 1838 1271 angelico.
1870 1201 1999 1255 Erat
2037 1201 2199 1271 igitur

617 1301 690 1365 ei,
715 1308 769 1352 ut
798 1298 1012 1367 quidam
1044 1305 1324 1366 poetarum
1346 1293 1577 1348 eximius
1596 1292 1669 1346 ait
1697 1290 1871 1363 (Virg.
1890 1307 1928 1345 ιι
1947 1288 2194 1362 Georg.):

800 1406 954 1465 Quam
978 1418 1147 1455 secura
1173 1405 1334 1465 quies,
1355 1411 1407 1453 et
1433 1403 1595 1453 nescia
1615 1401 1786 1465 fallere
1810 1402 1925 1462 vita,

760 1472 763 1475 ’
804 1462 955 1517 Dives
977 1480 1120 1529 opum
1150 1462 1408 1529 variarunt,
1435 1474 1488 1515 et
1511 1466 1622 1514 latis
1641 1472 1740 1513 OUI
1763 1462 1944 1514 fundis.

613 1540 789 1647 Atque
836 1575 907 1630 ita
940 1574 1165 1629 nimium
1189 1571 1459 1644 jucundus
1498 1572 1639 1626 inter
1669 1569 1959 1625 mulcentia
1997 1566 2196 1622 sancti-

615 1668 743 1721 tatis
796 1664 906 1719 otia
966 1663 1288 1727 laetabatur,
1343 1661 1495 1733 quasi
1545 1661 1684 1715 inter
1738 1658 1975 1729 llorigeri
2036 1670 2193 1727 para-

2303 482 2668 553 simplieitatis
2693 486 3019 556 exemplum,
3063 496 3119 542 et
3152 487 3217 541 ad
3268 489 3438 543 instar
3470 490 3673 560 leporis
3711 500 3870 546 mnta-

2305 574 2504 628 tionem
2536 575 2637 631 loci
2666 591 2772 630 non
2798 591 3007 631 curare.
3035 575 3165 631 Ovis
3190 576 3357 643 enim,
3395 578 3628 643 dicebat,
3656 589 3872 649 propter

2301 665 2529 720 aliorum
2576 666 2775 722 caloris
2807 667 3180 721 indumentum
3211 666 3315 723 suo
3363 669 3482 724 sine
3514 668 3736 724 invidia:
3764 668 3870 725 zelo

2302 756 2535 812 nudatur
2567 756 2791 823 vellere,
2815 767 2871 812 et
2897 758 2962 811 de
2984 757 3067 812 sui
3097 757 3396 813 indumenti
3423 760 3635 815 exuviis
3655 758 3870 815 alterius

2267 843 2514 901 .fuvetur
2553 847 2787 902 auditas.
2812 847 2889 901 ιω
2917 846 3182 938 sisuidem
3204 856 3260 903 et
3284 848 3337 902 in
3364 864 3451 905 me
3476 849 3696 921 aliquod
3727 850 3866 907 siest

2300 938 2552 993 utilitatis
2599 940 2838 1010 prudens
2885 955 3039 1011 opus,
3069 940 3228 995 velim
3260 950 3319 996 ut
3347 942 3575 1012 quilibet
3602 944 3656 999 id
3706 945 3871 1015 gratis

2299 1024 2416 1083 sine
2446 1043 2566 1083 meo
2593 1030 2853 1101 percipiat
2882 1039 3120 1100 qumstn;
3169 1041 3334 1101 atque
3363 1034 3458 1098 ita,
3497 1034 3541 1088 si
3573 1033 3730 1090 fuero
3774 1035 3870 1090 huc

2302 1118 2572 1187 illucque,
2629 1120 2881 1186 addebat,
2931 1135 3029 1191 pro
3078 1121 3386 1178 insidiantis
3442 1123 3676 1194 impulsu
3727 1140 3872 1178 more

2298 1208 2499 1279 leporis
2547 1208 2760 1281 fugatus
2785 1250 2801 1276 ,
2851 1226 3024 1281 neque
3079 1211 3254 1267 locum
3288 1213 3484 1282 quietis
3522 1228 3632 1283 quo
3674 1215 3868 1269 dudum

2298 1315 2519 1371 prorsus
2547 1301 2870 1367 inscderam,
2905 1317 3029 1358 eum
3061 1318 3294 1358 mmrore
3317 1304 3583 1374 relinquo,
3607 1290 3782 1375 neque
3804 1307 3869 1359 ad

2297 1407 2456 1462 quem
2496 1393 2790 1463 propellor,
2841 1410 2962 1449 cum
3010 1409 3195 1451 amore
3248 1405 3426 1452 teneo.
3463 1396 3659 1451 Nostra
3693 1409 3872 1452 autem

2298 1484 2636 1540 conversatio
2685 1485 2740 1540 in
2793 1485 2944 1541 caelis
2982 1500 3101 1541 esse
3150 1487 3389 1542 creditur
3438 1487 3680 1560 (Philip.
3736 1489 3869 1559 ut):

2299 1574 2499 1629 ideirco
2546 1589 2667 1644 qua:
2706 1589 2921 1630 sursum
2982 1584 3106 1631 sunt
3161 1576 3436 1646 sapimus,
3490 1585 3547 1631 et
3600 1591 3709 1632 non
3755 1593 3872 1649 qua:

2297 1678 2460 1736 super
2510 1673 2711 1720 terram
2769 1665 2906 1735 (Col.
2956 1667 3076 1736 m).'
3105 1665 3298 1722 Mortui
3341 1667 3484 1722 enim
3515 1662 3715 1721 sumus
3751 1680 3870 1721 cum

613 1760 715 1815 disi
753 1773 964 1814 amoena
991 1774 1007 1823 ;
1051 1771 1149 1811 nec
1176 1754 1394 1811 dubium
1434 1753 1679 1808 veritatis
1707 1752 1830 1806 odio
1868 1764 1990 1805 cum
2036 1749 2192 1803 beato
2224 1743 2271 1804 Β
2295 1759 2543 1825 Christo,
2569 1766 2625 1814 et
2652 1760 2760 1813 vita
2802 1767 2985 1813 nostra
3009 1774 3131 1813 cum
3161 1756 3314 1815 eo°in
3345 1758 3498 1814 unus
3521 1767 3609 1813 est
3637 1758 3871 1813 abscog)-

611 1851 817 1905 Joanne
854 1848 989 1902 adeo
1020 1862 1189 1917 usque
1225 1844 1415 1901 exsilio
1450 1845 1757 1913 deputatus,
1797 1841 1940 1896 sicut
1967 1853 2193 1894 venera-

611 1940 734 1996 bilis
755 1953 779 1979 ιι
807 1939 948 1994 Beda
979 1939 1259 2009 presbyter
1284 1936 1362 1991 ait
1391 1936 1465 2007 (in
1503 1951 1659 1989 serm.
1690 1934 1754 1987 de
1777 1931 1835 1988 S.
1861 1929 2045 2001 Joan).

1143 2045 1343 2102 Exsilio
1377 2057 1431 2100 ut
1470 2046 1694 2117 proﬁcit.

682 2162 772 2215 45.
807 2160 947 2229 Quin
973 2159 1125 2215 licuit
1152 2174 1376 2216 cernere
1408 2160 1721 2229 lluctivagas
1768 2158 1966 2228 ubique
2005 2157 2200 2213 mundi-

609 2263 779 2318 rotas,
807 2261 862 2308 et
891 2252 1181 2323 Babylonis
1220 2266 1285 2306 ac
1313 2250 1804 2322 Hierosolymorum
1834 2250 2034 2304 mistim
2061 2265 2191 2304 con-

610 2347 793 2417 fligere
839 2353 1045 2408 castra,
1082 2343 1207 2397 hinc
1255 2342 1377 2397 inde
1422 2343 1632 2396 vicibus
1662 2341 1767 2395 tela
1796 2348 1961 2410 atque
2008 2338 2188 2410 fugam

608 2436 749 2506 capi.
788 2434 916 2490 lude
960 2442 1099 2498 erat,
1150 2432 1222 2486 mi
1268 2430 1425 2488 Pater
1473 2431 1814 2500 omnipotens
1848 2430 2019 2494 Deus,
2046 2428 2191 2497 quod

609 2538 734 2583 tuus
765 2527 969 2582 athleta
992 2535 1200 2580 tantum
1222 2539 1320 2595 pro
1343 2524 1655 2578 discrimine
1682 2521 1844 2593 hujus
1871 2523 1995 2578 vita:
2020 2520 2189 2576 (luetis

607 2619 847 2690 lugebat,
878 2632 944 2673 ac
977 2615 1163 2672 dolore
1196 2614 1429 2670 suffusus
1459 2615 1625 2669 nimio
1660 2614 1896 2668 timente
1918 2614 2188 2684 gemebat,

606 2725 806 2779 rogans
851 2724 916 2764 ac
973 2717 1165 2776 petens
1217 2707 1519 2776 praesertim
1565 2713 1623 2759 ut
1666 2718 1887 2759 suorum
1936 2716 2189 2773 parceres

606 2803 839 2856 hostium
883 2798 1138 2855 czeeitati.
1170 2797 1397 2852 Videbat
1426 2795 1571 2851 enint
1617 2804 1674 2850 et
1714 2794 2045 2865 praevidebat
2069 2791 2184 2862 jam

605 2907 767 2945 senex
790 2900 944 2960 pater
973 2892 1075 2944 hoc
1097 2890 1150 2942 in
1175 2898 1417 2958 tempore
1448 2890 1703 2942 miseram
1730 2886 1950 2941 humani
1974 2885 2186 2957 generis

602 2986 770 3035 vitam
825 2982 1032 3037 deliciis
1079 2981 1374 3045 aunullari,’
1406 2990 1461 3034 et
1509 2977 1725 3045 Iezabel
1772 2978 2068 3049 propheten
2125 2990 2184 3031 se

603 3078 802 3137 dicere,
834 3083 890 3129 et
927 3076 1188 3128 seducere
1215 3085 1401 3127 servos
1431 3070 1546 3133 Dei.
1589 3068 1845 3124 fornicari
1872 3076 1929 3124 et
1962 3067 2186 3123 mandu—
2209 3090 2257 3154 ο
2287 3067 2922 3154 ωυυνηξξυξξηπᾜυξω·
2951 3067 3411 3154 παιζῗιττξιζινει
3433 3067 3573 3095 ’πω
3596 3067 3829 3154 Ὕςξιιηυξ

2127 3165 2185 3212 ει
2210 3130 2257 3154 υ
2287 3133 2628 3204 paternitatis
2674 3130 2914 3188 officium
2967 3131 3175 3186 meritis
3227 3131 3546 3186 illustraret.
3614 3131 3866 3200 Alioquin

603 3182 731 3220 care
782 3167 848 3221 de
899 3164 1250 3236 idolothytis,
1301 3162 1508 3217 ventris
1562 3160 1855 3231 ingluviem
1908 3158 2084 3229 sequi,

603 3258 828 3311 libidine
876 3257 1171 3320 coronari;
1201 3253 1347 3324 quia,
1395 3252 1642 3322 inquam,
1668 3261 1970 3306 monstrum
2014 3249 2183 3305 videri

598 3332 804 3419 posset,
834 3349 878 3403 si
909 3348 1029 3419 gula
1054 3348 1172 3403 sine
1201 3346 1350 3411 luxu,
1383 3354 1476 3398 aut
1505 3345 1658 3398 luxus
1682 3344 1797 3398 sine
1828 3342 1951 3415 gula
1979 3357 2178 3412 regna-

603 3448 705 3492 ret.
739 3438 850 3492 lleu
881 3452 1043 3507 quam
1090 3435 1287 3491 misera
1323 3433 1563 3489 conditio
1592 3432 1825 3498 ventris,
1854 3433 1945 3501 qui
1997 3431 2181 3486 talium

600 3530 858 3584 aliinitate
903 3528 1135 3599 partium
1177 3528 1476 3591 cohaerens,
1510 3535 1738 3594 utroque
1766 3525 2001 3581 cluditur
2051 3524 2180 3589 line,

597 3631 652 3676 et
675 3622 829 3677 malae
848 3620 1123 3677 felicitatis
1143 3618 1284 3675 fastu
1307 3633 1466 3674 casso
1496 3618 1717 3673 vestitur
1743 3618 1947 3672 honore
1967 3618 1989 3673 ἒ
2007 3615 2177 3682 Unde,

598 3713 852 3783 quamvis
881 3727 1011 3768 voce
1039 3710 1249 3782 poetica
1280 3718 1418 3772 utar,
1452 3723 1645 3763 nimico
1671 3721 1773 3761 vos

784 3826 875 3884 Qui
899 3824 1068 3887 legitis
1090 3823 1241 3873 ﬂores
1258 3826 1312 3873 et
1333 3821 1464 3872 humi
1488 3820 1736 3871 nascentia
1755 3819 1906 3883 fraga,

598 3931 724 3986 hinc
748 3928 1201 4000 fugite,quoniam
1224 3940 1447 3997 serpens
1464 3925 1547 3980 his
1573 3924 1759 3980 usibus
1784 3923 1936 3978 latet.
1955 3921 2025 3977 At
2047 3936 2177 3978 vero

595 4021 854 4093 praelatus
880 4035 1043 4074 senex
1067 4027 1252 4073 noster
1272 4017 1487 4071 interim
1522 4031 1616 4071 eos
1641 4014 1769 4071 flere
1798 4030 1904 4069 non
1928 4013 2177 4069 cessabat

597 4127 736 4183 quos
764 4111 1019 4166 aviditate
1047 4109 1340 4165 ditescendi
1369 4107 1542 4180 [um.,
1584 4106 1813 4179 ditandi]
1845 4106 1987 4161 velut
2009 4120 2174 4177 quas-

595 4207 720 4259 dam
743 4216 871 4255 aves
893 4215 999 4255 nox
1022 4199 1285 4255 illuminat
1310 4207 1367 4254 et
1387 4200 1503 4254 dies
1531 4208 1700 4254 caecat
1724 4216 1737 4253 :
1770 4199 1884 4269 qui,
1912 4199 2038 4254 dum
2067 4214 2173 4254 non

593 4278 999 4363 dispositionem
1024 4289 1139 4356 Dei,
1163 4288 1259 4344 sed
1282 4302 1410 4345 suos
1440 4289 1715 4344 intuentur
1742 4286 1987 4355 allectus,
2011 4288 2175 4344 licen-

595 4387 725 4441 tiam
779 4383 860 4438 vel
894 4382 1268 4453 impunitatem
1297 4379 1564 4436 scelerum
1600 4380 1818 4435 omnino
1843 4388 2036 4450 putant
2054 4394 2173 4435 esse

593 4477 830 4531 felicem.
888 4474 996 4528 Sed
1047 4487 1235 4528 eorum
1281 4471 1553 4527 interdum
1607 4469 1940 4527 immanitate
1984 4470 2169 4543 flagitii

589 4566 799 4622 caelesti
844 4565 960 4620 viro
1020 4562 1282 4619 beneficia
1334 4561 1699 4628 cumulantur,
1748 4562 1803 4617 in
1841 4571 2047 4617 tantum
2111 4547 2172 4618 ut

587 4676 749 4715 aliine
776 4659 879 4714 sibi
902 4657 1153 4728 gaudium
1196 4656 1492 4711 mstimaret
1534 4653 1846 4722 affuturum,
1885 4656 2014 4710 dum
2053 4663 2169 4710 ten-

589 4754 795 4808 tatione
841 4751 909 4806 ad
939 4749 1220 4806 victoriam
1244 4746 1459 4802 functus
1487 4748 1558 4802 sit
1595 4747 1918 4803 invidorum.
1961 4747 2167 4803 Idcirco

528 4882 543 4889 ι
585 4858 908 4913 quocunque
921 4856 981 4898 se
1002 4839 1561 4911 verteret,proliciens
1580 4838 1719 4895 ultra
1732 4848 1894 4910 atque
1913 4854 2166 4896 crescens

586 4934 718 4987 ibat.

933 5023 1009 5081 De
1039 5024 1153 5096 ejus
1185 5025 1242 5078 in
1280 5022 1513 5078 adversis
1547 5024 1821 5094 patientia.

589 5193 609 5210 _
659 5132 1062 5191 u.»Gaudebat
1106 5150 1235 5205 ergo
1262 5144 1320 5189 ut
1358 5134 1452 5189 Dei
1484 5134 1537 5189 in
1572 5150 1638 5190 eo
1682 5134 2046 5205 compleretur
2075 5151 2163 5188 vn-

589 5225 787 5289 luntas,
811 5225 937 5294 quia
989 5233 1147 5281 totus“
1185 5226 1296 5281 Deo
1343 5223 1619 5294 subjectus
1668 5240 1788 5280 esse
1842 5226 2156 5297 parabatur.

587 5318 781 5373 Aiebat
809 5332 1058 5388 namque,
1092 5318 1232 5373 inter
1276 5335 1319 5373 ι’.
1334 5320 1487 5389 liqua
1524 5320 1794 5389 patientiae
1834 5335 1945 5375 sua:
1974 5320 2156 5384 verba,

655 5486 683 5514 α
721 5473 797 5527 En
816 5471 954 5525 Beda
974 5472 1274 5527 venerabilis
1296 5474 1472 5529 dictas
1495 5489 1522 5526 a
1554 5472 1841 5530 Paschasio
1866 5473 2157 5541 Radberto,

584 5560 692 5604 atto
753 5554 991 5611 tempore
1026 5545 1189 5597 etiam
1219 5543 1381 5600 Jonas
1407 5545 1582 5599 eidem
1616 5547 1712 5600 hoc
1745 5555 2157 5614 mgnmuentum

587 5615 873 5708 tn‘iuihttl
919 5615 1118 5671 dictum
1152 5616 1311 5669 estin
1353 5615 1522 5685 ipsius
1556 5614 1710 5670 licdm
1749 5615 1922 5684 elogio
1949 5616 2014 5670 ad
2058 5634 2157 5671 au-

585 5699 711 5738 ιιιτιιι
755 5699 862 5736 Idi).

2291 1849 2438 1916 dita;
2462 1858 2541 1916 ut,
2567 1864 2691 1904 cum
2731 1847 2979 1906 Christus
3011 1847 3325 1920 apparuerit
3350 1849 3460 1902 vita
3493 1857 3678 1902 nostra
3700 1888 3717 1911 ,
3750 1856 3872 1902 tunc

2290 1953 2349 1997 et
2383 1958 2480 1998 nos
2512 1942 2670 1997 simul
2718 1957 2841 1998 eum
2865 1958 2931 1997 eo
2980 1942 3418 2014 appareamusin
3456 1942 3626 2012 gloria
3672 1941 3866 2010 (ιδιά).

2291 2033 2388 2093 llis
2411 2043 2465 2089 et
2492 2034 2858 2104 huiuscemodi
2907 2036 3082 2090 verbis
3110 2034 3177 2088 ad
3207 2044 3418 2105 petram
3457 2050 3579 2103 qua:
3621 2033 3872 2087 Christus

2291 2135 2373 2183 est
2400 2125 2452 2198 (1
2478 2125 2599 2180 Cor.
2634 2126 2722 2198 x),
2755 2124 2980 2192 fratrum
3030 2126 3239 2198 animos
3284 2123 3585 2188 sulidabat,
3637 2132 3700 2177 ut
3749 2122 3868 2191 quia

2292 2219 2432 2275 inter
2471 2218 2663 2275 fluctus
2722 2219 2961 2274 marinos
3015 2195 3167 2273 cura
3216 2217 3475 2272 ntundnm
3532 2215 3694 2288 positi
3730 2215 3873 2269 vide-

2291 2312 2507 2378 bantur,
2541 2327 2634 2382 spe
2688 2328 2851 2382 quam
2896 2311 3045 2367 velut
3083 2309 3380 2366 anchoram
3421 2310 3707 2375 habemus,
3738 2307 3872 2363 calo

2289 2403 2608 2474 profundius
2635 2404 2981 2460 firmarentur
3005 2403 3056 2457 ιι.

2659 2536 2958 2593 Honoribus
3006 2536 3217 2592 tandem
3259 2537 3499 2592 redditur

2362 2675 2451 2731 l5.
2491 2674 2697 2742 Quibus
2741 2681 2968 2744 paterna
3013 2687 3080 2729 ex
3103 2672 3221 2727 acie
3258 2686 3356 2742 per
3392 2671 3739 2743 septennium
3788 2672 3863 2726 ita

2289 2766 2612 2825 discretione
2654 2764 2915 2820 virtutum
2964 2762 3212 2827 vallatis,
3261 2761 3464 2818 factum
3508 2771 3616 2827 est,
3643 2761 3873 2817 Domino

2288 2868 2576 2925 annuente,
2607 2868 2666 2913 ut
2702 2858 2787 2914 sui
2832 2856 3112 2913 exsulatus
3168 2856 3284 2927 jam
3336 2858 3501 2913 linem
3557 2855 3787 2919 faceret,
3816 2867 3869 2911 et

2287 2950 2483 3006 clarior
2516 2949 2749 3020 propriis
2770 2949 3066 3006 honoribus
3096 2948 3434 3004 redderetur.
3464 2948 3710 3019 Propriis
3736 2963 3869 3019 ergo

2287 3041 2430 3107 dico,
2445 3040 2586 3110 quod
2609 3041 2803 3096 merito
2824 3040 2922 3096 sibi
2951 3048 3411 3110 eompeterent,et
3432 3039 3573 3095 idem
3596 3055 3865 3094 summum

2285 3223 2581 3281 honoribus
2625 3224 2738 3280 dixi
2783 3224 3147 3290 reddendum,
3191 3237 3354 3293 quem
3400 3223 3649 3294 proprius
3699 3223 3870 3277 meri-

2287 3324 2465 3371 torum
2500 3316 2911 3387 bonor-ubique
2936 3324 2992 3371 et
3034 3313 3298 3384 sapientia
3344 3313 3633 3369 decorabat
3680 3331 3694 3366 :
3755 3329 3866 3367 non

2283 3404 2426 3477 quod
2459 3404 2725 3471 amiserit,
2753 3420 2860 3476 quo
2881 3403 3182 3460 reverentia
3206 3403 3402 3475 dignus
3424 3404 3631 3458 censeri
3654 3414 3866 3473 posset,

2281 3505 2376 3561 sed
2398 3505 2758 3562 aestimatione
2775 3503 2916 3577 vulgi
2942 3503 3181 3575 privatus
3202 3503 3428 3559 honoris
3452 3502 3656 3568 officio,
3688 3518 3866 3573 quan.

2283 3604 2396 3649 tum
2445 3595 2499 3650 in
2562 3594 2692 3665 ipsis
2748 3595 2879 3661 fuit,
2906 3594 3224 3665 dignitatum
3265 3592 3494 3650 falcibus
3520 3595 3862 3650 redhibetur.

2279 3683 2547 3741 Caeterum
2576 3683 2920 3751 exhonorari,
2948 3684 3087 3740 sicut
3131 3683 3378 3739 consulta
3407 3685 3611 3739 veritas
3659 3684 3867 3755 patefa-

2279 3779 2373 3841 cit,
2406 3794 2511 3833 non
2562 3786 2794 3850 poterat,
2820 3791 2980 3847 quem
3016 3776 3256 3833 cmlestis
3293 3778 3466 3848 gratia
3510 3776 3823 3831 illustrabat
3848 3818 3863 3840 ,

2279 3869 2578 3942 prarsertim
2608 3882 2730 3924 eum
2781 3867 3049 3923 indebitus
3094 3868 3267 3923 honor
3295 3867 3475 3937 potius
3521 3869 3867 3938 turpetinsi-

2277 3962 2533 4033 pientem,
2576 3958 2705 4013 dum
2760 3957 2987 4013 summis
3040 3956 3258 4012 sedibus
3307 3956 3643 4023 incl-arescit,
3694 3973 3863 4028 quam

2277 4051 2539 4116 decoret;
2589 4050 2717 4121 quia
2751 4049 2928 4104 minus
2965 4049 3083 4119 ejus
3106 4050 3342 4106 dedecus
3366 4049 3653 4120 patuisset,
3679 4052 3723 4104 si
3757 4067 3864 4105 non

2277 4142 2402 4198 altis
2438 4141 2828 4199 sublimaretur
2860 4139 3056 4196 officiis
3103 4157 3117 4193 :
3163 4130 3271 4212 quo
3320 4139 3468 4195 velut
3529 4144 3741 4195 struma
3784 4143 3867 4212 (ut

2275 4235 2492 4305 quidam
2518 4232 2624 4304 ait)
2653 4233 2706 4288 in
2728 4232 3015 4303 superﬁcie
3033 4233 3175 4288 cutis
3195 4233 3866 4302 eminetaunde-indignus

2273 4324 2530 4396 praelatus
2574 4324 2744 4380 videri
2794 4323 2985 4395 possit.
3019 4321 3125 4379 Sed
3156 4337 3321 4379 senes
3369 4331 3557 4379 noster
3598 4339 3725 4383 non.
3753 4332 3863 4378 tant

2206 4444 2249 4504 ο
2276 4417 2470 4473 alienis
2508 4432 2671 4488 quam
2707 4415 2943 4488 propriis
2987 4415 3303 4470 meritorum
3332 4414 3863 4487 honoribusuhique

2274 4511 2343 4565 ab
2371 4510 2621 4565 omnibus
2654 4516 2964 4574 veneratur,
3010 4507 3079 4563 ab
3114 4508 3366 4563 omnibus
3398 4507 3618 4561 interim
3666 4507 3864 4578 dignus

2275 4599 2479 4654 honore
2520 4604 2795 4654 censetur.
2826 4597 3210 4652 Verumtamen
3251 4597 3376 4667 quia
3428 4597 3761 4665 improbos,
3806 4608 3866 4650 ut

2273 4690 2407 4756 dixi,
2432 4688 2666 4759 dignitas
2702 4688 3028 4743 reverendos
3059 4687 3246 4759 nequit
3290 4685 3493 4752 facere,
3523 4686 3654 4740 dum
3688 4685 3864 4756 pluri-

2273 4780 2373 4836 bus
2407 4795 2501 4835 eos
2544 4786 2814 4842 ostentat,
2855 4777 2949 4833 sed
2997 4777 3411 4849 despectiores,
3453 4777 3564 4835 imo
3605 4777 3863 4847 indignos

2272 4868 2461 4924 eadem
2516 4867 2751 4938 dignitas
2818 4866 2965 4921 facit.
3029 4866 3296 4922 Caeterum
3351 4881 3538 4922 senem
3606 4875 3861 4922 nostrum

2269 4971 2417 5017 tanta
2453 4961 2736 5031 prmditum
2777 4962 3052 5031 dignitatis
3081 4961 3475 5032 magnificentia
3523 4961 3690 5017 fuisse
3726 4977 3863 5017 con-

2267 5061 2412 5118 stat,
2468 5061 2526 5106 ut
2562 5067 2667 5106 non
2714 5052 2886 5107 solum
2929 5067 3026 5123 per
3071 5052 3418 5108 sublimitatis
3457 5052 3662 5121 gradus
3687 5052 3869 5110 .illum.

2265 5145 2601 5216 contingeret
2624 5144 2793 5200 videri
2822 5145 3229 5210 honorandum,
3258 5146 3351 5201 sed
3380 5145 3507 5215 quia
3534 5146 3709 5200 multo
3734 5154 3869 5203 erat

2266 5233 2429 5288 fultus
2457 5233 2733 5299 consultu,
2757 5233 2961 5288 idcirco
2990 5234 3155 5289 etiam
3186 5233 3329 5288 inter
3369 5234 3582 5302 ignotos
3622 5234 3855 5291 nimium

2266 5325 2538 5380 videretur
2566 5323 2919 5380 honorabilis.

2338 5481 2367 5522 ι)
2394 5479 2755 5544 Atlalhardus,
2783 5474 2908 5534 dum
2939 5479 2993 5535 in
3019 5480 3107 5534 illa
3143 5480 3316 5536 insula
3355 5481 3661 5549 exsularet,
3686 5478 3856 5549 jussit

2268 5552 2497 5607 describi
2526 5551 2815 5606 Historiam
2844 5544 3383 5621 tripertitam,quali§
3411 5544 3856 5606 haetenusvinter

2268 5639 2396 5677 mss.
2434 5623 2652 5746 codice's
2683 5620 3027 5675 Bibliothecae
3054 5620 3398 5679 Corbeieusis
3435 5622 3577 5691 apud
3616 5639 3717 5679 nos
3767 5640 3854 5678 as-

2268 5702 2516 5746 servatur
2544 5709 2604 5746 su
2633 5712 2644 5744 ι
2671 5721 2682 5745 .

2267 5702 2516 5748 δριγίιιιιι
2544 5702 2644 5749 Silii
2671 5721 2682 5745 ι
