4122 6324
356 316 497 381 {535

431 388 435 393 1
692 430 1020 502 Applaudent
1065 439 1111 485 et
1157 430 1616 502 congratulantur.

418 540 514 599 ω.
553 540 673 610 Quo
722 541 924 596 factum
970 550 1055 597 est
1112 549 1191 605 ut,
1238 550 1461 613 peracto
1510 551 1773 612 tempore,
1807 556 1930 596 cum

351 644 569 688 summo
592 631 813 686 tandem
842 638 1194 687 revocaretur
1241 630 1521 700 obsequio,
1550 639 1610 684 ut
1647 630 1931 700 pristinam

352 722 624 793 reciperet
652 716 964 792 dignitatem
993 732 1051 785 ι,
1088 721 1288 791 passim
1337 720 1588 775 omnibus
1612 719 1934 775 exsultanti-

330 809 453 868 bus
481 820 536 866 et
575 810 1079 882 eongratulantibus
1107 825 1244 880 pene
1269 811 1500 866 eunetis.
1557 810 1711 866 Unde
1736 808 1934 864 laetitia:

347 916 510 957 voces
541 901 666 957 hinc
694 901 818 956 inde
861 900 928 954 ad
960 900 1377 970 etelunnusque
1413 901 1759 956 tollebantur.
1793 890 1933 956 Gra-

350 990 667 1046 tulabantur
718 991 1105 1045 monachorum
1165 990 1414 1047 emnobia
1439 1031 1455 1054 ,
1505 988 1800 1045 resultabat
1840 987 1934 1058 ju-

324 1081 628 1138 'cunditate
674 1082 852 1137 clerus
883 1081 1268 1148 ecclesiarum,
1308 1083 1453 1154 vulgi
1498 1098 1713 1154 quoque
1739 1083 1932 1155 gaudia

349 1172 549 1241 ubique
577 1172 826 1227 ridebant
848 1188 862 1237 ;
888 1170 1066 1226 factus
1086 1180 1168 1226 est
1197 1183 1381 1227 autem
1404 1187 1702 1226 concursus
1728 1170 1932 1241 populi,

348 1265 505 1333 quasi
545 1263 673 1319 siin
722 1264 999 1319 communi
1027 1264 1267 1319 omnium
1319 1264 1460 1320 festo
1509 1263 1629 1320 ρει)ιί
1663 1265 1934 1334 praeconio

349 1352 580 1426 insignis
605 1353 924 1409 redderetur

823 1463 1102 1520 Herwnses
1139 1465 1242 1520 soli
1276 1464 1471 1520 dolent.

324 1566 331 1571 ’
420 1575 510 1631 47.
534 1574 758 1631 Fratres
785 1583 966 1629 autem
1003 1591 1124 1630 eum
1152 1575 1359 1645 quibus
1391 1573 1609 1630 interim
1653 1573 1929 1645 degucrat,

349 1668 538 1722 audito
592 1681 703 1721 sua:
750 1665 1108 1737 regressionis
1159 1665 1286 1730 die,
1353 1671 1636 1735 coeperunt
1692 1662 1934 1734 profecto

1559 312 1671 370 DE‘
1686 312 1845 370 VlTA
1887 313 1946 368 S.
1990 314 2026 369 Α
2039 313 2260 369 DALHA
2272 313 2408 370 llDl.

1962 434 2007 492 Λ
2038 430 2283 499 pervenit
2308 431 2376 485 ad
2399 428 2657 500 palatium
2690 446 2705 484 ι
2735 428 2826 484 ubi
2845 434 3103 499 suscepto.
3137 443 3208 485 eo
3247 427 3532 484 ambitiose
3551 432 3621 486 ab

3479 310 3621 368 l53l

2035 520 2307 586 omnibus,
2330 520 2614 590 quaesitum
2638 527 2723 576 est
2769 518 3040 590 quomodo
3069 519 3117 574 ei
3163 518 3431 576 celsitudo
3473 520 3618 592 regia

2034 610 2391 677 satisfaceret,
2448 610 2574 681 quia
2627 610 2893 666 timebant
2943 625 3042 681 pro
3094 609 3228 665 tanti
3277 609 3377 665 viri
3425 608 3622 683 injuria

2035 700 2274 756 futurum
2325 701 2616 758 discrimen
2675 701 2975 756 incurrere.
3026 699 3180 756 Tunc
3217 701 3413 757 beatus
3455 699 3622 757 senex'

2036 791 2223 849 videns
2275 793 2481 862 pudore
2518 790 2684 846 animi
2723 790 2850 845 talia
2886 790 3211 847 meditantes
3236 829 3253 856 ,
3299 793 3510 860 proruit
3551 791 3622 846 ad

2035 883 2297 948 medium,
2321 891 2374 939 et
2399 882 2761 939 verecundam
2780 882 2924 955 regis
2942 891 3177 938 mentem
3197 881 3406 938 blandis
3432 882 3624 938 delini-

2035 970 2114 1026 vit
2150 971 2419 1028 affatibus.
2450 971 2732 1028 Persuasit
2755 980 2937 1026 autem
2961 972 3038 1026 nil
3067 987 3191 1027 eum
3216 973 3282 1027 de
3311 972 3622 1043 huiusmodi

2037 1061 2182 1118 facto
2232 1064 2289 1119 iu
2334 1064 2517 1119 animo
2547 1063 2824 1130 retinere,
2850 1063 2945 1119 sed
2985 1063 3167 1119 omnia
3200 1078 3258 1120 se
3295 1064 3388 1121 Dei
3419 1063 3624 1135 judicio

2036 1153 2299 1223 deputare
2336 1153 2559 1210 debere.
2618 1198 2623 1205 ι

2464 1282 2707 1341 Caenobio
2744 1302 2839 1340 suo
2881 1286 3194 1341 restituitur.

2105 1393 2197 1451 l9.
2238 1394 2447 1451 Interea
2483 1403 2620 1462 tum,
2663 1397 2855 1452 eodem
2901 1405 3127 1468 cogente
3175 1412 3440 1469 principe,
3473 1413 3624 1453 com-

2037 1484 2254 1555 pellitur
2281 1486 2527 1556 recipere
2553 1501 2712 1542 suum
2744 1495 2950 1543 sancta:
2978 1486 3101 1542 vitae
3135 1487 3442 1543 emnobium
3472 1485 3623 1558 llagi-

2039 1577 2281 1632 tantibus
2308 1575 2436 1633 liliis
2464 1576 2599 1643 suis,
2632 1584 2691 1630 ut
2726 1590 2850 1631 eum
2881 1576 3072 1632 saltem
3102 1592 3424 1648 quocunque
3461 1577 3624 1632 modo

2037 1667 2283 1737 recipere
2327 1666 2673 1723 meruissent.
2697 1665 2781 1722 Ad
2830 1680 2967 1736 quos
3008 1681 3131 1722 cum
3174 1667 3489 1723 advenisset
3530 1666 3623 1721 diu

348 1752 666 1811 contristari
692 1761 747 1809 et
790 1753 969 1809 moesti
1012 1767 1132 1808 esse
1152 1793 1167 1817 ,
1200 1760 1362 1822 atque
1391 1751 1788 1822 quodammodo
1817 1766 1927 1822 gra-

2039 1760 2400 1826 desideratus,
2431 1768 2490 1815 ut
2525 1759 2630 1831 piis
2662 1773 2850 1814 eorum
2876 1757 3329 1827 complecteretur
3346 1757 3457 1830 jam
3479 1757 3623 1828 jam-

350 1846 508 1902 tulari
534 1864 547 1899 :
574 1854 872 1915 contraque
916 1860 1026 1916 prae
1074 1845 1242 1899 nimio
1282 1858 1469 1899 amore
1512 1843 1712 1915 ingenti
1745 1845 1933 1900 animo

348 1935 743 2009 laerymabant,
768 1934 1119 2008 lacrymaudo
1147 1948 1363 2005 quoque
1392 1933 1481 1988 vix
1510 1949 1632 1989 eum
1660 1933 1935 1989 dimittere

347 2030 705 2099 cogebantur.
754 2027 900 2083 inter
926 2043 1062 2097 quos
1088 2029 1286 2083 virtute
1326 2026 1652 2084 venerabilis
1689 2027 1935 2099 Ragnar-

345 2120 469 2186 dus,
502 2121 594 2192 qui
636 2129 824 2192 postea
846 2121 1014 2176 abbas
1044 2120 1073 2160 b
1103 2120 1339 2191 eligitur,
1369 2121 1642 2190 praecipuo
1686 2119 1933 2177 fervebat

348 2212 553 2267 tuentis
577 2211 792 2282 spiritu,
822 2210 956 2266 flens
984 2225 1218 2266 mcerore
1241 2211 1431 2277 animi,
1447 2219 1501 2266 ct
1526 2210 1701 2266 flendo
1720 2227 1934 2284 quoque

345 2303 649 2360 lzetabatur.
672 2300 1000 2360 'Lsetabatur
1022 2303 1261 2374 quidem.
1287 2303 1413 2374 quia
1444 2304 1695 2359 veritatis
1723 2314 1936 2360 amator

344 2394 523 2451 locum
555 2396 729 2451 taxati
758 2395 939 2452 meriti
988 2396 1310 2467 recepisset;
1366 2396 1459 2452 sed
1508 2394 1727 2452 dolebat
1774 2396 1933 2453 valde

324 2478 490 2557 quod
526 2488 663 2543 tanti
695 2487 796 2543 viri
824 2489 1111 2558 praesentia
1153 2487 1493 2558 privabatur.
1527 2485 1681 2545 Unde
1725 2487 1929 2547 factum

344 2586 538 2643 estut,
584 2594 710 2634 cum
755 2578 878 2649 pius
922 2578 1017 2634 Dei
1047 2578 1223 2635 cultor
1243 2577 1357 2647 jam
1397 2576 1618 2651 jamque
1671 2579 1797 2635 inde
1837 2581 1925 2638 ab-

344 2668 474 2734 iret,
520 2676 579 2724 et
615 2683 807 2725 omnes
833 2667 1033 2725 fratres
1088 2670 1302 2726 ardenti
1348 2662 1531 2725 animo
1566 2670 1685 2741 ejus
1704 2672 1930 2742 vestigia

343 2774 674 2831 gressusque
729 2761 1024 2837 osculando
1088 2761 1345 2833 lacrymis
1397 2762 1721 2827 abluerent,
1773 2764 1933 2833 eique

342 2849 731 2917 valedicerent,
775 2850 1035 2923 praefatus
1060 2851 1143 2906 vir
1186 2852 1283 2908 Dei
1308 2852 1454 2908 domi
1485 2852 1624 2908 infra
1669 2852 1935 2925 lacryma-

342 2955 468 2995 rum
531 2940 780 2998 cubicula
835 2957 957 2999 sese
1014 2942 1326 3014 reciperet,
1372 2958 1440 2999 ne
1493 2942 1928 3015 proficiscentem

341 3029 572 3097 videret,
602 3045 762 3105 quem
805 3031 1089 3102 plusquam
1138 3047 1197 3089 se
1232 3048 1453 3089 manere
1502 3048 1687 3090 secum
1737 3034 1926 3098 vellet,

2038 1863 2145 1918 que
2170 1849 2530 1921 amplexibus,
2558 1849 2793 1904 vexabat
2811 1863 2940 1904 eum
2963 1849 3155 1904 salutis
3185 1849 3401 1904 inimica
3430 1847 3619 1912 febris.

2037 1942 2113 1997 ita
2156 1950 2215 1996 ut
2264 1939 2462 2011 gemini
2504 1938 2735 1995 allectus
2776 1938 3110 2009 singulorum
3151 1939 3363 1994 animos
3404 1940 3619 1994 saucia-

2037 2041 2179 2089 rent.
2212 2030 2493 2103 Pugnabat
2536 2030 2801 2099 siquidem
2851 2029 2904 2083 in
2952 2028 3180 2098 singulis
3224 2042 3427 2083 mceror
3466 2044 3622 2085 eom-

2034 2124 2304 2197 passionis
2332 2132 2386 2178 et
2411 2121 2612 2177 laetitias
2634 2119 2839 2186 fervor,
2892 2135 2959 2176 eo
2987 2120 3129 2190 quod
3167 2118 3418 2175 viderent
3446 2136 3617 2185 mem-

2036 2218 2132 2272 bra
2179 2214 2489 2272 eharissimi
2534 2214 2641 2269 viri
2686 2212 2985 2269 saevissime
3030 2212 3248 2277 laniari,
3274 2226 3375 2282 pro
3415 2227 3523 2281 quo
3556 2212 3621 2268 li-

2034 2306 2183 2363 benti
2230 2306 2413 2361 animo
2465 2305 2632 2361 etiam
2675 2306 2801 2358 vita:
2847 2319 3011 2374 quam
3064 2303 3241 2359 fortes
3274 2302 3616 2373 dispendium

2033 2397 2385 2453 sustinerent.
2417 2395 2682 2451 Vincebat
2709 2402 2893 2449 autem
2924 2408 3113 2449 omnes
3143 2408 3285 2447 nunc
3306 2391 3619 2461 iucundita-

2036 2492 2105 2546 tis
2147 2489 2485 2562 magnitudo,
2534 2504 2681 2543 nunc
2732 2488 3097 2559 lacrymarum
3146 2486 3380 2552 ell‘usio;
3427 2494 3484 2540 et
3519 2500 3618 2541 ex-

2035 2581 2293 2637 tollebant
2338 2579 2499 2636 simul
2559 2578 2763 2635 mistim
2823 2593 2995 2647 usque
3045 2577 3115 2633 ad
3174 2576 3371 2633 ctelum
3420 2576 3621 2631 laetitia:

2035 2673 2242 2739 laudes,
2272 2680 2332 2728 ut
2376 2675 2432 2727 in
2484 2686 2551 2727 eo
2600 2669 2889 2726 Dominum
2934 2668 3066 2724 illuc
3107 2668 3391 2723 advenisse
3440 2666 3618 2722 nullus

2033 2763 2361 2832 ambigeret,
2407 2761 2496 2817 cui
2544 2761 2618 2816 ita
2648 2768 2919 2831 suscepto
2971 2759 3048 2814 ita
3096 2757 3614 2829 congratulabantur

2032 2871 2225 2913 omnes
2255 2872 2271 2924 ;
2302 2856 2551 2926 idemque
2576 2854 2808 2925 benigne
2835 2852 3103 2909 allocutus
3130 2860 3214 2908 est
3237 2850 3542 2907 universos.
3568 2882 3574 2891 -

2469 2985 2538 3041 In
2573 2983 2833 3056 palatium
2875 2992 3170 3038 revocatur.

322 3129 446 3195 'pro
469 3137 580 3193 quo
609 3124 743 3179 mori
776 3125 941 3180 etiam
968 3124 1153 3197 procul
1176 3125 1337 3181 dubio
1361 3135 1583 3198 paratus
1625 3135 1789 3184 esset.
1821 3127 1929 3184 Sed
1956 3156 2002 3220 Ο
2028 3202 2037 3211 ι
2068 3212 2080 3220 ⁸
2106 3119 2196 3176 50.
2378 3132 2503 3220 eum
2526 3116 2762 3220 ibidem.
2778 3114 3169 3220 aliquantisper
3200 3111 3428 3220 disiciter
3454 3110 3614 3220 quia.-

343 3228 469 3269 cum
497 3228 662 3270 senex
700 3229 824 3270 eum
852 3216 1078 3270 multum
1107 3215 1307 3287 diuque
1353 3218 1716 3291 exspectando
1745 3219 1925 3286 requi-

345 3311 514 3369 reret,
542 3303 792 3361 inventus
814 3314 897 3363 est
927 3306 980 3360 in
1012 3308 1244 3377 quodam
1273 3307 1619 3365 obscuritatis
1642 3310 1762 3365 loco
1787 3308 1928 3366 tiens

341 3406 401 3453 et
438 3397 690 3468 ejulans,
743 3398 1021 3468 multaque
1075 3400 1296 3455 trahens
1347 3401 1604 3471 suspiria.
1648 3402 1751 3470 Qui
1801 3417 1923 3457 eum

339 3494 564 3543 vocatus
613 3494 758 3541 esset
805 3495 865 3542 ut
921 3488 1035 3542 seni
1088 3488 1450 3555 valediceret,
1512 3489 1709 3561 illeque
1760 3490 1930 3547 nollet

323 3571 524 3644 ’exire,
553 3586 803 3648 precatus
829 3586 912 3632 est
934 3577 1299 3634 internuntios
1341 3596 1409 3635 ne
1458 3595 1582 3635 eum
1611 3579 1684 3636 ibi
1710 3596 1930 3653 [uoran-

339 3676 450 3722 tem
477 3668 809 3739 detegerent.
844 3666 998 3734 Quod
1046 3668 1272 3723 audiens
1310 3670 1550 3725 Charitas
1586 3671 1764 3727 sancti
1794 3670 1922 3738 viri,

337 3762 643 3834 regreditur
685 3761 798 3833 jam
854 3761 923 3817 de
969 3762 1136 3826 navi,
1195 3776 1262 3816 ue
1319 3762 1542 3818 fratrem
1591 3778 1750 3833 quem
1798 3778 1926 3818 san-

339 3861 489 3908 etum
540 3863 787 3918 noverat,
848 3850 1237 3908 inoseulantem
1312 3852 1608 3909 omitteret.
1663 3852 1928 3909 Veniente

340 3953 521 3999 autem
549 3942 616 3998 ad
644 3956 768 3998 eum
795 3951 985 3999 sancto
1009 3958 1153 4005 sene,
1184 3942 1351 4011 empit
1394 3942 1537 3997 idem
1586 3943 1795 4013 magnis
1832 3958 1928 3998 vo-

336 4033 496 4090 cibus
529 4033 823 4089 inclamare
842 4049 911 4088 ac
943 4034 1123 4088 dicere
1154 4050 1167 4086 :
1198 4031 1336 4099 Quid
1370 4032 1459 4087 hic
1497 4032 1759 4102 quzesisti.
1795 4032 1923 4087 felix

338 4124 539 4179 Pater?
587 4125 670 4180 vel
709 4141 809 4181 cur
858 4136 911 4181 te
957 4124 1085 4181 mihi
1143 4140 1285 4179 nunc
1331 4125 1619 4179 ostendere
1667 4124 1924 4180 voluisti?

339 4213 577 4281 Testem,
611 4215 805 4286 inquit,
852 4217 1019 4271 Deum
1075 4215 1276 4280 habeo,
1319 4215 1443 4285 quia
1477 4200 1691 4269 mallem
1744 4222 1795 4271 te
1836 4214 1927 4271 bic

337 4311 614 4358 mortuum
666 4303 930 4372 sepelire,
980 4320 1144 4374 quam
1196 4319 1283 4358 me
1331 4304 1522 4359 relicto
1569 4303 1695 4358 hinc
1743 4304 1923 4358 vivum

334 4394 558 4451 habere.
586 4392 743 4449 Tunc
780 4409 972 4451 omnes
1001 4394 1198 4450 fratres
1228 4404 1285 4449 et
1332 4393 1516 4448 famuli
1555 4394 1764 4465 magnis
1801 4409 1923 4449 euut

2031 3203 2237 3278 visset,
2287 3208 2573 3266 cbaritatis
2625 3207 2821 3264 ollicio.
2858 3206 3226 3278 jucundatus,
3277 3204 3471 3258 iterum
3541 3203 3612 3259 ab

2029 3306 2276 3376 Angusto
2301 3302 2589 3374 gloriosius
2610 3299 2937 3365 accersitur,
2963 3306 3020 3353 et
3052 3296 3191 3352 redit
3212 3296 3280 3349 ad
3308 3294 3567 3365 palatium
3599 3335 3612 3348 .

2032 3396 2121 3452 ubi
2157 3410 2281 3452 cum
2307 3392 2606 3456 introisset,
2634 3389 2781 3446 velut
2822 3389 3040 3460 quidam
3082 3387 3181 3452 ait,
3221 3386 3483 3441 virtutum
3527 3399 3615 3439 ra-

2028 3491 2134 3546 diis
2182 3489 2499 3553 illustratus,
2534 3486 2662 3556 quia
2713 3485 2861 3539 venit
2894 3482 3071 3547 Titan,
3106 3486 3448 3535 marcescunt
3471 3478 3612 3533 side-

2031 3598 2113 3637 ra.
2141 3580 2409 3651 Apparuit
2448 3586 2628 3633 autem
2672 3575 2818 3631 illico
2864 3572 3061 3628 nudata
3113 3569 3456 3640 insipientia,
3496 3583 3617 3638 qua:

2032 3673 2314 3745 tegebatur
2343 3669 2506 3742 pallio
2535 3666 2804 3740 caliginis,
2847 3674 2903 3720 et
2952 3662 3128 3718 factus
3169 3671 3253 3716 est
3299 3669 3486 3729 stupor
3526 3658 3613 3712 ui-

2029 3765 2191 3828 mius,
2217 3761 2338 3833 quis
2373 3769 2621 3816 senatum
2649 3755 2831 3828 populi
2864 3754 2930 3809 ad
2978 3761 3182 3807 tantam
3225 3750 3481 3821 ineptiam
3513 3749 3608 3803 de-

2029 3854 2289 3910 duxisset.
2314 3850 2416 3920 Qui
2444 3857 2721 3920 comperto
2738 3862 2845 3902 non
2868 3860 3058 3916 parum
3100 3857 3196 3899 eos
3224 3841 3369 3915 [al.,‘
3401 3839 3483 3913 se]
3528 3841 3614 3895 in-

2028 3944 2169 4000 vidia
2216 3942 2385 3999 fuisse
2452 3941 2698 4003 delusos,
2752 3939 3021 3994 duxerunt
3075 3936 3129 3990 in
3178 3935 3423 3999 irritum,
3473 3948 3613 4003 pene

2027 4035 2286 4106 quidquid
2330 4049 2428 4104 per
2471 4032 2575 4087 hoc
2619 4039 2850 4099 tempus,
2884 4035 2945 4082 ut
2975 4027 3055 4083 eis
3097 4025 3271 4081 visum
3316 4034 3420 4087 est,
3452 4034 3615 4094 argu-
3712 4048 3719 4053 -

2029 4136 2272 4183 mentose
2311 4131 2696 4191 tractaverant.
2723 4118 2966 4176 Solvitur
3006 4119 3195 4188 itaque
3230 4129 3374 4171 sazva
3418 4113 3617 4169 multo-

2028 4234 2148 4274 rum
2178 4216 2465 4288 captivitas
2494 4228 2707 4280 eorum,
2749 4212 2985 4267 maxime
3019 4209 3112 4281 qui
3150 4224 3218 4264 ex
3259 4207 3413 4279 regio
3446 4205 3615 4278 polle—

2028 4315 2158 4370 bant
2188 4312 2418 4368 semine.
2458 4308 2724 4365 Redditur
2763 4322 2891 4377 ergo
2934 4306 2988 4360 in
3031 4306 3138 4360 uno
3180 4302 3405 4358 libertas
3441 4300 3616 4356 omni-

2028 4405 2152 4466 bus,
2183 4414 2507 4474 quocunque
2552 4400 2607 4452 in
2652 4398 2770 4453 loco
2807 4403 3137 4459 tenerentur,
3170 4393 3273 4447 nisi
3315 4407 3452 4461 quos
3498 4391 3609 4445 vita

292 4504 295 4505 ν
334 4492 738 4557 prosequuntur
779 4483 1040 4551 ﬂetibus;
1089 4485 1337 4540 levantur
1382 4485 1499 4540 vela
1555 4484 1795 4548 tandem,
1844 4497 1927 4537 re-
1958 4512 2003 4571 υ
2027 4498 2179 4566 prius
2221 4509 2369 4548 mors
2411 4492 2669 4563 privarm,
2700 4488 2836 4543 Tum
2868 4485 3062 4542 deinde
3101 4485 3458 4556 quorumdam
3498 4491 3616 4536 ιοη-

336 4574 499 4645 migia
524 4574 905 4646 impelluntur;
927 4575 1055 4629 dant
1081 4589 1269 4629 omnes
1299 4575 1579 4644 gemitum,
1601 4583 1657 4626 et
1681 4572 1747 4626 ad
1773 4573 1925 4627 littus

334 4680 402 4720 eo
432 4680 602 4735 usque
631 4668 971 4737 exspectant,
1015 4664 1250 4735 quandiu
1282 4679 1404 4718 eum
1450 4672 1672 4734 possent
1707 4664 1925 4734 conspi-

334 4768 493 4823 cere;
528 4753 773 4811 fervebat
802 4770 928 4810 vero
957 4753 1009 4808 in
1054 4754 1135 4809 eis
1177 4769 1317 4808 unus
1341 4753 1566 4824 spiritus
1596 4752 1818 4818 amoris,
1863 4762 1919 4807 et

336 4845 459 4902 ideo
481 4862 590 4902 non
621 4860 679 4902 se
716 4853 969 4917 poterant
1003 4843 1301 4901 continere.

673 4953 991 5027 Imperatori
1025 4952 1192 5025 parcit
1231 4951 1309 5005 vir
1339 4959 1569 5005 sanctus.

405 5057 499 5114 48.
539 5057 637 5115 llle
675 5072 806 5113 vero
857 5054 1053 5111 solutis
1091 5052 1276 5109 carnis
1318 5050 1562 5122 quidem,
1609 5065 1712 5104 non
1743 5048 1926 5105 cordis

334 5153 670 5226 aspectibus,
695 5152 854 5223 longa
880 5148 1127 5219 corporis
1152 5154 1464 5200 attenuatus
1484 5142 1674 5205 macie,
1705 5143 1923 5198 tandem

419 5329 446 5358 ⁸
490 5315 652 5372 Istius
705 5308 1067 5369 restitutionis
1114 5307 1412 5363 meminere
1473 5302 1816 5376 Eginbardus
1867 5310 1923 5356 et

334 5389 569 5459 scriptor
594 5384 730 5441 Vitae
775 5380 1029 5439 Ludovici
1068 5378 1151 5434 Pii
1184 5377 1251 5433 ad
1291 5391 1493 5431 annum
1524 5373 1636 5431 ’821
1689 5386 1798 5440 quo
1826 5386 1917 5426 ac-

335 5460 489 5514 (‘ltllh
1140 5520 1167 5521 η
1300 5520 1305 5521 γ
1603 5514 1615 5521 _
1759 5510 1772 5521 _
1855 5510 1885 5521 Α,

412 5510 439 5569 5
469 5510 526 5583 Si
552 5523 829 5587 Heriensis
859 5520 1184 5595 monasterii
1202 5520 1438 5595 omissus
1477 5523 1562 5595 est
1601 5514 1654 5595 in
1687 5510 1918 5595 vulgatis

336 5581 592 5655 abbatum
616 5581 964 5667 illerit'msium
982 5590 1293 5667 indicibus,
1332 5586 1608 5667 locandus
1632 5581 1797 5667 inter
1820 5581 1919 5667 Ar-

338 5654 566 5731 milfum,
611 5666 699 5736 qui
750 5673 861 5718 tum
909 5662 1077 5736 abbas
1126 5654 1740 5736 erat_.e_t__l-leriboldum
1761 5666 1916 5736 Equo

334 5741 529 5796 abbate
555 5723 709 5791 facta
750 5739 833 5786 est
860 5725 1103 5798 corporis
1132 5723 1307 5783 sancti
1332 5726 1575 5783 Filibcrti
1607 5723 1917 5794 translatio.

2031 4603 2156 4643 sura
2188 4594 2407 4656 propter
2441 4581 2637 4636 furoris
2678 4578 2941 4635 saevitiam
2987 4577 3134 4632 illata
3181 4574 3396 4632 transiit
3425 4573 3492 4627 ad
3520 4587 3612 4628 eo-

2031 4694 2239 4743 mnam,
2298 4684 2353 4731 et
2400 4673 2532 4729 dant
2580 4671 2693 4727 Deo
2756 4678 2952 4741 sponte
3009 4667 3152 4740 quod
3204 4666 3403 4721 dudum
3456 4664 3612 4721 inviti

2029 4772 2181 4845 quasi
2216 4771 2281 4826 ad
2308 4766 2658 4840 ignominiam
2687 4772 3061 4836 susceperant.

2136 4901 2431 4975 Imperator
2463 4898 2667 4971 publice
2694 4913 2812 4952 cum
2839 4896 2956 4951 aliis
2983 4896 3336 4965 paenitentiam
3370 4892 3501 4963 agit.

2098 5039 2184 5092 51.
2230 5036 2367 5105 Qui-.l
2407 5033 2592 5105 plura?
2632 5033 2746 5104 ipse
2784 5030 3050 5101 gloriosus
3098 5028 3392 5096 imperator
3435 5021 3613 5093 publio

2027 5150 2145 5192 eam
2173 5147 2240 5188 ex
2271 5129 2539 5186 nonnullis
2566 5129 2680 5183 suis
2708 5125 2945 5181 rentibus
2980 5120 3360 5192 paenitentiam
3385 5128 3406 5156 ε
3438 5115 3611 5172 susci-

2024 5288 2436 5364 cujusiltistoria
2465 5287 2517 5342 in
2558 5282 3016 5364 consequentibus
3037 5277 3418 5364 referenda.

2098 5347 2120 5401 ἒ
2161 5362 2366 5430 Nempe
2404 5360 2455 5430 in
2490 5347 2758 5430 conventu
2797 5352 3051 5430 Attiniaei
3097 5347 3420 5430 liabito,“ttbi
3465 5351 3609 5430 teste

2022 5415 2351 5506 Eginbardo,
2380 5428 2549 5506 dejis
2577 5442 2693 5496 qua:
2722 5420 3251 5506 erga_Bentlt.ardum.

2021 5486 2228 5569 Bitias
2259 5486 2722 5569 Pippini,__tt_ecnon
2745 5486 2800 5548 εἱ
2821 5493 2960 5547 circa
2986 5486 3342 5569 Adet/tardum
3367 5486 3606 5540 abbatem

2021 5556 2067 5629 et
2095 5556 2463 5644 fratrem'ejus
2484 5556 2803 5644 Wataclium
2828 5574 2977 5642 gesta
3002 5570 3158 5644 sani,
3195 5556 3455 5644 pub‘licqut
3484 5571 3608 5644 qau-

2024 5624 2468 5713 fesisionemfe'cit,
2498 5646 2544 5690 et
2571 5624 2926 5705 paenitentiam
2954 5624 3253 5713 egit.ﬁl:e‘ge
3282 5627 3470 5713 ﬁliani

2025 5694 2338 5779 iiéiiéifrii'
2366 5709 2434 5765 ad
2456 5694 2584 5771 cum
2619 5720 2841 5772 annum,
2873 5694 3064 5772 nempe
3088 5694 3218 5768 822;
3246 5704 3302 5756 et
3333 5694 3609 5769 Agobardi
