4122 6324
572 301 710 356 1535

1361 291 1419 347 S.
1461 287 1815 346 PASCHASII
1855 285 2198 344 RADBERTI
2236 283 2460 342 ABBAT
2463 288 2526 345 IS
2562 289 3011 346 CORBEIENSZS

3701 295 3841 353 £556

569 416 745 486 piens,
777 411 950 466 factus
987 416 1071 463 est
1098 404 1336 461 omnium
1381 401 1732 464 humillimus,
1761 401 1850 472 qui
1880 400 2030 470 quasi
2065 413 2147 455 re-
2177 404 2223 462 Α
2253 399 2342 455 ille
2367 402 2449 456 sui
2485 401 2804 457 videbatur?
2825 401 3024 458 Fateor
3049 417 3208 473 p.ane
3245 418 3388 473 quoo
3423 420 3700 478 nunquam
3733 409 3837 464 nisi

523 495 549 576 ελ
571 505 674 576 gali
699 503 936 559 elatione
958 500 1060 555 sibi
1091 498 1358 570 pessimus
1381 510 1671 567 persuasor
1693 495 1867 548 fuerat
1897 513 1908 547 :
1937 503 1995 548 ut
2016 509 2148 563 quo-

525 563 691 664 {rum
719 595 857 651 oculi
889 563 1222 648 offenderant
1257 589 1309 644 in
1355 563 1572 651 delicto,
1601 585 1973 641 satisfactione
2004 585 2149 655 regia

530 690 543 704 '
573 695 928 749 sanarentur;
964 680 1259 752 prtesertim
1287 680 1428 748 quod
1461 677 1576 748 ejus
1604 677 1742 730 velle
1772 684 1996 731 cunctos
2025 690 2152 728 con-

572 783 830 843 sidcrare,
859 776 1081 846 ejusque
1127 772 1266 828 nolle
1306 771 1619 841 conspicere
1660 767 2004 824 manifestum
2043 783 2150 820 non

571 871 886 942 ambigitur.
919 868 1026 923 Sed
1074 865 1177 922 nisi
1229 878 1478 920 reversus
1515 871 1660 916 esset
1697 860 1941 915 veritatis
1969 873 2150 914 asser-

575 976 680 1027 tor,
714 964 919 1018 interea
960 960 1180 1015 tninime
1223 957 1514 1028 paruisset,
1556 970 1662 1026 quo
1702 954 1996 1024 lethargieo
2044 952 2154 1023 spi-

572 1057 682 1111 ritu
709 1062 1103 1124 premerentur.
1133 1050 1289 1105 Unde
1327 1047 1492 1102 etiam
1530 1055 1738 1100 matura
1771 1055 2020 1128 senectus
2044 1059 2151 1098 ca:-

573 1146 756 1200 citatis
779 1159 968 1199 eorum
996 1141 1188 1194 vulnus
1219 1137 1420 1194 salubri
1446 1135 1643 1191 Christi
1675 1135 1915 1190 antidoto
1949 1133 2151 1188 mederi

574 1235 950 1314 persuadendo
977 1231 1222 1287 curabat.

1001 1343 1185 1399 Status
1213 1342 1354 1412 regni
1382 1341 1717 1410 reformatur.

645 1460 735 1515 52.
776 1459 852 1512 Ac
899 1456 1093 1511 deinde
1144 1455 1347 1510 studuit
1389 1463 1448 1509 ut
1487 1453 1712 1524 justitia:
1757 1452 1930 1508 virtus
1966 1459 2022 1506 et
2065 1466 2154 1505 sa-

575 1551 793 1623 pientiae
823 1565 950 1605 suas
985 1550 1288 1618 reciperent
1327 1547 1504 1612 sedes,
1537 1553 1598 1600 ut
1634 1545 2002 1614 unusquisque
2031 1557 2149 1598 ser-

575 1647 728 1694 varet
757 1639 857 1694 sibi
893 1639 1239 1693 commissum
1271 1635 1567 1707 negotium,
1598 1644 1654 1690 et
1682 1651 1778 1690 sua
1819 1635 2015 1704 cuique
2046 1633 2152 1688 lar-

574 1732 817 1801 girentur
835 1728 980 1798 jura.
1011 1728 1179 1782 Porro
1222 1727 1491 1781 novitates
1523 1740 1713 1780 vocum
1749 1733 1804 1780 et
1835 1723 2150 1816 temerarias
2180 1751 2226 1811 B

569 1823 723 1891 juxta
769 1820 1083 1891 Apostolum
1128 1818 1604 1888 prmsnmptiones,
1650 1816 1796 1872 velut
1845 1824 2048 1886 pestem
2096 1815 2149 1869 in

573 1913 824 1966 omnibus
865 1909 1193 1979 reprimebat
1227 1908 1273 1978 (ι
1321 1909 1455 1962 Tim.
1486 1909 1580 1978 vi).
1617 1908 1788 1962 Omne
1826 1907 1987 1977 igitur
2010 1907 2152 1976 quod

578 2003 633 2055 in
661 2002 780 2071 lege
805 2001 1089 2054 charitalis
1125 2014 1230 2054 non
1280 1997 1572 2053 invenisset
1609 1997 1885 2052 inimicum
1919 1997 2151 2052 astima-

574 2091 668 2144 hat
710 2091 838 2152 Deo,
866 2099 922 2143 et
948 2088 1091 2142 velut
1129 2102 1393 2143 venenum
1422 2087 1758 2158 repudiabat.
1794 2087 2036 2156 Cumque
2067 2087 2150 2139 liis

573 2189 630 2234 et
673 2179 977 2249 hujusmodi
1008 2177 1294 2247 praeconiis
1326 2177 1475 2232 velut
1512 2192 1702 2232 aurum
1742 2177 2024 2246 probatum
2054 2191 2152 2246 per

576 2268 780 2338 ignem,
817 2268 1014 2323 clarius
1041 2267 1359 2334 enituisset,
1385 2266 1561 2322 factus
1584 2275 1671 2321 est
1706 2267 1956 2321 omnibus
1988 2266 2152 2320 decu-

571 2359 663 2429 plo
684 2359 1018 2425 honoratior,
1045 2360 1116 2414 ita
1143 2369 1202 2414 ut
1224 2373 1319 2414 ore
1341 2358 1582 2414 onmium
1610 2358 1826 2429 egregie
1850 2367 2147 2413 resonaret.

572 2451 1014 2522 Amplectebatur
1041 2461 1220 2506 autem
1248 2459 1566 2506 cunctorum
1599 2451 1874 2516 manibus,
1906 2459 1962 2506 et
1996 2453 2149 2521 quasi

572 2550 728 2614 pater
771 2545 837 2598 ab
882 2543 1132 2599 omnibus
1176 2543 1479 2608 colebatur;
1523 2551 1746 2612 eratque
1790 2541 2147 2598 Ecclesiarum

572 2635 848 2704 magistris
875 2647 902 2676 α
945 2635 1091 2688 velut
1135 2635 1439 2690 humilitate
1484 2634 1646 2700 filius,
1674 2635 1898 2691 consilio
1929 2651 2055 2690 vero
2096 2645 2151 2690 et

571 2728 858 2798 prudentia
907 2727 1060 2798 quasi
1111 2727 1398 2782 subvector
1451 2727 1702 2798 inclytus.
1753 2727 1856 2794 Qui
1903 2743 2028 2783 cum
2073 2728 2146 2782 ita

572 2825 846 2887 satageret
869 2817 1191 2883 indefessus,
1213 2827 1272 2872 ut
1299 2818 1524 2888 perfecti
1560 2834 1749 2874 omnes
1779 2828 1834 2873 et
1863 2818 1973 2875 Deo
2001 2820 2150 2890 digni
2199 2812 2202 2816 ’

572 2908 976 2973 invenirentur,
1024 2908 1236 2963 videtur
1273 2909 1488 2964 demum
1531 2925 1701 2964 novus
1734 2911 1942 2966 renasci
1972 2910 2146 2965 Fran-

571 3012 761 3053 corum
787 2999 941 3063 ordo,
964 3008 1020 3054 et
1057 3013 1252 3052 aurora
1293 2998 1516 3069 justitia:
1555 3001 1708 3069 quasi
1755 3001 1824 3055 ab
1868 3010 1989 3056 ortu
2029 3018 2147 3056 sur-

571 3103 724 3160 gere.
755 3087 989 3144 Siluerat
1033 3089 1175 3144 enim
1212 3088 1323 3157 jam
1366 3105 1433 3144 ex
1477 3099 1630 3160 parte
1672 3099 1902 3145 stratum
1949 3091 2148 3147 furoris

569 3195 771 3252 aequor,
805 3189 863 3235 et
887 3197 976 3235 ver
991 3182 1090 3235 tosi
1120 3181 1444 3246 ceciderant,
1472 3191 1530 3236 ut
1567 3179 1823 3253 Virgilius
1871 3184 1966 3248 ait,
1997 3200 2143 3238 mur-

569 3273 740 3327 muris
765 3288 910 3327 aurae
941 3272 1079 3345 (Ecl.
1109 3273 1185 3343 9).
1211 3272 1490 3340 Redierat,
1512 3282 1571 3327 ut
1600 3274 1740 3329 idem
1770 3275 1962 3345 inquit,
1995 3277 2146 3347 virgo

568 3366 834 3436 cupidinis
861 3365 928 3438 (si
961 3381 1149 3436 parum
1192 3366 1352 3421 liceat
1397 3367 1732 3435 immutari);
1787 3368 2058 3422 redierant
2091 3376 2146 3423 et

529 3523 532 3526 ξ
569 3456 825 3511 Saturnia
857 3455 980 3528 [at.,
1012 3456 1332 3529 tyrannidis]
1363 3473 1548 3528 regna,
1574 3459 1699 3528 quia
1736 3461 2022 3530 progenies
2050 3462 2145 3516 bo-

565 3563 651 3602 nte
677 3549 872 3603 mentis
896 3546 1006 3617 jam
1031 3549 1184 3619 quasi
1209 3549 1347 3604 cmlo
1377 3548 1657 3604 refulserat
1682 3549 1791 3604 alto
1815 3551 1956 3622 (Ecl.
1991 3553 2066 3622 4).

745 3680 958 3734 Abbati:
988 3698 1175 3736 munus
1202 3682 1392 3736 invitus
1424 3683 1604 3737 retinet
1635 3684 1994 3740 Adalltardus.

635 3791 726 3846 53.
769 3791 1031 3847 Omnibus
1079 3792 1242 3862 igitur
1267 3793 1620 3850 circumcirca
1661 3804 1886 3850 eatenus
1926 3795 2139 3852 satisfa-

565 3884 761 3938 ctionis
803 3883 978 3938 studio
1027 3883 1330 3948 illustratis,
1370 3891 1426 3938 et
1477 3884 1590 3940 suis
1637 3900 1760 3939 cum
1815 3902 1880 3942 eo
1927 3903 2139 3943 summo

565 3975 870 4031 {ruentibus
897 3977 1031 4041 otio,
1063 3975 1230 4031 voluit
1263 3991 1321 4030 se
1353 3976 1566 4031 demum
1605 3977 1689 4032 his
1731 3993 1930 4034 exuere
1969 3981 2135 4046 curis,

564 4074 623 4116 ut
671 4072 815 4118 esset
856 4065 1072 4118 sibimet
1115 4073 1172 4119 et
1210 4063 1321 4118 Deo
1352 4064 1605 4120 intentus.
1650 4066 1755 4120 Sed
1797 4083 2136 4139 nequaquam

562 4157 709 4224 passi
744 4165 869 4210 sunt
910 4157 1080 4210 sancti
1118 4154 1333 4219 fratres,
1367 4156 1750 4211 licet'multam
1796 4159 1874 4214 eis
1915 4177 2134 4218 excusa-

563 4249 762 4301 tionem
799 4247 1090 4318 senectutis
1117 4262 1227 4300 sua:
1256 4249 1650 4315 prmtenderet;
1685 4251 1938 4317 quoniam
1967 4268 2137 4322 quan-

563 4350 617 4393 to
637 4347 796 4393 aetate
825 4339 1108 4400 maturior,
1135 4346 1338 4391 tantum
1367 4340 1434 4392 ad
1467 4340 1726 4396 virtutum
1761 4343 1994 4398 culmina
2026 4355 2135 4401 ten-

558 4429 808 4483 dentibus
857 4429 1125 4483 salubrior
1149 4429 1468 4496 videbatur,
1525 4435 1822 4502 przesertitn
1873 4453 1995 4492 cum
2051 4440 2131 4494 vi-

557 4539 684 4594 gore
706 4527 874 4579 sancti
899 4525 1132 4595 Spiritus
1153 4535 1206 4580 et
1231 4527 1504 4581 viriditate
1527 4528 1703 4583 adhuc
1727 4546 1830 4584 non
1853 4532 2128 4588 exhausta:

555 4616 737 4669 carnis
766 4614 897 4668 satis
927 4616 1153 4684 vigeret,
1188 4631 1386 4670 curans
1431 4632 1490 4671 se
1538 4616 1810 4674 laboribus
1838 4630 1893 4675 et
1926 4621 2128 4692 vigilia-

555 4721 672 4757 rum
702 4705 930 4774 negotiis
958 4705 1186 4774 fatigari,
1207 4707 1368 4760 etiam
1393 4707 1511 4775 plus
1530 4724 1690 4778 quam
1711 4710 1965 4781 juvenum
1995 4729 2126 4769 cen-

553 4793 752 4847 stantia
783 4794 932 4863 sequi
967 4803 1164 4863 posset.

695 4928 919 4996 Aspectu
948 4927 1153 4992 hilaris,
1189 4928 1288 4981 sibi
1313 4928 1411 4981 soli
1445 4945 1498 4982 se
1537 4929 1726 4984 durum
1758 4933 1980 4987 exhibet.

621 5038 712 5092 54.
752 5038 882 5104 Quis
917 5039 1058 5094 enim
1103 5055 1336 5109 unquam
1379 5050 1484 5095 tam
1523 5040 1759 5097 fervidus
1787 5059 1950 5113 quam
1983 5046 2121 5101 idem

554 5127 765 5182 fuerat?
794 5127 877 5183 vel
907 5128 1029 5198 quis
1066 5129 1288 5184 alterius
1317 5138 1424 5184 tam
1454 5131 1686 5186 crudelis
1710 5133 1914 5188 arbiter
1960 5151 2122 5205 quant

553 5260 744 5332 librum
791 5259 858 5315 de
899 5261 1316 5332 dispensatione,
1349 5264 1435 5318 ubi
1474 5263 1802 5320 Ludovicnm
1839 5269 1908 5323 ob
1939 5284 2026 5324 res
2055 5286 2120 5325 eo

553 5330 605 5383 in
649 5339 912 5386 conventu
944 5330 1177 5386 sancitas
1229 5335 1547 5388 venerandus
1594 5351 1750 5389 senex
1784 5337 2120 5394 Adalhardus

551 5399 831 5476 lzitulibus__
861 5401 1149 5476 extulisse
1178 5403 1508 5476 perhibetur.
1558 5404 1715 5460 Anno
1762 5409 2006 5476 sequenti
2065 5411 2119 5464 in

550 5470 863 5544 compendio
899 5471 1096 5544 palatio
1131 5473 1282 5544 jussu
1330 5473 1668 5544 imperatoris
1703 5470 1894 5531 rursus
1925 5493 2120 5536 conve-

551 5543 630 5592 nit
657 5538 990 5614 Adalhardus
1018 5538 1310 5614 cuninliis,
1344 5538 1478 5598 teste
1504 5546 1619 5614 ipso
1645 5547 1947 5614 Agobardo.

619 5623 650 5688 n_
683 5611 1011 5688 Argumento
1039 5622 1121 5688 est
1151 5613 1214 5688 in_
1228 5614 1417 5688 primis
1445 5611 1780 5688 Consultatio
1816 5625 1871 5671 et
1901 5618 2116 5688 Suppli-

549 5681 689 5734 catio
733 5681 1020 5751 Agobardi,
1066 5681 1312 5737 Patribus
1359 5687 1549 5740 sanctis
1583 5686 1908 5755 Adalhardo,
1948 5681 2114 5746 ινὲιιω

2254 491 2402 547 dese
2448 494 2592 564 quod
2639 495 2827 549 durior
2872 504 3048 558 esset,
3094 497 3477 553 necessitatem
3533 500 3841 571 corrigendi

2255 581 2460 636 habuit.
2490 581 2640 638 Unde
2664 599 2788 639 eum
2819 599 2848 637 a
2880 583 2994 640 suis
3019 584 3282 657 fratribus
3309 595 3365 641 et
3394 586 3520 644 filiis
3544 604 3709 658 quam
3740 605 3843 645 sae-

2255 688 2320 742 pe
2348 675 2713 744 corriperetur
2741 675 2969 746 publice,
3003 693 3100 733 cur
3130 677 3233 732 sibi
3276 687 3383 734 tam
3413 680 3656 736 infensus
3691 692 3842 738 esset

2254 767 2345 836 qui
2384 767 2464 822 sic
2497 767 2763 823 discretus
2807 770 3057 826 omnibus
3089 770 3408 837 habebatur,
3433 774 3614 829 aiebat
3644 774 3720 828 ita
3751 774 3840 830 di-

2254 873 2404 924 cens,
2447 867 2506 913 ut
2547 859 2703 915 ltesos
2746 874 2932 915 eorum
2969 862 3192 916 animos
3230 863 3502 933 mitigaret
3533 883 3547 918 :
3573 865 3690 936 Ego
3736 867 3842 921 mei

2255 963 2440 1002 curam
2469 949 2698 1014 habebo,
2726 957 2782 1004 et
2815 964 3039 1019 prorsus
3073 961 3255 1008 vestro
3288 954 3582 1023 providebo
3613 954 3840 1019 famulo,

2256 1053 2323 1094 ne
2363 1039 2506 1096 fame
2553 1049 2646 1096 aut
2689 1041 2965 1098 laboribus
3014 1043 3272 1112 fatigatus
3321 1056 3522 1116 pereat.
3577 1045 3686 1102 Sed
3739 1048 3842 1103 hoc

2255 1139 2476 1198 peracto
2512 1131 2788 1201 paululum
2835 1131 2956 1204 [ιιι.⁹
2995 1133 3278 1206 paulatim]
3327 1135 3691 1192 delitescendo
3731 1153 3839 1191 non

2255 1220 2345 1274 diu
2371 1229 2492 1288 post
2525 1225 2833 1281 resumebat
2856 1225 3090 1280 esuriem
3131 1235 3186 1280 et
3224 1226 3469 1282 laborum
3499 1229 3736 1298 negotia,
3765 1229 3840 1284 ita

2257 1321 2315 1367 ut
2356 1313 2440 1366 vix
2481 1311 2740 1380 juvenilia
2784 1315 3027 1370 membra
3090 1315 3232 1373 ferre
3274 1327 3497 1388 possent
3536 1318 3734 1388 quibus
3778 1335 3842 1375 se

2256 1403 2600 1474 parcimoniis
2643 1413 2699 1458 et
2735 1404 3038 1477 vigiliarum
3068 1407 3323 1476 operibus
3368 1406 3656 1480 affligebat.
3685 1408 3843 1463 Atta—

2257 1509 2378 1547 men
2405 1509 2620 1565 semper
2642 1504 2761 1550 erat
2804 1496 2998 1551 viroris
3027 1499 3198 1566 gratia
3235 1498 3423 1568 plenus
3443 1541 3457 1565 ,
3485 1515 3702 1572 semper
3730 1501 3842 1556 dis-

2256 1591 2401 1637 creta
2444 1583 2617 1639 macie
2663 1585 2794 1640 satis
2817 1585 3105 1641 admodum
3134 1588 3495 1657 rubicundus;
3527 1591 3677 1644 vultu
3700 1608 3840 1662 quo-

2255 1686 2359 1739 que
2390 1671 2638 1737 decorus,
2681 1683 2736 1726 et
2781 1683 3038 1729 venustus
3070 1688 3311 1746 aspectu.
3360 1677 3544 1749 Neque
3582 1681 3729 1734 enim
3764 1681 3841 1734 fa-

2291 1763 2392 1817 iem
2436 1762 2551 1834 ejus
2596 1777 2660 1817 ac
2691 1764 2918 1818 frontem
2962 1765 3186 1837 ignavus
3227 1769 3455 1838 rugahat
3495 1768 3686 1836 furor;
3745 1773 3842 1826 sed

2257 1861 2425 1907 totum
2470 1869 2593 1909 eum
2637 1867 2846 1911 matura
2897 1857 3143 1914 hilaritas
3186 1859 3440 1915 decorum
3480 1863 3841 1932 componebat

2253 1952 2306 1997 et
2347 1953 2550 2014 aptum.
2585 1944 2827 2001 Canities
2855 1962 2985 2001 vero
3016 1957 3211 2024 sancta
3249 1965 3372 2003 eum
3405 1951 3639 2005 candore
3682 1953 3841 2006 niveo

2254 2038 2584 2104 exornabat;
2632 2047 2686 2093 et
2730 2038 2875 2093 velut
2927 2037 3097 2094 lilium
3150 2056 3312 2110 super
3360 2056 3546 2096 roseos
3585 2044 3835 2105 amictus,

2252 2125 2378 2180 hinc
2419 2127 2539 2181 inde
2581 2143 2732 2182 coma
2779 2129 2993 2198 capitis,
3025 2131 3178 2206 quasi
3210 2129 3364 2184 elata:
3393 2131 3716 2200 palmarum,
3749 2147 3841 2186 su-

2254 2231 2350 2286 per
2388 2227 2564 2271 cutem
2619 2220 2918 2284 reuitcbat,
2963 2230 3208 2290 eratque,
3251 2221 3392 2276 sicut
3447 2223 3712 2292 scriptum
3758 2236 3842 2280 est

2253 2308 2507 2373 Canticis,
2540 2325 2702 2364 senex
2747 2321 2932 2366 noster
2973 2313 3229 2368 candidus
3270 2325 3318 2368 et
3363 2315 3707 2380 rubicundus,
3737 2316 3839 2373 ele—

2253 2410 2364 2453 ctus
2411 2416 2475 2454 ea:
2523 2400 2753 2455 millibus
2796 2401 2972 2472 (Cant.
3012 2403 3065 2474 v)
3097 2421 3110 2456 :
3145 2403 3216 2457 ita
3254 2413 3312 2458 ut
3347 2405 3659 2476 culparetur
3688 2405 3743 2461 in
3772 2421 3839 2462 eo

2253 2501 2443 2545 natura
2492 2492 2750 2560 humana,
2795 2494 2938 2549 onod
2989 2505 3277 2566 antequam
3324 2496 3505 2552 adulta
3556 2498 3649 2570 sit,
3693 2497 3847 2554 vitiis

2253 2589 2650 2653 corrumpatur.

2727 2715 3005 2771 Laudatur
3050 2734 3083 2772 a
3130 2717 3312 2774 dotibu
3353 2764 3394 2806 ..

2322 2865 2411 2920 55.
2451 2863 2590 2921 Etsi
2619 2866 2646 2906 δ
2684 2865 2840 2921 velim
2886 2868 3106 2924 laudare
3151 2871 3416 2942 tantisper
3457 2873 3671 2944 glebam
3720 2891 3845 2960 cor-

2251 2954 2396 3025 poris
2447 2953 2562 3023 ejus
2611 2955 2779 3012 multo
2831 2957 3130 3014 confectam
3182 2959 3389 3026 nitore,
3434 2963 3539 3018 erit
3582 2955 3840 3035 exiguum

2251 3045 2508 3116 quidquid
2556 3047 2840 3117 impendo;
2892 3049 3017 3118 quia
3063 3047 3430 3120 pulchrius-in
3477 3067 3544 3107 eo
3589 3054 3840 3118 renituit,

2173 3139 2218 3200 Ω
2251 3137 2391 3208 quod
2431 3137 2690 3192 virtutum
2736 3139 3023 3208 splendore
3059 3151 3283 3196 ornatus
3313 3141 3459 3198 velut
3495 3142 3661 3197 lilium
3693 3144 3843 3200 inter

2250 3246 2436 3287 roseos
2480 3231 2710 3295 colores,
2752 3230 2968 3287 Christo
3011 3246 3265 3302 repersus
3309 3234 3543 3290 emicuit.
3577 3232 3688 3290 Nec
3735 3235 3842 3291 du-

2246 3321 2392 3376 bium
2441 3323 2569 3390 quin
2616 3322 2791 3376 onmis
2826 3337 2954 3376 caro
2977 3321 3183 3388 fenum,
3214 3332 3271 3378 et
3305 3324 3477 3379 omnis
3511 3323 3680 3396 gloria
3712 3325 3841 3396 ejus

2245 3411 2342 3467 ilus
2369 3411 2474 3467 feni
2507 3411 2641 3484 (Ira.
2673 3413 2762 3483 XL)
2789 3429 2804 3479 ;
2835 3414 3009 3468 virtus
3039 3422 3218 3468 autem
3263 3415 3487 3481 Christi,
3523 3431 3644 3486 qua:
3689 3431 3839 3472 sem-

2245 3517 2341 3573 per
2368 3503 2418 3556 in
2458 3519 2521 3557 eo
2552 3504 2743 3574 viguit,
2775 3515 2955 3560 manet
2986 3507 3036 3560 in
3059 3515 3341 3562 mternum.
3370 3507 3659 3576 Caeterum,
3695 3511 3741 3565 si
3770 3510 3835 3564 fl-

2243 3609 2430 3664 gurat:
2480 3595 2776 3651 nobilitatis
2815 3597 2933 3668 ejus
2973 3614 3003 3652 a
3040 3613 3207 3666 puero
3243 3601 3552 3656 describere
3585 3601 3831 3667 voluero,

2243 3702 2361 3756 qua:
2405 3687 2592 3742 Grasce
2638 3693 3068 3765 χαρακτηρισμὸς
3125 3691 3342 3757 dicitur,
3393 3707 3489 3749 ero
3540 3693 3829 3760 inefﬁcax;

2241 3776 2392 3846 quia,
2411 3777 2511 3832 etsi
2542 3780 2835 3834 secundum
2865 3782 3148 3838 rhetorica:
3175 3784 3306 3839 artis
3331 3785 3640 3842 facundiam
3664 3787 3834 3859 ipsius

2242 3885 2470 3940 persona
2509 3872 2903 3939 consideretur,
2950 3875 3190 3944 possitne
3238 3876 3414 3932 laudis
3445 3878 3637 3936 idonea
3681 3896 3832 3937 com-

2239 3962 2496 4032 probari,
2541 3961 2707 4015 multo
2733 3963 3084 4020 excellentius
3127 3967 3180 4020 iu
3225 3980 3291 4020 eo
3327 3967 3455 4025 illud
3498 3969 3838 4039 antefertur,

2238 4053 2380 4122 quod
2409 4062 2552 4108 totus
2584 4054 2650 4108 dc
2676 4068 2841 4109 carne
2869 4054 2921 4109 in
2947 4057 3195 4127 spiritum
3220 4059 3548 4116 convolavit.
3572 4060 3826 4120 Persona:

2237 4131 2432 4215 q'nippe
2469 4144 2624 4213 juxta
2667 4145 2946 4216 praefatam
2988 4148 3124 4203 artis
3150 4149 3398 4220 peritiam
3429 4151 3666 4222 plurima
3695 4164 3826 4208 sunt

2237 4238 2516 4302 attributa,
2545 4253 2612 4292 ex
2639 4238 2836 4308 quibus
2865 4239 3067 4309 optime
3105 4241 3471 4311 dignoscatur.
3501 4241 3826 4301 Considera.

2238 4337 2324 4383 tur
2365 4329 2509 4383 enim
2551 4329 2774 4399 perfecti
2814 4331 2912 4385 viri
2956 4332 3386 4401 qualitas,juxta
3424 4343 3699 4402 oratores,
3727 4355 3824 4394 no-

2236 4422 2400 4487 mine,
2445 4423 2642 4492 patria,
2686 4438 2905 4494 genere,
2955 4423 3236 4495 dignitate,
3275 4424 3515 4493 fortuna,
3562 4444 3823 4500 corpore,

2236 4512 2598 4580 institutione,
2632 4516 2893 4580 moribus,
2926 4516 3105 4582 victu;
3153 4517 3198 4572 si
3252 4532 3366 4572 rem
3413 4517 3554 4574 bene
3584 4521 3819 4575 admini-

2230 4613 2401 4672 stret;
2433 4622 2535 4675 qua
2587 4607 2975 4662 consuetudine
3021 4609 3315 4664 domestica
3356 4618 3639 4676 teneatur;
3689 4611 3816 4668 affe-

2231 4701 2409 4755 ctione
2448 4700 2664 4764 mentis,
2694 4708 2832 4764 arte,
2880 4699 3208 4765 conditione,
3251 4701 3458 4769 habitu,
3506 4704 3686 4770 vultu,
3727 4707 3810 4760 in-

2230 4809 2513 4862 cessuque,
2544 4793 2806 4858 oratione,
2838 4792 3052 4849 affectu.
3092 4794 3311 4851 Talibus
3351 4797 3516 4867 igitur
3541 4809 3597 4854 et
3630 4799 3814 4868 hujus-

2231 4884 2373 4938 modi
2403 4884 2549 4938 circa
2591 4897 2715 4938 eum
2753 4885 3131 4950 consideratis,
3157 4887 3340 4942 videre
3359 4889 3538 4957 juvat,
3575 4889 3812 4947 luculen-

2233 4981 2318 5027 tus
2359 4988 2525 5027 senex
2571 4981 2756 5028 noster
2802 4974 2846 5028 si
2881 4982 2957 5028 tot
2996 4974 3175 5030 floruit
3209 4978 3468 5034 virtutum
3498 4983 3808 5049 prteconiis,

2229 5069 2360 5130 quot
2385 5071 2511 5116 sunt
2537 5061 2671 5116 artis
2695 5061 2854 5130 hujus
2881 5064 2948 5120 ad
2974 5064 3194 5121 laudem
3218 5067 3389 5138 ipsius
3419 5071 3652 5142 insignia
3680 5088 3810 5143 pra:-

2229 5159 2455 5206 conatus
2479 5151 2823 5206 documenta.

2227 5294 2274 5338 et
2315 5283 2360 5336 11
2366 5284 2656 5340 elisae/mro

2226 5355 2638 5410 mancipiorum.

2297 5425 2325 5464 ιι
2363 5425 2556 5504 Mirum
2602 5437 2864 5496 quantum
2917 5429 3017 5504 sibi
3069 5431 3313 5504 permisit
3352 5433 3710 5504 interpolator
3755 5439 3815 5493 in;

2225 5493 2326 5569 hac
2352 5496 2592 5550 sectione
2616 5493 2672 5569 et
2696 5499 2965 5569 sequenti,
2993 5508 3054 5554 ut
3070 5493 3282 5569 patebit
3308 5493 3612 5561 conferenti
3641 5506 3806 5562 libros

2222 5563 2471 5689 ἔιιέεῗιοε
2495 5580 2620 5691 funi
2650 5568 2751 5624 hac
2773 5563 3044 5637 'editione,
3078 5563 3202 5641 quae
3237 5575 3304 5629 ad
3347 5583 3499 5630 vetus
3527 5577 3808 5651 exemplar

2255 5649 2285 5689 x
2325 5651 2353 5690 c
2380 5650 2409 5689 a
2436 5650 2494 5691 es
2524 5670 2538 5687 .

2255 5649 2409 5690 xacta
2436 5649 2538 5691 εει.

2703 5297 2983 5357 porrecta,
3029 5291 3097 5345 de
3146 5291 3415 5362 baptismo
3460 5293 3807 5354 Judaieorutn

3001 5813 3024 5818 ..
3047 5804 3133 5816 σ--ι-
3181 5811 3235 5818 μμ.
3263 5813 3270 5816 .
3301 5808 3320 5816 .-
3388 5797 3698 5812 MM---
