4122 6324
322 314 456 372 £557

462 434 542 490 De
567 435 792 502 nomine,
823 437 1052 502 natione,
1083 452 1267 508 genere
1303 446 1348 490 ct
1383 436 1593 506 fortuna
1619 435 1751 506 ejus.

387 565 480 622 56.
515 566 756 633 Quorum
785 581 852 621 ex
883 567 1132 638 catalogo
1161 568 1394 638 primum
1420 569 1487 623 de
1510 567 1745 632 nomine,
1781 568 1900 622 fue-

319 661 462 717 ritne
496 659 732 729 sapiens,
771 669 917 714 reete
952 661 1230 729 quaeritur.
1277 659 1407 727 Sed,
1453 661 1743 716 si-ctelesti
1785 676 1902 716 ma-

315 749 542 821 gisterio
571 746 674 803 fuit
709 749 880 818 magis
906 765 1069 818 quam
1103 751 1238 806 artis
1265 750 1571 820 eloquentia
1597 751 1897 817 institutus,

315 839 588 909 quomodo
625 853 734 893 non
775 839 992 909 sapiens
1017 840 1155 895 fuit?
1183 839 1322 895 Nam
1358 841 1622 910 sapientia
1661 851 1746 896 est
1797 843 1897 896 bu-

314 945 600 984 manarum
632 942 812 983 rerum
840 928 1258 1000 divinarumque
1302 931 1542 1000 cognitio
1569 946 1691 986 cum
1720 932 1898 985 studio

311 1009 453 1076 bene
481 1018 716 1075 vivendi.
752 1017 907 1074 Unde
938 1035 1038 1076 nec
1071 1021 1293 1075 dubium
1336 1037 1458 1075 eum
1499 1037 1684 1076 verum
1725 1020 1900 1092 philo-

309 1111 542 1180 sephum
575 1117 670 1165 aut
699 1118 852 1165 certe
873 1110 1194 1181 sapientem,
1218 1121 1478 1181 quantum
1502 1111 1586 1166 fas
1609 1121 1712 1177 est,
1741 1127 1898 1182 posse

314 1200 607 1271 appellari,
631 1201 749 1271 qui,
782 1209 836 1255 et
867 1216 987 1270 qua:
1016 1199 1109 1254 Dei
1140 1211 1314 1265 erant,
1347 1202 1640 1272 prudenter
1681 1218 1775 1272 per
1802 1204 1896 1258 Dei

311 1293 540 1366 gratiam
573 1291 912 1356 sectabatur;
937 1300 992 1346 et
1011 1308 1130 1362 qua:
1153 1293 1454 1356 hominum,
1496 1309 1600 1349 non
1633 1294 1898 1364 ignaviter

310 1383 655 1454 procumbat.
711 1383 887 1451 Atque
934 1398 1094 1437 omne
1135 1385 1371 1437 studium
1410 1384 1533 1438 vita:
1581 1401 1690 1438 sum
1722 1385 1774 1438 in
1813 1385 1896 1438 his

309 1473 520 1528 duobus
556 1472 841 1541 prmeeptis
879 1473 1364 1541 superimpendens
1391 1513 1405 1538 ,
1460 1473 1574 1543 ipse
1611 1483 1754 1528 totus
1797 1475 1897 1528 im-

307 1563 668 1632 pendebatur.
721 1559 948 1615 Natione
1002 1571 1222 1628 autem,
1257 1565 1398 1632 quod
1441 1565 1650 1618 cunctis
1705 1563 1891 1633 liquet,

305 1651 640 1706 Francorum
672 1660 792 1705 erat
822 1665 890 1705 ex
923 1667 1257 1706 summorum
1281 1668 1480 1722 genere
1507 1669 1520 1714 ;
1553 1655 1646 1708 sed
1674 1665 1896 1710 renatus

306 1744 361 1798 in
401 1743 637 1807 Christo,
667 1741 757 1796 ubi
774 1750 840 1803 ,et
867 1742 1059 1812 spiritu
1088 1743 1412 1796 versabatur
1435 1783 1450 1807 ,
1480 1753 1624 1798 totus
1670 1750 1888 1800 natione

307 1835 556 1892 caelestis
601 1835 854 1890 omnibus
908 1836 1194 1890 renitebat.
1246 1835 1399 1891 Unde
1449 1847 1504 1890 et
1555 1837 1628 1891 illi
1677 1839 1886 1907 patria,

304 1923 552 1994 quamvis
580 1923 669 1979 hic
698 1937 862 1977 carne
894 1931 1052 1976 natus
1089 1931 1272 1988 esset,
1318 1923 1558 1979 caelestis
1587 1925 1676 1979 illa
1706 1925 1892 1980 Hieru-

303 2013 472 2068 salem
513 2011 668 2081 juxta
708 2013 1023 2082 Apostolnm
1067 2012 1255 2082 (llebr.
1314 2015 1411 2084 xu)
1464 2013 1629 2069 fuisse
1657 2031 1764 2068 non
1792 2016 1890 2070 dn-

301 2107 527 2168 bitatur,
559 2122 660 2176 per
688 2121 812 2162 eum
851 2107 941 2176 qui
971 2123 1070 2161 nos
1091 2107 1206 2176 jam
1235 2122 1331 2175 spe
1350 2107 1647 2161 consedere
1677 2108 1804 2162 fecit
1835 2109 1886 2162 in

302 2200 634 2255 caelestibus.
682 2199 894 2256 Genere
934 2202 1150 2270 quidem
1215 2201 1472 2256 nobilium
1520 2203 1887 2258 nobilissimus

302 2290 659 2356 Francorum,
687 2300 746 2346 ut
771 2290 938 2361 .paulo
963 2300 1090 2347 ante
1120 2292 1354 2361 prastnisi
1380 2333 1394 2356 ,
1434 2293 1687 2363 prosapia
1710 2304 1881 2356 ortus,

305 2383 401 2438 sed
441 2383 657 2438 demum
686 2399 786 2453 per
821 2383 1024 2437 Christi
1065 2383 1292 2453 patriam
1329 2383 1440 2438 Deo
1487 2384 1540 2437 in
1586 2383 1755 2438 ﬁlium
1802 2392 1886 2438 est

305 2473 614 2543 adoptatus.
660 2472 786 2541 Qui,
834 2473 960 2527 licet
1004 2473 1267 2543 dignitate
1298 2474 1440 2543 regia
1479 2489 1708 2544 magnus
1737 2474 1885 2529 vide-

303 2570 476 2626 retur,
505 2569 684 2617 tamen
709 2560 881 2630 major
911 2561 1131 2617 effectus
1151 2571 1240 2617 est
1270 2562 1602 2623 sublimitate
1630 2565 1885 2633 perennis

301 2653 446 2708 vitte.
469 2652 706 2709 Fortuna
733 2668 834 2722 qua
857 2652 1019 2708 fuerit
1039 2662 1253 2715 auctus,
1279 2653 1449 2724 ipsius
1474 2653 1582 2707 vita
1613 2654 1881 2725 designat,

300 2759 410 2815 quo
437 2753 628 2800 cuncta
651 2745 903 2816 reliquit;
933 2754 989 2800 et
1003 2743 1155 2814 juxta
1178 2744 1328 2807 illud,
1345 2759 1551 2814 pauper
1575 2743 1629 2798 in
1656 2753 1884 2815 angusto

299 2837 564 2907 regnabat
585 2835 832 2892 habendo
853 2837 1040 2892 Deum.
1068 2836 1297 2906 Pmpter
1318 2836 1482 2905 quod,
1508 2843 1568 2890 ut
1586 2835 1877 2899 credimus,

298 2936 362 2984 ut
396 2936 669 2998 optamus,
713 2943 874 2998 supra
915 2927 1081 2983 multa
1124 2927 1474 2994 constitutus,
1517 2925 1634 2996 jam
1678 2928 1729 2984 ei
1757 2929 1882 2984 vitae

299 3019 500 3092 gaudia
531 3017 880 3075 famulantur;

779 3129 980 3187 Forma
1009 3148 1212 3204 quoque
1235 3132 1382 3186 nitet.

371 3241 462 3298 57.
490 3242 730 3313 Corpore
755 3258 916 3312 quam
944 3243 1174 3298 decorus
1195 3241 1378 3308 fuerit,
1401 3243 1564 3297 etiam
1591 3252 1646 3297 et
1673 3258 1878 3298 morum

296 3335 585 3392 eximietas
606 3333 863 3405 patefacit
889 3352 902 3388 :
929 3335 1012 3390 cui
1043 3334 1169 3388 illud
1197 3334 1262 3388 de
1288 3333 1527 3388 Canticis
1547 3333 1878 3388 canticorum

296 3441 406 3482 non
467 3423 739 3479 immerito
788 3431 1072 3493 coaptatur
1127 3421 1304 3494 (Cant.
1352 3437 1418 3487 v,
1459 3422 1516 3476 ll
1575 3433 1624 3476 et
1666 3423 1876 3494 seqq.):

297 3515 470 3586 Caput
519 3514 636 3584 ejus
673 3529 863 3567 aurum
899 3513 1185 3583 optimum;
1221 3529 1372 3566 coma
1415 3528 1534 3567 vero
1587 3515 1702 3582 ejus
1747 3514 1879 3567 sicut

295 3604 451 3660 elatae
477 3603 774 3674 palmarum
796 3643 810 3669 ,
836 3602 1089 3674 quoniam
1117 3618 1329 3658 sursum
1351 3602 1592 3672 quotidie
1620 3603 1686 3657 ad
1711 3603 1878 3658 Deum

297 3695 664 3750 conscendere
699 3692 1042 3764 procurabat.
1101 3691 1255 3773 Oculi
1296 3693 1410 3762 ejus
1448 3691 1583 3748 velut
1626 3693 1880 3747 columba:

298 3784 521 3854 desuper
564 3784 702 3838 rivos
740 3799 1000 3855 aquarum
1023 3822 1039 3849 ,
1082 3799 1197 3853 qua!
1236 3782 1370 3838 lacte
1411 3794 1531 3838 sunt
1553 3782 1675 3838 lota:
1703 3797 1721 3835 :
1753 3783 1877 3853 quia

299 3871 532 3944 simplex
564 3871 683 3941 ejus
708 3882 962 3944 aSpectus
991 3871 1237 3927 doctrina
1280 3871 1482 3928 Christi
1527 3880 1674 3928 totus
1703 3872 1880 3926 inten-

303 3960 397 4009 ωε
417 3960 554 4015 erat,
595 3965 662 4004 ex
692 3964 795 4018 qua
826 3964 924 4003 nos
966 3949 1113 4003 velut
1151 3950 1358 4019 parvuli
1405 3947 1548 4002 lacte
1591 3945 1878 4002 nutrieba-

304 4059 460 4110 mur;
493 4058 667 4112 neque
705 4041 826 4096 felle
861 4041 1414 4110 concupiscentiarum
1463 4038 1750 4102 immistus,
1779 4036 1876 4092 sed

304 4149 434 4190 vera
464 4135 767 4189 innocentia
793 4135 989 4190 mentis
1016 4133 1174 4187 lotus.
1202 4133 1372 4186 Porro
1398 4147 1541 4201 gente
1563 4129 1708 4183 illius
1741 4129 1876 4183 sicut

312 4225 507 4282 areola:
525 4236 841 4290 aromatum,
871 4243 987 4297 qum
1026 4227 1238 4279 consita!
1259 4235 1379 4278 sunt
1418 4242 1448 4277 (ι
1492 4221 1875 4294 pigmentariis,

304 4317 552 4374 videlicet
571 4332 603 4370 a
625 4316 824 4371 sanctis
848 4317 1157 4372 doctoribus
1190 4316 1336 4369 otnni
1381 4313 1510 4367 ﬂore
1537 4313 1794 4367 doctrina:
1821 4319 1877 4366 et

302 4408 561 4463 virtutum
588 4418 863 4462 exornatae
889 4407 1143 4462 oleribus.
1180 4406 1370 4460 Munus
1408 4405 1552 4459 illius
1581 4403 1872 4468 tornatiles,

1496 299 1599 376 ὀε
1640 319 1796 376 vna
1837 318 1894 374 s.
1937 318 2356 375 ADALIIARDI.

1926 439 1975 495 Λ

3447 325 3584 381 1558

2358 431 2434 488 De
2459 435 2714 505 sapientia
2744 445 2791 488 et
2821 435 3050 489 moribus
3073 435 3209 504 ejus.

2072 545 2162 600 58.
2195 544 2312 599 Jam
2348 545 2391 600 si
2429 545 2494 600 de
2541 546 2876 601 institutione
2927 547 3106 617 agitur
3133 588 3148 614 ,
3195 548 3440 605 eruditus
3481 549 3582 605 fuit

2002 639 2142 694 idem
2177 637 2314 692 alter
2353 635 2564 708 Moyses
2605 639 2754 692 omni
2793 639 3057 708 sapientia
3097 643 3380 710 prtesentis
3422 645 3576 708 vilze,

1999 729 2156 800 quasi
2181 745 2321 784 unus
2343 743 2411 783 ex
2437 730 2558 783 filiis
2589 731 2764 800 regis;
2793 731 2984 787 deinde
3004 735 3296 801 perductus
3325 737 3391 790 ad
3427 736 3578 800 Sina,

2001 820 2054 873 in
2081 835 2189 889 quo
2215 820 2384 889 ipsius
2429 820 2638 874 Domini
2685 822 2974 890 praesentia
3017 822 3319 878 illustratur
3342 836 3396 880 et
3426 825 3581 881 fami-

2000 913 2233 967 liaritate
2256 914 2514 968 continua
2553 913 2816 968 fruiturus
2845 914 3163 984 ingreditur.
3191 916 3429 974 Moribus
3455 936 3580 974 vero

2000 1005 2196 1074 quibus
2230 1004 2390 1058 fuerit
2438 1013 2736 1060 exornatus
2785 1006 2938 1061 testis
2971 1015 3055 1062 est
3102 1009 3210 1064 vita
3245 1011 3364 1081 ejus
3388 1053 3402 1075 .
3461 1031 3582 1084 qua:

1998 1095 2225 1149 summis
2255 1094 2461 1149 redolet
2494 1095 2806 1150 meritorum
2861 1097 3107 1168 iusigniis
3130 1139 3142 1162 ,
3205 1109 3258 1155 et
3299 1105 3580 1171 prteconiis

1998 1199 2161 1252 quam
2217 1184 2472 1238 maximis
2520 1185 2888 1254 praedicatur:
2921 1188 3096 1243 vietus
3141 1205 3376 1262 namque
3419 1209 3579 1262 quem

1997 1275 2305 1344 philosophi
2357 1275 2623 1330 definiunt
2663 1278 3025 1332 consummati
3072 1280 3252 1349 operis
3284 1297 3406 1337 esse
3445 1281 3580 1338 frui-

1999 1366 2160 1420 tionis
2203 1367 2519 1421 exercitium
2549 1408 2562 1431 ,
2603 1376 2662 1420 ut
2707 1370 2986 1439 perveniat
3016 1373 3083 1425 ad
3110 1374 3363 1441 quietem,
3404 1375 3582 1431 Domi-

1997 1471 2098 1509 nus
2144 1465 2261 1510 erat
2314 1473 2472 1526 quem
2505 1458 2809 1525 dilexerat,
2841 1476 3001 1532 quem
3047 1472 3367 1528 amaverat,
3419 1481 3579 1535 quem

1989 1547 2192 1617 jngi:er
2221 1547 2584 1603 desiderabat.
2617 1549 2830 1604 Gradus
2857 1559 3037 1606 autem
3078 1552 3270 1607 harum
3319 1555 3578 1610 virtutum

1995 1646 2140 1702 sunt,
2173 1653 2294 1690 cum
2321 1640 2462 1707 apud
2483 1653 2576 1692 eos
2600 1641 2834 1709 primum
2863 1641 3082 1709 ponitur
3107 1643 3320 1698 affectio
3349 1646 3576 1700 mentis:

1992 1743 2156 1796 porro
2186 1730 2375 1782 eadem
2407 1727 2621 1784 an‘ectio
2647 1739 2749 1794 cst,
2773 1732 2935 1785 animi
2969 1742 3062 1787 aut
3091 1735 3337 1802 corporis
3355 1750 3420 1788 ex
3445 1744 3580 1790 tem-

1995 1835 2125 1887 pore
2153 1821 2330 1890 aliqua
2367 1836 2528 1875 causa
2556 1824 2936 1890 commutatio;
2977 1824 3172 1879 deinde
3201 1841 3268 1880 ex
3299 1827 3402 1882 hoc
3431 1829 3577 1898 quod

1990 1909 2241 1975 aﬂicitur,
2273 1912 2434 1966 vertit
2461 1928 2520 1967 se
2547 1913 2600 1966 in
2647 1915 2906 1980 studium,
2955 1925 3010 1970 ut
3047 1917 3296 1973 effectum
3324 1921 3404 1974 sui
3432 1922 3576 1976 obti-

1989 2013 2133 2057 neat.
2167 2003 2436 2072 Studium,
2475 2006 2715 2076 inquam,
2766 2007 2835 2063 ad
2873 2009 3106 2078 aliquam
3155 2028 3266 2067 rem
3301 2015 3573 2070 assiduam

1988 2103 2041 2147 et
2071 2095 2443 2150 vehementem
2485 2096 2656 2150 animi
2699 2113 2821 2152 cum
2855 2114 3047 2170 magna
3097 2101 3374 2158 voluntate
3407 2118 3574 2158 occu-

1983 2183 2260 2253 pationem
2292 2200 2432 2250 esse,
2455 2195 2740 2256 postquam
2771 2189 2990 2245 habitus
3021 2190 3266 2246 induitur
3292 2193 3575 2263 acquisita:

1987 2272 2088 2337 rei,
2121 2288 2242 2326 cum
2276 2275 2341 2327 ad
2375 2274 2589 2343 plenum
2621 2277 2671 2330 id
2720 2277 2864 2347 quod
2901 2278 3201 2350 perfectum
3244 2291 3329 2337 est
3357 2284 3573 2339 obtine-

1988 2378 2129 2426 mus,
2162 2363 2228 2417 de
2255 2378 2364 2433 quo
2395 2365 2656 2434 scriptum
2688 2375 2771 2422 est
2799 2382 2813 2421 :
2842 2366 3153 2424 Sacerdotes
3177 2373 3256 2425 tui
3279 2372 3576 2427 induantur

1973 2453 2212 2522 ,justitia,
2239 2462 2286 2507 et
2319 2455 2490 2508 sancti
2515 2457 2592 2509 tui
2619 2462 2876 2512 exsultent
2897 2458 3074 2528 (Psal.
3097 2475 3285 2526 exul,
3317 2462 3372 2531 9)
3407 2482 3418 2516 :
3445 2463 3574 2518 felix

1985 2545 2183 2615 quippe
2210 2545 2580 2601 indumentum
2629 2548 2843 2604 virtutis
2870 2557 2974 2615 est,
3006 2567 3112 2622 quo
3136 2553 3367 2624 quisque
3396 2553 3575 2608 indui-

1984 2645 2094 2699 tur,
2126 2645 2179 2690 et
2207 2638 2438 2692 custodit
2468 2639 2787 2694 vestimenta
2818 2655 2936 2705 sua,
2980 2655 3046 2696 ne
3085 2643 3259 2698 nudus
3303 2645 3564 2699 ambulet.

1988 2724 2085 2780 llie
2116 2727 2343 2796 nuptiali
2370 2738 2521 2784 veste
2544 2729 2761 2785 indutus
2798 2730 2946 2786 foras
2972 2748 3077 2788 non
3108 2734 3322 2804 ejicitur
3348 2735 3564 2807 (Matth.

1984 2817 2121 2886 xxu)
2149 2835 2160 2870 :
2189 2832 2354 2887 quam
2384 2818 2430 2873 si
2475 2821 2686 2888 primus
2735 2835 2934 2890 parens
2984 2832 3170 2878 noster
3222 2825 3274 2878 in
3319 2827 3573 2896 paradiso

1983 2906 2218 2977 denique
2244 2919 2598 2975 reservasset,
2623 2926 2962 2982 nequaquam
2985 2914 3186 2981 apertis
3211 2915 3382 2970 oculis
3399 2918 3575 2973 nudus

1982 2999 2321 3055 inveniretur
2342 2999 2495 3070 (Gen.
2526 3001 2632 3070 ut).
2661 3001 2833 3067 Unde,
2866 3003 3005 3056 sicut
3034 3004 3294 3073 scriptum
3319 3013 3420 3068 est,
3447 3006 3573 3061 dum

1904 3131 1954 3194 Ε
1986 3089 2127 3146 idem
2159 3089 2556 3156 descenderet,
2585 3092 3022 3163 exspoliaverunt
3051 3108 3175 3149 eum
3212 3093 3452 3150 latrones
3473 3136 3487 3162 ,
3520 3105 3576 3151 et

1982 3182 2160 3252 plagis
2189 3182 2458 3253 impositis
2484 3185 2734 3239 abierunt
2760 3183 2913 3256 (Luc.
2956 3185 3011 3256 ιι)
3033 3201 3048 3249 ;
3073 3186 3170 3240 sed
3193 3202 3357 3241 senex
3388 3196 3575 3242 noster

1985 3269 2226 3336 ﬂoridus,
2257 3271 2350 3326 tali
2379 3281 2724 3343 recoopertus
2751 3273 2960 3335 habitu,
2986 3272 3094 3352 jam
3124 3274 3399 3330 credimus
3422 3276 3568 3344 quod

1984 3361 2183 3415 audit:
2216 3360 2545 3425 Ambulabit,
2593 3362 2769 3432 inquit
2814 3361 2888 3416 illi
2934 3362 3205 3427 Christus,
3254 3379 3466 3421 mecum
3513 3366 3569 3419 in

1983 3450 2142 3515 albis,
2173 3451 2427 3520 quoniam
2457 3452 2652 3522 dignus
2680 3460 2781 3517 est,
2805 3459 2859 3507 et
2881 3467 2986 3506 non
3016 3452 3204 3508 delebo
3226 3469 3422 3509 nomen
3453 3455 3570 3525 ejus

1983 3541 2050 3596 de
2082 3540 2219 3596 libro
2243 3541 2368 3598 vitae
2397 3542 2582 3615 (Apoc.
2617 3543 2734 3614 tu);
2761 3543 2961 3612 talique
2984 3544 3201 3600 indutus
3230 3545 3412 3600 habitu
3443 3547 3570 3602 dum

1981 3642 2130 3688 esset
2169 3643 2328 3703 pater
2378 3634 2654 3700 eximius,
2701 3633 2989 3689 exercebat
3029 3650 3087 3688 se
3134 3635 3458 3704 plurimum,
3510 3647 3572 3691 ut

1981 3739 2080 3794 pro
2127 3724 2303 3781 vietus
2357 3724 2613 3781 alimonia
2646 3723 2938 3792 frueretur
2992 3723 3208 3782 Christo
3260 3741 3419 3796 quem
3482 3727 3566 3782 in-

1980 3819 2188 3873 duerat.

2088 3952 2166 4008 De
2201 3963 2340 4008 recta
2381 3953 2498 4023 ejus
2537 3953 3012 4035 administratione.
3055 3951 3450 4012 Xenodochium

2654 4032 2901 4078 instituit.

2049 4131 2138 4188 59.
2170 4131 2339 4187 Porro
2380 4140 2552 4187 restat
2589 4132 2745 4203 juxta
2777 4131 3058 4202 praefatam
3097 4134 3435 4206 disciplinam
3483 4153 3569 4193 re-

1978 4223 2228 4292 quirere,
2277 4222 2548 4292 quomodo
2598 4237 2714 4276 rem
2762 4237 2916 4277 suam
2959 4224 3369 4280 administrarit.
3426 4227 3568 4295 Quid

1976 4311 2153 4367 dicam
2186 4326 2297 4366 rem
2328 4326 2482 4366 suam
2517 4310 2790 4381 quomodo
2815 4311 3307 4379 administraverit,
3337 4316 3427 4384 qni
3466 4331 3569 4370 nec

1978 4417 2036 4458 se
2076 4403 2178 4457 sibi
2222 4401 2717 4457 relinuit?fecerat
2749 4403 2894 4457 enim
2925 4405 3069 4474 quod
3101 4405 3346 4460 audierat
3379 4422 3415 4459 a
3459 4407 3566 4463 Do-

303 4499 611 4555 sanctitatis
641 4496 872 4552 formam
909 4499 1294 4566 exprimentes.
1333 4505 1386 4549 et
1415 4505 1560 4548 motu
1607 4495 1873 4564 spinet-ica
1908 4466 1952 4524 D
1979 4493 2127 4546 mino
2164 4511 2176 4545 :
2207 4490 2264 4546 Si
2295 4493 2368 4545 vis
2395 4531 2409 4554 ,
2444 4491 2661 4560 inquit,
2713 4490 2973 4560 perfectus
3007 4508 3116 4546 esse
3143 4533 3160 4559 ,
3201 4497 3329 4548 vade
3350 4534 3364 4558 ,
3407 4497 3565 4550 vende

300 4589 553 4646 celeriter
577 4589 642 4644 ad
665 4603 825 4643 omne
857 4588 1051 4641 bonum
1083 4586 1428 4646 insistentes;
1458 4585 1624 4655 plena:
1661 4587 1876 4654 hyacin-

299 4681 429 4746 this,
459 4680 578 4736 caeli
621 4679 798 4750 specie
830 4678 882 4732 in
917 4677 1067 4732 cwlis
1117 4676 1453 4729 tlreszuu'izau
1477 4675 1526 4728 lo
1559 4675 1870 4737 renitentes.

295 4785 421 4840 quae
441 4769 623 4824 multis
645 4767 989 4838 replebantnr
1014 4764 1342 4819 muneribus.
1385 4762 1567 4817 Venter
1594 4763 1707 4833 ejus
1729 4763 1876 4818 ebur-

297 4878 451 4926 neus,
502 4861 762 4916 virtutum
815 4860 1100 4915 distinctus
1130 4857 1430 4913 ordinibus.
1481 4853 1676 4910 Cuttur
1729 4855 1873 4910 illius

298 4953 687 5017 suavissimum,
717 4952 787 5007 ob
829 4951 1008 5006 favum
1038 4949 1359 5020 eloquentia:
1385 4967 1397 5002 :
1423 4958 1470 5002 et
1497 4958 1636 5003 totus
1665 4949 1879 5018 deside:

299 5043 503 5109 rabilis,
530 5045 904 5114 probabilitate
932 5061 1142 5100 morum
1168 5052 1329 5113 atque
1355 5043 1622 5098 charilate
1648 5042 1870 5098 eximia.

296 5133 506 5190 Idcirco
535 5136 826 5204 quaerimus
865 5144 939 5197 te,
969 5134 1148 5199 Pater,
1177 5134 1302 5188 dum
1335 5133 1513 5193 nascis
1543 5132 1687 5189 inter
1725 5132 1870 5196 lilia;

291 5219 590 5290 quaerimus
629 5231 788 5286 quem
831 5215 1006 5285 diligit
1038 5215 1220 5268 anima
1255 5215 1634 5284 nostra'(Caut.
1674 5214 1772 5287 vt).
1814 5213 1872 5268 lu

293 5308 494 5364 lectulo
523 5308 665 5365 enim
692 5323 788 5378 per
815 5316 1001 5362 noctes
1024 5306 1317 5376 quaerimus
1347 5316 1398 5360 te
1420 5321 1539 5360 cum
1569 5306 1823 5378 lacrymis
1852 5321 1866 5360 :

293 5407 449 5456 sonet
469 5414 572 5453 vox
601 5399 979 5462 tua,obsecro,
1004 5397 1054 5450 in
1085 5395 1306 5451 auribus
1335 5397 1532 5452 nostris
1557 5415 1570 5450 :
1594 5413 1698 5452 vox
1720 5398 1866 5454 enim

293 5500 386 5546 tua
416 5488 617 5555 dulcis,
642 5497 698 5545 et
727 5489 895 5544 facies
922 5497 1011 5543 tua
1044 5488 1274 5555 decora;
1308 5504 1482 5558 neque
1511 5489 1656 5543 enim
1684 5504 1873 5560 possu-

292 5591 416 5634 mus
445 5585 497 5632 te
519 5587 730 5646 patrem
754 5593 860 5635 non
880 5593 1085 5647 amare,
1103 5593 1263 5649 quem
1284 5593 1385 5649 pro
1409 5579 1565 5638 nobis
1595 5581 1868 5639 credimus

293 5663 624 5720 adfuturum.

388 5672 624 5722 'uturum.

1977 4582 2151 4633 omnia
2177 4595 2294 4648 qua'
2324 4579 2480 4632 habes
2501 4618 2516 4643 ,
2549 4586 2596 4631 et
2621 4577 2690 4631 da
2721 4578 3035 4648 pauperibus
3061 4595 3082 4646 ,°
3110 4589 3159 4635 et
3181 4581 3315 4646 veni,
3351 4597 3562 4652 sequere

1975 4686 2057 4722 me
2092 4668 2306 4737 (Matth.
2358 4684 2491 4733 xix,
2535 4668 2646 4738 2t).
2689 4667 2802 4723 Hoc
2853 4668 3112 4740 impleto,
3168 4681 3424 4727 caeterum
3478 4689 3565 4728 res

1975 4760 2220 4814 ecclesiae
2259 4774 2368 4814 sua:
2402 4759 2852 4828 quemadmodum
2899 4760 3335 4826 administravit,
3394 4771 3564 4818 testes

1981 4849 2160 4904 idonei
2192 4857 2319 4903 sunt
2348 4849 2523 4903 sancti
2557 4847 2778 4914 fratres,
2809 4865 3037 4919 quorum
3065 4852 3292 4906 consilio
3322 4868 3451 4907 usus
3478 4861 3564 4906 est

1975 4949 2031 4994 et
2055 4938 2354 5008 obsequio;
2389 4953 2487 5008 per
2529 4953 2665 5008 quos
2707 4938 2780 4992 ita
2824 4948 3014 4993 cuncta
3065 4939 3368 5008 disposuit,
3411 4949 3470 4995 ut
3507 4949 3563 4995 et

1975 5030 2227 5086 omnibus
2252 5029 2385 5085 satis
2413 5037 2578 5094 esset,
2623 5045 2723 5084 nec
2751 5028 2973 5082 multum
2997 5027 3157 5082 alicui
3180 5028 3560 5098 superﬂueret.

1976 5138 2152 5194 neque
2181 5122 2234 5177 in
2275 5137 2503 5177 vacuum
2551 5121 2681 5191 quid
2725 5120 2966 5190 periret;
3014 5119 3108 5176 sed
3153 5121 3333 5175 omnia
3362 5121 3428 5176 ad
3460 5119 3560 5176 Dei

1976 5211 2188 5268 laudem
2251 5211 2542 5266 humanius
2589 5209 2934 5280 largirentur.
2998 5209 3280 5266 Fratribus
3320 5209 3558 5264 salubria

1978 5303 2258 5376 praesentis
2288 5303 2411 5358 vita:
2441 5303 2686 5356 tribuens
2707 5341 2723 5366 ,
2775 5309 2831 5354 et
2872 5301 3062 5356 nociva
3093 5315 3321 5371 qumque
3354 5315 3420 5356 ac
3461 5316 3555 5356 su-

1979 5396 2180 5468 perﬂua
2227 5411 2512 5461 resecans;
2571 5395 2870 5465 hospitibus
2925 5395 3264 5452 abundanter
3306 5396 3559 5452 omnibus

1980 5489 2367 5546 administrans
2392 5504 2407 5555 ;
2440 5487 2696 5543 familiam
2726 5503 2939 5557 quoque
2970 5488 3102 5543 satis
3133 5487 3352 5542 illaasam
3374 5503 3404 5541 a
3425 5485 3558 5559 jngo

1979 5580 2258 5636 servitutis
2284 5593 2632 5635 conservans.
2671 5577 2950 5648 Siquidem
2985 5577 3174 5634 viduas
3220 5576 3444 5646 hujusce
3471 5576 3552 5630 fa-

1980 5669 2143 5725 miliae
2184 5668 2472 5724 destitutas
2499 5677 2554 5724 et
2578 5668 2800 5725 cuilibes
2831 5669 2977 5725 viros
3015 5682 3112 5738 per
3136 5667 3374 5739 singulas
3403 5665 3556 5722 villas
