4122 6324
540 336 677 393 1559

1340 336 1397 392 S.
1441 329 1795 390 PASCHASll
1835 318 2188 384 R.\DBEilTl
2228 315 2518 373 ABBATIS
2553 313 3002 374 CORBEIENSZS

3674 306 3817 365 1340

537 448 873 505 constituens
896 488 910 514 ,
945 447 1026 503 eis
1059 447 1323 519 stipendia
1356 447 1560 519 jugiter
1607 441 1970 500 ministrabat.
2014 435 2117 493 Or-
2153 435 2200 494 Α
2228 429 2447 519 habitus
2483 427 2570 482 vix
2617 424 2888 481 sullieiens
2916 432 3245 519 monasucus
3289 420 3455 477 fuisse
3483 421 3817 519 ostenditur,

536 543 840 611 phanorum
876 555 1089 612 quoque
1119 549 1173 594 et
1201 538 1478 600 debilium,
1521 551 1728 592 necnon
1762 541 1818 589 et
1853 529 2127 600 hospitum

540 630 595 685 in
624 630 815 685 iisdem
843 628 975 684 locis
1001 628 1354 697 Opportunius
1385 626 1532 681 velut
1571 621 1966 682 xeuodochium
2001 633 2132 672 con-

539 707 816 783 stituerat,
854 726 914 772 ut
961 734 1048 772 res
1085 717 1329 772 ecclesiae
1360 715 1518 784 hujus
1553 730 1708 769 suum
1749 726 1938 766 omnes
1976 707 2130 779 quasi

539 809 926 881 patrimonium
951 809 1306 878 possiderent.
1332 807 1550 861 Testem
1575 805 1743 859 Deum
1772 803 1966 868 habeo,
1989 801 2133 872 quod

543 903 684 959 idem
717 904 832 973 ipse
860 901 1020 970 hujus
1049 902 1326 956 ministros
1355 899 1513 954 ollieii
1546 899 1691 954 velut
1717 898 1960 952 medicus
1991 909 2134 966 δεῦρο

543 992 886 1057 instituebat,
918 1000 976 1045 ut
1005 1001 1062 1045 et
1117 991 1214 1060 ipsi
1263 989 1630 1059 excogitarent
1656 985 1972 1049 artificiose,
1999 1000 2130 1055 quo-

544 1085 704 1140 modo
737 1099 918 1138 rerum
955 1083 1159 1153 aliquid
1187 1083 1267 1137 cis
1310 1082 1376 1137 ad
1414 1081 1802 1136 comedendum
1831 1088 2083 1149 pararent
2117 1120 2131 1140 ,

542 1185 600 1232 et
655 1178 710 1231 in
757 1175 1132 1247 hujuscemodi
1163 1175 1300 1230 cibis
1327 1189 1515 1230 eorum
1551 1173 1761 1228 sanitas
1798 1189 1863 1226 ne
1911 1171 2130 1241 periret.

544 1270 718 1325 Porro
750 1269 862 1340 regi
892 1276 947 1324 et
988 1267 1244 1322 divitibus
1275 1275 1582 1321 nostrorum
1612 1265 1788 1319 nullus
1815 1272 1922 1318 tam
1954 1262 2136 1331 largus

543 1369 679 1423 erat,
716 1360 920 1416 idcirco
966 1367 1024 1413 ut
1071 1359 1124 1413 in
1168 1359 1424 1413 omnibus
1451 1357 1593 1412 Deus
1620 1355 1845 1427 largitor
1890 1353 2132 1408 omnium

547 1449 965 1520 gloriﬁcaretur,
999 1448 1230 1514 beatius,
1261 1448 1479 1517 inquam
1508 1485 1524 1511 ,
1572 1445 1854 1500 multotius
1885 1442 2137 1511 judicans

547 1541 678 1596 dare
705 1556 866 1612 quam
914 1541 1193 1618 accipere;
1233 1549 1395 1610 atque
1448 1540 1685 1597 mclium
1735 1538 1878 1592 inter
1907 1550 2136 1607 pauper-

550 1642 736 1699 tatem,
764 1643 1026 1704 quantum
1048 1650 1112 1689 ex
1140 1649 1197 1688 se
1226 1642 1365 1699 erat,
1400 1641 1457 1688 et
1486 1632 1703 1687 divitias
1731 1637 1957 1700 propter
2000 1627 2136 1682 alios

548 1738 763 1794 semper
794 1723 1040 1779 incedere
1059 1764 1073 1788 ,
1104 1723 1285 1793 itaque
1311 1730 1369 1776 ut
1396 1723 1485 1792 qui
1518 1719 1717 1775 habent
1749 1729 2000 1787 tanquam
2029 1731 2133 1770 non

549 1817 810 1872 habentes
856 1817 970 1872 fore
1013 1815 1180 1888 [esse]
1232 1817 1657 1873 instruerentur.
1711 1813 1923 1869 Justum
1969 1811 2131 1866 etiam
2164 1805 2211 1866 B

550 1916 954 1974 percensuerat,
986 1915 1046 1961 ut
1087 1922 1275 1961 omnes
1324 1906 1484 1976 hujus
1531 1904 1776 1960 ecclesiae
1823 1901 2009 1957 famuli
2055 1901 2134 1956 sic

551 2002 806 2064 tanquam
831 2002 1041 2064 patrem
1089 2010 1212 2050 eum
1263 1994 1533 2048 sentirent
1556 2033 1570 2057 ,
1605 2000 1664 2047 ut
1697 1991 1884 2046 tumidi
1916 2004 2134 2059 quoqne

553 2083 836 2138 Dominum
875 2099 998 2138 eum
1053 2084 1168 2138 fore
1205 2099 1312 2138 non
1343 2083 1682 2154 ambigerem
1729 2098 1744 2135 :
1788 2080 2009 2149 insuper
2060 2078 2134 2132 ita

549 2190 736 2231 eorum
765 2178 1054 2232 virtutibus
1081 2177 1260 2231 fautor
1287 2185 1343 2231 et
1371 2176 1648 2230 institutor
1684 2187 1808 2230 esse
1847 2171 2137 2243 profligens

552 2267 700 2339 [sic],
726 2276 785 2322 ut
809 2268 1059 2323 vitiorum
1083 2282 1296 2338 quoque
1332 2267 1603 2331 dominus,
1625 2263 1884 2336 quamvis
1932 2262 2136 2318 discre—

553 2365 658 2420 tus,
691 2365 750 2412 ut
774 2357 1181 2414 crudelissimus
1206 2356 1358 2411 ﬁeret
1379 2364 1708 2427 persecutor.

773 2537 788 2549 ,
872 2487 947 2543 De
978 2488 1350 2543 consuetudine
1384 2487 1496 2556 ejus
1528 2484 1830 2540 domestica.

623 2599 708 2654 60.
747 2600 864 2656 Jam
894 2615 1022 2671 ergo
1053 2601 1208 2671 juxta
1256 2616 1417 2670 quam
1450 2611 1694 2654 n0rmam
1733 2595 2138 2654 consuetudinis

553 2697 796 2742 assuetus
821 2689 1002 2754 fuerit,
1030 2689 1179 2743 novit
1205 2702 1459 2743 mensura
1495 2688 1668 2742 sancti
1701 2685 1922 2748 oraculi,
1952 2685 2006 2740 in
2030 2699 2138 2754 quo

555 2780 655 2836 fluit
689 2797 886 2836 manna
931 2782 1302 2836 absconditum
1331 2793 1385 2836 et
1411 2795 1546 2834 urna
1579 2794 1777 2845 aurea;
1811 2778 1982 2833 altare
2006 2791 2140 2849 quo—

552 2888 659 2942 que
687 2873 891 2927 incensi
919 2888 1158 2933 aureum,
1192 2882 1246 2926 et
1271 2873 1421 2942 virga
1438 2871 1615 2926 Aaron
1633 2887 1752 2942 qua:
1780 2869 2097 2926 fronduerat
2121 2886 2134 2923 :

556 2961 764 3014 habens
811 2960 938 3015 illud
979 2961 1165 3032 viginti
1205 2961 1419 3032 cubitos
1465 2959 1650 3032 [mss.,
1702 2959 2036 3031 cubitorum]
2083 2959 2139 3015 in

553 3051 911 3122 longitudine,
939 3059 993 3106 et
1018 3051 1210 3121 viginti
1262 3051 1314 3104 in
1363 3051 1648 3105 latitudine
1669 3091 1684 3115 ,
1710 3050 1898 3122 viginti
1927 3065 2140 3121 quoque

2231 536 2330 591 pro
2361 516 2558 588 frigore
2585 518 2763 586 potius
2799 515 3038 568 nu-mbra
3086 511 3362 576 muniens,
3395 526 3557 580 quam
3590 511 3820 565 honoris

2233 609 2434 679 aliquit.
2484 622 2694 676 gerens.
2753 605 3045 667 Dicebatur
3071 603 3269 672 quippe
3300 615 3331 654 a
3361 601 3686 670 quibusdam
3720 617 3822 670 pro

2239 700 2385 763 ludo,
2445 698 2612 751 lorica
2673 698 2931 768 frigoris;
2980 697 3237 766 quoniam
3301 703 3419 749 erat
3465 693 3726 766 pelliceus
3770 703 3830 748 et

2235 793 2387 862 quasi
2415 793 2607 845 thorax
2637 791 2781 844 circa
2815 791 3022 844 viscera
3059 790 3358 843 fomentum
3394 788 3614 851 caloris,
3668 787 3824 840 vultu

2236 892 2416 936 autem
2462 881 2644 935 suavis
2701 881 2840 934 idem
2900 889 2954 934 et
3001 888 3205 933 statura
3251 878 3446 948 palma:
3493 876 3836 932 assimilatus

2236 982 2487 1027 eratzeo
2513 971 2656 1040 quod
2712 971 2938 1039 pulcher
2996 979 3219 1038 aspectu
3271 978 3328 1023 et
3371 968 3602 1023 decorus
3655 975 3827 1029 esset,

2237 1065 2383 1118 velut
2413 1063 2646 1134 paradisi
2672 1062 2880 1115 deliciis
2909 1062 3200 1114 enutritus.
3233 1060 3404 1127 Quam
3427 1059 3637 1129 pulchri
3661 1073 3825 1128 gres-

2239 1172 2330 1211 sus
2365 1155 2503 1224 ejus,
2536 1165 2588 1208 et
2610 1171 2770 1223 quam
2795 1153 3028 1222 speciosi
3059 1155 3223 1224 pedes
3247 1153 3314 1208 ad
3343 1151 3827 1223 evangelizandum

2240 1244 2411 1315 (Rom.
2449 1247 2501 1309 κ)
2531 1245 2543 1296 !
2576 1245 2784 1312 Quippe
2831 1243 3028 1312 quibus
3055 1243 3361 1312 expeditior
3387 1240 3584 1305 damis,
3626 1239 3681 1294 in
3710 1239 3829 1295 cal-

2237 1337 2535 1390 ceamentis
2571 1335 2821 1388 ornatior
2859 1333 2968 1387 lilia
3009 1332 3271 1403 principis

2786 1466 2814 1518 I
2820 1477 2919 1518 lem
2947 1464 3261 1536 eloquentia.

2310 1583 2398 1637 65.
2429 1582 2596 1662 Porrp
2626 1581 2740 1651 ejus
2769 1580 2945 1634 oratio
2969 1594 3132 1648 quam
3173 1577 3424 1642 facunda,
3460 1592 3624 1647 quam
3667 1575 3832 1646 plena

2239 1675 2509 1738 sensibus,
2539 1689 2700 1741 quam
2722 1673 2903 1726 suavis
2925 1671 3108 1724 auditu
3139 1669 3377 1724 manavit
3405 1670 3420 1722 ι
3447 1667 3680 1722 Exstant
3706 1667 3835 1736 ejus

2239 1764 2483 1836 epistola:
2514 1764 2580 1816 ad
2607 1762 2868 1831 plurimos
2890 1761 3131 1825 direetze,
3158 1767 3212 1814 et
3247 1758 3490 1814 omnium
3523 1772 3706 1821 voces,
3737 1757 3833 1825 qui

2242 1870 2518 1924 nunquam
2548 1869 2605 1907 se
2643 1851 2861 1907 uberius
2905 1859 2999 1903 aut
3033 1849 3344 1920 expressius
3374 1847 3684 1916 loquentem
3729 1861 3834 1898 au-

2239 1945 2384 2000 disse
2409 1951 2699 1998 testantur.
2728 1939 2871 1994 Voce
2915 1939 3132 2010 quidem
3172 1937 3430 1993 canorius
3459 1951 3635 2006 cygno
3686 1933 3831 1988 mul-

2239 2039 2398 2093 cebat
2443 2035 2726 2094 auditum;
2778 2031 2872 2086 sed
2906 2039 2961 2084 et
2997 2028 3155 2084 melle
3179 2027 3390 2083 dulcius
3420 2025 3622 2096 palatui
3653 2023 3836 2077 cordis

2240 2127 2467 2183 melodia
2511 2123 2774 2194 sapiebat.
2817 2123 2947 2178 Erat
2993 2130 3173 2176 autem
3221 2120 3400 2177 omnis
3435 2118 3674 2173 narratio
3714 2115 3836 2184 ejus

2239 2225 2423 2287 aperta
2460 2214 2636 2277 valde,
2673 2211 2852 2267 brevis
2896 2226 2962 2266 ac
3008 2210 3184 2265 lucida
3241 2207 3410 2281 (quod
3451 2206 3707 2262 dictionis
3746 2219 3838 2272 ge.

2243 2327 2343 2366 nus
2371 2319 2617 2365 oratores
2665 2305 2893 2362 summis
2936 2303 3204 2359 extollunt
3257 2300 3552 2369 laudibus),
3579 2297 3656 2352 nil
3694 2297 3832 2351 [θεὶς

2241 2402 2467 2466 lentum,
2496 2412 2672 2468 neque
2695 2397 2914 2452 dubium
2943 2394 3074 2465 quid
3125 2393 3180 2448 in
3211 2407 3374 2448 sensu
3412 2403 3704 2445 reservans
3729 2403 3745 2451 ;
3779 2395 3838 2440 at

2241 2493 2373 2548 vero
2420 2489 2583 2559 plano
2635 2488 2688 2542 in
2746 2484 3004 2540 clausulis
3042 2484 3345 2553 procedens
3385 2493 3599 2550 gressu,
3636 2492 3835 2531 sensus

2240 2581 2358 2650 ejus
2411 2576 2660 2633 faviﬂuus
2720 2575 3078 2646 pinguissimo
3139 2572 3494 2628 claudebatur
3540 2569 3667 2622 line.
3703 2567 3840 2621 Erat

2242 2673 2408 2745 igitur
2465 2685 2632 2726 sonus
2672 2667 2991 2723 assertionis
3051 2663 3322 2735 expositio
3368 2660 3691 2722 dictionum,
3758 2659 3838 2713 ita

2243 2775 2300 2819 ut
2329 2778 2463 2818 voce
2508 2761 2838 2817 formarctur
2868 2758 3121 2829 proprius
3168 2754 3459 2810 verborum
3498 2751 3836 2815 intellectus,

2241 2863 2298 2909 et
2351 2853 2464 2908 suis
2506 2850 2731 2922 singula:
2793 2845 3029 2919 partium
3075 2845 3364 2916 qualitates
3413 2842 3839 2896 restituerentur

2243 2945 2516 3007 sensibus,
2567 2942 2771 2996 habens
2813 2939 2996 2994 omnia
3040 2938 3284 2993 membra
3328 2933 3663 2988 narrationis
3687 2931 3838 3000 capio

2246 3036 2454 3092 tulatim
2510 3034 2788 3096 distincta,
2825 3039 2878 3086 et
2915 3031 2982 3084 ad
3032 3028 3375 3083 retinendum
3410 3023 3706 3089 facillima;
3765 3021 3837 3076 ad

557 3140 612 3194 in
642 3114 922 3195 altitudine
946 3114 1102 3211 (Levi
1120 3155 1232 3204 xvr,
1263 3136 1426 3193 Num.
1461 3139 1572 3210 xvi)
1599 3155 1612 3192 :
1637 3114 1696 3193 ut
1717 3114 1794 3192 ei;
1809 3114 1962 3194 omni
1985 3114 2139 3210 parte
2165 3150 2215 3216 ο
2246 3126 2678 3200 persuadendum
2707 3139 2836 3216 vero
2887 3122 2970 3177 vel
3013 3121 3442 3216 dissuadendum
3495 3114 3839 3186 promptissi-

557 3229 775 3300 gemino
797 3229 1021 3286 denario
1038 3238 1462 3293 consummatus,
1479 3228 1744 3284 charitate
1763 3229 1856 3283 Dei
1880 3243 1944 3284 ac
1969 3230 2144 3300 proxi-

561 3319 634 3371 mi
686 3318 1018 3388 quadratura
1087 3327 1346 3388 perpetua
1416 3317 1730 3372 fﬂiCil‘ClUl‘.’
1766 3317 1874 3374 Nec
1923 3320 2143 3374 dubium

558 3409 688 3478 quin
719 3409 978 3464 Dominus
1019 3410 1066 3463 ei
1122 3408 1287 3464 fuerit
1331 3408 1766 3475 fundamentum,
1815 3410 1952 3466 infra
1980 3427 2144 3482 quam

562 3511 875 3551 mensuram
916 3496 1220 3553 attitulatus
1243 3538 1256 3561 ,
1294 3499 1407 3554 sola
1439 3499 1590 3554 novit
1638 3500 2022 3570 contemplatio
2067 3501 2148 3556 di-

561 3586 686 3640 vina
737 3586 866 3656 quid
917 3597 1104 3642 noster
1159 3602 1325 3642 senex
1371 3603 1470 3659 pro
1515 3604 1614 3645 suo
1650 3603 1800 3646 more
1851 3590 2148 3646 domestico

566 3685 732 3731 tracta
742 3685 841 3732 ret.

870 3789 944 3844 De
973 3789 1086 3859 ejus
1112 3791 1408 3860 aﬁ‘ectione,
1441 3801 1552 3846 arte
1574 3801 1620 3846 et
1650 3807 1854 3862 genere.

639 3899 729 3953 6i.
767 3898 1068 3967 Aﬂ‘ectione
1095 3916 1224 3955 vero
1256 3901 1330 3956 ita
1373 3901 1585 3958 illectus
1618 3904 1860 3958 omnium
1889 3905 2151 3960 bonorum

566 3988 970 4055 incitamentis,
1026 3999 1082 4044 tit
1129 4006 1294 4060 super
1336 3991 1577 4046 fraterna
1617 3993 1827 4048 viscera
1866 3993 2154 4048 ebaritatis

565 4078 739 4134 oilieio
769 4096 862 4135 seu
894 4080 1087 4136 faculis
1113 4091 1386 4137 ureretur.
1424 4084 1688 4154 Deinceps
1715 4084 1878 4153 igitur
1905 4093 2023 4139 arte
2047 4098 2154 4156 qua

568 4172 732 4226 fuerit
757 4174 1022 4236 eruditus,
1040 4182 1188 4243 patet
1215 4175 1340 4242 quia
1364 4175 1626 4229 fecundus
1649 4176 1897 4230 inventus
1923 4188 2009 4231 est
2029 4191 2154 4232 eru~

568 4260 786 4314 ditionis
825 4261 1072 4315 consilio.
1120 4261 1429 4317 Prudentia:
1475 4277 1709 4331 namque
1742 4304 1756 4330 ,
1802 4274 1862 4318 ut
1921 4266 2152 4332 dicitur,

569 4347 716 4402 mille
762 4347 931 4404 oculis
981 4349 1371 4420 adinspector,
1411 4352 1671 4409 virtutum
1724 4368 1938 4424 quoque
1984 4356 2156 4412 discr-

572 4439 814 4495 tissimus
851 4442 1155 4513 disputator
1181 4484 1196 4510 ,
1235 4445 1540 4503 liberalium
1590 4449 1788 4505 artium
1819 4452 1954 4506 adeo
1985 4467 2153 4522 usque

570 4532 949 4588 sanctissimus
977 4535 1286 4601 institutor,
1317 4547 1375 4592 ut
1403 4541 1666 4608 probares
1687 4541 1740 4595 in
1763 4556 1829 4596 eo
1852 4542 1981 4598 illud
2007 4544 2149 4599 beati

568 4620 825 4686 Antonii,
885 4625 1026 4692 quod
1073 4640 1266 4682 sensus
1305 4628 1643 4685 adinvenerit
1691 4640 1905 4700 artem;
1953 4643 2008 4689 et
2057 4635 2149 4703 qui

571 4722 733 4764 sensu
765 4711 835 4764 sit
862 4713 1090 4782 integer,
1123 4729 1247 4768 eum
1284 4724 1403 4770 arte
1430 4733 1537 4772 non
1569 4719 1831 4791 indigere.
1860 4722 1934 4776 De
1964 4723 2152 4778 condi-

575 4799 720 4855 tione
751 4799 864 4869 jatn
909 4802 1048 4856 ultra
1089 4805 1218 4873 quid
1253 4805 1478 4876 loquar?
1501 4809 1611 4877 qui,
1641 4817 1698 4864 ut
1725 4811 1983 4880 pracfatus
2013 4827 2154 4877 sum,

574 4891 738 4962 regali
764 4909 831 4947 ex
856 4896 1112 4966 progenie
1141 4895 1321 4953 clarus
1362 4897 1561 4954 eil‘ulsit
1597 4919 1612 4956 :
1662 4917 1871 4958 necnon
1897 4911 1952 4958 et
1985 4904 2052 4959 de
2080 4904 2158 4958 al-

575 4993 690 5038 tera
742 4987 1070 5054 conditione,
1109 4997 1287 5044 utrum
1321 4992 1576 5062 proprius
1605 5035 1620 5060 ,
1677 5005 1737 5050 ut
1788 4995 1888 5066 ipsi
1932 4995 2157 5063 dicunt,

575 5073 939 5142 adoptivusve,
971 5090 1038 5130 an
1066 5078 1346 5134 abdicatus
1376 5081 1560 5146 fuerit,
1583 5083 1711 5152 quid
1735 5084 2012 5155 ingeram?
2033 5102 2156 5140 cum

575 5173 628 5216 et
657 5163 915 5220 Bernardi
942 5164 1088 5222 illius
1111 5167 1302 5235 fuisse,
1333 5169 1518 5226 fratris
1545 5174 1722 5243 magni
1755 5174 1965 5246 Pippini
1996 5177 2154 5246 regis,

575 5259 631 5304 et
661 5251 752 5306 Dei
788 5267 909 5308 esse
942 5254 1226 5324 adoptivus
1256 5274 1363 5313 non
1395 5261 1672 5316 abnuitur.

564 5401 578 5476 ᾧ
825 5384 983 5440 Vultu
1010 5397 1058 5441 et
1106 5389 1287 5443 habitu
1321 5402 1535 5461 prwstat
1560 5395 1639 5448 vir
1665 5407 1896 5450 sanctus.

647 5495 734 5549 62.
775 5496 969 5552 Habitu
1006 5507 1187 5555 autem
1242 5515 1351 5571 quo
1396 5502 1560 5559 fuerit
1598 5506 1879 5573 infulatus,
1942 5520 2158 5567 constat

579 5587 737 5656 paulo
785 5597 911 5644 ante
961 5605 1046 5644 me
1075 5591 1295 5659 dixisse,
1351 5596 1493 5663 quod
1534 5596 1782 5656 Christus
1811 5601 1943 5671 ejus.
1978 5605 2154 5659 tunica

581 5675 764 5732 talaris
838 5678 1003 5734 fuisse
1059 5681 1338 5749 probatur.
1400 5683 1665 5742 Cancrum
1701 5691 2151 5748 vestimentorum

2247 3234 2335 3274 ma
2376 3236 2388 3272 :
2426 3231 2639 3287 semper
2690 3213 2908 3268 avidius
2962 3212 3027 3266 ad
3077 3207 3460 3264 intendendum
3511 3219 3842 3276 promoveus

2247 3313 2548 3376 audientes,
2579 3311 2699 3380 igne
2726 3305 3032 3364 calidiusad
3073 3302 3506 3364 desiderandum,
3547 3309 3841 3369 torporem

2248 3403 2606 3467 discutienda,
2638 3401 2870 3456 incitans
2919 3398 3250 3453 desidentes.
3300 3395 3430 3461 Qua:
3477 3392 3524 3447 si
3578 3391 3841 3445 facundia

2249 3498 2469 3554 daretur
2515 3493 2671 3559 mihi,
2720 3489 3044 3547 luculentius
3084 3487 3359 3557 explerent
3403 3484 3548 3554 quod
3604 3491 3844 3536 conatus

2250 3603 2370 3643 sum
2402 3603 2418 3652 ;
2452 3600 2596 3640 ttunc
2641 3591 2819 3637 autem
2851 3580 3133 3636 excusatio
3163 3594 3263 3649 pro
3309 3575 3634 3646 ignorantia,
3681 3572 3844 3626 venia

2249 3694 2349 3749 pro
2385 3687 2508 3732 voto
2535 3675 2786 3738 debetur,
2839 3672 3141 3742 praesertim
3177 3684 3302 3725 cum
3335 3667 3510 3738 stylus
3541 3665 3744 3719 nullius
3772 3664 3847 3717 ad

2253 3769 2356 3824 hoc
2384 3767 2658 3838 negotiqu
2709 3765 2900 3820 melius
2928 3763 3232 3832 expediret,
3273 3774 3438 3830 quam
3463 3757 3582 3826 ejus
3612 3757 3766 3826 cujus
3785 3767 3852 3809 ut

2252 3860 2361 3914 vita
2386 3857 2720 3930 prmeminet,
2752 3857 2825 3910 ita
2855 3865 2910 3910 et
2950 3867 3131 3911 sermo
3163 3849 3441 3906 antecellit
3471 3866 3485 3911 ;
3512 3848 3607 3902 sed
3634 3847 3761 3916 quia
3789 3846 3851 3901 id

2255 3954 2454 4026 ingenii
2490 3952 2630 4007 unda
2673 3951 2924 4022 denegat,
2971 3949 3208 4004 voluisse
3249 3944 3533 4002 ebaritatis
3565 3941 3688 4012 jura
3723 3951 3848 3996 lan-

2257 4053 2368 4101 tum
2397 4044 2649 4116 implesse
2675 4041 3009 4113 probabitur.

2823 4154 2898 4208 De
2926 4153 3039 4224 ejus
3068 4154 3281 4223 affectu.

2327 4269 2414 4324 64.
2451 4267 2642 4323 Restat
2689 4281 2832 4323 nunc
2893 4264 3088 4320 affectu
3138 4264 3313 4334 qualis
3361 4262 3525 4318 fuerit
3571 4262 3851 4316 intimare.

2257 4357 2361 4414 Sed
2386 4373 2492 4427 quo
2538 4357 2672 4411 artis
2699 4357 2914 4426 ingenio
2943 4355 3175 4424 pandam
3197 4351 3314 4421 ejus
3362 4352 3616 4408 allectum
3657 4353 3852 4416 animi,

2257 4451 2347 4519 qui
2391 4464 2498 4503 uno
2523 4463 2738 4518 semper
2769 4446 2967 4502 mentis
2996 4447 3191 4501 ardore
3221 4444 3557 4500 afﬁciebatur
3600 4445 3654 4498 in
3700 4446 3854 4497 omni

2261 4541 2381 4595 vitae
2417 4540 2654 4610 negotio.
2686 4537 2895 4608 Jugiter
2918 4538 3062 4594 enim
3095 4538 3323 4609 cupiens
3365 4537 3585 4592 dissolvi
3623 4545 3684 4591 et
3730 4551 3857 4591 esse

2262 4647 2383 4685 cum
2441 4631 2664 4686 Christo
2709 4627 2932 4701 (Philip.
2985 4628 3069 4699 1),,
3108 4644 3166 4685 se
3213 4628 3490 4684 laboribus
3541 4629 3853 4698 fatigabat:

2263 4735 2582 4790 permanere
2623 4728 2804 4775 autem
2832 4718 2885 4774 in
2912 4732 3077 4774 carne
3107 4729 3330 4789 propter
3357 4733 3456 4774 nos
3479 4711 3855 4772 necessarium

2263 4809 2389 4863 licet
2416 4808 2577 4863 aliter
2625 4808 2908 4874 fateretur,
2949 4809 3165 4879 penitus
3212 4808 3498 4864 sentiebat.
3544 4807 3702 4862 Unde
3740 4816 3857 4860 toto

2264 4902 2455 4957 adnisu
2486 4902 2610 4957 vitm
2643 4905 2926 4973 satagebat
2971 4903 3229 4972 prodesse
3257 4902 3532 4968 omnibus,
3577 4900 3728 4956 mille
3772 4902 3854 4970 (ut

2263 4994 2334 5048 ita
2359 4992 2556 5062 dicam)
2590 4992 2920 5048 cbaritatum
2974 5006 3191 5062 semper
3227 4991 3461 5063 negotiis
3507 4985 3807 5060 occupatus
3837 5008 3852 5056 ;

2262 5083 2560 5149 ptmsertim
2589 5081 2733 5150 quod
2785 5091 2930 5136 esset
2974 5083 3260 5136 consilium
3318 5082 3484 5137 totius
3545 5081 3760 5152 patriai,
3802 5089 3858 5134 et

2262 5185 2419 5244 pater
2469 5174 2714 5228 omnium
2767 5173 3147 5242 indigentium,
3193 5171 3285 5241 qui
3333 5170 3534 5227 ore'ac
3578 5171 3854 5234 manibus,

2261 5280 2384 5320 cum
2424 5264 2571 5318 omni
2615 5263 3021 5318 circumstantia
3068 5254 3410 5328 facultatum,
3457 5277 3558 5334 pro
3602 5253 3857 5318 libertate

2262 5353 2463 5410 Christi
2483 5365 2598 5409 erat
2627 5354 2873 5410 omnium
2909 5367 3122 5410 servus.

2675 5489 2912 5545 Corbeite
2949 5489 3229 5546 Saxonica:
3262 5491 3437 5545 initia.

2342 5604 2431 5658 65.
2459 5603 2558 5670 Qui
2593 5619 2713 5657 cum
2743 5615 2890 5658 esset
2927 5618 3141 5674 semper
3170 5619 3434 5660 accensus
3461 5605 3684 5670 ardore,
3734 5620 3852 5675 per-

2264 5695 2404 5750 venit
2435 5712 2605 5766 nsque
2636 5695 2698 5749 ad
2753 5697 3004 5751 Saxonia:
3058 5697 3213 5762 lines,
3243 5698 3329 5752 ubi
3377 5698 3489 5767 jam
3526 5698 3848 5767 parvissima
3869 5697 3881 5706 '
