4122 6324
263 350 390 407 lli-il

1456 337 1542 393 DE
1584 334 1737 390 Vl'l'A
1776 332 1833 389 S.
1872 331 2282 387 ADALIIARDI.

3374 330 3541 388 155-3-

266 463 450 524 eellula
475 479 506 518 a
536 470 724 520 sancto
753 476 886 527 \‘ll'O,
921 476 1021 517 suo
1059 458 1358 529 :cqnivoco,
1396 453 1704 519 Adalhardo
1736 466 1829 505 no-
1864 458 1909 511 Α
1941 448 2032 502 Dei
2069 448 2379 501 mandatum
2424 445 2586 502 nimis
2625 445 2839 502 nonnisi
2885 442 3110 529 dilatato
3136 447 3298 503 corde
3325 449 3512 519 perﬁci

262 554 425 620 mine,
453 562 670 623 sumptu
699 551 860 622 hujus
897 548 1213 605 monasterii
1263 545 1521 603 aediﬁcari
1571 552 1832 613 cmperat.

260 657 325 698 eo
354 642 502 713 quod
532 642 676 698 idem
702 642 893 696 beatus
915 640 1019 706 vir,
1058 637 1185 710 quia
1222 652 1353 691 suus
1398 634 1574 690 fuerat
1603 632 1837 687 nutritus

259 740 315 787 et
341 732 625 787 familiaris
654 731 819 795 ﬁlius,
847 729 1226 784 intercesserat
1255 725 1374 780 loco
1400 725 1537 795 ejus,
1569 725 1697 778 dum
1723 722 1840 793 ipse

259 821 402 875 Hero
428 820 599 875 insula
626 820 778 875 exsul
807 820 1118 883 haberetur,
1136 814 1320 871 mundi
1342 822 1396 870 et
1419 813 1655 884 paradisi
1682 812 1834 867 civis.

263 916 459 970 Videtis
484 914 646 986 igitur
677 914 796 985 pius
818 922 976 984 pater
1001 926 1066 966 ac
1088 924 1253 965 senex
1281 908 1653 963 sanctissimus
1689 918 1838 975 cmp-

262 1012 369 1060 tum
393 1020 530 1075 opus
579 1005 722 1076 quod
751 1004 969 1075 pietatis
990 1011 1134 1059 esset
1172 998 1427 1064 officium,
1474 1012 1653 1069 regem
1678 996 1833 1058 adiit,

261 1105 314 1150 et
337 1096 526 1166 petivit
550 1095 623 1150 'ab
646 1110 733 1160 eo,
760 1102 820 1150 ut
840 1095 1061 1149 daretur
1083 1092 1133 1148 ei
1164 1091 1315 1159 locus
1334 1088 1635 1145 aediﬁcandi
1665 1104 1681 1154 ;
1710 1087 1836 1157 quia

261 1187 347 1242 ille
377 1189 431 1243 in
462 1203 569 1258 quo
596 1199 621 1228 ι
651 1187 815 1242 silum
861 1185 1062 1249 fuerat,
1094 1200 1199 1240 non
1234 1182 1384 1237 utilis
1422 1189 1510 1234 aut
1535 1189 1695 1250 aptus
1720 1191 1837 1233 esse

260 1278 614 1347 probabatur.
646 1274 799 1345 Quod
838 1276 1066 1330 audiens
1109 1274 1403 1344 imperator
1430 1270 1718 1341 Augustus,
1745 1282 1838 1337 ga-

260 1369 406 1423 visus
445 1378 529 1423 est
555 1368 734 1434 valde,
765 1367 951 1424 volens
988 1367 1037 1422 ei
1067 1365 1234 1421 multa
1268 1363 1475 1434 largiri,
1508 1360 1611 1416 nisi
1638 1360 1836 1415 retine-

262 1469 344 1515 ret
386 1475 513 1515 eum
561 1460 698 1531 ipse,
744 1460 839 1530 qui
896 1458 1033 1514 nulli
1081 1472 1318 1528 unquam
1361 1453 1693 1511 concedebat
1732 1450 1836 1506 sibi

260 1553 410 1618 dare,
426 1561 686 1623 quantum
701 1551 928 1621 quilibet
952 1550 1241 1615 voluisset;
1268 1548 1362 1604 sed
1379 1554 1642 1618 quantum
1667 1543 1834 1605 idem,

259 1644 341 1699 vel
384 1646 430 1699 si
477 1644 765 1706 medicum.
813 1644 1157 1709 censuisset;
1208 1656 1373 1712 agens
1437 1654 1651 1710 semper
1700 1636 1836 1692 illud

259 1734 523 1804 Apostoli,
553 1735 680 1805 quia
707 1735 922 1790 beatius
945 1734 1077 1790 dare
1098 1748 1261 1804 quam
1291 1732 1558 1802 accipere.
1598 1730 1835 1800 Accepta

1938 555 2097 609 posse
2128 557 2142 606 ;
2182 539 2324 609 quod
2353 553 2481 595 vero
2510 554 2700 595 omnes
2726 523 3041 610 superﬁcies
3089 541 3141 595 in
3172 555 3231 597 se
3275 542 3513 605 resolvit,

1938 631 2139 703 liquido
2170 632 2433 704 signatur,
2479 631 2618 701 quod
2646 646 2835 685 omnes
2876 633 3095 701 reliquae
3129 633 3356 690 virtutes
3393 634 3515 705 ejus

1938 722 2221 777 latitudine
2250 730 2733 787 consummantur;
2762 728 2816 776 et
2869 721 2983 790 ipsa
3015 722 3250 777 charitas
3292 725 3508 779 nonnisi

1939 809 2262 865 Trinitatem
2313 810 2538 865 colendo
2591 811 2645 865 in
2692 810 2898 867 unitate
2944 808 3250 880 perﬁcitur,
3292 823 3352 868 ut
3388 830 3516 869 vera
3584 841 3607 865 .

1938 898 2201 969 perfectio
2243 899 2295 952 in
2351 899 2437 953 his
2489 900 2662 953 tribus
2699 900 2878 953 unitas
2919 900 3192 956 individua
3244 910 3516 959 teneatur.

1939 990 2066 1044 Haec
2094 990 2213 1043 ideo
2244 1003 2329 1044 me
2351 990 2551 1043 dixisse
2576 989 2827 1053 sufﬁciat,
2859 998 2919 1045 ut
2960 994 3322 1048 monstrarem
3354 1010 3517 1066 quam

1937 1081 2174 1151 prudens
2205 1080 2345 1136 idem
2374 1097 2439 1136 ac
2460 1082 2677 1152 sapiens
2707 1082 2890 1146 fuerit,
2925 1093 3236 1154 quantoque
3271 1084 3516 1140 cbarita-

1941 1170 2008 1225 tis
2032 1171 2225 1224 ardore
2260 1171 2522 1236 fervebat,
2565 1170 2654 1240 qui
2700 1172 2859 1225 talem
2891 1186 2957 1227 ae
2989 1180 3199 1227 tantum
3231 1172 3516 1243 discipulis

1940 1259 2215 1313 habitandi
2267 1258 2442 1314 locum
2476 1269 2727 1329 pararat,
2758 1260 3019 1332 irriguum
3053 1263 3232 1332 aquis,
3275 1263 3424 1318 velut
3472 1264 3517 1319 si

1938 1347 2117 1401 minor
2173 1347 2441 1418 Egyptus
2479 1358 2633 1404 esset
2687 1357 2744 1404 et
2782 1351 2921 1405 alter
2972 1351 3257 1419 paradisus
3306 1351 3517 1406 Domini

1939 1437 2280 1492 venientibus
2308 1436 2377 1492 de
2414 1436 2560 1493 fonte
2602 1438 2780 1493 Patris
2806 1440 2860 1493 in
2892 1450 3071 1495 ortum
3111 1440 3259 1497 solis.
3285 1440 3423 1496 Vere
3451 1443 3518 1497 de

1938 1522 2087 1580 fonte
2112 1524 2289 1579 Patris
2315 1525 2445 1592 dixi,
2469 1526 2594 1597 quia
2627 1527 2680 1581 in
2727 1526 2944 1583 Christo
2996 1529 3192 1594 renati,
3222 1531 3519 1585 creduntur

1937 1614 2132 1669 exinde
2171 1630 2277 1669 non
2332 1615 2504 1670 solum
2549 1616 2616 1670 ad
2647 1625 2827 1671 ortum
2856 1616 3003 1681 solis,
3054 1619 3148 1673 sed
3180 1618 3344 1674 etiam
3375 1619 3515 1673 ultra

1939 1706 2105 1763 solem
2128 1722 2300 1777 usque
2320 1709 2721 1764 transcendere.
2745 1710 2917 1777 Quem
2948 1710 3123 1766 locum
3156 1712 3344 1768 beatus
3360 1722 3515 1782 pater

259 1798 436 1879 amem
470 1798 750 1895 βοὼεωω
779 1840 809 1879 3
842 1840 968 1895 rege
998 1834 1057 1879 ,η
1104 1798 1194 1879 ibi
1230 1798 1557 1878 veneﬁuud
1597 1798 1834 1876 ωοεθξει,
1935 1798 2214 1895 Corbeiam
2249 1799 2472 1855 alterius
2521 1804 2587 1856 de
2621 1803 2837 1857 nomine
2866 1803 3143 1895 vocitavil,
3190 1813 3251 1859 ut
3301 1805 3512 1895 signum

260 1922 363 1977 ret,
390 1912 555 1985 elegit
574 1914 750 1970 locum
789 1913 944 1969 valde
966 1927 1245 1969 anuenum
1269 1921 1327 1969 et
1353 1912 1634 1968 monachis
1671 1910 1834 1966 nimis

226 2002 557 2075 'cnngruum
602 2005 670 2060 ad
714 2004 1068 2060 habitandum
1098 2021 1112 2057 :
1145 2004 1235 2058 ubi
1261 2012 1317 2059 et
1348 2018 1444 2058 rex
1488 2012 1673 2072 postea
1717 2001 1837 2073 plu-

258 2098 393 2150 rima
450 2105 671 2168 propter
720 2097 817 2154 Dei
880 2095 1267 2167 omnipotentis
1317 2109 1559 2150 amorem
1608 2092 1837 2149 contulit

258 2184 538 2241 bentﬁcia.
1440 2204 1443 2207 “

752 2299 900 2356 Situs
926 2308 974 2356 et
1006 2299 1178 2371 ﬁgura
1206 2298 1327 2355 laci.

329 2413 416 2468 66.
456 2413 552 2469 Est
582 2422 764 2470 autem
808 2414 958 2470 locus
986 2413 1337 2486 pergentibus
1368 2411 1444 2467 'ad
1471 2420 1650 2466 ortum
1700 2409 1833 2467 solis

256 2503 322 2559 de
346 2502 515 2559 Fonte
545 2505 574 2544 δ
597 2504 775 2561 Patris
803 2506 940 2561 situs
972 2522 1134 2577 supra
1161 2503 1313 2560 littus
1339 2502 1595 2569 Wiserce,
1628 2504 1680 2558 in
1721 2518 1831 2557 mo-

257 2594 382 2648 dum
408 2606 443 2649 Δ
472 2594 685 2661 litterae,
715 2595 870 2651 vallis
898 2594 1121 2666 planitie
1157 2595 1482 2661 collocatus;
1520 2594 1734 2651 habens
1761 2595 1835 2650 ad

256 2693 436 2738 ortum
467 2684 598 2740 solis
623 2684 914 2756 praefatum
933 2686 1167 2753 alveum,
1194 2696 1250 2742 et
1278 2696 1515 2743 montem
1528 2697 1835 2758 porrectum

258 2775 310 2830 in
350 2775 489 2831 facie
520 2777 673 2847 juxta
713 2776 965 2854 fluvium..
991 2778 1159 2833 Porro
1189 2794 1221 2833 a
1252 2778 1480 2835 meridie
1515 2791 1671 2834 tn'ons
1699 2777 1836 2832 alius

255 2866 539 2938 egrediens
568 2886 598 2923 e
626 2866 790 2924 ﬁnvio
837 2869 957 2924 sinu
997 2868 1168 2925 tendit
1205 2870 1272 2925 ad
1319 2882 1603 2934 occasum;
1648 2883 1676 2922 a
1717 2882 1836 2937 sep-

257 2959 527 3014 tentrione
575 2976 704 3015 vero
754 2960 891 3016 alter
933 2976 965 3016 e
1012 2961 1231 3032 regione
1290 2961 1406 3033 pari
1462 2961 1568 3016 situ
1623 2958 1831 3031 pergit,

255 3064 535 3118 quousque
567 3065 625 3105 se
652 3049 882 3106 invicem
930 3051 1073 3106 viam
1119 3067 1218 3122 per
1253 3050 1487 3107 medium
1526 3050 1717 3106 dantes
1744 3065 1836 3104 co-

256 3138 525 3211 pulentur.
572 3140 750 3212 Atque
779 3142 853 3197 ita
899 3142 1184 3199 in'medio
1226 3142 1286 3198 ﬁt
1313 3142 1490 3208 vallis,
1541 3141 1767 3213 ﬁguram
1796 3154 1834 3199 Δ
1862 3155 1908 3220 c

257 3237 359 3284 hoc
388 3231 567 3297 modo,
597 3242 859 3302 quantum
892 3234 1169 3300 recordor,
1216 3234 1549 3305 exprimens.
1590 3232 1703 3289 Nec
1727 3234 1831 3289 im-

256 3319 482 3385 merito;
514 3337 637 3376 nam
664 3324 922 3393 magister
943 3323 1190 3379 veritatis
1215 3324 1397 3379 divino
1418 3332 1551 3378 nutu
1583 3324 1830 3391 edoctus,

254 3410 417 3463 talem
450 3410 612 3481 elegit
654 3411 853 3478 locum,
883 3414 1056 3482 quiet
1081 3414 1282 3470 Christi
1328 3415 1565 3470 nutriret
1598 3416 1835 3486 discipu-

254 3495 357 3563 los,
380 3505 436 3553 et
471 3513 569 3554 suo
594 3514 692 3555 eos
732 3500 1065 3557 describeret
1097 3502 1437 3569 charactere,
1491 3511 1548 3558 et
1595 3503 1836 3575 signaret

258 3589 385 3643 situ.

330 3700 558 3774 Mysu'ca
582 3702 806 3760 abbatia:
835 3704 1067 3761 Corbeiae
1078 3703 1440 3777 dispositionis
1465 3703 1763 3776 explicatio.

331 3815 422 3869 67.
440 3813 584 3870 Nihil
602 3815 746 3870 enim
780 3816 832 3871 in
851 3819 1105 3874 omnibus
1124 3818 1435 3890 geometriae
1457 3817 1646 3888 ﬁguris
1660 3818 1838 3874 trian-

258 3903 434 3973 gulari
466 3906 893 3961 consummatius
919 3906 1122 3978 aliquid
1170 3916 1266 3962 aut
1303 3907 1597 3978 perfectius
1626 3908 1837 3963 inveni-

262 4002 369 4048 tur.
407 3994 501 4049 Est
539 3996 683 4049 enim
723 4012 984 4053 numerus
1013 3999 1101 4053 hic
1132 3998 1297 4054 totius
1340 3998 1638 4054 latitudinis
1662 4007 1718 4055 et
1748 4015 1838 4055 su-

260 4082 502 4156 perﬁciei
541 4084 595 4140 in
627 4086 970 4142 arithmetica
993 4087 1139 4144 solus
1164 4088 1510 4160 principium,
1540 4088 1595 4144 in
1620 4102 1837 4157 geome-

261 4175 400 4229 trica
434 4176 572 4230 idem
599 4176 808 4246 planior
830 4178 1137 4246 invenitur;
1187 4188 1243 4235 et
1270 4179 1518 4251 quisquis
1555 4179 1840 4251 diligenter

262 4264 565 4334 inspexerit
601 4267 750 4321 hanc
789 4268 1038 4339 ﬁguram,
1078 4285 1257 4340 neque
1283 4271 1338 4326 in
1371 4271 1456 4327 his
1498 4271 1708 4327 artibus
1736 4270 1838 4326 ali-

262 4354 394 4422 quid
426 4355 727 4410 mirabilius
750 4358 1035 4427 reperitur,
1068 4375 1245 4430 neque
1265 4360 1318 4415 in
1346 4372 1533 4416 nostra
1555 4359 1837 4431 disciplina

1932 1897 2076 1945 esset
2125 1890 2179 1945 in
2225 1898 2536 1960 posterum,
2583 1907 2615 1947 a
2664 1907 2772 1963 quo
2816 1893 2969 1963 prius
3027 1893 3155 1948 illud
3204 1904 3351 1948 esset
3392 1892 3516 1947 fun-

1934 1980 2139 2036 datum.

1934 2136 2273 2193 Adailtardus
2321 2154 2447 2194 suos
2481 2139 2551 2194 ad
2593 2140 2834 2195 studium
2884 2140 3209 2211 paupertatis
3252 2140 3513 2196 hortatur.

2004 2280 2089 2338 68.
2121 2282 2275 2349 Quis,
2317 2284 2390 2338 mi
2412 2282 2575 2338 Pater
2620 2284 2962 2349 charissime,
3023 2299 3246 2339 narrare
3290 2286 3519 2340 sufﬁciat

1930 2376 2212 2446 providam
2246 2377 2551 2432 doctrinam
2582 2385 2728 2431 tuam
2768 2376 2824 2431 in
2854 2376 3147 2431 omnibus?
3169 2392 3292 2432 vere
3319 2377 3512 2439 fateor,

1934 2465 2076 2537 quod
2095 2466 2310 2537 quoties
2333 2466 2409 2521 tui
2448 2466 2786 2521 recordorad
2831 2465 3117 2535 liquidum,
3172 2466 3340 2520 miror
3383 2467 3515 2521 satis

1935 2572 2097 2629 quam
2117 2557 2378 2627 providus
2396 2565 2521 2611 erat
2546 2556 2601 2611 in
2624 2556 2896 2611 omnibus.
2922 2555 3196 2610 ltecordor
3215 2556 3359 2610 enim
3388 2557 3517 2612 doc-

1936 2649 2200 2703 trinarum
2212 2659 2451 2713 tuarum,
2471 2647 2668 2717 quibus
2688 2661 2783 2701 eos
2796 2645 2998 2709 aiebas,
3014 2653 3073 2699 et
3099 2646 3422 2700 instituebas
3437 2655 3515 2700 te-

1938 2736 2110 2793 nellos
2137 2738 2204 2792 de
2249 2735 2355 2791 ﬁde
2380 2744 2434 2790 et
2470 2736 2765 2800 cbaritate,
2813 2735 2956 2789 inter
2976 2749 3112 2804 quas
3150 2733 3315 2788 etiam
3366 2750 3516 2804 spem

1938 2827 2169 2882 mediam
2194 2826 2529 2891 collocabas;
2572 2825 2638 2880 de
2668 2824 2909 2879 moribus
2932 2831 2987 2878 et
3010 2824 3077 2876 de
3105 2822 3250 2877 omni
3272 2824 3516 2878 doetriua

1934 2918 2089 2983 vitae;
2112 2916 2343 2988 qualiter
2369 2916 2533 2971 etiam
2556 2914 2765 2969 oblatas
2791 2912 2891 2968 sibi
2931 2927 3018 2967 res
3038 2927 3070 2965 a
3099 2927 3171 2981 qu
3190 2912 3359 2966 olibet
3388 2928 3514 2967 sus-

1932 3007 2115 3079 cipere
2155 3006 2488 3070 debuissent,
2511 3019 2636 3059 cum
2673 3003 2805 3075 ipsis
2834 3004 2977 3058 inter
3002 3001 3389 3057 sollicitudinis
3418 3017 3515 3055 ne—

1936 3099 2081 3171 gotia
2119 3098 2436 3168 peragebas,
2481 3094 2872 3152 commendans
2899 3094 2979 3149 eis
3012 3109 3110 3164 per
3133 3093 3332 3157 omnia,
3375 3101 3431 3147 ut
3462 3093 3517 3146 in

1938 3189 2085 3246 nullo
2126 3198 2464 3244 terrenorum
2510 3184 2688 3256 cupidi
2735 3194 2957 3251 essent,
3005 3199 3181 3254 neque
3222 3184 3516 3254 quidquam

1937 3279 2140 3339 vellent
2180 3277 2431 3346 accipere
2460 3276 2602 3331 unde
2639 3274 2728 3329 alii
2759 3281 3154 3344 gravarentur;
3182 3282 3237 3329 et
3265 3274 3311 3328 si
3343 3274 3519 3328 hatre-

1938 3371 2035 3426 des
2077 3377 2260 3425 essent
2305 3384 2486 3423 rerum
2529 3367 2837 3439 largitoris,
2879 3374 3038 3422 caute
3086 3367 3517 3433 considerarent,
3550 3378 3568 3391 ’

1938 3474 2007 3516 ne
2039 3458 2178 3515 forte
2224 3457 2344 3528 ipsi,
2372 3472 2602 3526 quorum
2632 3464 2778 3511 erat
2831 3455 3145 3521 haereditas,
3172 3456 3515 3524 postmodum

1938 3549 2127 3619 inopes
2165 3546 2373 3602 ﬁerent.
2417 3545 2545 3601 Haec
2577 3554 2697 3600 erat
2735 3543 2851 3613 ejus
2879 3543 3105 3599 sollicita
3135 3552 3189 3599 et
3218 3543 3306 3613 pia
3333 3543 3483 3598 censi
3502 3570 3517 3585 ι·

1939 3636 2149 3693 deratio
2179 3635 2234 3691 in
2260 3636 2510 3691 omnibus
2549 3634 2961 3705 quibuscunque
3003 3640 3235 3703 praeerat
3274 3632 3427 3698 locis,
3458 3640 3517 3686 ut

1939 3742 2115 3797 neque
2158 3726 2503 3781 inhonestum
2541 3724 2835 3794 quidquam
2877 3722 3173 3793 acciperet,
3207 3737 3380 3792 neque
3412 3722 3519 3787 ali-_

1940 3817 2062 3888 quis
2085 3815 2238 3887 quasi
2270 3829 2430 3870 causa
2467 3813 2854 3869 misericordiae
2883 3811 3227 3888 postmodum
3281 3811 3517 3880 paenitu-

1941 3907 2067 3963 dine
2103 3915 2462 3979 premeretur.
2513 3905 2737 3960 Dicebat
2765 3905 2910 3961 enim
2940 3905 3083 3974 quod
3116 3904 3265 3959 multi
3296 3919 3402 3959 non
3432 3919 3519 3959 so-

1942 3997 2056 4052 lum
2102 4004 2341 4053 rectores
2383 3995 2773 4076 ecclesiarum,
2822 3994 2918 4055 sed
2964 3995 3128 4051 etiam
3178 3993 3277 4064 ipsi
3321 3992 3517 4048 ibidem

1941 4089 2054 4145 Deo
2081 4088 2338 4159 degentes
2358 4085 2452 4157 qui
2483 4085 2678 4142 saeculo
2706 4085 3045 4141 renuntiasse
3073 4084 3343 4149 videntur,
3371 4081 3441 4139 ob
3469 4084 3521 4138 id

1942 4180 2151 4251 decepti
2181 4187 2386 4246 essent,
2431 4179 2574 4250 quod
2622 4178 2785 4235 rebus
2830 4178 3016 4234 nimiis
3055 4177 3415 4244 abundarent,
3464 4176 3519 4231 in

1944 4281 2155 4329 tantum
2202 4280 2261 4327 ut
2306 4270 2503 4328 saeculo
2547 4271 2754 4326 servire
2795 4270 2974 4325 denuo
3034 4279 3377 4339 cogerentur,
3428 4267 3522 4338 qui

1943 4365 2142 4421 mortui
2193 4365 2397 4419 mundo
2442 4375 2563 4418 esse
2611 4361 2929 4417 debuerant.
2983 4383 3000 4406 ι
3039 4358 3197 4426 Quid,
3249 4358 3524 4437 inquiens.

264 4446 559 4560 quidquam
610 4447 782 4516 majus
806 4458 901 4560 aut
938 4450 1131 4560 melius
1160 4451 1482 4560 pmdicatur
1522 4465 1685 4560 quam
1713 4449 1838 4505 Tri-
1870 4455 2204 4560 Dprodejsse
2246 4450 2446 4523 poterit
2494 4448 2934 4560 rebus'p'ropriis
2973 4446 3183 4560 futut'os
3229 4447 3522 4560 exspoliari

262 4538 411 4593 nitas
437 4534 582 4592 Deus
602 4552 783 4592 verus.
807 4536 973 4608 Igitur
1005 4540 1123 4594 sine
1166 4540 1268 4594 hoc
1294 4555 1519 4594 numero
1553 4538 1839 4594 formatum

260 4626 468 4695 ﬂiquid
501 4626 634 4681 nihil
664 4627 959 4698 perfectum
986 4626 1250 4692 innuitur,
1280 4628 1534 4683 videlicet
1561 4628 1677 4683 sine
1702 4628 1845 4697 prin-

212 4740 224 4751 ο
273 4715 407 4785 ripio
432 4730 496 4769 ac
524 4715 633 4771 ﬁne
659 4725 716 4770 et
739 4717 932 4771 horum
960 4716 1138 4772 medio
1163 4716 1307 4771 inter
1336 4716 1662 4786 principium
1681 4723 1843 4786 atque

267 4805 449 4861 linem.-
480 4804 607 4863 llzec
644 4822 774 4863 vero
808 4808 977 4879 figura
1016 4809 1270 4880 princeps
1298 4816 1384 4863 est
1428 4809 1510 4877 (ut
1539 4807 1673 4878 dixi)
1720 4806 1843 4863 lati-

236 4897 486 4961 tudinis,
520 4912 585 4953 eo
627 4898 771 4968 quod
815 4908 1024 4955 (aeterm
1052 4914 1243 4955 omnes
1287 4897 1601 4969 superﬁcies
1641 4898 1695 4952 in
1741 4896 1844 4954 hac

261 4987 642 5056 resolvuntur;
675 4989 791 5060 ipsa
820 5006 950 5046 vero
990 4991 1246 5061 quoniam
1270 4989 1431 5045 nullis
1457 4989 1737 5060 principiis
1755 5000 1840 5045 est

260 5078 520 5144 obnoxia,
550 5095 724 5151 neque
751 5081 819 5137 ab
846 5081 950 5136 alia
988 5081 1271 5137 latitudine
1318 5080 1422 5136 nisi
1454 5096 1485 5135 a
1510 5094 1571 5136 se
1614 5080 1843 5151 sumpsit

261 5168 501 5234 initium,
529 5169 583 5223 in
629 5184 751 5226 sese
784 5172 898 5241 ipsa
921 5169 1212 5227 resolvitur
1239 5185 1255 5226 :
1287 5186 1409 5242 quae
1437 5173 1483 5227 st
1512 5171 1588 5225 ita
1626 5186 1840 5227 sursum

259 5269 450 5318 erecta
477 5260 660 5327 fuerit,
694 5271 752 5317 ut
778 5272 1053 5319 ostensum
1080 5272 1182 5328 est,
1217 5263 1340 5334 igne
1377 5263 1660 5319 cbaritatis
1684 5262 1841 5319 ﬁam-

260 5367 419 5408 inare
454 5353 649 5409 ibidem
695 5354 996 5410 habitantes
1033 5355 1230 5411 debere
1277 5363 1632 5410 monstratur.
1687 5353 1840 5422 Quod

261 5455 448 5500 autem
480 5445 648 5514 ipsius
676 5462 705 5500 a
741 5445 1024 5505 latitudine
1048 5448 1109 5504 ﬁt
1134 5448 1368 5514 initium,
1394 5449 1633 5504 ostendit
1674 5448 1843 5504 latum

340 5597 471 5671 «De
521 5597 607 5652 illa
648 5598 840 5671 cellula
880 5598 1105 5671 ejusque
1155 5601 1261 5657 situ
1291 5609 1346 5657 et
1392 5599 1622 5671 origine,
1669 5616 1733 5655 ac
1777 5600 1847 5655 de
1916 5644 1929 5653 .

1946 4541 2212 4605 literedes,
2238 4548 2294 4595 et
2321 4552 2510 4594 rursus
2545 4552 2640 4593 eos
2665 4535 2789 4609 [al.,
2812 4534 2928 4607 eas]
2958 4534 3254 4605 mancipari
3293 4536 3524 4606 negotiis

1944 4628 2330 4686 smeularibus?
2352 4627 2579 4682 Constat
2606 4624 2771 4697 igitur
2799 4640 2898 4680 nos
2927 4624 2981 4678 in
3003 4624 3256 4695 praesenti
3285 4632 3523 4693 tempore

1946 4721 2069 4774 ideo
2110 4717 2418 4787 reipublicae
2460 4715 2765 4782 deservire,
2817 4714 2941 4786 quia
2976 4715 3090 4785 ipsa
3135 4712 3338 4768 nostris
3381 4721 3525 4768 atte-

1947 4817 2109 4864 nuata
2139 4805 2526 4878 cupiditatibus
2553 4821 2621 4861 ex
2665 4821 2725 4861 se
2750 4804 3047 4861 subsistere
3075 4820 3178 4858 non
3217 4818 3377 4873 posse
3404 4818 3523 4856 ma-

1946 4900 2143 4957 nifeste
2169 4907 2456 4964 causatur;
2488 4906 2543 4952 et
2568 4898 2772 4954 idcirco
2814 4913 2911 4952 nos
2948 4895 3213 4960 infelices,
3246 4895 3336 4965 qui
3362 4894 3523 4950 liberi

1947 5004 2068 5047 esse
2100 4989 2155 5044 in
2199 4988 2418 5044 Christo
2445 4988 2731 5043 debuimus
2754 5027 2769 5053 ,
2812 4987 2937 5041 facti
2973 5000 3160 5041 sumus
3201 4985 3524 5055 turpissimae

1949 5079 2255 5144 servitutis,
2293 5078 2458 5133 etiam
2490 5078 2663 5142 inviti,
2697 5077 2861 5132 servi.
2893 5074 3189 5131 Occasione
3222 5075 3407 5145 itaque
3431 5088 3526 5128 ac-

1948 5179 2125 5242 cepta.
2169 5169 2325 5242 quasi
2376 5169 2431 5225 in
2455 5168 2550 5224 Dei
2592 5183 2756 5225 causa
2799 5167 2986 5222 mundi
3028 5166 3278 5221 militiam
3319 5163 3555 5235 bajula-g

1951 5276 2093 5328 mus,
2121 5276 2243 5316 cum
2263 5258 2554 5331 Apostolus
2596 5257 2742 5314 dicat
2767 5275 2780 5311 :
2809 5257 2976 5312 Nemo
3006 5254 3242 5310 militans
3267 5254 3399 5321 Deo,
3425 5255 3525 5307 im-

1949 5353 2111 5426 plicat
2143 5369 2198 5408 re
2231 5352 2450 5422 negotiis
2478 5349 2820 5405 sa'cularibus
2849 5347 2935 5420 (II
2960 5345 3094 5402 Tim.
3120 5345 3293 5417 xxrv).
3340 5344 3527 5415 Neque

1950 5440 2094 5502 enini
2134 5461 2165 5500 a
2199 5443 2354 5500 nobis
2378 5441 2615 5513 exigitur
2639 5439 2783 5509 quod
2815 5428 3121 5495 necessaria
3158 5444 3364 5491 tantum
3391 5434 3524 5489 reti-

2022 5606 2051 5645 b
2089 5601 2144 5658 Id
2200 5609 2283 5657 est
2336 5598 2714 5661 Paderborna,
2770 5594 2943 5666 inquit
2989 5590 3282 5651 Bollandus
3309 5630 3326 5657 ,
3381 5586 3525 5660 quod

262 5666 513 5740 (’lmfbeizc
569 5683 719 5740 nova:
754 5666 1065 5740 primordiis
1112 5671 1318 5740 dicetur
1366 5666 1685 5726 inferius'in
1737 5670 1848 5725 his-
1955 5675 2083 5730 Padi
2106 5670 2342 5728 ﬂuminis
2370 5668 2570 5725 fontem
2597 5673 2771 5724 sonat.

266 5736 410 5790 toria
451 5736 818 5796 translationis
847 5739 903 5795 S.
938 5741 1065 5809 \‘iti,
1093 5752 1146 5799 et
1171 5743 1223 5798 in
1255 5738 1372 5799 Vita
1404 5740 1572 5796 Walte
1612 5740 1840 5796 abbatis.
