4122 6324
570 349 617 402 .i
629 347 732 401 513

1378 339 1436 394 s.
1479 318 1831 393 nisainsa
1876 330 2222 389 ιι.ιιιιιιειιτι
2264 326 2549 383 matris
2587 325 3035 385 CORBEIENSIS

3716 327 3859 386 ιδιι

601 472 823 517 ιιι-ιιιιιε,
865 453 958 510 sed
987 453 1113 524 quia
1140 448 1409 521 superﬂua
1436 449 1521 520 (ut
1546 448 1615 502 ab
1640 446 1772 517 ipsis
1800 441 2017 514 dicitur)
2048 457 2169 511 pos-
2196 450 2244 507 Α
2276 454 2396 494 mur
2424 437 2712 493 charitatis
2743 438 3044 493 visceribus
3079 454 3091 491 :
3127 436 3200 492 ita
3224 445 3283 492 ut
3318 437 3364 491 si
3408 437 3559 494 saxei
3590 452 3865 503 essuries,

595 551 834 608 sitiemus
860 564 871 599 :
894 555 949 602 et
995 544 1137 601 unde
1180 543 1364 599 miseri
1406 541 1499 595 lati
1551 541 1604 594 in
1653 538 1994 610 possessione
2051 548 2170 590 esse

597 642 883 713 cupimus,
930 637 1055 693 inde
1106 645 1458 705 angustamur
1500 634 1555 689 in
1601 633 1749 688 omni
1796 645 1962 701 opere
2005 628 2168 682 bono.

596 734 956 801 Quapropter,
989 727 1160 791 filioli,
1188 734 1364 782 estote
1392 723 1634 779 contenti
1678 727 1997 791 paupertate
2018 716 2175 772 Chri-

514 864 529 881 .
596 825 691 889 sti,
735 836 852 879 sine
878 836 986 891 qua
1018 832 1179 875 nemo
1217 826 1302 873 est
1333 817 1503 872 dives.
1557 812 1826 868 Not-eritis
1858 810 2004 866 enim
2032 807 2174 878 quod

596 916 741 974 beati
767 922 893 971 sunt
910 926 1176 984 pauperes
1201 908 1415 979 spiritu,
1437 906 1635 976 quibus
1660 917 1883 973 regnum
1910 899 2175 957 calorum

599 1005 995 1079 repromittitur
1015 1001 1232 1075 (ll-ult.
1256 998 1346 1069 v);
1372 1007 1429 1054 et
1457 998 1597 1059 ideo.
1622 995 1820 1051 fratres
1864 993 1989 1058 mei,
2011 990 2178 1047 nolite

518 1158 524 1165 ,
598 1097 753 1169 quasi
783 1095 1127 1167 proprietatis
1148 1086 1314 1162 opere
1340 1088 1600 1145 sectanda
1627 1086 1932 1150 avaritiam,
1963 1097 2180 1154 posses-

598 1189 806 1245 sionem
854 1196 1117 1242 aeternam
1163 1182 1409 1254 perdere.
1458 1180 1647 1235 Estote
1692 1177 1857 1248 igitur
1900 1174 2045 1244 quod
2082 1189 2180 1229 vos

599 1285 803 1332 averna
836 1274 1042 1333 Christi
1088 1270 1302 1328 vocatio
1340 1284 1464 1326 esse
1513 1267 1721 1332 voluit;
1761 1274 1825 1320 ut
1861 1272 2179 1335 paupertate

599 1369 802 1426 Christi
852 1365 1249 1438 participando,
1292 1362 1489 1418 divites
1526 1374 1650 1416 esse
1684 1373 1808 1414 cum
1833 1371 1901 1412 eo
1926 1356 2045 1411 sine
2074 1353 2182 1410 line

602 1459 945 1517 mereamini.
978 1478 998 1512 ι

815 1587 893 1644 Ob
914 1586 1146 1641 Corbeite
1174 1582 1338 1639 Name
1354 1580 1704 1637 conditionem
1734 1577 1962 1632 uelatur.

673 1700 762 1756 69.
804 1699 898 1755 His
930 1706 986 1752 et
1019 1694 1323 1765 huiusmodi
1365 1708 1489 1748 cum
1524 1706 1622 1747 eos
1658 1690 1898 1761 quotidie
1925 1687 2176 1744 corrobo-

602 1800 753 1849 raret
798 1804 861 1845 ac
901 1787 1275 1850 conﬁrmaret,
1315 1781 1737 1839 construebatur
1787 1778 1985 1833 ibidem
2011 1818 2027 1843 ,
2071 1778 2181 1831 Deo

601 1889 829 1955 agente,
861 1895 964 1934 non
1007 1876 1178 1932 solum
1228 1872 1575 1938 monasterii,
1624 1870 1719 1927 sed
1757 1869 1921 1924 etiam
1943 1867 2185 1923 caelestis

602 1972 792 2045 patria:
830 1969 1263 2023 fundamentum.
1295 1964 1436 2031 Quid
1470 1971 1627 2033 putas
1660 1969 1864 2031 quanto
1897 1968 2023 2013 tunc
2049 1973 2185 2028 gau-

603 2062 693 2115 dio
721 2058 1061 2114 afﬁciebatur
1085 2053 1203 2123 eius
1230 2054 1462 2113 animus,
1489 2062 1800 2122 quantaque
1824 2048 2036 2113 laetitia,
2061 2062 2185 2103 cum

603 2152 702 2209 Dei
733 2148 1122 2221 omnipotentis
1148 2161 1304 2203 amor
1337 2145 1412 2200 ita
1438 2144 1694 2216 ﬂagraret
1720 2141 1776 2197 in
1798 2142 1904 2206 eis,
1930 2148 1990 2195 ut
2021 2139 2187 2195 etiam

607 2243 786 2301 omnis
813 2241 901 2296 illa
933 2240 1079 2311 regio
1100 2239 1267 2294 Deum
1294 2252 1391 2308 per
1416 2236 1561 2308 ipsos
1587 2234 1968 2289 benedicere”
1990 2231 2190 2286 Fateor

607 2333 811 2403 itaque,
838 2331 904 2386 ad
926 2345 1027 2386 nos
1055 2342 1440 2397 nonnunquam
1467 2325 1682 2381 rediens
1702 2324 1844 2395 quod
1869 2339 1980 2393 pra:
2003 2336 2189 2376 amore

603 2427 693 2498 pio
719 2433 773 2480 et
799 2422 1023 2495 spiritali
1047 2421 1240 2492 gaudio
1268 2420 1354 2474 vix
1388 2434 1445 2475 se
1477 2426 1682 2492 poterat
1721 2417 2026 2480 Centaure,
2061 2417 2189 2471 hinc

604 2516 730 2570 inde
775 2510 1055 2569 exsultans
1104 2520 1266 2582 atque
1312 2511 1592 2581 gaudens,
1647 2508 1789 2580 quod
1820 2507 2066 2563 Christus
2096 2519 2190 2577 per

604 2623 729 2663 cum
758 2606 1157 2679 glorificaretur
1184 2604 1235 2658 in
1269 2603 1472 2658 multis.
1512 2600 1621 2656 Nos
1647 2600 1865 2672 quidem
1914 2599 2098 2667 rigans
2128 2610 2191 2650 ac

605 2714 833 2769 pascens
861 2697 1068 2754 cmlcsti
1102 2695 1323 2766 pabulo,
1352 2694 1476 2749 illos
1506 2693 1758 2763 plantans
1794 2691 1848 2745 in
1879 2689 2098 2745 Christo
2126 2701 2190 2742 ac

606 2803 928 2860 propagans,
979 2786 1173 2857 agebat
1219 2792 1281 2839 ut
1327 2784 1563 2838 fructum
1606 2779 1899 2851 plurimum
1922 2776 2033 2833 Deo
2076 2774 2190 2830 fer-

608 2886 766 2932 rent:
793 2878 846 2931 in
878 2875 1130 2931 omnibus
1175 2889 1235 2929 se
1276 2873 1545 2929 exhibens
1568 2869 1769 2925 Christi
1816 2867 1963 2923 vices
2004 2881 2189 2938 agere,

609 2968 773 3021 etiam
808 2970 863 3020 et
891 2964 1062 3019 forma
1091 2962 1409 3018 humilitatis
1434 2960 1685 3017 omnibus
1714 2958 1942 3013 anteire.

918 3096 997 3152 De
1022 3105 1216 3165 septem
1243 3093 1495 3165 gradibus
1516 3091 1872 3164 perfectionis.

685 3211 775 3266 70.
827 3210 1028 3281 Sicque
1061 3198 1265 3280 iugiter
1324 3222 1432 3261 uno
1467 3205 1805 3277 jubilationis
1858 3185 2193 3257 adiciebatur

611 3304 826 3375 spiritu,
861 3309 914 3356 et
946 3299 1230 3373 appetebat
1256 3298 1611 3369 ingressiouis
1634 3311 1924 3366 campum:
1963 3308 2083 3365 quae
2110 3294 2193 3348 in.

562 3401 575 3409 “
615 3391 822 3463 gressio
858 3390 1156 3446 semiudum
1186 3389 1401 3443 beatum
1442 3386 1798 3457 Augustinum
1848 3383 1903 3437 in
1934 3382 2072 3437 libro
2100 3381 2191 3437 ubi

619 3482 688 3537 de
733 3480 928 3535 animae
977 3477 1281 3549 quantitate
1323 3475 1583 3546 loquitur,
1613 3488 1721 3528 una
1770 3473 1837 3528 de
1883 3480 2111 3542 septem,
2137 3478 2197 3526 et

618 3584 770 3631 sexta
800 3572 1152 3645 perfectionis
1177 3578 1265 3626 est
1304 3570 1495 3624 virtus.
1538 3567 1770 3635 Quintus
1811 3565 2080 3635 siquidem
2105 3578 2197 3619 ea.

550 3680 555 3683 '
618 3681 738 3719 rum
769 3664 966 3736 gradus
995 3672 1076 3719 est
1118 3654 1510 3733 tranquillitas;
1543 3668 1731 3715 sextus
1771 3657 2069 3729 ingressio;
2110 3670 2199 3711 se-

620 3755 824 3826 ptimus
856 3751 1237 3821 contemplatio
1264 3768 1276 3803 :
1300 3766 1418 3821 qua:
1455 3749 1527 3804 ita
1554 3746 1931 3805 decentissime
1973 3753 2200 3816 possunt

621 3846 783 3910 edici,
818 3846 870 3899 in
900 3844 1075 3915 seipse
1098 3843 1226 3897 dum
1250 3842 1431 3896 anima
1458 3838 1712 3911 quaelibet
1732 3851 1918 3893 secum
1956 3834 2196 3907 ingredi-

620 3947 712 3990 tur
739 3945 795 3991 et
821 3944 1089 3990 versatur.
1142 3933 1223 3988 Ad
1266 3933 1455 3998 Deum,
1501 3931 1627 3986 dum
1665 3927 1906 3999 quotidie
1946 3926 2201 3981 ardenter

622 4027 1007 4089 desiderando,
1045 4024 1112 4077 ad
1142 4037 1266 4078 eum
1302 4021 1625 4093 ingreditur,
1661 4020 1736 4073 ita
1766 4018 1959 4073 dicens
1987 4031 1999 4069 :
2023 4016 2200 4072 Sitivit

620 4116 800 4169 anima
844 4131 957 4168 mea
984 4114 1055 4167 ad
1079 4113 1241 4167 Deum
1289 4114 1474 4182 fortem
1517 4113 1683 4166 vivum
1709 4126 1728 4164 :
1750 4108 1964 4181 quando
1998 4108 2201 4161 ueniam

620 4215 670 4259 et
720 4204 978 4274 apparebo
1025 4214 1147 4256 ante
1189 4202 1377 4271 facient
1425 4199 1517 4253 Dei
1549 4197 1723 4269 (Psal.
1760 4212 1870 4262 su,
1908 4196 2011 4266 δη
2061 4195 2203 4266 apud

625 4294 818 4354 Deum,
846 4307 967 4345 cum
989 4292 1101 4361 jam
1130 4291 1279 4346 claro
1319 4289 1518 4343 lumine
1547 4287 1922 4342 indesinenter
1957 4294 2201 4340 contem-

622 4382 821 4455 plando
852 4382 901 4436 ei
934 4382 1177 4446 iniceret,
1209 4382 1262 4435 in
1293 4394 1454 4451 quem
1484 4377 1797 4435 desiderant
1825 4377 1989 4433 etiam
2024 4375 2200 4447 angeli

623 4472 955 4543 prospicere.
1001 4469 1120 4537 Quo
1168 4486 1310 4525 nunc
1354 4485 1519 4525 senex
1570 4477 1757 4523 noster
1795 4481 1855 4523 se
1891 4467 2203 4537 pervenisse

623 4561 857 4623 Letatur,
907 4560 1171 4615 meruisse
1209 4560 1413 4629 gratias
1457 4557 1586 4630 agit,
1624 4566 1786 4628 atque
1848 4557 2202 4627 comprehen-

620 4651 768 4707 disse
792 4665 1008 4707 summo
1028 4649 1326 4705 alacritatis
1353 4650 1535 4704 animo
1557 4647 1917 4718 amplectitur.

944 4780 1018 4837 De
1039 4780 1333 4835 Adulhardi
1373 4780 1426 4834 in
1459 4797 1581 4835 suos
1606 4779 1882 4834 charitate.

700 4895 791 4950 7i.
824 4895 976 4951 Unde
1007 4894 1133 4963 quid
1163 4892 1309 4948 aliud
1334 4893 1512 4947 dicam
1542 4906 1706 4962 quam
1732 4888 1861 4944 illud
1891 4889 2066 4945 Elistei
2097 4888 2149 4961 (1
2161 4888 2205 4943 γ

631 4986 762 5058 Reg.
784 4985 849 5057 ιι)
877 5000 891 5038 :
921 4984 1082 5040 Pater
1127 4983 1220 5046 mi,
1252 4991 1407 5053 pater
1440 4981 1536 5048 mi,
1575 4995 1771 5036 currus
1811 4978 1997 5044 Israel,
2023 4987 2081 5034 et
2120 4993 2211 5034 au-

631 5077 748 5149 riga
776 5076 1069 5130 virtutum!
1110 5087 1238 5130 ecce
1273 5088 1373 5128 nos
1401 5087 1563 5143 quam
1601 5071 1779 5128 subito
1807 5070 2081 5126 desolatos
2125 5084 2203 5124 re-

2214 3161 2263 3224 C

2275 537 2371 583 tua
2406 544 2504 584 nos
2542 528 2777 582 molliret
2812 528 3028 599 pietatis
3056 527 3250 582 oratio.
3288 526 3480 583 Omnia
3519 528 3664 583 enim
3706 526 3871 584 nobis

2272 620 2522 674 erunibus
2564 619 2737 674 factus
2777 634 2926 683 eras,
2969 627 3027 673 ut
3067 617 3288 673 Christo
3334 634 3435 672 nos
3488 617 3865 675 lucrifaceres.

2274 710 2429 776 Quoi
2458 708 2505 763 si
2535 708 2602 762 ad
2630 707 2865 778 speciale
2906 709 3265 777 quorumdam
3305 717 3357 764 te
3392 710 3650 765 vertisses
3699 724 3871 780 nego-

2276 801 2432 865 tium,
2461 799 2552 854 nni
2594 800 2647 853 in
2686 811 2960 855 momento
2992 800 3161 855 dabas
3199 801 3322 855 vita:
3357 800 3668 866 consilium,
3700 800 3870 858 alium

2276 891 2551 947 interdum
2592 890 2891 947 deliuiebas
2936 892 3174 958 osculis;
3242 906 3403 962 porro
3454 892 3598 947 illius
3644 908 3872 948 manum

2278 981 2574 1052 stringens,
2607 980 2830 1036 alterius
2880 981 3122 1035 animum
3152 982 3293 1037 miro
3338 982 3693 1039 demulcebas
3737 983 3873 1039 aﬂ'eo

2278 1082 2412 1139 ctu;
2446 1081 2611 1143 atque
2659 1073 2735 1128 ita
2778 1073 3032 1129 omnibus
3082 1065 3410 1139 unus‘eras,
3459 1082 3517 1129 et
3563 1082 3710 1130 totus
3758 1076 3874 1130 sin—

2279 1164 2438 1235 gulis.

2282 1275 2397 1331 Hos
2415 1277 2477 1332 in
2503 1275 2695 1331 tabella
2717 1275 3004 1357 descriptos
3033 1277 3276 1400 Ιιειὺεὺαι,
3304 1288 3353 1333 et
3383 1294 3520 1348 strpe
3538 1279 3875 1335 comiebat

2935 1364 3055 1400 sum
3116 1364 3173 1400 os

2935 1364 3173 1425 singmos

2353 1459 2446 1514 τε.
2501 1458 2755 1513 Fratrum
2789 1471 2922 1514 vero
2950 1459 3173 1516 nomina
3216 1459 3346 1516 licet
3382 1459 3584 1531 scripta
3623 1459 3765 1515 infra
3795 1460 3877 1515 vi-

2284 1567 2441 1609 scera
2469 1562 2673 1608 sancta:
2698 1551 3077 1609 sollicitudinis
3109 1566 3325 1624 semper
3350 1562 3587 1618 teneres,
3614 1554 3685 1608 de
3707 1569 3876 1609 manu

2282 1650 2466 1699 tamen
2522 1655 2707 1698 certus
2758 1656 2948 1699 eorum
2995 1656 3257 1699 numerus
3309 1642 3595 1714 diligenter
3637 1643 3881 1712 scriptus

2283 1752 2423 1810 pene
2470 1752 2746 1809 nunquam
2773 1739 2963 1794 aberat
2997 1755 3016 1795 :
3049 1738 3123 1794 ita
3150 1746 3212 1793 ut
3250 1753 3444 1794 omnes
3471 1738 3664 1793 sedulo
3701 1738 3875 1807 inspi-

2212 1815 2257 1875 Β
2287 1845 2457 1895 ceres,
2482 1838 2537 1887 et
2561 1844 2741 1886 mores
2784 1828 3119 1902 singulorum
3163 1831 3306 1900 apud
3346 1838 3403 1885 te
3443 1829 3713 1885 sollicitus
3749 1843 3877 1898 per-

2288 1929 2575 1977 tractares.
2624 1918 2745 1977 lam
2795 1923 2943 1977 enim
2982 1921 3052 1978 de
3094 1921 3326 1992 singulis
3352 1930 3532 1977 tecum
3575 1922 3629 1977 in
3664 1920 3880 1989 judicio

2286 2012 2667 2083 disceptahas,
2723 2027 2792 2068 ne
2836 2013 3094 2068 damnum
3140 2014 3485 2084 postmodum
3533 2013 3601 2068 de
3646 2013 3879 2067 creditis

2284 2104 2483 2159 ovibus
2530 2103 2847 2158 sustineres.
2881 2102 3025 2159 Bene
3065 2103 3230 2174 igitur
3254 2118 3490 2160 noveras
3518 2102 3651 2173 quid
3677 2103 3806 2171 cuiq
3847 2117 3883 2156 e

2288 2193 2591 2263 expediret,
2638 2201 2695 2247 et
2745 2194 2865 2248 ideo
2900 2193 3154 2248 omnibus
3191 2192 3492 2248 exhibebas
3520 2192 3664 2262 quod
3709 2191 3882 2246 saluti

2287 2281 2626 2351 singulorum
2671 2290 3015 2353 congrueret.
3063 2281 3192 2336 Erat
3233 2294 3364 2351 ergo
3391 2280 3649 2336 discretio
3692 2289 3785 2334 tua
3824 2280 3882 2333 in

2289 2374 2457 2439 nullo,
2488 2381 2746 2444 qtae-atem
2776 2373 2882 2429 diti
2913 2371 2995 2430 fas
3021 2380 3127 2432 est.
3154 2371 3469 2429 ambite-as
3510 2386 3540 2428 ιι
3572 2372 3882 2443 proposita,

2291 2464 2547 2519 facilitate
2593 2463 2896 2535 complendi
2942 2454 3168 2533 singulis
3211 2463 3491 2534 expedita,
3543 2463 3884 2534 generaliter

2290 2574 2421 2613 vero
2450 2556 2613 2614 ﬂendi
2636 2558 2854 2614 cunctis
2878 2572 3139 2628 congrua.
3168 2555 3385 2632 Nullum
3420 2556 3589 2611 ferme
3618 2571 3719 2625 per
3747 2555 3887 2609 heb-

2294 2651 2574 2706 domadam
2628 2647 3014 2703 familiaritatis
3061 2644 3257 2702 all‘ectu
3307 2645 3657 2700 inallocutum
3705 2644 3885 2719 relinq-

2293 2758 2496 2815 qnens;
2535 2740 2734 2797 nullum
2759 2754 2919 2809 quem
2960 2737 3013 2792 in
3049 2738 3136 2795 die
3164 2736 3509 2807 generaliter,
3542 2737 3644 2790 nisi
3675 2752 3745 2791 ex
3780 2738 3887 2789 ali-

2292 2849 2398 2904 qua
2427 2828 2877 2902 impossibilitatis
2914 2842 3097 2892 causa,
3124 2841 3231 2881 non
3263 2825 3598 2880 instrueres:
3627 2825 3893 2899 omnibus

2293 2922 2542 2994 pradicas
2575 2920 2835 2985 salubria,
2864 2918 2997 2973 nulli
3027 2931 3251 2990 prorsus
3279 2917 3552 2987 denegans
3594 2914 3676 2985 (ut
3703 2916 3890 2970 credi-

2293 3014 2439 3085 mus)
2468 3010 2791 3068 necessaria.
2819 3008 3023 3067 Idcirco
3049 3008 3171 3064 ﬂlize
3189 3006 3512 3069 Jerusalem,
3536 3016 3698 3077 prout
3728 3020 3889 3060 com-

2295 3104 2468 3177 pellor
2496 3104 2701 3169 dicere,
2731 3099 2854 3157 ﬂete
2878 3102 3023 3156 hunc
3065 3114 3251 3157 senem
3295 3105 3561 3160 nostrum,
3595 3105 3651 3151 et
3679 3097 3893 3151 lamen-

2292 3203 2407 3250 tum
2437 3193 2636 3249 sumite
2661 3208 2676 3258 ;
2708 3190 2831 3247 ﬂete
2857 3190 3031 3245 virum
3059 3189 3149 3260 qui
3176 3186 3442 3244 vestiebat
3470 3201 3570 3241 nos
3600 3186 3893 3241 charitatis

2292 3284 2518 3341 coccino
2544 3284 2778 3354 desuper
2807 3290 2977 3337 totum
3003 3279 3209 3336 deliciis
3242 3280 3529 3341 intextum,
3557 3277 3650 3346 qui
3676 3277 3865 3347 prmbe
3882 3309 3895 3318 -

2293 3376 2386 3432 bat
2406 3368 2584 3449 cui'tui
2613 3382 2931 3429 ornamenta
2960 3370 3242 3427 virtutum.
3290 3367 3500 3422 induite
3542 3365 3788 3421 cilicium
3826 3371 3888 3418 et

2296 3478 2484 3520 amare
2514 3462 2755 3535 plangite
2779 3479 2794 3515 :
2822 3459 2949 3532 quia
2986 3460 3078 3531 qui
3107 3456 3499 3514 consolabatur
3526 3470 3627 3509 nos
3654 3464 3711 3510 et
3739 3453 3895 3509 fove-

2298 3552 2394 3610 bat
2420 3553 2577 3624 quasi
2607 3551 2789 3608 nutrix
2822 3551 2875 3606 in
2900 3550 3127 3621 gremio,
3172 3548 3416 3604 sublatus
3442 3554 3528 3601 est
3552 3553 3609 3600 et
3636 3546 3892 3600 recessit.

2299 3647 2454 3705 Unde
2475 3646 2696 3717 plorans
2713 3644 2948 3715 plorabit
2980 3643 3162 3698 anima
3188 3656 3331 3705 utea,
3359 3649 3415 3695 et
3443 3648 3606 3695 erunt
3632 3639 3898 3709 larryrra:

2299 3735 2355 3792 in
2385 3733 2621 3791 maxillis
2648 3732 2807 3797 meis,
2838 3731 3080 3802 quandiu
3123 3744 3231 3785 non
3272 3729 3487 3783 intueor
3518 3740 3683 3796 quem
3714 3726 3899 3794 diligit

2298 3828 2481 3884 anima
2521 3840 2661 3881 mea.
2709 3823 2948 3880 Putasne
2989 3821 3170 3879 veniet
3216 3821 3377 3885 mibi,
3423 3818 3607 3883 Pater,
3652 3828 3895 3888 tempus,

2301 3919 2519 3992 quando
2542 3917 2630 3974 vel
2656 3918 2705 3973 si
2729 3930 2951 3988 quoquo
2979 3916 3139 3971 modo
3172 3914 3336 3970 liceat
3372 3914 3570 3970 faciem
3627 3914 3902 3983 speciem»

2300 4026 2410 4082 que
2432 4009 2616 4065 vultus
2644 4008 2722 4064 tui
2748 4007 3106 4077 conspicere?

2619 4140 2812 4214 Ingens
2839 4140 2925 4198 sui
2949 4139 3267 4196 desiderium
3300 4141 3566 4211 reuaquit.

2376 4253 2463 4308 75.
2490 4252 2597 4308 Sed
2616 4252 2744 4323 quid
2774 4252 2992 4308 interim
3014 4252 3128 4324 jam
3154 4252 3414 4323 deinceps
3434 4253 3648 4324 agimus
3670 4253 3860 4309 anima
3876 4254 3902 4307 2

2188 4377 2199 4415 ε
2304 4359 2435 4402 ecce
2472 4358 2618 4399 nunc
2645 4359 2816 4415 usque
2839 4344 2996 4414 quasi
3034 4344 3175 4400 inter
3220 4358 3409 4400 roseos
3456 4344 3661 4400 versati
3707 4360 3902 4401 sumus

2306 4448 2548 4506 campos,
2576 4443 2633 4490 et
2663 4436 3045 4505 conspeximus
3086 4450 3302 4493 ammna
3332 4436 3617 4503 virtutum,
3648 4436 3721 4492 de
3746 4437 3901 4492 fonte

2232 4528 2281 4590 Ι)
2306 4526 2485 4582 sancti
2514 4524 2749 4597 Spiritus
2773 4527 3000 4582 uberius
3040 4527 3267 4583 irorata.
3312 4525 3469 4582 Nune
3488 4542 3620 4582 veno
3644 4527 3819 4583 instat
3842 4538 3904 4581 ut

2310 4619 2506 4675 mortis
2548 4617 2667 4686 ejus
2695 4618 2858 4674 linem
2885 4617 3209 4691 pandamus,
3250 4632 3415 4687 quem
3440 4616 3699 4674 habuisse
3735 4617 3901 4672 talem

2310 4706 2719 4780 gloriﬂcandum
2767 4713 2893 4773 est,
2955 4706 3204 4763 amisisse
3247 4704 3520 4771 ﬂendum,
3580 4707 3903 4775 pervenisse

2321 4810 2445 4853 vero
2489 4796 2556 4852 ad
2599 4796 2881 4850 beatorum
2942 4795 3138 4866 gaudia
3197 4794 3709 4868 congratulandum.
3788 4794 3900 4849 Sed

2313 4898 2520 4962 quanto
2550 4889 2709 4944 nobis
2741 4886 3036 4958 jucundius
3078 4895 3163 4943 est
3190 4888 3247 4942 in
3287 4887 3341 4943 id
3362 4886 3506 4958 quod
3534 4895 3755 4942 amatur
3778 4902 3903 4942 ver-

2314 4981 2445 5055 sari,
2488 4986 2640 5034 tanto
2667 4978 2887 5049 gravius
2913 4986 3001 5033 est
3035 4978 3154 5049 ejus
3187 4976 3508 5039 absentiam,
3549 4992 3721 5046 quam
3756 4991 3904 5031 sem-

2310 5084 2413 5140 per
2457 5078 2778 5140 prmsentem
2826 5068 3123 5132 cernimus,
3171 5067 3427 5122 tolerare.
3478 5064 3632 5121 Unde
3671 5079 3770 5121 seu
3814 5080 3902 5119 re-

631 5165 859 5235 linquis!
909 5173 965 5219 et
1009 5162 1128 5218 ideo
1169 5161 1460 5231 quaerimus
1509 5169 1563 5216 te
1606 5159 1906 5230 lacrymosa
1953 5173 2109 5223 voce,
2155 5166 2209 5213 et
2313 5172 2559 5228 spersum
2605 5155 2821 5222 nebula,
2861 5163 3116 5212 mmstum
3160 5163 3245 5210 est
3281 5167 3442 5211 omne
3487 5152 3633 5227 quod
3683 5153 3902 5223 inspici-

632 5263 943 5310 scrutamur
971 5249 1254 5307 melliﬂuos
1283 5265 1462 5305 mores
1492 5256 1612 5304 tuos
1639 5264 1795 5302 mane
1823 5248 1875 5302 in
1899 5246 2208 5318 prmcordiis

620 5344 873 5415 nostris;
911 5357 1011 5398 nec
1042 5357 1265 5414 usquam
1296 5340 1492 5410 pupilla
1520 5339 1661 5393 oculi
1695 5338 1863 5392 nostri
1892 5337 2013 5391 silet
2037 5351 2209 5405 neque

2317 5265 2437 5305 mus
2472 5266 2484 5301 :
2529 5247 2764 5318 caligant
2801 5248 2943 5305 oculi
2985 5247 3194 5313 nostri,
3234 5247 3511 5323 operimur
3544 5244 3896 5317 singultibus,

2318 5348 2557 5396 tremunt
2585 5339 2762 5410 digiti,
2792 5347 3002 5396 rotatur
3049 5347 3233 5410 caput,
3276 5336 3573 5392 funduntur
3616 5336 3893 5410 laerymt,

636 5412 965 5497 consolatur,
1003 5412 1103 5488 nisi
1126 5412 1262 5487 cum
1291 5431 1391 5497 sibi
1425 5442 1476 5486 te
1498 5446 1595 5500 pro
1628 5429 1782 5484 nobis
1811 5428 2002 5486 melius
2026 5430 2216 5485 adesse
2313 5441 2369 5487 et
2394 5431 2617 5501 insuper
2649 5438 2735 5485 est
2760 5430 2849 5501 pio
2878 5430 3078 5509 amoris
3117 5428 3309 5484 aﬂ'ectu
3335 5412 3580 5499 quasdam
3609 5426 3777 5503 ﬂendi
3806 5442 3895 5480 vo-

637 5522 904 5591 promisit.
959 5521 1329 5577 Recordemur
1388 5521 1533 5575 enim
1584 5519 1781 5589 quibus
1826 5535 1927 5576 nos
1978 5519 2217 5575 lactabas
2313 5522 2515 5577 luntas.
2549 5519 2704 5577 Unde
2736 5528 2792 5577 et
2826 5528 3033 5591 quanto
3061 5520 3175 5575 haec
3201 5518 3464 5590 prolixius
3501 5517 3572 5572 ad
3607 5516 3891 5573 consolati.

641 5611 914 5678 uberibus,
960 5612 1041 5666 vel
1072 5612 1363 5681 quanto‘in
1404 5620 1454 5667 te
1480 5611 1576 5667 Dei
1619 5608 1936 5667 fruebamur
1970 5611 2223 5676 oraculo,

640 5703 962 5772 quantisque
1003 5701 1307 5755 ferebamur
1336 5700 1539 5755 alarum
1573 5700 1829 5772 remigiis,
1861 5708 1916 5757 et
1939 5701 2218 5775 nutrieba-

2316 5612 2444 5669 dum
2489 5613 2739 5668 cedimus
2766 5653 2782 5677 ,
2835 5619 2985 5667 tanto
3035 5610 3316 5673 ardentius
3365 5622 3556 5664 amore
3606 5606 3888 5670 aﬂicimnr,

2317 5701 2549 5797 amando
2576 5716 2789 5770 quoque
2812 5701 2998 5760 dolore
3022 5699 3341 5761 premimur.
3373 5696 3604 5761 Idcirco,
3634 5697 3712 5753 mi
3738 5696 3890 5755 Pater
