4122 6324
311 313 454 373 1585

1497 314 1585 371 DE
1625 313 1784 371 “TA
1822 314 1882 373 S.
1920 314 2340 372 ADALHARDI.

3425 313 3577 380 1546,

307 429 646 494 charissime,
674 427 824 483 ocius
850 428 1090 484 transibo
1111 428 1291 484 obitus
1322 427 1397 484 tui
1422 429 1666 499 paginas,
1698 428 1751 483 in
1776 443 1884 498 quo
1911 434 1960 495 Α
1988 428 2149 485 Actus
2175 444 2298 485 suos
2336 426 2548 484 discutit
2577 443 2696 484 eum
2732 426 3055 489 senioribus:
3086 426 3242 496 ﬁdem
3281 442 3429 483 suam
3469 445 3562 485 ex-

306 521 511 579 diutius
551 519 861 575 immoranti
896 518 1184 575 vehemens
1212 519 1438 590 languor
1481 518 1703 591 ingruit.
1747 517 1885 575 Hinc

306 610 525 683 quidem
582 608 801 665 interim
841 608 1042 665 astillat
1076 609 1286 679 lugendi
1322 608 1571 675 facultas,
1600 609 1695 666 sed
1724 609 1884 681 paulo

304 708 428 771 post
454 698 855 755 consolabimur
882 701 950 755 de
976 708 1261 770 perventu,
1285 714 1395 769 quo
1429 709 1483 755 tu
1512 715 1645 756 nunt
1681 699 1884 756 laetaris

304 789 360 845 in
388 788 603 859 gaudio.
635 788 786 844 Unde
808 804 1118 859 quaesumus
1147 805 1463 861 priusquam
1495 791 1717 861 incipiat
1745 790 1884 848 cala-

302 894 425 934 mus
450 879 663 949 pulsare
678 878 854 935 exitus
880 879 953 933 tui
986 881 1200 946 horam,
1235 889 1534 946 revertere,
1563 880 1881 947 Sunamitis,

302 978 594 1034 revertere,
624 984 866 1039 inquam,
897 970 1170 1041 paululum
1204 980 1261 1026 ut
1288 972 1598 1028 intueamur
1627 982 1678 1030 te
1706 989 1720 1029 :
1748 975 1883 1029 reci-

300 1060 415 1131 piet
441 1060 586 1116 enim
636 1061 761 1117 inde
799 1062 1049 1132 spiritum
1094 1063 1291 1132 lingua:
1331 1064 1590 1131 calamus,
1629 1074 1683 1121 et
1713 1066 1883 1122 levius

302 1153 656 1208 transibimus
685 1169 902 1210 amaros
942 1154 1152 1226 legendi
1199 1172 1412 1212 cursus.
1452 1156 1768 1221 Revertere,
1797 1174 1883 1214 re-

300 1249 537 1307 vertere,
584 1242 659 1296 mi
700 1241 1050 1311 charissime;
1103 1252 1158 1299 et
1204 1245 1335 1316 quid
1362 1245 1662 1302 videbimus
1705 1246 1759 1301 in
1806 1253 1881 1312 te,

298 1332 406 1388 nisi
440 1340 500 1387 ut
532 1343 835 1389 castrorum
864 1335 1010 1391 acies
1044 1338 1314 1405 quomodo
1342 1336 1419 1392 sis
1443 1337 1769 1393 ordinatus?
1813 1337 1881 1392 ad

298 1436 400 1477 nos
437 1421 625 1479 saltem
677 1423 845 1479 semel
872 1440 1180 1494 qumsumus
1224 1435 1560 1490 convertere,
1594 1435 1654 1481 ut
1694 1442 1883 1483 omnes

297 1510 513 1580 qualem
555 1520 605 1566 te
627 1513 779 1581 prius
805 1512 1111 1579 habuimus,
1147 1502 1208 1570 et
1242 1516 1401 1571 modo
1443 1526 1783 1587 quantusque
1806 1517 1883 1573 sis

294 1598 599 1654 videamus.
642 1601 782 1657 Ecce
823 1596 1136 1670 ascendisti,
1170 1605 1443 1672 novimus,
1471 1621 1569 1675 per
1608 1607 1880 1663 desertum

294 1689 450 1761 quasi
482 1704 680 1745 aurora
724 1705 1079 1763 consurgens,
1107 1694 1335 1765 pulcher
1381 1703 1440 1749 ut
1485 1692 1634 1762 lima,
1677 1696 1881 1754 electus

2692 499 2855 569 ponit.

2056 610 2145 668 76.
2186 610 2286 680 Qui
2318 618 2490 668 totum
2524 625 2584 668 se
2612 609 2686 666 ita
2707 610 3000 667 discutiens
3028 650 3043 677 ,
3075 609 3250 668 adhuc
3278 612 3481 669 invenit
3506 612 3560 668 in

1986 718 2045 760 se
2067 701 2462 773 qualiacunque
2498 700 2655 771 quasi
2686 700 2923 756 nondum
2952 700 3233 768 exhausta,
3270 709 3326 757 et
3352 717 3561 768 prmce-

1983 793 2064 864 pit
2106 808 2168 848 ea
2210 807 2393 848 coram
2424 791 2744 861 quibusdam
2784 789 3041 846 fratribus
3081 806 3352 863 exponere
3396 798 3559 863 (quo-

1984 897 2104 937 rum
2130 898 2291 948 unus,
2328 882 2430 938 etsi
2457 882 2730 953 indignus,
2765 894 2863 949 ego
2886 880 3079 949 eram),
3108 880 3466 952 interrogans,
3512 882 3560 937 si

1983 973 2050 1029 de
2078 973 2164 1028 his
2192 988 2251 1028 se
2280 972 2334 1028 in
2374 973 2637 1044 judicium
2666 971 2862 1027 merito
2903 980 3190 1026 venturum
3225 970 3340 1028 fore
3388 975 3560 1043 perti-

1984 1071 2272 1121 mesceret.
2304 1063 2511 1132 Quibus
2533 1062 2751 1127 auditis,
2770 1060 2923 1130 juxta
2955 1062 3189 1117 divinam
3220 1061 3557 1133 Scripturant

1981 1154 2390 1228 percensuimus
2411 1172 2517 1213 non
2541 1157 2609 1212 ad
2636 1170 2759 1211 eum
2790 1154 3087 1225 pertinere,
3117 1169 3238 1224 quae
3266 1154 3379 1226 ipse
3401 1156 3559 1225 quasi

1983 1264 2079 1304 sua
2108 1247 2266 1315 longe
2290 1248 2487 1317 diuque
2514 1247 2821 1317 plangebat.
2847 1244 2985 1312 Quid
3012 1254 3170 1316 putas
3196 1260 3357 1316 quam
3387 1246 3559 1302 subti-

1980 1337 2108 1393 liter
2140 1353 2324 1394 secum
2379 1338 2585 1407 reliqua
2622 1335 2745 1408 [al.,
2773 1335 2979 1408 omnia]
3018 1336 3365 1406 disputabat?
3395 1350 3558 1406 quam

1983 1429 2086 1485 sibi
2121 1443 2345 1485 severus
2384 1435 2526 1493 erat,
2555 1428 2647 1498 qui
2674 1442 2774 1498 pro
2799 1426 2989 1482 alienis
3016 1426 3179 1481 etiam
3211 1436 3270 1480 ut
3310 1440 3409 1497 pro
3446 1426 3559 1480 suis

1982 1535 2043 1576 se
2080 1521 2371 1592 puniebat?
2417 1522 2627 1577 Interea
2649 1521 2888 1594 singulos
2912 1524 2978 1578 de
3006 1521 3231 1594 singulis
3252 1536 3476 1577 monens
3501 1528 3557 1575 et

1983 1612 2259 1669 instruens
2282 1613 2478 1680 aiebat,
2506 1622 2564 1668 ut
2589 1620 2712 1684 post
2739 1613 2944 1669 obitum
2975 1627 3132 1667 suum
3166 1611 3220 1666 in
3265 1602 3561 1667 electiones

1981 1716 2134 1771 pace,
2162 1710 2309 1759 caste
2336 1713 2400 1759 ac
2437 1714 2586 1758 recte
2615 1702 2909 1759 secundum
2940 1702 3108 1757 Deum
3159 1702 3301 1757 inter
3341 1717 3400 1757 se
3427 1717 3560 1757 con-

292 1790 355 1838 ut
384 1782 487 1848 sol,
519 1783 778 1840 terribilis
826 1785 878 1840 in
902 1786 1036 1855 Deo,
1061 1786 1208 1843 velut
1253 1797 1554 1845 castrorum
1602 1791 1877 1848 exercitus
1904 1789 1951 1850 B
1978 1794 2245 1849 venirent.
2280 1793 2541 1865 Exposuit
2563 1794 2728 1849 etiam
2753 1794 2913 1849 fidem
2934 1809 3088 1849 suam
3116 1782 3299 1848 coram
3327 1793 3553 1863 quibus-

292 1874 596 1932 ordinatus.

292 1982 459 2040 Horti
497 1987 768 2056 proximus
790 1990 942 2046 verba
981 1991 1110 2073 facit
1133 1993 1205 2048 ad
1239 2010 1362 2049 suos
1389 2004 1438 2050 et
1473 1994 1539 2051 ab
1565 1996 1631 2051 iis
1673 1995 1873 2052 veniam

1000 2073 1150 2133 pem.

359 2163 450 2219 π.
499 2165 639 2234 Quid
690 2168 855 2240 igitur
911 2170 1210 2226 terribilius
1262 2172 1517 2229 humanis
1567 2173 1874 2245 aspectibus

287 2255 459 2312 videri
516 2266 713 2328 potest,
758 2275 921 2331 quam
975 2262 1049 2316 tui
1096 2261 1277 2318 vultus
1326 2272 1485 2318 erant
1522 2272 1774 2333 aspectus
1816 2263 1871 2317 in

286 2345 443 2412 hora,
473 2363 595 2404 eum
645 2349 800 2405 nobis
835 2350 1227 2421 indulgentiam
1274 2353 1479 2408 dares?
1521 2353 1872 2425 Przeeeperas

284 2437 430 2494 enim
451 2440 759 2509 petentibus
792 2441 970 2507 nobis,
1002 2440 1276 2509 Pater,,ut
1312 2457 1503 2501 omnes
1529 2444 1679 2499 humi
1706 2444 1867 2500 sede-

284 2542 470 2586 remus
511 2549 527 2584 :
568 2540 834 2600 quatenus
865 2540 983 2589 tuos
1033 2543 1279 2590 nostrum
1307 2549 1375 2590 ex
1410 2535 1642 2607 integro,
1688 2543 1740 2591 et
1768 2550 1871 2591 nos

285 2626 438 2674 tuum
483 2622 681 2678 erectis
728 2622 900 2680 oculis
944 2624 1310 2694 potuissemus
1339 2627 1655 2698 conspicere
1702 2644 1715 2681 :
1761 2642 1869 2698 quo

284 2711 461 2768 fateor
485 2713 560 2767 nil
590 2730 677 2770 me
695 2716 1052 2772 ordinabilius
1077 2732 1106 2771 a
1153 2718 1412 2789 magistro
1445 2720 1660 2774 audisse
1685 2718 1866 2776 indul-

286 2813 423 2869 tum,
450 2804 632 2876 nilque
659 2804 1025 2863 flammantius
1069 2816 1164 2862 aut
1191 2808 1505 2865 horribilius
1535 2809 1737 2880 aliquid
1781 2824 1868 2865 me

281 2894 506 2961 vidisse,
535 2911 696 2966 quam
733 2896 787 2951 in
843 2898 949 2953 tuis
993 2898 1187 2953 oculis.
1223 2897 1472 2956 Pressius
1525 2900 1707 2971 itaque
1735 2917 1868 2958 enu-

280 2985 466 3041 cleans
513 3000 772 3052 sensum,
839 2987 914 3043 ita
959 2987 1162 3044 affatim
1221 2990 1434 3045 cunctis
1476 3005 1539 3046 es
1586 2990 1798 3048 locutus
1846 3009 1861 3046 :

286 3094 305 3130 ι
336 3077 479 3133 Ecce
503 3078 570 3133 de
592 3078 817 3135 creditis
852 3094 951 3150 ego
994 3078 1185 3136 ovibus
1238 3083 1505 3138 rationem
1555 3083 1865 3141 redditurus

1977 1883 2104 1957 dam
2124 1899 2193 1940 ex
2218 1884 2391 1950 nobis,
2423 1899 2561 1955 pene
2584 1891 2641 1939 et
2666 1899 2881 1939 omnem
2920 1883 3221 1940 doctrinam
3250 1898 3413 1954 quam
3460 1883 3558 1938 do-

1974 1985 2184 2042 cuerat,
2210 1984 2270 2032 ut
2295 1992 2363 2032 ex
2390 1978 2493 2031 hoc
2513 1976 2678 2031 etiam
2708 1975 2917 2032 firmius
2936 1976 3341 2031 commendaret
3372 1982 3558 2044 pecto-

1975 2068 2126 2124 ribus
2173 2066 2390 2123 nostris.
2424 2066 2559 2124 lline
2588 2074 2672 2122 est
2724 2065 2866 2136 quod
2912 2064 3001 2120 tali
3032 2064 3284 2121 absentes
3323 2079 3556 2121 moerere

1974 2157 2333 2215 suﬂ‘undimur
2376 2177 2389 2214 :
2449 2159 2573 2215 imle
2623 2157 2757 2232 [al.,
2837 2156 3028 2229 istinc]
3077 2172 3207 2212 vero
3256 2156 3555 2227 gaudentes

1973 2265 2182 2317 sumus,
2205 2251 2330 2321 quia
2353 2249 2420 2306 de
2446 2258 2599 2320 patre
2643 2248 2767 2303 talia
2792 2247 3104 2304 recoluntur
3134 2265 3146 2301 :
3182 2246 3309 2302 hinc
3351 2246 3419 2301 ad
3451 2246 3554 2301 hoc

1972 2341 2258 2409 allicimur,
2296 2342 2364 2398 ad
2391 2341 2536 2398 aliud
2564 2342 2689 2397 hinc
2718 2340 3125 2413 protrahimur:
3157 2338 3462 2413 plangimus
3496 2340 3552 2395 in

1971 2449 2038 2491 eo
2060 2434 2323 2506 siquidem
2354 2436 2722 2491 maturitatem
2774 2449 3008 2501 morum,
3058 2433 3179 2490 fidei
3213 2434 3550 2500 firmitatem,

1971 2526 2295 2583 soliditatem
2318 2525 2455 2596 spei,
2487 2524 2773 2581 cbaritatis
2820 2522 3170 2579 fundamento
3210 2537 3275 2579 ex
3319 2522 3551 2594 integro,
3603 2516 3609 2523 ’

1971 2613 2288 2670 altissimam
2328 2613 2530 2670 Christi
2581 2613 2963 2679 humilitatem,
3016 2622 3069 2668 et
3120 2612 3441 2669 ditissimam
3495 2614 3551 2668 in

1969 2704 2220 2761 omnibus
2246 2703 2591 2776 largitatem:
2625 2718 2724 2759 nec
2749 2713 2809 2759 ut
2853 2702 3125 2769 Salvator,
3172 2702 3411 2773 inquam,
3445 2703 3549 2758 mi—

1969 2812 2147 2854 seram
2166 2794 2465 2853 Jerusalem
2490 2810 2589 2867 ego
2612 2794 2797 2866 lugeo;
2823 2794 2916 2850 sed
2930 2793 3082 2866 ploro
3105 2794 3156 2849 in
3186 2793 3349 2849 unius
3378 2801 3551 2849 morte

1966 2890 2173 2962 pariter
2209 2904 2399 2945 omnes
2447 2888 2676 2943 virtutes
2704 2885 3041 2951 occubuisse,
3084 2899 3191 2940 non
3217 2883 3363 2956 quod
3394 2883 3550 2939 nobis

1968 2981 2110 3038 desit
2137 2980 2226 3036 ille
2247 2979 2337 3052 qui
2359 2980 2511 3044 abiit,
2548 2979 2642 3034 sed
2670 2978 2811 3049 quod
2839 2977 2998 3043 talem
3024 2976 3210 3033 videre
3235 2976 3547 3037 desivimus.

1969 3086 2127 3142 quem
2153 3071 2269 3127 sine
2310 3070 2563 3143 laerymis
2590 3069 2678 3125 vix
2707 3076 2799 3125 aut
2831 3082 3105 3139 nunquam
3152 3068 3426 3124 recordari
3455 3081 3549 3122 va-

277 3168 458 3224 venio.
504 3167 612 3224 Vos
649 3177 850 3237 autem,
876 3186 910 3226 o
939 3170 1070 3225 mihi
1098 3172 1419 3228 commissus
1454 3188 1606 3244 grex,
1635 3173 1702 3229 de
1732 3175 1863 3231 ohe-
1970 3163 2160 3223 lemus-
2240 3183 2245 3191 '

279 3260 483 3316 dientia
510 3269 565 3314 et
587 3262 947 3317 inobedicntia
978 3271 1158 3318 vestra
1183 3264 1511 3319 sententiain
1564 3265 1862 3335 excepturi,

275 3354 542 3409 attendite
605 3355 750 3422 quod
778 3354 919 3408 idem
950 3354 1041 3423 qui
1082 3370 1227 3409 nunc
1268 3355 1483 3420 assiste,
1513 3354 1567 3408 in
1592 3356 1868 3411 tremendo

277 3442 487 3513 judicio
513 3442 666 3498 vobis
698 3458 880 3498 coram
931 3444 1119 3509 adero,
1173 3452 1228 3498 et
1273 3445 1403 3514 quid
1446 3446 1513 3500 de
1543 3445 1865 3502 talentorum

278 3536 510 3607 pecunia
541 3536 642 3591 sim
673 3535 934 3603 lucratus,
963 3536 1045 3591 vel
1063 3538 1333 3606 quomodo
1355 3537 1498 3592 illam
1515 3538 1865 3608 cxpendcrim

274 3629 638 3698 prmsentabo.
695 3628 949 3684 Attamen
998 3629 1216 3684 interim
1267 3628 1312 3685 si
1359 3630 1487 3701 quid
1522 3638 1606 3686 est
1652 3632 1705 3685 in
1757 3646 1865 3702 quo

275 3721 487 3778 excessi
511 3722 565 3776 in
610 3722 765 3778 vobis
800 3722 977 3778 sciens
1005 3730 1099 3777 aut
1139 3722 1405 3788 nesciens,
1436 3722 1625 3779 nolens
1655 3723 1865 3780 volens-

274 3824 366 3875 ve,
418 3809 730 3882 indulgete,
786 3823 947 3883 prout
982 3826 1082 3882 ego
1121 3808 1276 3880 juxta
1324 3812 1467 3883 quod
1518 3821 1763 3882 oportet,
1817 3813 1865 3869 si

275 3897 407 3969 quid
460 3908 545 3956 est
589 3900 733 3972 quod
783 3916 963 3957 meum
1018 3900 1091 3957 sit
1145 3900 1448 3974 indulgere,
1496 3901 1615 3958 vice
1661 3901 1864 3960 Christi

274 3989 482 4047 relaxo.
526 4009 547 4043 ι

737 4080 891 4152 Spem
913 4083 1057 4153 ponit
1081 4083 1138 4137 in
1151 4081 1398 4138 Domino.

351 4169 439 4225 75.
487 4169 585 4226 His
613 4170 777 4241 igitur
807 4181 917 4227 tum
964 4172 1039 4228 ita
1078 4173 1397 4244 praemissis,
1425 4172 1615 4245 plenus
1642 4170 1861 4229 fervore

273 4265 501 4338 spiritus
529 4265 779 4331 recessit,
804 4259 964 4335 quasi
988 4267 1102 4337 jam
1158 4265 1373 4321 futurus
1417 4265 1621 4321 arbiter
1649 4265 1702 4320 in
1735 4280 1859 4332 suo,

271 4364 337 4412 ut
361 4357 653 4412 instrueret
672 4370 755 4423 se,
779 4358 933 4426 quasi
959 4366 1148 4413 contra
1176 4357 1435 4428 Spiritalia
1457 4356 1711 4427 nequitiae
1732 4364 1861 4412 tunc

272 4446 331 4502 in
361 4445 672 4502 coelestibus
708 4457 1068 4518 pugnaturus,
1094 4450 1359 4504 rationem
1391 4447 1731 4504 villicationis
1750 4464 1861 4503 sum

270 4534 650 4593 redditurum:
697 4535 823 4591 licet
846 4549 1065 4605 semper
1089 4538 1242 4607 quasi
1284 4538 1340 4591 in
1383 4537 1571 4593 mortis
1621 4538 1851 4592 articulo

266 4634 701 4698 pertractasset,
763 4636 892 4683 tunc
946 4635 1127 4681 tamen
1179 4627 1324 4681 velut
1369 4636 1559 4682 contra
1608 4628 1850 4698 legiones

224 4710 231 4719 ’
267 4717 467 4782 iturus,
500 4717 808 4788 diligentius
849 4718 1047 4773 mentis
1070 4718 1242 4772 aciem
1272 4718 1609 4787 disponebat,
1642 4719 1686 4772 si
1714 4717 1851 4774 forte

266 4807 509 4863 ludibria
527 4810 687 4880 hujus
706 4809 829 4865 vita:
855 4810 971 4865 sine
994 4809 1376 4879 impedimento
1395 4817 1577 4879 posset
1596 4808 1851 4881 effugere.

266 4896 379 4953 Sed
429 4899 556 4969 quia
607 4899 873 4954 obcursor
903 4898 1185 4970 deeuplum
1218 4897 1568 4969 ejus-viginti
1617 4898 1851 4956 millibus

264 5001 525 5057 superare
547 4987 761 5059 legitur,
793 5002 1006 5058 semper
1043 5002 1163 5058 quae
1206 4988 1358 5057 pacis
1395 4997 1522 5043 sunt
1562 4988 1845 5044 Dominum

262 5080 609 5150 precabatur.
646 5100 665 5133 ι
706 5080 948 5147 Domine,
979 5080 1175 5150 inquit,
1205 5094 1343 5150 pone
1372 5096 1457 5136 me
1478 5081 1631 5153 juxta
1665 5091 1737 5148 te,
1763 5090 1846 5138 at-

262 5186 370 5242 que
392 5170 464 5226 ita
496 5170 731 5241 cujusvis
759 5188 952 5227 manus
979 5184 1182 5244 pugnet
1216 5170 1407 5229 contra
1430 5188 1516 5228 me
1550 5191 1564 5227 :
1604 5172 1841 5242 alioquin

261 5270 471 5318 turmas
491 5278 597 5318 non
623 5262 871 5334 effugiam
897 5265 1227 5334 iniquorum,
1250 5265 1374 5334 quia
1404 5272 1458 5318 tu
1486 5261 1632 5320 solus
1658 5264 1842 5318 inven-

259 5362 351 5410 tus
368 5369 429 5409 es
453 5355 596 5409 inter
622 5364 866 5410 mortuos
891 5355 1047 5411 liber.
1082 5355 1237 5409 Venit
1264 5355 1410 5409 enim
1435 5354 1502 5408 ad
1526 5362 1576 5410 te
1593 5362 1835 5416 exactor,

256 5450 317 5498 et
364 5430 418 5497 in
475 5451 526 5498 te
574 5456 681 5498 non
728 5444 931 5499 invenit
996 5443 1286 5514 quidquam
1342 5443 1487 5513 quod
1533 5456 1689 5499 suum
1748 5458 1839 5499 es-

255 5541 360 5591 set.
414 5534 619 5591 Idcirco
670 5534 758 5591 fac
807 5552 892 5592 me
919 5535 1128 5591 firmius
1154 5537 1208 5591 in
1246 5545 1298 5592 te
1324 5535 1610 5602 inhmrere,
1669 5544 1730 5591 ut
1784 5544 1840 5591 et

255 5626 373 5695 ipse
420 5642 520 5698 per
576 5636 627 5683 te
682 5635 774 5683 tuo
822 5628 877 5683 in
940 5632 1168 5699 cerpore
1219 5629 1341 5684 mali
1389 5629 1552 5686 totius
1596 5628 1839 5686 inveniar

254 5716 412 5773 liber.

454 5834 457 5837 ·
538 5813 809 5873 Parum"
856 5812 1049 5876 CXX.

1968 3301 2164 3357 Auctor
2181 3299 2558 3355 subleuantium
2573 3298 2710 3353 dolet
2725 3306 2831 3352 tam
2852 3298 3070 3352 charum
3084 3304 3261 3367 caput.
3281 3323 3352 3336 -—
3372 3292 3545 3361 Quam

2357 3370 2601 3441 eloquens
2632 3368 2789 3439 fuerit
2821 3368 2900 3423 vir
2925 3376 3157 3422 sanctus.

2036 3500 2126 3556 77.
2159 3499 2291 3569 Quis
2320 3500 2463 3556 enim
2497 3498 2657 3556 siccis
2694 3499 2864 3555 oculis
2910 3497 3024 3567 ejus
3068 3497 3459 3565 recordabitur,
3491 3498 3545 3554 in
3602 3560 3609 3561 γ

1967 3608 2074 3665 quo
2100 3608 2237 3663 pene
2264 3607 2421 3648 omne
2450 3590 2752 3647 honestatis
2777 3591 2939 3645 decus
2982 3589 3250 3644 sublatum
3278 3587 3407 3644 est?
3434 3589 3544 3644 Aut

1965 3686 2088 3757 quis
2112 3700 2219 3740 non
2255 3684 2432 3741 doleat
2459 3684 2768 3754 praesidium
2799 3682 2963 3738 totius
2987 3681 3215 3752 Europa:
3251 3682 3431 3738 subito
3454 3682 3546 3738 de-

1964 3779 2228 3852 periisse?
2248 3777 2330 3834 vel
2356 3778 2478 3848 quis
2498 3778 2614 3833 sine
2634 3775 2829 3831 mentis
2848 3773 3100 3844 scrupulo
3122 3773 3321 3843 poterit
3343 3775 3545 3845 episto-

1964 3870 2137 3926 larum
2153 3868 2268 3939 ejus
2283 3870 2511 3925 nitorem
2526 3866 2847 3937 eloquentia:
2868 3864 3133 3920 recitare?
3150 3879 3311 3935 quem
3326 3864 3371 3921 si
3386 3864 3544 3937 vulgo

1963 3960 2231 4025 audisses,
2254 3958 2536 4015 dulcilluus
2555 3940 2844 4014 emanabat
2868 3974 2881 4011 :
2908 3956 2952 4011 si
2973 3970 3101 4011 vero
3125 3955 3262 4012 idem
3286 3955 3540 4022 barbara,

1963 4066 2124 4123 quam
2151 4050 2460 4106 Teutiscam
2485 4049 2690 4114 dicunt,
2738 4047 2917 4119 lingua
2961 4045 3273 4118 loqueretur
3299 4047 3543 4119 prmemi-

1963 4142 2130 4199 nebat
2146 4140 2417 4198 claritatis
2440 4140 2691 4212 eloquio;
2716 4140 2860 4210 quod
2879 4140 2922 4194 si
2951 4139 3165 4207 Latine,
3182 4138 3295 4208 jam
3319 4139 3543 4197 ulterius

1961 4251 2075 4306 pra:
2118 4234 2379 4290 aviditate
2408 4232 2645 4290 dulcoris
2694 4247 2801 4288 non
2856 4240 2977 4287 erat
3019 4231 3257 4303 Spiritus.
3310 4231 3539 4295 Idcirco.

1961 4325 2094 4380 mihi
2119 4323 2428 4381 charissimi
2478 4338 2512 4379 o
2544 4337 2641 4378 vos
2687 4336 2894 4386 omnes,
2928 4322 3018 4391 qui
3052 4320 3222 4377 nostis
3259 4322 3387 4391 quid
3413 4323 3540 4379 boni

1961 4416 2159 4473 habeat
2199 4415 2334 4470 tanti
2386 4414 2488 4470 viri
2526 4414 2832 4485 pmsentia,
2860 4422 2917 4468 et
2959 4414 3203 4469 transitis
3243 4428 3341 4484 per
3369 4416 3535 4479 viam,

1888 4513 1938 4574 ι)
1959 4507 2221 4562 attendite
2245 4514 2301 4561 et
2333 4505 2529 4570 videte,
2576 4503 2622 4559 si
2663 4511 2747 4558 est
2776 4502 2928 4557 dolor
2947 4503 3086 4558 sicut
3114 4503 3265 4559 dolor
3291 4514 3537 4560 nostrum

1954 4598 2216 4652 omnium.
2249 4594 2434 4650 Videte
2463 4593 2626 4665 igitur
2658 4608 2820 4663 quam
2858 4594 3037 4650 subito
3064 4594 3412 4651 vindemiavit
3437 4611 3536 4652 nos

1955 4686 2235 4751 Dominus,
2256 4693 2314 4740 et
2339 4683 2469 4739 facti
2487 4699 2676 4740 sumus
2698 4684 2926 4755 squalidi
2952 4695 3235 4744 venustate
3276 4688 3485 4743 sublata
3517 4709 3530 4743 :

1956 4795 2161 4852 anrugo
2188 4780 2426 4852 possedit
2456 4794 2577 4846 nos,
2607 4780 2733 4849 quia
2762 4779 2928 4835 decus
2953 4794 3166 4836 roseum
3208 4795 3422 4836 versum
3450 4791 3535 4838 est

1955 4869 2010 4926 in
2036 4870 2292 4925 favillam.

1951 5010 2148 5065 Triduo
2201 5020 2321 5065 ante
2388 5006 2583 5063 Natale
2638 5005 2833 5061 Christi
2892 5005 3023 5075 febri
3080 5005 3364 5074 corripitur
3393 5005 3532 5060 Ade-

2019 5081 2272 5147 llmrdus;
2303 5078 2536 5151 quotidie
2571 5086 2745 5132 tamen
2774 5077 2987 5131 missam
3032 5075 3181 5129 audit
3213 5085 3260 5129 et
3289 5090 3528 5130 commu-

2022 5152 2181 5206 uicat.

2017 5264 2105 5322 78.
2143 5263 2438 5319 Paraverat
2465 5276 2594 5333 ergo
2619 5275 2679 5317 se
2705 5258 2924 5316 Simeon
2972 5272 3138 5313 senex
3167 5255 3234 5311 ad
3288 5257 3522 5313 natalem

1945 5354 2245 5412 Salvatoris
2268 5354 2511 5410 accensis
2534 5350 2869 5423 lampadibus
2894 5363 3206 5414 occurrere,
3238 5356 3293 5405 et
3319 5348 3521 5420 Regem

1942 5460 2129 5519 regum
2161 5444 2447 5501 Dominum
2485 5441 2670 5499 Iesum
2698 5440 2973 5498 Christum
3026 5439 3407 5510 procedentem
3454 5440 3521 5494 de

1942 5538 2181 5595 thalamo
2205 5550 2303 5593 suo
2332 5534 2473 5591 ulnis
2516 5533 2629 5589 suis
2657 5532 2812 5589 laetus
2855 5532 3166 5605 suscipere;
3216 5531 3311 5588 sed
3342 5531 3521 5601 tetigit

1942 5644 2064 5685 eum
2095 5627 2273 5682 triduo
2304 5635 2430 5681 ante
2458 5622 2693 5678 natalem
2723 5622 2932 5678 Domini
2959 5620 3285 5676 validissima
3326 5619 3514 5683 febris,

1940 5718 2066 5775 dum
2097 5716 2249 5787 juxta
2279 5711 2719 5771 consuetudinem
2747 5711 2920 5767 noctis
2967 5711 3145 5766 medio
3189 5710 3243 5765 in
3296 5708 3519 5765 basilica

3084 5804 3159 5865 hil

2905 5940 2933 5956 ⁵ο
