4122 6324
565 284 718 341 Ἱὸ-ίτ

1382 286 1441 342 S.
1480 284 1836 343 PASCIIASII
1873 284 2217 341 RADBERTI
2255 284 2546 343 ABBATIS
2583 286 3032 344 CORBEIENSIS

3690 285 3856 374 ⁸ιιιιει

558 400 747 454 ’lleret.
774 396 876 467 Qui
907 399 978 452 ita
1002 396 1303 468 perdurans
1328 398 1395 453 ad
1423 397 1657 469 vigilias,
1683 413 1789 452 una
1814 412 1937 454 cum
1966 396 2153 452 fratri-
2182 402 2229 462 Α
2251 395 2439 467 jocosa
2458 409 2606 465 voce,
2622 399 2814 469 plenus
2832 400 3097 471 gravitate
3120 398 3242 454 fidei
3267 396 3579 470 frequenter
3601 398 3857 455 dicebat:

574 493 679 548 bus
707 491 937 547 hostiam
966 490 1303 561 juhilationis
1332 491 1383 545 in
1431 500 1653 563 pectore
1698 492 1928 548 Domino
1969 506 2160 548 conse-

560 581 767 636 «crabat
791 597 805 634 :
833 589 883 635 et
924 588 1152 650 quanto,
1188 590 1248 636 ut
1268 580 1423 637 multi
1454 590 1620 638 testes
1648 591 1798 649 sunt,
1842 582 2003 638 altius
2029 596 2161 637 voce

577 672 846 729 canebant
883 671 1055 737 chori,
1106 687 1172 728 eo
1200 673 1432 743 amplius
1472 674 1615 730 idem
1667 674 1832 729 ﬂebat
1860 674 1915 728 in
1955 673 2156 744 iubilo;

579 764 767 832 sicque
793 777 853 819 se
880 764 1202 834 pertrahens
1224 766 1290 819 ad
1325 767 1710 821 matutinorum
1739 780 1911 836 usque
1952 765 2157 829 laudes,

580 869 681 910 nec
699 855 878 910 minus
898 870 1082 910 amore
1101 854 1302 911 Christi
1318 855 1635 912 febricitans
1656 857 1999 929 elanguebat,
2024 858 2166 913 sicut

579 945 839 1017 scriptum
861 954 945 1001 est
969 947 1021 1000 in
1050 946 1290 1002 Canticis
1313 965 1325 1001 :
1360 946 1568 1003 Fulcite
1596 964 1677 1002 me
1703 948 1946 1017 ﬂoribus,
1975 948 2165 1019 stipate

578 1053 660 1091 me
677 1036 855 1103 malis,
880 1038 1005 1108 quia
1027 1053 1204 1093 amore
1225 1036 1448 1109 languco
1477 1037 1655 1104 (Cant.
1701 1053 1762 1105 ιι,
1816 1037 1894 1108 5).
1941 1038 2009 1093 Ει
2034 1037 2162 1092 dum

579 1128 820 1197 quotidie
846 1129 1020 1201 magis
1066 1129 1343 1200 magisque
1384 1128 1569 1185 multis
1594 1139 1933 1199 premeretur
1958 1126 2160 1185 dolori-

580 1217 701 1283 bus,
733 1218 980 1288 spiritum
1008 1232 1115 1274 non
1155 1217 1434 1275 relaxabat
1481 1233 1696 1290 semper
1737 1218 1849 1276 Deo
1900 1219 2160 1273 intentus.

580 1310 909 1381 Disponebat
938 1311 1190 1382 igiturita
1211 1312 1394 1367 omnia
1419 1312 1703 1383 providus,
1722 1326 1788 1367 ac
1812 1311 1856 1366 si
1880 1310 2014 1366 nihil
2036 1309 2163 1365 mali

582 1400 749 1457 ferret
771 1402 825 1457 in
854 1417 1103 1473 corpore,
1132 1402 1422 1459 instituens
1449 1410 1505 1459 et
1526 1402 1784 1457 ordinans
1821 1401 1897 1456 ita
1922 1399 2165 1471 singulas

580 1495 842 1564 ofﬁcinas,
882 1506 941 1553 ut
988 1497 1061 1552 nil
1102 1497 1226 1553 linis
1278 1495 1396 1567 ejus
1450 1495 1831 1566 imperfectum
1865 1494 2160 1557 inveniret;

581 1588 847 1659 praecipue
865 1596 925 1643 ut
944 1596 999 1643 et
1023 1595 1243 1644 sanctus
1264 1586 1380 1643 dies
1402 1587 1580 1659 dignis
1600 1585 1968 1642 celebraretur
1997 1584 2167 1640 hono-

581 1679 751 1734 ribus.
779 1678 896 1746 Quo
922 1687 1143 1750 peracto
1168 1677 1542 1733 vehementius
1568 1676 1735 1749 carpit
1769 1675 1951 1747 urgeri
2000 1673 2168 1730 febri-

579 1766 682 1824 bus
714 1785 728 1823 :
761 1746 1001 1839 quotidie
1048 1777 1226 1823 tamen
1254 1765 1323 1821 ad
1351 1746 1669 1822 oratorium?
1690 1777 1717 1806 ι
1753 1746 1899 1821 beati
1947 1761 2165 1818 Martini
2196 1746 2242 1806 Β

579 1859 821 1925 veniens,
864 1872 1023 1928 quem
1050 1858 1268 1928 copioso
1292 1871 1478 1912 amore
1504 1856 1557 1911 in
1585 1856 1693 1910 vita
1719 1868 1935 1924 semper
1962 1851 2169 1908 dilexe-

580 1959 699 2018 rat;
728 1951 1036 2020 ibidemque
1064 1951 1257 2004 missas
1285 1948 1528 2013 audiens,
1577 1945 2011 2001 communionem
2041 1957 2169 1997 san-

580 2049 725 2097 ctam
749 2041 1010 2111 percepit,
1042 2040 1214 2095 donec
1241 2038 1462 2095 ultimus
1491 2038 1606 2095 dies
1633 2031 1757 2093 vita:
1784 2051 1814 2091 a
1861 2036 2039 2092 noctis
2061 2036 2166 2091 hu-

576 2132 672 2203 jus
699 2146 823 2187 eum
852 2131 1040 2187 eduxit
1064 2129 1313 2200 caligine.

581 2262 896 2319 Adveniente
917 2258 1270 2317 Hildemanno
1291 2259 1530 2383 epffctopo
1559 2257 1619 2315 S.
1653 2255 1817 2312 Pater
1841 2256 2035 2329 gaudio
2076 2272 2166 2311 ex-

1286 2347 1347 2383 su
1392 2347 1423 2383 a
1452 2370 1465 2383 .

1286 2340 1465 2385 saltat.

649 2446 741 2503 79.
765 2444 984 2501 Interim
1006 2459 1136 2501 vero
1158 2443 1387 2500 audiens
1405 2444 1599 2500 beatus
1623 2443 1706 2499 vir
1726 2442 2117 2500 llildemannus
2136 2442 2165 2484 δ

584 2540 889 2611 episcopus,
931 2554 1091 2609 quem
1131 2539 1244 2609 ipse
1276 2538 1598 2594 monachum
1653 2537 1940 2603 nutrierat,
1989 2544 2043 2592 et
2073 2551 2169 2609 per

584 2646 902 2688 concessum
933 2630 1078 2702 regis
1105 2638 1255 2686 tanto
1275 2629 1537 2685 Belvacus
1582 2628 1901 2684 sublimarat
1937 2628 2165 2693 honore,

584 2733 830 2782 sanetum
857 2732 1120 2796 aegrotare
1141 2722 1390 2789 Patrem;
1424 2721 1641 2777 advenit
1661 2721 1827 2787 illico,
1856 2730 1907 2776 et
1931 2721 2159 2776 excuba-

583 2818 679 2874 bat
704 2817 904 2889 jugiter
926 2827 1053 2871 ante
1075 2830 1221 2881 eum,
1258 2814 1429 2870 donec
1454 2813 1667 2868 vivendi
1714 2813 1874 2867 linem
1915 2810 2064 2878 fecit,
2113 2818 2170 2866 et

571 2921 710 2961 eum
733 2904 967 2977 propriis
995 2904 1245 2960 manibus
1270 2919 1374 2959 una
1405 2918 1528 2959 cum
1552 2906 1762 2959 cunctis
1787 2903 2045 2959 fratribus
2077 2918 2168 2958 se-

588 2998 792 3068 pelivit.
851 2996 954 3065 Qui
1007 2996 1133 3051 dum
1191 2996 1517 3062 advenisset,
1559 2995 1775 3065 gavisus
1809 3004 1894 3051 est
1948 3004 2169 3053 sanctus

586 3089 751 3143 Pater
770 3088 1051 3143 alacritate
1081 3085 1313 3142 maxima
1345 3095 1399 3142 et
1422 3085 1650 3150 laetatus,
1678 3094 1736 3140 ut
1766 3086 1855 3141 vix
1894 3101 1954 3163 se
2003 3084 2169 3141 ferret
2194 3111 2240 3175 ρ

587 3194 699 3249 pra:
730 3179 896 3234 nimio
920 3177 1296 3234 exsultationis
1322 3177 1534 3248 gaudio.
1566 3176 1774 3249 Agebat
1798 3190 2030 3246 namque
2056 3176 2168 3232 Deo
2192 3216 2197 3217 κ

586 3273 880 3327 immensas
902 3270 1128 3341 gratias,
1161 3269 1306 3339 quod
1336 3269 1408 3324 de
1434 3266 1596 3335 hujus
1622 3282 1745 3323 eum
1794 3266 2173 3323 consolaretur

588 3364 818 3418 adventu
838 3371 894 3417 et
927 3360 1175 3418 dicebat:
1205 3379 1223 3411 ι
1257 3360 1399 3415 Deus
1437 3358 1678 3415 omnium
1702 3357 1979 3413 institutor
2000 3365 2054 3410 et
2084 3370 2172 3411 re—

586 3461 726 3517 ctor,
748 3452 951 3523 gratias
980 3451 1075 3508 tibi
1099 3465 1203 3522 ago
1232 3467 1246 3504 :
1274 3449 1401 3521 quia
1430 3463 1543 3505 non
1567 3463 1690 3504 sum
1715 3445 1999 3502 fraudatus
2020 3461 2049 3500 a
2080 3447 2173 3501 de-

581 3543 791 3601 siderio
817 3558 956 3599 meo.
986 3560 1006 3596 ι

878 3652 1073 3709 Sereno
1125 3651 1297 3724 [route
1336 3660 1552 3707 mortem
1597 3658 1881 3722 exspectat.

661 3768 749 3827 80.
776 3767 987 3823 interea
1014 3781 1136 3822 cum
1158 3766 1413 3837 coepisset
1454 3765 1595 3821 idem
1628 3773 1850 3821 sanctus
1888 3763 2173 3835 episcopus

592 3876 624 3916 a
644 3859 802 3917 nobis
828 3859 1194 3931 percunctari,
1220 3866 1401 3919 utrum
1438 3857 1835 3913 benedictionis
1855 3855 1996 3921 oleo,
2027 3857 2171 3912 sicut

598 3969 630 4009 a
662 3954 821 4009 beato
843 3950 1084 4023 apostolo
1116 3949 1386 4006 sancitum
1412 3959 1496 4005 est
1523 3948 1665 4020 (Jac.
1697 3948 1772 4020 v),
1801 3949 2024 4004 deberet
2050 3962 2176 4018 per-

596 4045 794 4114 ungui;
845 4042 1296 4115 interrogavimus
1334 4057 1479 4107 eum,
1508 4051 1759 4098 utrumne
1787 4041 1970 4107 vellet,
2009 4056 2170 4112 quem

592 4133 780 4203 procul
807 4133 968 4188 dubio
1001 4131 1299 4187 scieramus
1326 4140 1674 4201 peccatorum
1717 4143 1739 4172 ο
1784 4132 2040 4187 oneribus
2064 4146 2170 4187 non

594 4223 843 4278 detineri.
873 4223 1028 4291 Quod
1054 4222 1143 4278 ille
1174 4223 1418 4286 audiens,
1450 4223 1649 4277 erectis
1673 4222 1842 4279 oculis
1868 4223 1920 4277 in
1951 4222 2169 4288 cmlum,

592 4315 840 4370 cominus
882 4314 1204 4371 obsecrabat
1228 4323 1289 4369 ut
1316 4315 1490 4369 ﬁeret.
1525 4312 1661 4381 Quid
1691 4322 1851 4385 putas
1888 4323 2001 4369 tum
2041 4329 2173 4369 san-

594 4414 715 4461 ctus
739 4406 932 4477 agebat
968 4405 1217 4461 animus!
1264 4405 1485 4475 quantis
1512 4413 1638 4460 tunc
1669 4404 1976 4476 replebatur
1998 4405 2172 4477 lacry-

2268 508 2287 543 ι
2325 489 2463 545 Hinc
2494 490 2604 556 ibo,
2637 499 2693 546 et
2747 492 2815 546 ad
2860 490 3030 546 Deum
3060 506 3242 546 meum
3270 492 3513 558 veniam;
3559 490 3739 557 laetus,
3772 493 3859 547 in-

2261 596 2445 651 quam,
2494 581 2732 646 veniam,
2778 580 2936 637 hctus
2983 581 3231 647 moriar,
3283 580 3548 651 laetusque
3605 580 3857 636 transibo

2264 671 2508 744 ingentes
2553 672 2714 744 hujus
2767 672 2890 727 vine
2935 670 3120 727 foveas
3172 689 3186 725 :
3229 671 3484 741 quoniam
3533 670 3602 725 ad
3657 670 3859 741 gaudia

2262 771 2620 833 perventurus
2650 778 2769 818 sum
2818 763 3171 832 sempiterna,
3201 761 3359 834 longe
3407 761 3539 816 mihi
3588 762 3681 816 diu
3729 775 3861 831 pro-

2266 868 2451 909 missa.
2490 871 2511 905 ι

2653 962 2921 1018 Christum
2945 981 2979 1018 a
3021 980 3077 1019 se
3105 963 3274 1019 visum
3312 962 3459 1018 dicit.

2332 1073 2423 1131 8|.
2463 1074 2558 1131 His
2599 1083 2654 1130 et
2698 1075 3006 1147 huiusmodi
3056 1075 3217 1131 dictis
3263 1073 3449 1130 sedulo
3498 1088 3559 1130 se
3604 1075 3863 1130 armabat

2262 1166 2465 1225 Christi
2497 1167 2672 1235 miles,
2694 1167 2868 1224 donec
2894 1169 3172 1239 ingressus
3195 1176 3281 1224 est
3309 1169 3485 1223 locum
3520 1168 3857 1241 tabernaculi

2264 1258 2599 1315 admirabilis
2644 1259 2698 1313 in
2725 1273 2856 1317 voce
2901 1259 3261 1316 confessionis
3305 1268 3360 1314 et
3408 1259 3626 1315 laudis:
3657 1259 3749 1315 ubi
3797 1269 3859 1315 et

2264 1349 2517 1405 inventus
2547 1357 2631 1405 est
2656 1351 2929 1405 exercitus
2945 1348 3307 1405 multitudinis
3334 1350 3468 1405 festa
3486 1350 3855 1416 celebrantis;

2264 1441 2575 1513 ibiquejam
2609 1456 2774 1498 senex
2802 1450 2990 1498 noster
3029 1442 3334 1512 tripudians
3372 1442 3616 1497 creditur
3654 1441 3861 1511 praxi-

2265 1548 2397 1590 nere
2442 1553 2455 1589 :
2507 1536 2632 1589 Non:
2675 1536 2971 1605 prwcessit,
3020 1535 3133 1590 dies
3179 1544 3355 1590 autem
3418 1535 3865 1605 appropinquavit

2269 1625 2441 1701 (Rom.
2470 1643 2589 1695 xm,
2617 1626 2728 1699 12).
2771 1627 2872 1696 Qui
2913 1642 3036 1683 cum
3082 1628 3412 1698 quotidianis
3440 1628 3632 1682 diebus
3680 1627 3865 1681 adhuc

2270 1719 2324 1774 in
2348 1733 2514 1774 carne
2536 1717 2853 1774 febricitans
2875 1718 3153 1775 immensis
3169 1734 3228 1775 se
3248 1720 3357 1776 Deo
3377 1720 3558 1775 taliter
3576 1733 3863 1775 commen-

2271 1808 2426 1863 daret
2455 1807 2704 1863 laudibus
2729 1848 2745 1874 ,
2785 1809 3010 1880 contigit
3037 1809 3236 1877 subito,
3265 1810 3390 1865 dum
3435 1809 3582 1866 solus
3609 1808 3754 1880 apud
3801 1824 3862 1864 se

2271 1906 2471 1969 ageret,
2496 1898 2565 1954 ad
2583 1914 2706 1955 eum
2736 1899 3036 1971 ingressum
3059 1900 3227 1957 fuisse
3248 1910 3494 1957 sanctum
3517 1901 3859 1971 episcopum.

2267 1990 2351 2046 Ad
2394 2004 2556 2061 quem
2600 1990 2861 2047 continuo
2912 1991 3223 2048 exclamans
3263 1992 3341 2047 ait
3382 2010 3396 2045 :
3433 2011 3453 2043 ι
3488 1991 3663 2048 Curre
3704 1991 3863 2047 velo‘

2269 2083 2426 2143 citer.
2457 2098 2492 2140 o
2537 2082 2815 2154 episcope.
2844 2084 3098 2154 praecipio
3131 2085 3263 2150 tibi,
3293 2092 3349 2139 et
3394 2084 3645 2140 osculare
3693 2085 3865 2156 pedes

2268 2171 2483 2230 Domini
2512 2176 2617 2232 mei
2638 2173 2766 2230 Jesu
2795 2172 3033 2240 Christi,
3066 2176 3323 2246 quoniam
3352 2190 3481 2232 ecce
3519 2177 3697 2231 adest.
3738 2195 3760 2229 ι
3793 2176 3865 2230 At

2268 2263 2358 2320 ille
2402 2264 2629 2322 audiens
2667 2264 2823 2321 valde
2852 2266 3219 2331 contremuit,
3249 2267 3377 2337 quia
3423 2280 3533 2336 quo
3580 2267 3689 2321 iret
3714 2307 3731 2333 ,
3776 2265 3866 2322 vel

2269 2355 2399 2433 quid
2438 2362 2624 2428 ageret
2662 2356 2878 2427 penitus
2928 2356 3231 2427 ignorabat.
3276 2356 3369 2413 llle
3397 2372 3529 2414 vero
3559 2357 3667 2413 hoc
3709 2358 3865 2413 dicto

2269 2446 2475 2517 recepit
2495 2462 2555 2503 se
2582 2447 2682 2503 sub
2711 2447 2946 2513 silentio,
2970 2455 3027 2502 et
3052 2447 3277 2518 quievit.
3297 2447 3435 2502 Tum
3458 2448 3718 2519 deinceps
3737 2464 3866 2519 per-

2269 2545 2394 2594 acto
2437 2537 2527 2594 die
2550 2548 2742 2594 octavo
2786 2537 2981 2594 natalis
3004 2538 3231 2605 Christi,
3269 2538 3503 2594 alacrius
3529 2539 3700 2609 coepit
3729 2539 3865 2593 insi-

2272 2636 2437 2695 stere,
2471 2636 2529 2684 ut
2546 2628 2659 2699 jam
2690 2628 2817 2684 hinc
2840 2628 2891 2685 ei
2922 2628 3211 2684 celebratis
3234 2629 3425 2684 diebus
3452 2629 3646 2684 liceret
3686 2629 3861 2693 abire,

2272 2721 2318 2775 si
2366 2735 2475 2791 quo
2521 2721 2682 2777 modo
2737 2720 2854 2791 ipse
2898 2720 3116 2778 tandem
3163 2721 3475 2793 perveniret
3522 2721 3592 2775 ad
3638 2720 3862 2783 festum,

2270 2813 2415 2883 quod
2460 2827 2570 2867 nox
2614 2827 2720 2867 non
2772 2812 3091 2882 intercipit,
3120 2826 3299 2883 neque
3343 2811 3536 2867 morbo
3581 2810 3863 2882 corrumpi

2270 2912 2469 2977 potest.
2504 2904 2564 2959 Et
2620 2912 2846 2975 peracto
2875 2904 3039 2974 igitur
3059 2902 3177 2974 jam
3224 2902 3401 2961 noctis
3447 2902 3641 2958 mediae
3684 2903 3865 2972 spatio

2271 2997 2347 3053 ita
2376 2997 2604 3053 adorsus
2623 3006 2728 3063 est,
2756 3005 2813 3053 et
2843 2996 3101 3053 fratribus
3129 2996 3345 3051 dicebat
3385 3014 3399 3049 :
3437 3013 3456 3047 ι
3491 2994 3537 3051 Ο
3570 2993 3690 3059 ﬁlii,
3713 3008 3864 3048 sem-

2271 3100 2370 3156 per
2391 3087 2522 3141 mihi
2555 3087 2608 3141 in
2636 3086 2864 3143 Domino
2889 3085 3118 3141 multum
3140 3085 3469 3152 charissimi,
3499 3084 3697 3140 scitote
3723 3098 3865 3153 quo-

2278 3177 2424 3232 niam
2446 3177 2606 3233 hodie
2631 3177 2759 3233 hinc
2786 3177 2875 3234 ibo
2908 3194 2921 3232 :
2953 3178 3137 3233 datum
3159 3186 3244 3233 est
3264 3177 3408 3233 enim
3432 3177 3561 3231 mihi
3588 3175 3704 3245 jam
3732 3177 3867 3231 hinc

2276 3267 2426 3323 exire
2450 3282 2515 3323 ac
2541 3268 2724 3324 videre
2755 3267 2919 3340 (quod
2948 3268 3156 3323 utinam
3188 3268 3324 3339 fiat),
3357 3277 3411 3322 et
3436 3282 3693 3338 apparere
3718 3283 3863 3322 con-

2275 3362 2481 3431 spectui
2511 3361 2889 3431 Redemptoris
2917 3362 3044 3416 mei.
3079 3360 3289 3417 Finitus
3329 3370 3413 3415 est
3437 3375 3566 3432 ergo
3588 3358 3705 3428 jam
3733 3375 3867 3415 cur-

2275 3468 2369 3509 sus
2412 3452 2728 3508 certaminis
2775 3452 2915 3518 mei,
2949 3460 3006 3507 et
3050 3459 3222 3507 restat
3263 3451 3478 3522 penitus
3523 3450 3655 3519 quid
3703 3464 3867 3505 acce-

2274 3553 2467 3615 pturus
2512 3544 2615 3599 sint
2668 3558 2768 3615 pro
2802 3542 3104 3598 vocationis
3137 3543 3360 3614 prtemio
3403 3551 3462 3596 ut
3509 3540 3776 3611 ignorem.
3837 3560 3860 3592 ι

2273 3636 2555 3692 Credimus
2579 3650 2679 3693 nos
2709 3644 2908 3702 tamen,
2944 3634 3121 3702 Pater,
3151 3636 3294 3706 quod
3326 3649 3426 3691 nec
3462 3634 3656 3690 oculus
3686 3633 3853 3697 vidit,

2273 3742 2375 3784 nec
2430 3727 2578 3782 auris
2626 3727 2871 3794 audivit,
2924 3742 3026 3783 nec
3069 3728 3124 3782 in
3176 3742 3274 3785 cor
3323 3727 3561 3783 hominis
3615 3726 3866 3781 ascendit

2276 3820 2535 3892 (alioquin
2559 3834 2760 3875 vacuus
2784 3826 2869 3875 est
2898 3818 3051 3874 labor
3080 3818 3226 3888 ﬁdei)
3256 3832 3271 3871 :
3303 3817 3605 3887 praesertim
3641 3815 3737 3886 qui
3768 3815 3856 3868 die

2277 3926 2403 3967 cere
2425 3926 2547 3965 cum
2576 3908 2834 3980 Apostolo
2857 3908 3128 3980 potuisses
3148 3907 3415 3963 veraciter
3441 3924 3454 3960 :
3486 3905 3713 3961 Cursum
3738 3921 3865 3958 eon-

2272 4003 2548 4067 summavi,
2576 4002 2734 4072 ﬁdem
2755 4001 2976 4056 servavi.
3007 3998 3085 4054 De
3114 4000 3332 4070 reliquo,
3366 3997 3498 4068 quid
3523 3997 3668 4051 aliud
3697 4010 3863 4067 quam

2275 4094 2499 4165 reposita
2548 4103 2623 4147 est
2650 4092 2777 4146 mihi
2807 4107 3001 4146 corona
3038 4091 3281 4162 justitia',
3310 4106 3468 4161 quam
3517 4088 3696 4142 reddet
3734 4088 3863 4141 mihi
3950 4089 3957 4093 ’

2262 4183 2441 4253 justus
2469 4180 2647 4236 Iudex
2676 4183 2729 4236 in
2756 4180 2907 4234 illum
2927 4180 3103 4235 diem?
3125 4178 3210 4249 (II
3241 4178 3379 4233 Tim.
3404 4194 3480 4244 Iv,
3513 4176 3568 4244 7,
3602 4177 3683 4246 8.)

2509 4294 2782 4349 Matulim’s
2806 4292 2984 4357 dictis,
3012 4292 3203 4346 viatico
3232 4291 3471 4345 ntunitus
3492 4289 3622 4343 obit.

2345 4409 2435 4465 82.
2477 4408 2613 4465 Tum
2654 4423 2813 4463 mane
2832 4405 2944 4475 jam
2975 4404 3141 4470 facto,
3174 4403 3455 4460 accersitis
3485 4402 3767 4458 nonnullis
3797 4418 3862 4457 ex

594 4497 727 4552 mis!
764 4471 933 4551 Erant
961 4496 1124 4566 igitur
1147 4471 1300 4552 oculi
1317 4496 1384 4551 ad
1410 4496 1579 4553 Deum
1612 4471 1797 4562 defixi,
1823 4511 2013 4552 manus
2043 4471 2174 4570 vero
2202 4471 2252 4530 θ
2272 4500 2498 4566 'nostris,
2528 4500 2695 4570 coepit
2736 4471 2879 4555 idem
2905 4498 3098 4554 beatus
3140 4498 3303 4552 Pater
3344 4510 3562 4568 urgere,
3592 4504 3864 4565 quatenus

594 4588 662 4642 ad
692 4571 1139 4651 cmlos'extensaa;
1168 4586 1509 4656 invitausque
1534 4594 1779 4641 sanctum
1808 4586 2066 4658 Spiritum
2094 4587 2177 4642 di-

597 4678 750 4733 cebat
776 4696 789 4732 ε
819 4697 839 4730 ι
867 4677 1019 4732 Nunc
1044 4675 1271 4732 dimittis
1291 4692 1507 4732 servum
1525 4686 1698 4743 tuum,
1717 4678 1957 4743 Domine,
1985 4692 2177 4733 secun-

599 4771 723 4823 dum
749 4766 975 4825 verbum
1009 4776 1157 4821 tuum
1190 4765 1245 4821 in
1275 4781 1428 4836 pace,
1461 4765 1587 4837 quia
1637 4767 1854 4837 percepi
1879 4768 2060 4821 omnia
2098 4766 2175 4822 tui

598 4858 837 4929 mysterii
861 4864 1219 4913 sacramenta.
1244 4855 1311 4910 Et
1351 4871 1496 4911 nunc
1520 4856 1647 4926 quid
1695 4864 1961 4926 superest,
1986 4857 2087 4912 nisi
2118 4866 2178 4914 ut

596 4950 661 5004 ad
691 4961 741 5006 te
771 4950 1020 5006 veniam?
1048 4949 1433 5005 Verumtamen
1459 4964 1567 5004 non
1610 4949 1751 5006 sicut
1775 4965 1876 5022 ego
1904 4950 2046 5018 volo,
2079 4952 2174 5009 sed

596 5046 736 5101 sicut
756 5053 810 5100 tu
837 5045 941 5109 vis,
965 5051 1174 5098 tantum
1192 5040 1287 5097 ﬁat
1310 5041 1558 5099 voluntas
1583 5049 1695 5098 tua.
1725 5061 1744 5094 ι
1774 5041 2025 5113 Alioquin
2060 5043 2177 5099 siti-

596 5144 750 5192 verat
774 5137 890 5209 jam
914 5136 1059 5192 idem
1082 5134 1173 5190 diu
1199 5134 1383 5191 venire
1411 5134 1479 5190 ad
1511 5132 1748 5201 fontem;
1772 5134 1917 5191 unde
1939 5143 1995 5191 et
2020 5136 2175 5207 quasi

669 5285 695 5313 ιι
733 5270 883 5327 Istud
925 5270 1223 5341 oratorium
1280 5278 1495 5341 patrum
1551 5277 1862 5341 nostrorum
1915 5273 2173 5327 memoria

598 5343 849 5397 exstabat
872 5340 1026 5412 eoin
1061 5342 1258 5411 spatio,
1285 5339 1429 5411 quod
1462 5339 1735 5412 modo_ad
1779 5354 1963 5412 muros
1990 5342 2176 5412 oppidi

598 5427 827 5495 vacuum
851 5419 937 5468 est
953 5408 1330 5467 inter'hortum
1353 5418 1411 5466 et
1423 5409 1599 5465 amnis
1617 5408 1812 5466 Corbei
1837 5408 2097 5466 inﬂuxrirn
2123 5414 2178 5468 in

594 5482 1033 5609 ope“glemsoancto
1060 5551 1413 5607 Hildemanno
1432 5549 1696 5621 agendum
1719 5549 1856 5605 infra
1885 5548 1951 5605 ad
1976 5566 2175 5609 annum

597 5623 874 5748 8liniue
928 5687 1095 5763 patet,
1152 5690 1433 5756 Radberti,
1483 5705 1545 5745 ac
1572 5692 1796 5761 proinde
1828 5691 2062 5749 fidelium
2091 5696 2175 5750 sui

2277 4591 2570 4647 matutinos
2596 4591 2749 4646 ocius
2776 4589 3156 4660 praevenirent.
3176 4587 3384 4656 Quibus
3413 4587 3598 4652 dictis,
3625 4588 3681 4641 in
3708 4586 3865 4642 laude

2276 4684 2478 4740 Christi
2503 4683 2745 4740 caelestis
2762 4681 2879 4751 ejus
2901 4682 3081 4750 lingua
3107 4681 3399 4737 obmutuit.
3436 4679 3593 4736 Tunc
3618 4695 3756 4737 vero
3788 4681 3863 4735 si-

2274 4776 2387 4833 mul
2415 4774 2859 4833 convenientibus
2889 4772 3140 4830 omnibus
3175 4772 3382 4828 sanctis
3405 4770 3698 4835 fratribus,
3720 4787 3865 4827 com-

2275 4868 2587 4925 munionem
2613 4874 2856 4923 sanctam
2891 4866 3136 4937 percepit
3158 4865 3329 4922 ferme
3352 4865 3405 4919 in
3439 4865 3574 4920 hora
3603 4864 3716 4919 diei
3746 4865 3861 4934 pri-

2277 4973 2386 5023 ma,
2416 4965 2472 5012 et
2499 4965 2783 5028 eruperunt
2806 4972 2930 5012 eum
2966 4956 3294 5028 bymnidicis
3320 4956 3576 5011 laudibus
3625 4956 3862 5011 Domino

2275 5047 2678 5113 commendare,
2701 5054 2862 5118 atque
2884 5047 2957 5102 ita
2980 5047 3339 5119 pcrdurantes
3362 5046 3416 5101 in
3438 5044 3557 5114 ejus
3586 5045 3863 5115 exsequiis

2277 5152 2448 5209 usque
2487 5138 2543 5194 in
2571 5138 2760 5194 horam
2788 5137 2896 5194 diei
2926 5153 3147 5194 nonam.
3194 5137 3331 5194 Tum
3360 5136 3503 5193 idem
3535 5136 3661 5210 [αι.
3692 5134 3861 5207 inde],

2280 5273 2540 5343 temporis
2594 5272 3000 5343 persuasionem
3056 5270 3221 5326 fuisse
3265 5268 3579 5343 unctionem
3626 5268 3864 5323 infirmo-

2284 5339 2408 5399 runi
2431 5339 2768 5414 potissimum
2796 5342 2977 5396 valere
3001 5339 3486 5414 gadhexpurganda
3512 5351 3860 5414 peccatorum

2281 5410 2447 5471 onera
2493 5421 2818 5486 {patetque
2850 5427 2932 5486 ex
2982 5410 3274 5486 Adelhardi
3319 5411 3705 5486 responsione,
3742 5424 3861 5486 curn

2281 5500 2388 5541 non
2432 5481 2679 5540 sanitatis
2727 5481 2919 5551 gratia,
2965 5482 3055 5551 qui
3106 5482 3271 5536 etiam
3319 5481 3474 5535 istius
3533 5481 3859 5536 sacramenti

2281 5553 2507 5610 effectus
2527 5563 2611 5608 est
2649 5568 2713 5607 ac
2749 5551 2872 5607 finis
2909 5552 3264 5621 sccumlarius
3290 5592 3304 5613 ,
3330 5552 3444 5621 hoc
3459 5560 3857 5621 sacramentum

2279 5624 2614 5694 postulasse,
2674 5634 2732 5677 ut
2789 5623 2993 5679 dictum
3050 5618 3137 5676 est
3194 5623 3247 5677 in
3303 5618 3629 5675 Praefatione
3687 5618 3857 5674 sxcnli

2277 5710 2458 5765 prum.
