4122 6324
395 256 535 314 1549

1575 255 1664 311 DE
1705 255 1862 311 VlTA
1903 253 1960 311 S.
2003 253 2426 311 ADALIIARDI.

3527 251 3666 319 1550

393 369 610 442 quando
630 375 685 424 et
713 367 962 424 Christus
995 368 1048 423 in
1098 383 1282 434 cruce,
1321 368 1503 426 emisit
1534 368 1785 440 spiritum
1818 381 1844 410 ι
1876 386 1888 421 :
1921 377 1981 424 ut
2007 375 2054 433 Α
2084 375 2136 422 te
2170 382 2386 438 semper
2435 367 2790 424 sanctissima:
2834 368 2978 433 vitze,
3009 384 3217 441 nosque
3249 377 3336 426 tua
3388 388 3665 444 nunquam

391 464 615 519 daretur
649 461 928 528 indicium,
959 463 1102 532 quod
1139 463 1293 530 cujus
1342 477 1559 518 crucem
1595 463 1648 517 in
1683 463 1797 517 vita
1831 461 1972 518 tule-

390 561 493 616 rat,
523 566 792 622 quemque
821 561 1034 607 secutus
1067 551 1264 617 fuerat,
1309 553 1426 623 ejus
1452 562 1507 608 et
1538 552 1589 606 in
1614 552 1806 607 mortis
1844 551 1977 606 arti-

388 644 510 700 Culo
545 654 863 714 sequeretur
897 643 1146 714 vestigia,
1189 644 1364 698 donec
1401 643 1710 713 perveniret
1754 641 1822 695 ad
1849 657 1974 696 eum

387 748 549 804 quem
586 733 893 803 qumsierat,
924 747 1085 802 quem
1113 740 1349 802 optarat,
1380 747 1542 802 quem
1569 739 1624 786 et
1649 731 1740 785 diu
1769 729 1835 786 de
1861 738 1974 786 toto

386 825 550 880 corde
589 824 945 880 desideraret.
995 823 1129 891 Quis
1173 832 1330 894 putas
1368 831 1495 879 tunc
1523 838 1584 877 ea
1615 823 1749 878 hora
1799 823 1975 878 luctus

386 917 627 972 omnium
671 923 812 979 erat,
850 924 904 970 et
952 932 1112 984 quam
1163 916 1432 986 prmeipua
1478 914 1680 968 fuerint
1735 913 1971 968 lamenta

385 1009 776 1064 monachorum
810 1008 822 1060 !
866 1008 1229 1064 Attollebatur
1264 1017 1444 1064 autem
1477 1023 1692 1062 sursum
1722 1022 1824 1061 vox
1867 1022 1971 1062 una

385 1100 694 1156 canentium
743 1099 797 1154 in
851 1099 1088 1164 excelso,
1121 1110 1174 1156 et
1219 1099 1376 1155 ﬂetus
1429 1099 1670 1155 omnium
1717 1097 1972 1154 deorsum

385 1188 720 1258 singulorum
742 1188 1020 1244 scindebat
1052 1199 1272 1261 pectora
1307 1209 1318 1244 :
1353 1191 1628 1261 quoniam,
1669 1191 1810 1246 sicut
1839 1190 1969 1246 alibi

385 1281 588 1337 dictum
620 1291 722 1346 est,
749 1288 802 1335 et
830 1281 977 1351 pium
1010 1292 1126 1337 erat
1163 1292 1312 1338 tanto
1364 1283 1482 1338 viro
1521 1283 1886 1354 congaudere,
1915 1289 1969 1337 et

380 1371 529 1442 pium
553 1379 670 1426 erat
697 1372 764 1426 ab
806 1371 922 1440 ejus
952 1374 1205 1428 abscessu
1233 1372 1380 1428 ﬂere.
1416 1374 1548 1442 Quis
1575 1375 1717 1428 enim
1747 1390 1851 1428 non
1879 1373 1972 1430 ﬂe-

381 1471 487 1527 ret,
518 1462 680 1518 etiam
705 1463 749 1516 si
789 1464 854 1518 de
883 1463 1036 1518 silice
1079 1473 1238 1518 natus
1259 1472 1422 1528 esset,
1451 1479 1514 1518 ea
1542 1460 1677 1519 lici'a
1727 1480 1848 1518 cum
1889 1464 1971 1518 in-

380 1553 556 1625 clytus
580 1553 676 1608 Dei
703 1564 890 1624 pastor
929 1555 1055 1609 hinc
1087 1554 1276 1609 abiens
1296 1554 1464 1610 cmlos
1493 1554 1808 1623 expeteret?
1850 1553 1970 1623 Ipse

378 1660 524 1701 enim
551 1654 686 1711 erat,
715 1645 856 1701 bone
885 1643 1034 1706 Jesu,
1066 1661 1225 1715 quem
1261 1646 1314 1699 in
1351 1655 1462 1700 toto
1508 1659 1573 1699 ex
1605 1631 1858 1700 omnibus
1881 1659 1968 1699 so-

377 1738 489 1793 lum
532 1738 781 1794 abbatem
809 1737 1018 1808 reperi;
1054 1738 1171 1808 ipse
1198 1752 1263 1793 ex
1308 1737 1592 1802 universis,
1622 1750 1783 1807 quem
1834 1736 1969 1792 alte-
1997 1734 2044 1795 B

378 1830 494 1886 rius
537 1829 660 1902 plus
703 1845 865 1901 quam
914 1845 1010 1886 sua
1058 1837 1390 1900 quaerentem
1441 1830 1640 1884 inveni.
1689 1829 1790 1896 Qui
1830 1830 1969 1885 sicut

376 1929 552 1976 mater
595 1927 742 1974 amat
779 1919 997 1974 unicum
1045 1919 1238 1984 filium,
1270 1918 1345 1973 ita
1393 1933 1636 1988 quosque
1678 1917 1968 1973 tenerritne

376 2009 654 2082 diligebat,
682 2016 842 2079 atque
873 2016 931 2063 ut
959 2007 1215 2063 solidiora
1259 2018 1514 2080 caperent
1544 2008 1826 2062 invitabat.

763 2163 964 2217 Auctor
1003 2162 1119 2232 ejus
1162 2170 1376 2216 mortem
1419 2161 1578 2232 luget.

444 2279 532 2336 83.
558 2279 894 2349 Quapropter
914 2320 929 2345 ,
963 2294 1169 2349 quteso,
1202 2279 1487 2343 attendite,
1536 2278 1660 2344 viri,
1688 2288 1741 2333 et
1770 2280 1868 2334 vid»
1895 2290 1965 2347 te,

373 2371 613 2427 universi
644 2371 845 2440 populi,
882 2381 1112 2426 matrem
1164 2369 1452 2427 Corbeiam
1518 2370 1734 2426 ﬂentem
1783 2372 1968 2442 (quod

371 2471 454 2518 est
483 2461 775 2517 alvearium
799 2461 1215 2530 monachorum)
1246 2460 1482 2524 ﬂentem,
1510 2462 1761 2531 inquam,
1803 2477 1866 2515 ac
1896 2463 1970 2516 di-

373 2562 584 2610 centem
613 2567 626 2606 :
663 2550 882 2607 Ablatus
903 2559 986 2606 est
1015 2551 1338 2622 magniﬁcus
1356 2566 1508 2606 meus
1535 2551 1685 2616 mihi,
1709 2559 1764 2606 et
1791 2551 1968 2605 nullus

378 2655 463 2701 est
493 2645 584 2714 qui
616 2644 928 2700 consoletur
953 2658 1037 2698 me
1063 2659 1130 2698 ex
1171 2643 1422 2698 omnibus
1445 2643 1630 2698 charis
1663 2660 1676 2696 :
1711 2643 1965 2713 quoniam

371 2735 582 2805 compte
602 2735 676 2789 vit
723 2734 776 2788 in
805 2748 891 2788 me
934 2732 1192 2787 Dominus
1245 2732 1482 2788 furorem
1531 2749 1707 2796 suum,
1740 2741 1794 2787 et
1844 2732 1970 2786 fecit

371 2841 492 2896 quae
531 2825 822 2896 cogitavit.
871 2823 1174 2894 Complevit
1218 2839 1347 2895 ergo
1392 2839 1511 2894 qute
1558 2832 1892 2894 praeceperat
1938 2839 1967 2876 a

372 2916 561 2972 diebus
576 2915 852 2986 antiquis:
888 2913 1048 2968 Terra
1070 2931 1143 2980 es,
1165 2924 1213 2968 et
1237 2915 1291 2968 in
1316 2924 1510 2968 terram
1539 2913 1634 2967 ibis
1659 2911 1809 2983 (Gen.
1843 2913 1924 2984 ιιι)
1950 2931 1964 2979 ;

372 3007 578 3062 idcirco
623 3007 756 3060 abiit
787 3004 1142 3060 charissimus
1169 3005 1327 3070 mihi,
1356 3012 1411 3059 et
1452 3003 1697 3059 recessit.
1732 3003 1967 3059 Reversa

371 3107 457 3156 est
482 3114 612 3170 ergo
668 3099 822 3168 virgo
851 3096 1020 3152 lsrael
1072 3097 1139 3152 ad
1169 3097 1419 3152 civitates
1447 3111 1594 3162 snas,
1625 3105 1679 3150 et
1715 3096 1967 3166 deinceps

374 3190 619 3245 ambulat
648 3191 883 3262 gloriose
913 3207 1076 3262 super
1105 3207 1277 3263 aquas
1307 3193 1694 3263 redemptionis
1721 3204 1959 3248 teternze.

371 3281 491 3353 Ipse
511 3293 746 3353 namque
772 3292 856 3338 est
881 3284 972 3352 qui
995 3293 1113 3340 erat
1135 3285 1265 3339 mibi
1289 3294 1538 3340 votorum
1565 3285 1918 3340 charissimus
1946 3303 1960 3338 :

371 3371 488 3442 ipse
514 3379 835 3427 convertens
863 3374 1100 3428 animam
1133 3390 1310 3430 meam
1335 3383 1390 3430 et
1419 3390 1603 3430 cuStos
1630 3375 1754 3428 vilre
1785 3391 1918 3430 mem
1946 3393 1957 3428 :

372 3463 496 3533 ipse
523 3461 612 3532 qui
637 3477 970 3534 consurgens
992 3478 1091 3532 pro
1120 3464 1276 3519 nobis
1297 3465 1349 3518 in
1370 3465 1638 3535 principio
1656 3465 1960 3535 vigiliarum

371 3550 684 3608 eﬂ'undcbat
713 3551 858 3607 velut
887 3567 1082 3622 aquam
1115 3567 1210 3608 cor
1250 3569 1404 3608 sumu
1438 3563 1564 3608 ante
1608 3564 1960 3623 conspectum

371 3645 610 3712 Domini,
636 3661 778 3700 nunc
806 3660 933 3700 vero
956 3645 1136 3715 posuit
1164 3660 1265 3700 nos
1294 3645 1554 3703 Dominus
1580 3645 1648 3700 ad
1691 3645 1959 3701 modicum

375 3737 660 3801 desolatas,
688 3745 909 3808 propter
929 3751 1051 3792 eum
1088 3751 1322 3792 mmrore
1353 3735 1647 3793 confectos.
1683 3736 1806 3792 ldeo
1831 3751 1962 3806 ergo

371 3829 626 3900 ponimus
656 3830 708 3884 iu
740 3829 963 3899 pulvere
1003 3845 1065 3885 os
1093 3836 1360 3894 nostrum,
1392 3836 1673 3898 Sperantes
1718 3827 1772 3882 in
1802 3828 1962 3883 mise-

374 3921 625 3977 ricordiis
657 3921 887 3986 Domini,
923 3922 966 3978 si
1006 3922 1144 3978 forte
1181 3921 1252 3977 sit
1277 3936 1401 3990 spes
1429 3929 1486 3975 ut
1523 3921 1807 3991 pervenire
1833 3937 1957 3989 pos-

375 4011 545 4067 simus
599 4027 705 4081 quo
752 4013 864 4082 jam
912 4013 1034 4083 pius
1087 4011 1356 4068 Patronus
1408 4022 1595 4068 noster
1651 4015 1961 4082 pervenisse

375 4102 630 4157 creditur.
665 4101 819 4170 Quod
849 4103 1021 4159 donec
1046 4103 1160 4169 fiat,
1190 4105 1362 4160 donec
1389 4112 1572 4175 optata
1603 4105 1787 4160 veniat
1821 4106 1956 4172 dies,

377 4192 582 4248 haereat
608 4191 790 4264 lingua
816 4208 935 4248 mea
979 4192 1227 4249 faucibus
1256 4194 1412 4259 meis,
1443 4195 1487 4247 si
1517 4194 1592 4248 tui
1624 4209 1730 4248 non
1763 4196 1954 4250 memi-

379 4299 550 4350 nero,
582 4292 740 4355 pater
784 4285 1134 4353 Adalharde,
1175 4287 1219 4342 si
1267 4303 1374 4341 non
1429 4295 1478 4342 te
1527 4302 1856 4358 proposuero
1903 4289 1958 4342 in

375 4377 644 4448 principio
691 4379 1128 4434 recordationum
1158 4395 1402 4434 mearum
1431 4395 1446 4444 ;
1495 4379 1733 4450 alioquin
1766 4381 1960 4434 oblivi-

377 4475 561 4521 scatur
611 4483 696 4522 me
743 4467 1009 4532 dextera,
1065 4469 1168 4522 nisi
1213 4485 1409 4525 nomen
1461 4478 1609 4524 tuum
1665 4469 1960 4540 laudesque

375 4557 632 4627 pandam.
681 4557 898 4619 Credo,
951 4559 1024 4612 mi
1069 4558 1361 4612 charorum
1408 4559 1770 4623 charissime,
1817 4559 1961 4629 quod

375 4649 529 4720 prius
551 4657 830 4705 maternus
855 4665 1008 4705 amor
1031 4650 1209 4720 perire
1246 4653 1436 4721 possit,
1461 4668 1622 4721 quam
1649 4667 1747 4706 nos
1779 4662 1830 4706 te
1852 4667 1960 4706 non

377 4741 637 4813 diligere;
686 4741 811 4812 quia
843 4742 946 4796 etsi
986 4741 1074 4796 illa
1106 4757 1326 4796 suorum
1357 4742 1713 4809 obliviscitur,
1745 4758 1844 4798 nos
1886 4742 1961 4796 tui

374 4848 654 4903 nunquam
695 4832 846 4889 obliti
881 4833 1102 4888 erimus.
1137 4831 1243 4887 Sed
1287 4834 1414 4887 dum
1473 4833 1667 4889 saecula
1714 4845 1958 4899 manent,

375 4931 432 4978 et
454 4939 558 4980 nox
595 4939 716 4980 cum
745 4924 831 4980 die
860 4925 1092 4995 partitur
1118 4925 1281 4990 vices,
1314 4922 1457 4979 fama
1484 4924 1865 4995 praedicabitur
1889 4925 1956 4980 de

447 5053 474 5082 ι
513 5041 716 5111 Nempe
767 5056 820 5095 tv
864 5040 1047 5096 Nonas
1091 5038 1331 5094 Januarii
1358 5080 1373 5105 ,
1443 5047 1496 5095 et
1541 5039 1760 5111 quidem
1814 5054 1959 5093 anno

376 5110 825 5182 octingentesimo
839 5112 1099 5182 vigesimo
1125 5120 1280 5165 sexto
1303 5113 1540 5166 ineunte.
1578 5110 1726 5182 llunc
1758 5125 1958 5163 annum

377 5180 569 5252 colligo
584 5192 696 5236 tum
714 5198 773 5236 ex
794 5180 1061 5252 Chrenico
1075 5196 1224 5236 nova:
1239 5182 1502 5252 Corbeiae,
1525 5181 1607 5252 cui
1625 5191 1855 5252 quatuor
1870 5194 1961 5252 an-

377 5253 462 5307 nis
481 5249 694 5324 p'rtcfuit
721 5253 790 5324 ab
826 5267 966 5324 anno
988 5251 1114 5314 8'22,
1148 5262 1257 5324 tum
1293 5268 1359 5306 ex
1389 5250 1656 5324 Chronico
1687 5249 1958 5324 Saxonico

378 5320 498 5377 msf
521 5324 569 5377 in
596 5339 702 5392 quo
723 5322 839 5392 ejus
861 5322 1038 5376 obitus
1055 5322 1333 5390 reponitur
1346 5337 1487 5392 anno
1513 5320 1637 5384 825,
1662 5320 1956 5392 secundum

375 5389 624 5448 veterem
662 5389 956 5456 calculum,
988 5393 1072 5446 his
1109 5389 1288 5446 verbis
1319 5409 1331 5444 :
1361 5391 1587 5446 Sanctus
1629 5389 1958 5445 Adelhardus

379 5461 708 5518 Corbeiensis
751 5463 909 5516 abbas
933 5463 1078 5528 obiit,
1124 5463 1209 5515 cui
1239 5461 1492 5516 Wariuus
1521 5461 1768 5514 successit
1799 5477 1818 5513 :
1847 5469 1958 5513 tum

389 5534 623 5604 denique
651 5549 721 5604 ex
737 5532 857 5586 Vita
872 5533 1045 5587 sancti
1077 5531 1384 5604 Aurscharii,
1411 5532 1523 5600 qui,
1558 5540 1772 5604 mortuo
1801 5530 1961 5604 Adal-

379 5599 573 5667 hardo,
613 5619 642 5657 a
680 5603 834 5657 Wala
878 5605 1071 5658 abbate
1120 5603 1236 5672 ejus
1268 5599 1582 5672 successore
1630 5601 1681 5672 in
1736 5599 1960 5654 Dauiatu

381 5673 581 5730 missus
601 5684 700 5728 est.
732 5674 806 5728 Es
833 5674 1028 5745 quibus
1053 5671 1385 5744 intelligitur,
1405 5671 1766 5727 Adalhardum
1795 5686 1960 5742 prope

2078 459 2345 512 immunes
2386 459 2588 514 erimus
2637 473 2667 512 a
2710 459 2884 514 laude.
2938 459 3017 514 Tu
3059 469 3278 527 autem,
3331 477 3662 532 quasumus,

2077 550 2232 605 trabe
2259 565 2356 605 nos
2378 551 2505 605 hinc
2534 559 2655 621 post
2676 560 2751 617 te,
2780 567 3064 607 curramus
3089 553 3142 608 in
3173 555 3394 610 odorem
3421 572 3664 628 unguen.

2077 651 2253 697 torum
2293 653 2542 710 tuorum;
2587 646 2712 715 quia
2753 646 2974 721 meliora
3017 655 3144 701 sunt
3188 648 3352 702 ubera
3396 658 3484 702 tua
3510 649 3662 714 vino,

2073 729 2366 799 fragrantia
2391 735 2677 804 unguentis
2700 735 2940 804 optimis.
2969 736 3123 792 Recti
3147 738 3291 792 enim
3317 746 3370 792 te
3389 739 3617 809 diligunt
3641 753 3662 795 :

2052 829 2129 890 .et
2154 821 2272 877 ideo
2295 823 2606 892 quaerimus,
2636 839 2918 894 quousque
2941 827 3319 896 perveniamus
3343 829 3432 884 ubi
3457 829 3660 900 pascis,-

2075 911 2165 966 ubi
2193 913 2394 979 cubas;
2425 915 2626 970 scimus
2653 931 2886 986 namque
2909 918 3052 986 quod
3081 918 3132 972 in
3167 919 3412 975 meridie.

2322 1025 2501 1081 Obiter
2525 1028 2588 1082 de
2615 1027 2809 1098 Orphei
2833 1029 2902 1082 ad
2923 1029 3116 1098 inferos
3142 1029 3410 1084 descensu.

2145 1139 2234 1195 84.
2273 1138 2456 1210 Neque
2498 1141 2677 1212 igitur,
2705 1141 2858 1212 juxta
2904 1141 3046 1210 quod
3082 1139 3274 1196 fabulae
3305 1142 3485 1197 ferunt
3510 1143 3661 1200 Trei—

2072 1231 2213 1285 cium
2245 1229 2436 1287 fecisse
2477 1240 2677 1295 vatem,
2708 1232 2972 1304 gemimus
3002 1233 3142 1302 apud
3171 1231 3372 1287 inferos
3411 1234 3658 1307 conjugis

2074 1331 2345 1378 mortem:
2384 1321 2479 1378 sed
2521 1337 2685 1392 super
2736 1331 2883 1376 astra
2931 1321 3168 1376 tollimus
3210 1321 3387 1376 Patris
3437 1340 3652 1390 nomen,

2078 1429 2186 1485 quo
2231 1424 2281 1469 te
2311 1413 2624 1469 solemniter
2662 1414 3040 1469 conscendisse
3086 1413 3335 1469 fatemur.
3385 1414 3525 1483 Ergo
3552 1417 3654 1470 etsi

2077 1503 2204 1560 felix
2234 1505 2337 1560 fuit
2383 1506 2492 1570 ille,
2523 1506 2615 1575 qui
2648 1505 2772 1562 ficte
2813 1506 2988 1576 potuit
3016 1505 3252 1560 lucidum
3283 1505 3408 1560 boni
3451 1504 3657 1560 fontem

2073 1599 2267 1664 visere,
2305 1607 2358 1653 et
2392 1599 2516 1653 felix
2556 1599 2646 1669 qui
2687 1598 2863 1668 potuit
2893 1598 3105 1654 vincula
3131 1598 3314 1669 gravis
3345 1606 3502 1654 terra:
3544 1599 3656 1654 sol-

2072 1705 2229 1758 vere;
2263 1691 2533 1748 feliciores
2559 1706 2745 1748 sumus
2768 1707 2889 1756 nos,
2913 1691 3004 1761 qui
3027 1707 3313 1761 possumus
3338 1700 3456 1762 post
3481 1701 3531 1761 te
3555 1706 3658 1761 pa-

2074 1792 2209 1840 trem
2237 1784 2362 1839 talia
2388 1792 2446 1840 et
2475 1794 2582 1839 tam
2607 1794 2792 1839 sancta
2818 1793 2940 1839 vota
2962 1783 3211 1852 dirigere.
3239 1783 3485 1854 Fingitur
3506 1784 3654 1839 enim

2071 1873 2159 1928 ille
2188 1874 2442 1944 prmfatus
2481 1883 2632 1929 vates
2664 1873 2930 1929 ﬂebilibus
2964 1854 3139 1930 modis
3165 1872 3340 1929 ﬂendo
3373 1881 3496 1947 post
3525 1889 3654 1930 con-

2064 1966 2244 2036 jugem
2268 1965 2432 2020 silvas
2454 1980 2674 2020 currere
2703 1964 2915 2030 fecisse,
2940 1980 3128 2020 amnes
3151 1974 3298 2021 stare
3333 1966 3654 2023 inmobiles:

2065 2055 2356 2126 junxitque
2406 2055 2736 2126 intrepidum
2763 2055 2918 2119 latus
2961 2071 3120 2110 cerva
3167 2057 3324 2111 saevis
3368 2055 3653 2122 leonibus;

2071 2162 2170 2205 nec
2209 2148 2388 2203 timuit
2417 2147 2570 2218 lepus
2594 2147 2708 2218 jam
2740 2157 2902 2202 cantu
2930 2147 3202 2217 placidum
3251 2164 3459 2204 canem.
3493 2148 3657 2220 Cujus

2072 2255 2194 2294 cum
2223 2237 2402 2293 fervor
2429 2238 2616 2292 intima
2643 2238 2889 2308 corporis
2911 2237 3190 2308 ﬂagrantia
3221 2247 3423 2304 ureret,
3447 2253 3548 2294 nec
3577 2239 3657 2294 sic

2073 2329 2372 2384 mulcerent
2419 2329 2658 2382 animum
2711 2335 2902 2382 cuncta
2929 2342 3048 2396 qum
3075 2327 3394 2398 subegerat;
3424 2327 3465 2381 it
3496 2327 3658 2383 mites

2072 2422 2137 2474 ad
2162 2437 2386 2491 superos
2414 2436 2662 2491 quaerens
2685 2419 2965 2492 conjugem
2993 2435 3007 2472 :
3041 2435 3138 2474 nec
3170 2430 3382 2488 reperta
3414 2419 3654 2474 infernas

2071 2515 2203 2569 adiit
2244 2516 2433 2569 domos
2466 2531 2478 2566 :
2517 2512 2626 2567 illic
2668 2513 2985 2568 sonantibus
3040 2511 3260 2567 chordis
3287 2511 3487 2566 blanda
3535 2525 3655 2566 εει·

2072 2606 2216 2659 mina
2268 2614 2597 2674 temperans,
2642 2603 2902 2673 quidquid
2946 2602 3012 2657 de
3042 2600 3328 2672 praecipuis
3375 2615 3653 2654 musarum

2071 2694 2307 2749 fontibus
2354 2695 2626 2749 hauserat.
2675 2693 2756 2747 Ad
2800 2693 2954 2763 cujus
3001 2707 3164 2747 voces
3193 2692 3502 2746 umbrarum
3554 2692 3652 2746 dea

2072 2785 2367 2838 miserans:
2395 2783 2654 2849 Tandem,
2688 2783 2880 2853 inquit,
2901 2782 3170 2837 vincimur
3190 2781 3426 2846 arbiter;
3457 2790 3511 2836 et
3531 2781 3652 2838 ideo

2071 2876 2336 2931 donamus
2363 2875 2647 2947 conjugem
2679 2875 2798 2930 viro
2828 2884 3063 2945 emptam
3100 2874 3358 2930 carmine.
3391 2873 3528 2941 Quid
3559 2889 3652 2944 pu-

2074 2979 2178 3032 tas,
2210 2979 2322 3024 tum
2354 2969 2441 3022 ille
2466 2967 2620 3036 juxta
2650 2967 2916 3036 poeticam
2949 2966 3318 3020 narrationem
3349 2965 3526 3020 luctus
3557 2965 3652 3019 da-

1996 3091 2038 3154 Ο
2073 3061 2198 3115 bat?
2243 3069 2580 3131 quantosque
2613 3061 2832 3114 threnos
2877 3059 3157 3129 geminans
3188 3073 3341 3114 amor
3372 3056 3654 3113 moverat?

2069 3151 2353 3220 quantisve
2388 3150 2637 3219 precibus
2684 3150 2895 3203 veniam
2937 3147 3272 3217 implorarat,
3317 3147 3471 3216 cujus
3513 3161 3652 3202 nova

2062 3241 2301 3295 carmina
2343 3248 2624 3310 stupuerat
2671 3239 2932 3300 internus,
2963 3237 3184 3292 ultrices
3226 3235 3490 3290 scelerum
3531 3234 3647 3289 dea:

2057 3335 2172 3405 jam
2205 3341 2412 3393 mmstze
2444 3331 2734 3385 madebant
2760 3329 3057 3400 lacrymis?

2311 3462 2550 3518 Honores
2591 3471 2795 3516 mortuo
2818 3460 3126 3516 Adalhardo
3160 3460 3396 3515 exhibiti.

2133 3575 2222 3630 85.
2266 3574 2375 3628 Sed
2428 3587 2559 3636 nos,
2592 3570 2751 3625 Pater
2803 3569 3160 3634 cltarissimc,
3194 3568 3319 3623 talia
3369 3584 3474 3624 non
3528 3568 3650 3622 ideo

2063 3666 2365 3729 inferimus,
2393 3662 2536 3733 quod
2569 3662 2876 3732 ignoremus
2920 3661 3187 3714 neminem
3218 3659 3286 3713 ab
3321 3659 3506 3714 inferis
3533 3659 3650 3715 sine

2061 3758 2278 3814 Christo
2301 3770 2606 3826 regressum
2632 3754 2828 3818 fuisse;
2855 3753 2949 3806 sed
2971 3752 3097 3822 quid
3121 3752 3246 3806 boni
3276 3750 3470 3805 habeat
3495 3765 3650 3806 amor

2063 3849 2308 3906 volumus
2348 3845 2580 3918 aperire.
2630 3845 2799 3898 Amor
2827 3844 2969 3897 enim
3018 3843 3253 3896 maxima
3285 3841 3370 3896 lex
3413 3842 3515 3896 sibi
3541 3851 3644 3905 est,

2062 3949 2118 3996 et
2147 3941 2266 3996 ideo
2292 3936 2550 3992 imitando
2579 3935 2874 4004 quaerimus
2909 3942 2960 3988 te
2987 3932 3138 4002 quasi
3174 3946 3270 4002 per
3300 3931 3492 4001 legem,
3522 3933 3651 4001 quia

2062 4031 2240 4086 omnis
2271 4030 2379 4083 vita
2410 4036 2498 4083 tua
2542 4027 2629 4082 lex
2675 4026 2798 4079 vitae
2826 4023 2965 4089 fuit;
3017 4031 3074 4076 ut
3103 4037 3410 4078 mereamur
3454 4037 3646 4092 perve-

2064 4125 2181 4179 nire
2216 4124 2283 4178 ad
2337 4130 2412 4186 te,
2445 4121 2554 4175 imo
2599 4116 2665 4173 ad
2717 4126 2789 4182 te,
2824 4117 2952 4187 quia
2989 4116 3054 4170 ad
3099 4115 3398 4179 Christum,
3445 4130 3553 4184 quo
3586 4123 3640 4170 te

2062 4215 2374 4286 pervenisse
2422 4211 2693 4267 credimus
2721 4219 2777 4264 et
2828 4216 3102 4278 optamus.
3137 4207 3200 4260 Et
3251 4219 3557 4277 precamur,
3589 4215 3650 4261 ut

2063 4306 2207 4362 Deus
2261 4305 2461 4361 nostris
2503 4301 2755 4374 precibus
2786 4309 2965 4354 motus
3019 4299 3293 4361 exaudiat,
3327 4307 3383 4352 et
3428 4297 3650 4353 doneris

2065 4399 2293 4454 feliciter
2320 4396 2494 4458 nobis,
2525 4395 2634 4447 imo
2683 4406 2780 4446 nos
2805 4391 2920 4454 tibi,
2951 4390 3075 4458 quia
3104 4398 3157 4442 te
3183 4387 3433 4458 paradiso
3463 4388 3648 4442 datum

1986 4448 2039 4507 ῃ
2065 4487 2316 4557 petimus.
2368 4448 2652 4537 Credimus
2692 4492 2924 4546 namque
2952 4448 3096 4545 quod
3141 4448 3338 4530 ibidem
3369 4474 3648 4531 coronatis

2057 4578 2170 4646 jam
2201 4577 2269 4631 de
2298 4574 2472 4644 capite
2496 4572 2724 4634 Amana,
2759 4571 2825 4626 de
2850 4570 3055 4624 vertice
3087 4568 3266 4632 Sanir,
3292 4568 3357 4622 de
3379 4567 3649 4622 cubilibus

2064 4670 2300 4730 leonum,
2331 4665 2398 4719 de
2444 4664 2715 4718 montibus
2746 4661 3060 4732 pardorum.
3091 4661 3196 4715 lsta
3225 4659 3420 4730 quippe
3459 4658 3645 4714 omnia

2065 4757 2446 4826 triumphando
2474 4755 2648 4810 vicisti
2680 4773 2692 4808 :
2725 4754 2928 4809 idcirco
2967 4752 3144 4808 factus
3189 4769 3248 4807 es
3277 4751 3458 4806 suavis
3504 4736 3648 4807 inter

2067 4849 2290 4906 delicias
2339 4846 2574 4917 paradisi
2607 4854 2659 4899 et
2711 4845 2957 4910 decorus,
2989 4859 3089 4900 nec
3136 4855 3220 4899 est
3248 4844 3379 4898 inte
3409 4843 3642 4898 macula.

2065 4938 2296 4994 Dextera
2337 4936 2504 5007 igitur
2551 4935 2751 4990 Christi
2795 4935 3172 5006 amplecteris,
3217 4945 3273 4989 et
3316 4934 3502 4990 laevam
3546 4934 3647 4989 sub

2065 5045 2331 5102 accesisse
2372 5046 2438 5100 ad
2466 5060 2666 5100 annum
2716 5047 2896 5100 aetatis
2925 5046 3344 5116 octogesimum,
3376 5053 3434 5099 ut
3479 5045 3531 5099 in
3564 5059 3648 5099 sc-

2065 5117 2254 5187 queuti
2276 5115 2470 5186 Eeloga
2500 5117 2693 5186 legitur
2723 5131 2736 5170 :
2767 5132 2890 5170 cum
2920 5115 3237 5172 adolescens
3268 5116 3650 5187 vigintiganno-

2064 5185 2185 5243 rum
2237 5185 2512 5242 factus’sit
2554 5185 2851 5241 monachus
2896 5202 3000 5241 non
3043 5196 3170 5246 ante
3200 5185 3398 5240 annum
3446 5185 3649 5240 Christi

2065 5258 2190 5321 770,
2207 5273 2272 5311 ex
2301 5258 2500 5312 notatis
2526 5272 2687 5327 supra
2705 5258 2768 5328 in
2803 5256 3190 5328 Martyrologio
3207 5256 3494 5328 Nevclouis
3520 5254 3650 5328 Cor-

2067 5328 2304 5382 beiensis
2332 5325 2603 5396 monachi,
2625 5327 2938 5396 quiszeculo
2970 5343 3042 5380 xu
3073 5325 3224 5388 vixit,
3259 5327 3512 5396 leguntur
3535 5325 3650 5379 lucc

2067 5400 2229 5454 verba
2264 5416 2276 5451 :
2304 5413 2356 5451 tv
2383 5395 2524 5450 Non.
2553 5395 2681 5461 Jan,
2708 5395 2926 5450 Corbeia
2973 5399 3288 5451 monasterio
3311 5395 3503 5450 natalis
3526 5411 3652 5450 san-

2067 5472 2137 5522 cti
2179 5468 2435 5524 Adalardi
2485 5466 2796 5534 confessoris
2834 5477 2882 5520 et
2934 5467 3157 5532 abbatis,
3184 5468 3268 5521 cui
3310 5466 3549 5520 Christus
3594 5465 3650 5516 in

2069 5539 2293 5591 transitu
2315 5539 2496 5591 mortis
2519 5539 2782 5606 apparuit.
2802 5537 2956 5593 Wala
2981 5548 3034 5593 et
3056 5537 3325 5594 Uvarinus
3350 5538 3400 5592 in
3420 5545 3649 5607 utraqtto

2070 5609 2294 5665 Corbeia
2319 5623 2679 5664 successores.
