4122 6324
510 275 640 330 135!

1313 271 1370 327 S.
1410 263 1764 328 PASCHASII
1802 256 2148 319 RADBERTI
2185 255 2476 314 ABBATIS
2515 251 2964 313 CORBEIENSIS

3629 249 3773 305 £553

503 389 679 460 capite
708 386 856 459 pacis
886 399 1077 441 somno
1103 379 1606 452 dormiens-premis
1632 395 1644 431 :
1675 384 1731 431 et
1758 373 1880 430 ideo
1905 371 2081 428 factus
2107 371 2157 430 Α
2183 365 2333 424 Fulci
2364 367 2527 438 igitur
2551 365 2710 420 istum
2729 362 2916 460 jamin
2943 360 3122 460 capite
3151 358 3292 415 inter
3319 357 3580 460 plurimo-tt
3607 357 3769 460 dirui-

502 494 563 535 es
596 492 781 535 coram
809 491 874 531 eo
901 475 1052 545 quasi
1081 488 1277 544 pacem
1307 471 1607 541 reperiens.
1649 465 1906 523 Lectulus
1949 476 2082 534 ergo

509 581 654 635 tuus,
701 568 826 639 quia
858 567 911 620 ia
945 580 1078 636 pace
1123 563 1328 619 Christi
1373 561 1631 624 versaris,
1665 557 1886 613 ﬂoridus
1927 553 2084 624 juxta

503 658 684 716 meriti
730 656 1044 728 qualitatem
1076 673 1089 708 :
1123 654 1292 724 tigna°
1317 652 1506 708 domus
1543 658 1646 704 tum
1692 647 1909 703 cedrina
1955 663 1968 698 :
2003 643 2083 698 la-

502 751 725 824 quearia
763 764 890 803 vero
911 745 1247 823 cypressina.
1277 744 1342 798 Et
1373 757 1473 798 nos
1495 740 1734 811 quidem,
1763 737 1924 791 Pater
1946 734 2082 789 ami-

505 843 720 901 cissime
747 840 920 903 nobis,
946 837 1101 906 juxta
1139 837 1279 906 quod
1311 833 1658 903 intelligimus
1695 829 1991 900 gaudemus
2032 833 2088 882 et

503 934 842 1006 gratulamur
868 932 962 985 tibi
981 947 994 984 :
1013 930 1164 999 quia,
1190 942 1377 983 eversa
1395 926 1581 988 domo,
1608 923 1823 976 iuventa
1852 928 1935 974 est
1959 919 2011 972 in
2035 926 2087 973 te

504 1025 761 1082 drachma
792 1038 912 1092 quas
932 1020 1182 1092 perierat.
1217 1018 1462 1072 Perierat
1484 1015 1628 1069 enim
1656 1011 1834 1066 noctis
1854 1009 2087 1078 caligine

503 1114 832 1174 circumfusa
864 1153 881 1181 ,
921 1113 1016 1168 sed
1062 1110 1304 1165 accensis
1352 1106 1690 1177 lampadibus
1736 1103 1830 1157 tibi
1878 1101 2089 1156 felicius

504 1208 682 1264 denuo
733 1204 1025 1260 invenitur.
1075 1200 1226 1256 Unde
1275 1198 1490 1254 interim
1524 1195 1740 1266 quando
1791 1193 1934 1248 aliud
1981 1207 2086 1246 non

502 1298 777 1363 valemus,
818 1294 942 1364 jura
986 1292 1216 1364 sepulcri
1267 1291 1340 1346 tui
1372 1289 1560 1344 flentes
1607 1285 2086 1349 circumsedemus,

505 1399 562 1447 et
607 1385 1108 1459 superaspcrgimus
1147 1381 1452 1438 orationum
1483 1379 1664 1434 flores.
1703 1377 1955 1446 Legimus
1998 1389 2092 1428 su-

505 1495 606 1552 per
653 1478 779 1534 illud
831 1490 1024 1532 nomen
1075 1474 1274 1529 bonum
1304 1514 1319 1539 ,
1349 1473 1492 1543 quod
1546 1469 1738 1524 melius
1784 1464 2086 1537 acquisisti,

442 1600 466 1620 r-
497 1587 667 1646 quam
717 1570 931 1627 divitias
982 1567 1198 1624 multas.
1235 1565 1371 1620 Nam
1405 1571 1648 1620 nostrum
1695 1561 1785 1616 alii
1828 1559 2090 1631 pallentes

439 1688 450 1695 -
504 1665 676 1723 violas
705 1663 801 1718 tibi
831 1670 886 1717 et
909 1661 1196 1717 candentia
1228 1659 1339 1713 lilia
1375 1665 1626 1728 carpunt,
1660 1654 1750 1709 alii
1782 1652 2088 1708 narcissum

449 1783 452 1786 ~
503 1763 563 1809 et
599 1751 870 1808 ‘llorentes
918 1763 1070 1806 rosas
1125 1765 1140 1804 :

505 1851 790 1916 spargunt,
818 1842 907 1897 isti
955 1840 1224 1897 colocasia
1250 1848 1306 1894 et
1348 1837 1599 1893 mollibus
1651 1835 1777 1890 illud
1831 1831 2090 1888 vacciniis

505 1935 734 2006 pingunt
781 1950 794 1986 :
851 1932 1071 2002 quidam
1113 1940 1167 1985 et
1213 1944 1406 1985 suaves
1457 1926 1829 1983 intermisceat
1872 1923 2086 1987 odores,

507 2026 749 2084 nonnulli
781 2041 909 2081 vero
935 2024 1095 2080 salsis
1125 2023 1490 2094 lacrymarum
1519 2021 1697 2092 rigant
1729 2019 1968 2075 fontibus
1992 2036 2005 2071 :
2034 2027 2090 2073 et

506 2133 607 2191 ego
628 2119 928 2173 litterarum
951 2115 1299 2186 superintexo
1317 2112 1511 2182 pallas,
1537 2120 1804 2181 quatenus
1829 2109 1928 2164 aevi
1960 2116 2091 2162 temo

505 2211 730 2283 poribus
776 2207 974 2263 futuris
1023 2214 1270 2262 sanctum
1331 2212 1579 2258 servetur
1624 2217 1868 2257 nomen:
1914 2216 2092 2272 neque

507 2302 653 2360 enim
714 2301 909 2357 fucata:
955 2299 1089 2366 artis
1137 2297 1443 2368 eloquentia
1489 2305 1651 2361 texo;
1712 2295 1805 2351 sed
1861 2295 2092 2350 sindone

477 2425 480 2428 ~
505 2392 708 2450 munda
732 2389 986 2463 puritatis
1009 2403 1173 2461 opere
1195 2387 1326 2443 illud
1357 2387 1590 2443 involvo.
1619 2385 1870 2457 Alioquin
1900 2386 1943 2442 si
1971 2387 2092 2457 quis

494 2484 720 2557 plenius
751 2484 895 2538 hunc
937 2482 1116 2536 virum
1145 2493 1306 2536 nosse
1348 2478 1645 2543 desiderat,
1673 2493 1832 2549 quam
1879 2477 2094 2534 fortiter

507 2577 614 2633 fide
661 2574 920 2631 mundum
950 2573 1161 2638 vicerit,
1188 2571 1329 2641 legat
1375 2570 1503 2625 illud
1547 2570 1636 2625 ubi
1689 2569 2000 2625 inscribitur
2041 2570 2092 2626 ei

507 2680 706 2722 nomen
742 2677 964 2729 novum,
997 2671 1054 2718 et
1083 2675 1277 2717 nomen
1301 2659 1540 2716 civitatis
1566 2675 1720 2715 novae
1743 2657 2042 2714 Jerusalem
2075 2679 2088 2714 :

507 2765 698 2812 etcum
723 2754 1049 2810 intellexerit
1071 2752 1269 2823 quibus
1292 2752 1485 2806 civitas
1509 2750 1716 2822 fulgeat
1736 2752 2092 2816 ornamentis,

507 2848 614 2904 hoc
643 2855 815 2901 totum
853 2843 928 2899 illi
958 2843 1248 2898 conferat:
1289 2857 1355 2898 eo
1401 2841 1543 2912 quod
1586 2840 1782 2896 ibidem
1829 2841 2092 2910 quodam-

508 2937 671 2994 modo
701 2936 815 3007 ipse
863 2934 1058 2991 civitas
1101 2942 1158 2988 et
1204 2947 1484 3003 possessor
1520 2931 1744 3004 hujusce
1779 2931 2016 2987 civitatis
2063 2946 2095 2986 a

510 3030 624 3088 Deo
653 3028 893 3086 creditur
922 3042 1044 3084 esse
1074 3027 1272 3084 factus.

828 3161 926 3218 Cui
956 3162 1183 3218 succedit
1215 3160 1283 3216 W
1287 3160 1396 3228 ala,
1435 3161 1600 3231 frater
1633 3162 1768 3233 ejus.

583 3300 670 3358 86.
712 3297 866 3356 Unde
896 3299 1066 3369 gaude
1095 3308 1150 3353 et
1191 3297 1396 3364 laetare,
1428 3297 1580 3369 virgo
1616 3297 1761 3363 fidei,
1794 3297 1920 3353 felix
1962 3297 2094 3354 Cor-

503 3394 630 3451 beia
681 3407 745 3447 ex
789 3392 1012 3461 antiquo
1069 3398 1255 3447 vocata
1304 3407 1317 3443 :
1362 3389 1486 3460 quia
1543 3389 1788 3444 meruisti
1839 3389 1996 3445 talem
2039 3390 2093 3444 in

509 3484 726 3541 Christo
753 3481 857 3536 frui
881 3490 936 3537 et
960 3481 1235 3552 possidere
1266 3489 1576 3550 patronum.
1606 3479 1802 3548 Quaeso
1827 3488 1896 3545 te,
1920 3491 2095 3536 mater

511 3574 790 3647 religionis
824 3572 1044 3644 inclyta,
1078 3571 1406 3642 amplectere
1453 3572 1597 3626 hunc
1621 3571 1816 3634 virum,
1848 3587 2007 3641 quem
2040 3580 2094 3625 tu

508 3667 739 3720 tironem
771 3661 1082 3718 coelestibus
1109 3662 1288 3717 sobrie
1310 3677 1374 3718 ac
1403 3661 1639 3718 discrete
1667 3661 1947 3718 instituisti
1973 3678 2092 3718 mo-

509 3754 662 3810 ribus
687 3753 788 3825 ﬂet
835 3751 1048 3807 imitare
1093 3752 1264 3816 illum,
1294 3753 1384 3822 qui
1439 3762 1490 3807 te
1536 3759 1721 3822 postea
1766 3753 1947 3808 multis
1975 3769 2094 3808 am-

507 3845 698 3916 pliavit
728 3843 1042 3898 honoribus.
1071 3841 1253 3910 Quare
1283 3843 1445 3914 igitur
1477 3857 1708 3898 maerore
1737 3843 2094 3906 consumeris.

509 3941 663 4010 virgo
687 3947 741 3994 et
768 3937 873 3992 filia
902 3935 994 3991 Dei
1024 3937 1246 4002 summi,
1272 3937 1424 4007 quasi
1460 3951 1565 3991 non
1599 3937 1668 3990 sit
1699 3936 1795 3991 tibi
1843 3936 2093 3991 consilia-

511 4031 662 4086 rius?
691 4029 829 4084 Ecce
859 4027 1082 4083 fratrem
1109 4027 1324 4097 reliquit
1353 4027 1446 4082 tibi
1475 4028 1767 4091 lueredem,
1790 4027 1882 4097 qui
1913 4026 2094 4081 multis

511 4121 688 4177 adhuc
716 4135 814 4191 pro
862 4128 912 4174 te
953 4119 1171 4173 sudabit
1216 4117 1506 4173 laboribus.
1555 4119 1836 4189 Absterge,
1885 4133 2092 4188 quaeso,

512 4213 783 4281 lacrymas
814 4223 828 4262 :
861 4209 1118 4278 quoniam
1165 4209 1352 4262 mittes
1399 4208 1616 4263 obviam
1665 4208 1730 4263 de
1782 4209 1959 4264 medio
2017 4209 2093 4263 tui

511 4304 677 4360 etiam
723 4302 864 4356 hunc
893 4315 1094 4362 senem,
1124 4315 1248 4355 cum
1291 4301 1559 4356 universae
1605 4308 1872 4356 terrarum
1915 4310 2096 4372 partes

512 4395 762 4452 miserint
791 4393 1018 4449 eximios
1045 4407 1287 4464 quosque
1311 4393 1474 4449 viros.
1506 4393 1673 4449 Porro
1698 4393 1874 4449 vicina
1904 4410 2095 4450 mona-

511 4486 680 4544 steria
715 4501 837 4541 cum
861 4485 1130 4549 dederint,
1160 4484 1412 4540 videlicet
1453 4484 1744 4540 Vedastum
1774 4485 2011 4556 Atrapis,
2041 4495 2096 4541 et

509 4580 796 4637 Centulum
821 4579 1222 4634 sanctissimum
1246 4579 1584 4643 Richarium,
1600 4589 1652 4634 et
1673 4579 2093 4652 circumquaque

508 4672 658 4730 viros
711 4671 972 4742 religione
1016 4670 1259 4734 nobiles;
1309 4671 1465 4725 dabis
1516 4670 1740 4726 fortisan
1785 4681 1839 4726 et
1881 4680 1936 4727 tu
1985 4689 2094 4728 non

511 4759 708 4832 impari
750 4768 873 4814 voto
917 4759 1091 4815 virum
1139 4757 1248 4814 Deo
1287 4758 1697 4830 dignissimum;
1731 4775 1906 4830 neque
1955 4761 2090 4816 infe-

510 4851 687 4906 cunda
722 4859 850 4906 tunc
895 4851 1025 4916 eris,
1054 4865 1176 4905 cum
1233 4849 1377 4904 inter
1427 4850 1666 4920 reliquos
1720 4851 1881 4906 istum
1928 4852 2093 4907 etiam

512 4941 741 4997 Domino
766 4942 833 4998 de
862 4952 1018 4997 terra:
1039 4941 1258 5011 pulvere
1284 4941 1572 5012 generabis
1606 4959 1618 4996 :
1649 4942 1756 4996 imo
1786 4941 2094 4997 lmtabuuda

511 5030 854 5101 et.gaudens
895 5029 1158 5085 veniendo
1206 5029 1390 5084 venies
1438 5029 1625 5085 saltem
1674 5045 1872 5098 paucos
1916 5029 2096 5087 ferens

510 5117 836 5188 manipulos.
855 5117 1075 5174 .ldcirco
1107 5117 1416 5173 confortare
1461 5126 1515 5172 et
1549 5118 1822 5173 robustius
1852 5135 1970 5188 age,
2002 5121 2095 5175 do-

510 5222 612 5264 nec
645 5205 903 5263 Amalech
931 5207 1172 5262 occurrit
1200 5207 1253 5260 in
1305 5206 1414 5270 via,
1447 5207 1702 5277 quoniam
1752 5207 1890 5261 alter
1929 5208 2092 5263 Josue

507 5300 622 5370 jam
651 5306 831 5354 tecum
860 5299 966 5354 dux
1016 5307 1073 5353 et
1099 5298 1331 5368 praevius
1377 5299 1578 5353 virtute
1630 5308 1834 5370 pugnat
1865 5300 1916 5354 in
1950 5301 2087 5356 acie.

594 5467 618 5495 ι
653 5455 824 5582 Vnam
851 5457 1064 5523 cintres,
1096 5455 1148 5509 id
1188 5463 1291 5520 est,
1319 5469 1451 5509 axes
1495 5451 1752 5507 fornicem
1784 5462 2094 5509 sustentan-

594 5561 617 5582 ι.
643 5535 704 5582 ut
775 5528 938 5581 ictum
987 5526 1038 5579 in
1074 5526 1245 5582 prima
1285 5535 1439 5582 parte
1485 5523 1666 5580 saeculi
1713 5522 1954 5579 secundi.
1989 5524 2091 5582 Oui

513 5541 617 5590 tes,
643 5535 704 5582 ut
739 5522 938 5582 dictum
987 5522 1245 5596 inprima
1285 5535 1439 5596 parte
1485 5522 1954 5596 SiBCltlluts‘eCllDdi.
1989 5524 2091 5592 Qui

513 5597 715 5650 fuerint
739 5605 971 5668 quatuor
999 5592 1313 5668 illi'abbates
1339 5594 1579 5668 Corbeize
1601 5592 1836 5656 Gallicae,
1873 5594 1926 5649 in
1961 5610 2094 5668 quo-

517 5682 634 5722 rum
660 5667 834 5722 medio
862 5667 1102 5737 sepultus
1129 5675 1212 5721 est
1236 5666 1590 5728 Adalhardus,
1615 5681 1720 5720 non
1748 5666 1984 5720 constat.

1194 1747 1283 1802 alii
1333 1745 1612 1817 serpillum
1666 1744 1801 1798 bene
1845 1741 2083 1796 olentem
2113 1735 2162 1794 Β

2189 468 2450 514 cantem:
2484 457 2702 513 attende
2744 465 2799 512 et
2847 455 2998 511 illum
3043 453 3096 508 in
3147 460 3330 508 monte
3371 450 3482 520 jam
3534 452 3767 507 Domino

2185 548 2395 619 palmas
2434 547 2501 602 ad
2543 545 2794 602 sublimia
2842 543 3247 614 porrigentem;
3281 540 3370 596 hic
3409 549 3636 611 pugnat,
3683 541 3776 596 ille

2185 645 2342 704 orat;
2383 637 2473 692 bic
2520 637 2730 692 hostem
2773 634 2993 705 premit,
3025 633 3113 687 ille
3146 631 3334 686 vincit.
3385 630 3492 686 lste
3538 645 3775 701 namque

2185 738 2289 793 est,
2322 727 2643 782 charissima
2671 725 2802 780 mihi
2834 733 3026 787 mater,
3058 722 3288 777 fratrum
3335 731 3548 778 amator
3575 731 3629 778 et
3676 737 3778 792 po-

2188 817 2293 888 puli
2337 815 2521 871 Israel.
2558 815 2655 870 Hic
2677 817 2766 886 qui
2796 814 3022 869 multum
3052 821 3177 869 orat
3217 827 3316 882 pro
3344 813 3479 878 suis,
3505 813 3777 868 charitate

2188 915 2502 976 perpetuus.
2542 903 2642 959 ilic
2683 903 2773 972 qui
2801 901 2965 972 jugis,
2994 909 3054 956 ut
3090 903 3276 966 credo,
3304 901 3637 957 intercessor
3665 901 3777 955 erit

2188 1013 2287 1068 pro
2315 997 2544 1054 civibus.
2583 994 2732 1051 Unde
2761 1003 2837 1059 et,
2866 994 3110 1058 Domine,
3138 993 3296 1064 juxta
3325 992 3470 1048 beati
3500 993 3778 1048 Ambrosii

2191 1104 2375 1145 vocem
2399 1129 2415 1154 ,
2447 1088 2574 1160 quia
2623 1102 2782 1142 nemo
2828 1086 2991 1142 habet
3034 1085 3178 1156 quod
3225 1085 3346 1141 aliis
3384 1085 3504 1155 plus
3543 1083 3777 1149 deferat,

2191 1196 2355 1252 quam
2386 1178 2528 1250 quod
2559 1179 2663 1234 sibi
2695 1185 2846 1249 optat
2871 1195 2885 1243 ;
2915 1193 3021 1233 non
3048 1191 3148 1233 nos
3177 1177 3245 1232 ab
3273 1176 3364 1233 illo
3395 1186 3518 1248 post
3544 1185 3778 1232 mortem

2191 1292 2428 1348 separes.
2454 1290 2616 1346 quem
2646 1275 2700 1331 in
2745 1275 2848 1330 hac
2875 1274 2984 1329 vita
3025 1273 3404 1329 charissimum
3455 1272 3726 1326 sensimus
3755 1289 3771 1324 :

2191 1366 2285 1422 sed
2315 1365 2406 1420 ubi
2435 1379 2495 1420 es
2520 1378 2619 1419 nos
2645 1361 2814 1418 facias
2854 1377 2975 1418 esse
3007 1361 3169 1418 simul
3197 1378 3318 1417 cum
3350 1362 3460 1425 illo,
3484 1372 3545 1417 ut
3573 1363 3657 1418 vel
3697 1363 3781 1419 sic

2191 1457 2308 1527 ejus
2341 1465 2598 1528 perpetua
2639 1456 2845 1511 visione
2889 1455 3031 1526 apud
3061 1463 3114 1510 te
3158 1453 3405 1510 fruamur
3448 1453 3778 1518 inChristo.

2191 1563 2352 1619 quem
2382 1555 2602 1616 propter
2635 1553 2688 1600 te
2729 1545 2781 1599 in
2810 1547 2913 1601 hac
2941 1545 3047 1599 vita
3077 1543 3460 1600 charissimum
3490 1544 3784 1600 dileximus

2195 1639 2373 1703 valde,
2403 1653 2544 1694 nunc
2564 1637 2618 1694 in
2640 1635 2840 1692 Christi
2867 1651 3001 1707 pace
3027 1635 3315 1706 sepultum.

2649 1770 2942 1824 Adalhardi
2978 1771 3318 1840 epitaphium.

2272 1887 2363 1942 87.
2404 1884 2624 1956 Sepulta
2659 1893 2782 1941 sunt
2808 1893 2987 1940 autem
3018 1887 3271 1941 decenter
3305 1884 3544 1941 membra
3572 1857 3784 1942 charis-

2191 1978 2312 2034 simi
2361 1978 2509 2034 senis
2556 1977 2608 2032 in
2659 1977 2881 2033 basilica
2918 1977 3062 2032 beati
3107 1976 3253 2032 Petri
3296 1979 3522 2049 apostoli
3569 1980 3670 2035 sub
3702 1980 3784 2035 fa-

2197 2073 2358 2143 stigio
2405 2072 2546 2126 inter
2591 2071 2830 2141 ejusdem
2879 2069 3218 2125 medioximse
3261 2079 3496 2139 quatuor
3536 2070 3784 2126 ecclesia:

2196 2170 2387 2217 centra
2418 2173 2468 2226 ο,
2497 2168 2670 2216 tectus
2715 2159 2880 2230 polito
2906 2159 3080 2228 lapide
3108 2177 3122 2213 :
3155 2175 3318 2230 super
3363 2175 3523 2230 quem
3570 2162 3785 2218 octonis

2196 2253 2465 2325 scalptum
2496 2252 2742 2308 versibus
2772 2251 2964 2307 musici
2998 2251 3257 2307 carminis
3284 2251 3481 2308 haustu
3512 2253 3672 2325 digne
3708 2252 3785 2308 le-

2204 2344 2347 2416 gitur
2376 2357 2391 2397 :

2316 2455 2566 2520 Hicjacet
2592 2455 2804 2520 eximius
2819 2457 3016 2520 meritis
3037 2456 3334 2520 venerabilis
3358 2456 3502 2520 abba,

2384 2515 2562 2566 Hester
2587 2515 2893 2566 Adalhardus
2913 2518 3086 2578 dignus
3103 2515 3287 2567 h'onore
3307 2515 3485 2568 senex.

2326 2577 2478 2638 Regia
2505 2580 2772 2638 prosapies,
2793 2577 2997 2639 paradisi
3022 2580 3128 2638 jure
3148 2579 3346 2629 colonus
3369 2593 3383 2628 :

2380 2639 2467 2687 Vir
2490 2641 2730 2688 charitate
2757 2643 2956 2701 probus,
2979 2643 3197 2690 moribus
3213 2649 3361 2701 atque
3385 2641 3498 2691 ilde.

2317 2701 2474 2764 Quem
2495 2701 2608 2750 dum
2631 2703 2724 2750 sub
2751 2703 2933 2750 tumqu
2952 2703 3131 2750 recolis
3155 2711 3206 2750 tu
3230 2704 3441 2764 quisque
3467 2706 3641 2760 viator.

2376 2762 2536 2828 Cerne
2556 2764 2672 2822 quid
2698 2774 2771 2817 es,
2791 2764 2905 2828 quid
2930 2764 3048 2828 eris,
3069 2777 3197 2828 mors
3220 2762 3334 2826 quia
3357 2762 3531 2828 cuncta
3556 2769 3702 2828 rapit.

2318 2824 2439 2874 Nam
2466 2827 2574 2886 post
2596 2832 2793 2886 octavas
2813 2824 3014 2874 Domini
3040 2825 3117 2873 hic
3141 2824 3287 2874 carne
3307 2826 3514 2886 solutus,

2378 2884 2690 2936 Succedente
2709 2884 2791 2936 die
2815 2894 2942 2936 astra
2968 2888 3138 2948 petivit
3159 2899 3328 2937 ovans.

2345 3008 2550 3063 Medius
2581 3009 2716 3064 inter
2733 3018 2961 3079 quatuor
2982 3009 3191 3064 abbates
3219 3007 3453 3064 Corbeiw
3479 3009 3638 3078 iacet.

2120 3092 2166 3155 δ
2266 3123 2351 3178 88.
2392 3123 2458 3177 Et
2502 3131 2627 3178 sunt
2673 3122 2870 3178 ibidem
2925 3123 3226 3193 perhumati
3281 3133 3512 3193 quatuor
3546 3126 3788 3181 circum-

2195 3231 2406 3288 quaque
2435 3215 2731 3270 venerandi
2755 3215 2878 3281 viri,
2902 3215 2992 3285 qui
3021 3216 3238 3269 fuerant
3274 3231 3380 3269 uuo
3401 3215 3637 3284 ejusdem
3667 3217 3786 3271 olli-

2193 3308 2278 3365 cio
2303 3306 2584 3363 servitutis
2611 3322 2639 3360 a
2667 3305 2895 3361 Domino
2921 3305 3198 3376 propagati
3228 3324 3240 3358 :
3273 3306 3416 3376 quod
3438 3305 3637 3360 factum
3666 3321 3783 3362 non

2195 3416 2324 3458 casu
2356 3398 2648 3470 contigisse
2675 3406 2825 3469 puto,
2855 3398 2950 3454 sed
2980 3406 3038 3452 ut
3067 3413 3298 3467 quorum
3323 3414 3428 3452 una
3477 3399 3532 3453 in
3561 3397 3789 3454 Christo

2196 3492 2298 3548 fuit
2341 3490 2539 3546 militia
2572 3499 2697 3560 post
2721 3488 2908 3545 Jesum
2935 3505 3150 3544 crucem
3180 3489 3465 3544 sublimius
3495 3489 3684 3546 eodem
3731 3490 3790 3543 in

2196 3583 2317 3639 loco
2363 3581 2506 3637 ferre
2541 3581 2837 3652 propriam,
2866 3596 3006 3636 unus
3033 3589 3177 3636 esset
3205 3589 3259 3635 et
3297 3581 3587 3651 sepultura:
3611 3581 3788 3647 locus,

2194 3673 2285 3744 qui
2330 3687 2396 3728 eo
2441 3671 2704 3726 duntaxat
2743 3671 3035 3726 secundum
3080 3671 3487 3726 similitudinem
3543 3673 3792 3742 ejusdem

2195 3763 2374 3820 crucis
2415 3762 2680 3832 insignius
2726 3763 3046 3818 cohaateret.
3085 3760 3326 3828 Quorum
3359 3761 3575 3816 medius
3621 3775 3791 3816 senex

2195 3863 2379 3911 noster
2415 3853 2674 3917 cernitur,
2701 3867 2862 3923 super
2889 3868 3047 3924 quem
3079 3852 3230 3923 signa
3259 3853 3286 3929 ξ
3313 3852 3378 3906 ad
3423 3853 3590 3907 horas
3618 3852 3793 3907 divini

2195 3945 2353 4004 olIicii
2389 3946 2668 4016 pulsantur
2702 3963 2714 3998 :
2747 3953 2806 4000 ut
2835 3959 2902 4000 ex
2940 3944 3042 3999 hoc
3069 3943 3271 4000 clareat
3288 3941 3443 4012 juxta
3472 3945 3618 4013 quod
3656 3958 3792 4013 pro-

2195 4037 2408 4093 venisse
2436 4036 2696 4099 creditur,
2723 4034 2846 4104 quia
2893 4033 3056 4089 fuerit
3104 4033 3282 4104 lingua
3314 4033 3431 4104 ejus
3477 4032 3795 4104 cymbalum

2197 4125 2369 4181 sancti
2416 4124 2694 4196 Spiritus,
2742 4134 2798 4179 et
2849 4124 3217 4178 invitatorium
3273 4124 3341 4178 ad
3389 4123 3556 4178 divini
3605 4124 3795 4193 operis

2196 4216 2428 4272 cilicium
2469 4215 2664 4271 ibidem
2723 4215 3047 4270 dedicatum.
3082 4213 3234 4269 Unde
3262 4221 3316 4268 et
3341 4213 3526 4269 octoni
3571 4230 3795 4280 versus,

2197 4308 2340 4377 quod
2378 4314 2499 4377 post
2535 4314 2757 4362 octavas
2788 4305 3000 4361 Domini
3043 4304 3259 4369 obierit,
3289 4303 3618 4358 titulantur:
3655 4320 3800 4374 qua-

2200 4409 2355 4454 tenus
2403 4406 2736 4453 monstretur
2763 4413 2885 4452 eum
2917 4412 3081 4467 opere
3125 4404 3521 4459 consummato,
3548 4411 3660 4466 quo
3694 4397 3800 4452 du-

2199 4490 2324 4545 dum
2352 4503 2542 4544 omnes
2591 4489 2936 4552 invitaverat,
2964 4489 3031 4542 ad
3063 4496 3311 4542 octavam
3361 4486 3598 4550 Domini,
3638 4486 3800 4541 nullo

2198 4579 2504 4634 litterarum
2560 4579 2844 4634 imminuto
2894 4593 3138 4643 numero,
3174 4577 3403 4632 feliciter
3451 4578 3799 4648 pervenisse.

2271 4669 2528 4739 Sequitur
2571 4669 2782 4726 ECLOGA
2829 4685 3046 4726 ousauu
3097 4669 3623 4734 Saucrmoxuuuu,
3679 4683 3801 4723 uno

2199 4759 2398 4815 favoris
2425 4759 2644 4828 planctu
2671 4759 2964 4829 complosa,
2995 4775 3131 4830 quas
3155 4759 3294 4814 idem
3319 4758 3464 4814 velut
3487 4774 3656 4813 unam
3688 4758 3804 4815 sibi

2200 4851 2253 4906 in
2279 4851 2584 4922 conjugium
2612 4852 2729 4907 vice
2747 4850 2947 4906 Christi
2972 4851 3271 4905 Ecclesium
3302 4851 3377 4923 (id
3397 4860 3471 4905 est
3498 4849 3805 4906 Corbeiam

2201 4943 2410 5014 Gallice)
2459 4943 2766 5010 enutrisse;
2797 4943 2957 4998 aliam
3010 4942 3315 5014 (Corbeiam
3349 4940 3626 5013 Saxonize)
3659 4957 3806 4998 vero

2199 5049 2265 5088 ex
2296 5034 2485 5088 eadem
2537 5033 2831 5089 secundum
2877 5033 3229 5088 monasticam
3261 5031 3604 5106 disciplinam
3651 5031 3806 5085 miro

2197 5121 2482 5178 libramine
2537 5122 2823 5177 admodum
2867 5121 3120 5192 genuisse
3170 5128 3478 5190 peroratur.
3541 5117 3806 5185 Quarum

2198 5226 2414 5283 quoque
2442 5228 2604 5267 unam
2657 5221 2878 5284 propter
2925 5212 3215 5267 candorem
3263 5209 3439 5264 vultus
3467 5207 3806 5263 Galatheam

2200 5303 2405 5368 vocari,
2442 5317 2606 5374 porro
2634 5303 2792 5356 aliam
2822 5310 3043 5372 propter
3083 5315 3327 5357 amorem
3355 5299 3642 5355 charitatis
3668 5298 3806 5355 Phi-

2273 5456 2301 5497 δ
2340 5456 2409 5526 Et
2444 5456 2660 5526 quidem
2686 5464 2812 5526 ante
2841 5453 3064 5526 gradum
3106 5452 3343 5526 cancelli
3369 5452 3706 5526 inferiorem,
3745 5460 3809 5505 ut

2204 5534 2356 5582 notat
2394 5521 2765 5582 SfGerardus
2787 5521 2859 5579 in'
2885 5524 3202 5578 Praefatione
3227 5523 3347 5577 libri
3372 5521 3807 5586 miraculorum,

2203 5597 2308 5652 hoc
2337 5606 2422 5651 est
2446 5595 2808 5658 ad,cancellos
2850 5595 2942 5666 qui
2973 5594 3296 5665 separabant
3323 5591 3740 5664 presbyterium
3774 5607 3808 5646 a

2205 5667 2371 5722 choro
2396 5667 2658 5722 ecclesia.
