4122 6324
372 355 506 410 1555
1567 370 1656 426 ns
1695 368 1851 425 vn‘a
1895 369 1954 424 s.
1991 368 2407 454 ADALliARDl.
2535 333 2544 337 ’
3477 364 3618 424 ιεω

355 483 476 538 lidis
526 486 744 542 nomine
784 473 1129 542 consecrasse
1176 491 1420 540 taxatum
1469 482 1536 538 iri
1591 498 1698 539 non
1755 482 1935 538 ambi-
1965 479 2109 543 AEt
2135 481 2310 536 cultus
2335 480 2441 534 fani
2473 489 2636 536 totam
2663 478 2956 536 fmdaverat
2981 478 3198 547 arvam;

357 572 520 644 gitur.
2039 569 2215 624 Vertit
2256 585 2380 638 aras
2409 557 2695 639 pecudum,
2721 570 2957 656 sacravit
2977 569 3138 626 ovilia
3165 567 3386 626 Christi.

861 662 870 666 ’
994 661 1293 704 ωιλτιιελ.

2062 659 2302 714 funditus
2327 660 2449 714 inde
2471 659 2659 731 procul
2684 659 2790 714 luci
2819 660 2998 715 radice
3022 661 3226 726 recisa,

355 753 630 828 Plangite,
663 770 866 826 quasso,
899 757 1024 824 viri,
1054 770 1266 811 mecum
1294 755 1381 826 pie
1423 753 1657 826 plangite
1686 751 1931 816 Patrem,
2040 747 2238 804 Sancta
2267 749 2464 805 locavit
2489 749 2771 805 monachis
2799 751 3050 807 emnobia
3094 751 3272 822 plena.

357 844 546 902 Omnis
573 855 630 902 et
659 847 910 916 imploret
934 849 1150 903 veniam
1173 847 1482 918 provectior
1507 855 1662 902 aetas.

359 937 608 1010 Spargite
632 938 854 992 humum
891 939 1168 1014 lacrymis,
1193 938 1498 1008 componite
1517 937 1740 992 ﬂoribus
1770 949 1931 991 arva:
2110 993 2154 1014 Λ
2186 995 2306 1014 ,ΑΜ
2346 1011 2360 1014 _
2502 1013 2505 1014 ν
2535 1012 2561 1014 η
2588 999 2602 1014 ,
2846 937 2869 1014 ς
2918 1013 2925 1014 γ
2999 999 3011 1013 ,
3057 999 3070 1012 ,

359 993 537 1083 Patris
566 993 632 1082 ad
657 1030 914 1084 excubias
1097 993 1330 1085 ﬂetibus-
1343 1028 1522 1084 omnia
1553 1027 1768 1084 sudent.
2042 993 2154 1085 --Ο
2184 995 2320 1085 felix,
2345 996 2602 1052 nimium!
2637 1012 2774 1068 quos
2803 1013 2968 1070 cogor
2997 999 3137 1056 inire
3167 1001 3381 1058 δ⁰¹⁰⁹θ³
3409 1020 3424 1058 ³

357 1117 429 1173 Of
430 1119 549 1173 ﬂcio
575 1120 768 1173 lingua:
797 1122 1026 1173 nrodant
1052 1123 1131 1173 sic
1158 1122 1319 1173 corda
1341 1122 1574 1173 vagitus.

2062 1081 2263 1138 iiunere
2292 1084 2476 1140 divino
2504 1087 2753 1156 quamvis
2787 1087 3133 1144 cumulentur
3155 1090 3356 1159 opima.

446 1120 458 1134 ι
500 1120 511 1130 .
575 1120 606 1172 Ι.
898 1122 944 1176 d'
981 1140 984 1142 γ
1083 1123 1093 1134 .
1255 1122 1285 1176 d
1361 1138 1372 1148 .
1447 1122 1519 1175 olu
2042 1120 2263 1138 unus-plu
2292 1120 2476 1140 ulvulu
2504 1120 2753 1156 Ἱυιιιιινιδ
2787 1120 3121 1144 ιυιιιυιειιιυι
3155 1120 3356 1159 υγιιιιίι.

446 1130 1131 1245 filiiggiﬂi"alii?
1509 1136 1770 1245 i’mhnm
2041 1173 2403 1228 Ambianense
2430 1175 2578 1244 prius
2613 1177 2707 1245 qui
2735 1176 2862 1232 dum
2891 1179 3154 1236 meruisse
3184 1180 3382 1237 videris

360 1206 429 1264 Ut
460 1210 657 1279 passim
687 1221 940 1265 resonent
962 1212 1123 1266 etiam
1147 1211 1304 1266 simul
1335 1221 1480 1266 astra
1509 1210 1790 1282 mugitum.
2041 1206 2403 1228 ¹“¹’”¹⁶¹³¹⁰¹¹³⁹
2431 1206 2578 1244 ¹¹¹⁵“³
2613 1206 2707 1245 ¹¹¹¹¹
2735 1206 2862 1232 ““'"
2891 1206 3154 1236 ¹¹“⁵¹’¹¹¹δ³¹⁵
3187 1206 3360 1237 "uer"

360 1298 576 1325 om,“
608 1301 936 1325 Annum,
974 1301 1211 1325 ηωη,
1241 1300 1260 1325 ,
1285 1301 1538 1325 Anum”
1568 1300 1746 1325 ,ιη-η,
2042 1261 2531 1325 Corbeio‘praeesse
2561 1266 2732 1325 gregi.
2766 1269 3113 1325 sanctissime
3141 1279 3360 1325 pastor:

358 1277 578 1354 Rustica
605 1301 941 1356 concelebret
974 1301 1216 1355 Romana
1240 1300 1540 1371 Latinaque
1568 1277 1776 1372 lingua,
2042 1277 2531 1372 :9'Ee'_°'9m55"
2561 1277 2732 1372 ἕτερ’
2759 1277 3113 1372 fancESSim?
3141 1279 3363 1372 pastor}

360 1389 504 1448 suo
529 1406 638 1461 quo
667 1389 788 1464 [αιη
815 1392 906 1461 qui
929 1409 998 1446 αη
1025 1391 1262 1464 quoque]
1294 1354 1498 1462 ρητειὲν
1525 1354 1806 1461 puniens.
1840 1404 1938 1460 ρτο
2045 1354 2120 1474 31?
2144 1355 3376 1474 F.“1ET.°.S?.I"?:3::EE'PEsses???
3401 1405 3418 1431 ν

1382 1444 1820 1555 [ήέέτηξίηοᾌίωὶ
1841 1444 1888 1537 ’τί
1917 1444 1926 1446 ⁷
2045 1444 2118 1501 Ut
2143 1449 2428 1503 commissa
2455 1449 2567 1504 Deo
2595 1450 2866 1522 duplicata
2898 1452 3099 1508 talenta
3130 1463 3399 1526 reportes.

360 1573 568 1631 Vertite
591 1573 699 1630 huc
733 1575 913 1630 cuncti
937 1576 1134 1630 cecinit
1161 1590 1324 1645 quam
1357 1575 1628 1630 maximus
1653 1573 1762 1639 ille,

2116 1538 2222 1594 Sed
2251 1547 2304 1593 tu
2321 1580 2335 1606 ,
2367 1555 2516 1595 mors
2547 1541 2813 1607 maleﬂda,
2838 1543 3059 1600 venenis
3083 1558 3307 1615 parcere
3329 1545 3507 1602 nescis

742 1627 1266 1731 itumjulo
1297 1666 1643 1736 superaddite
1694 1627 1940 1731 carmen,
2047 1628 2151 1736 El,“
2171 1627 2259 1730 [,r"
2280 1629 2405 1702 "1"]
2427 1645 2525 1733 ne?
2539 1632 2722 1687 nobis:
2744 1648 2844 1736 ne?
2875 1643 2930 1688 tu
2957 1649 3172 1706 quoque
3199 1651 3420 1692 munera
3445 1651 3623 1692 cura"

913 1718 1682 1796 gc10,3;Agﬂ'éhgg‘h'h
1703 1718 1804 1725 “
1859 1718 1871 1720 ἡ
1927 1718 1938 1731 ’
2047 1718 2236 1774 Nescis
2263 1735 2444 1776 amare
2470 1722 2640 1788 viros,
2674 1725 2855 1779 nescis
2877 1739 3094 1780 servare
3119 1735 3394 1796 patronos.

359 1756 601 1813 Membra
627 1756 786 1812 beata
811 1757 958 1813 senis
984 1757 1184 1812 celebri
1214 1755 1465 1812 conferre
1491 1755 1682 1812 locello
1711 1796 1727 1823 ,
2047 1755 2444 1829 ᾌΪΪῙΪΪῘΪῨ
2471 1755 2644 1829 Ῐῗῗυῗῖ
2675 1755 2855 1829 im”?
2878 1755 2954 1780 θ⁹¹
2973 1755 3094 1829 "'"f
3113 1755 3162 1829 ,ιζξ

359 1807 786 1860 ’“”ῖ“”“”.“”“”
811 1807 954 1874 ”.’““ξ
990 1807 1184 1812 ”””“
1221 1807 1422 1860 ’.⁷”“““
1441 1807 1462 1812 ⁷
1491 1807 1677 1812 ”“”’
1711 1807 1727 1823 ’
1970 1833 2018 1894 Β
2049 1807 2310 1864 Omnibus
2337 1825 2438 1865 una
2467 1827 2652 1867 manes
2678 1828 2796 1868 sors
2824 1815 3196 1872 irrevocabilis
3227 1817 3394 1880 hora,

359 1849 462 1914 QUI
489 1847 646 1903 nobis
672 1848 879 1902 studuit
906 1863 1072 1904 venas
1100 1863 1313 1919 aperire
1339 1847 1597 1904 calentes.
1938 1904 1941 1907 .
2047 1898 2174 1919 Am,
2206 1897 2357 1919 μμ,
2638 1917 2722 1919 ___
2957 1918 2960 1919 ν
3011 1913 3021 1919 _
3089 1904 3101 1919 ,
3194 1914 3204 1919 ,

367 1897 462 1951 "2
490 1897 644 1903 ’“’““’
672 1897 879 1950 ”’“”““ἰ
920 1897 1070 1904 ’⁷““’
1101 1897 1312 1919 ’τ”“’
1345 1897 1596 1950 “ῖ“’“’“’
1938 1904 1941 1907 ’
2045 1898 2178 1966 Quae
2206 1897 2361 1953 nobis
2390 1899 2607 1968 stimplo
2638 1902 2860 1971 rapuisti
2887 1913 3060 1958 morte
3089 1904 3304 1960 beatum

360 1938 534 2008 Hujus
561 1938 629 1992 ad
658 1952 944 2008 exsequias
971 1937 1171 2004 clerus,
1205 1946 1487 1993 comnnsta
1517 1946 1730 1994 caterva
2540 1999 2551 2008 ,
2841 1999 2854 2008 _
2926 2001 2936 2008 _
3099 2002 3130 2008 __

2703 897 2900 938 PHILIS.

360 1994 597 2084 Vocibus
627 1994 852 2083 alternis
884 2028 1066 2083 divina
1105 1994 1352 2098 poemata
1385 2038 1610 2084 narrent
2045 1994 2408 2098 {Rumiquem
2436 1999 2642 2098 pum,“
2670 1999 3216 2098 ql‘ﬁre'9sis_"°°ib“s
3237 2018 3426 2059 omnes

361 2120 633 2186 Pasmrcs’
669 2119 832 2175 fuerit
859 2119 1004 2188 quod
1038 2086 1265 2190 mégnus
1294 2119 1540 2174 versibus
1564 2119 1742 2182 edem,
1815 2140 1824 2148 ,
2046 2086 2435 2158 Plangimusac
2450 2090 3628 2165 gemimus,ﬂemus,lacrymamus,amamus.

361 2162 848 2283 rZHEKsi’pLgr};
1566 2162 1742 2182 “VM,
2049 2179 2157 2236 Sed
2180 2182 2358 2238 nescis
2384 2183 2582 2238 misera
2612 2185 2827 2240 miseris
2853 2185 3122 2243 miserans
3159 2187 3427 2244 misereri.

355 2304 566 2377 Nulgus
596 2269 651 2359 et
678 2320 708 2360 e
737 2313 928 2360 contra
960 2312 1197 2358 resonet.
1229 2303 1371 2358 Deus
1401 2269 1541 2358 alme
1566 2310 1802 2368 creator,
2047 2269 2191 2377 0b
2223 2272 2408 2377 ξ¹Ρ¹οΓὲ
2441 2289 2568 2376 fc“
2591 2276 2765 2377 {nilus
2793 2291 2983 2377 °'_“"e_s
3006 2278 3084 2332 δίο
3116 2278 3292 2377 imm?
3327 2289 3502 2377 ίθθυξη
3521 2321 3536 2345 ν

469 2358 932 2459 Veniam—famulo,
960 2391 1194 2464 paradisi
1227 2407 1391 2463 regna
1417 2407 1727 2462 precamur,
1786 2358 1800 2368 '
2051 2358 2122 2416 U"
2147 2362 2406 2435 quidqum
2434 2363 2549 2434 iam
2573 2365 2808 2422 Viximus
2839 2366 3116 2434 hauenus’
3144 2369 3327 2425 omnia
3349 2371 3554 2427 sorba"

363 2485 432 2540 Et
461 2486 714 2556 petimus.
744 2484 999 2540 Miserere
1028 2484 1196 2549 senis,
1228 2484 1490 2539 miserere
1515 2493 1751 2550 tuorum,
2691 2516 2990 2558 ωιλτηελ,

366 2573 444 2630 Tu
476 2589 640 2645 quam
667 2574 860 2645 dignus
885 2583 1003 2630 erat
1032 2574 1277 2630 misereri
1305 2573 1538 2645 denique
1565 2574 1729 2630 nosti.

368 2665 508 2723 Hinc
530 2684 658 2741 rogo
669 2671 847 2726 cordis
862 2686 1143 2742 amorque,
1160 2671 1330 2735 dolor,
1345 2673 1684 2742 gemitusque
1703 2671 1946 2739 resultet,

367 2756 506 2816 Hinc
531 2762 687 2832 pueri
713 2762 934 2828 virtute,
953 2777 1112 2819 senes
1146 2763 1213 2818 de
1243 2749 1461 2818 nomine
1489 2772 1734 2819 cernent.

2122 2611 2261 2669 Tum
2291 2615 2595 2672 veneranda
2633 2631 2791 2674 soror
2819 2627 3066 2674 nostrum
3095 2619 3416 2689 parvissima
3447 2620 3584 2677 dixit
3613 2639 3627 2675 :

2052 2703 2097 2761 O
2125 2707 2289 2762 verbo
2319 2722 2481 2778 quam
2508 2707 2656 2764 mitis
2684 2718 2803 2764 erat
2824 2709 3158 2780 blandusque
3203 2711 3488 2784 magister,

2052 2795 2160 2850 Cur
2189 2811 2287 2852 nos
2315 2806 2424 2852 tam
2452 2799 2630 2854 subito
2659 2799 2863 2870 liquisti
2890 2799 3045 2856 valde
3074 2801 3318 2858 teuellos.

1054 2890 1246 2931 putus.
2053 2885 2134 2939 Tu
2162 2885 2425 2954 siquidem
2449 2889 2678 2944 moreris
2705 2905 2917 2961 semper
2937 2905 3036 2962 per
3056 2891 3252 2947 saecula
3281 2891 3428 2948 felix.

444 2979 596 3050 Quis,
628 2996 778 3056 rogo,
804 2998 912 3040 non
941 2983 1163 3057 plangat
1188 2983 1465 3042 hominem
1496 3000 1658 3058 super
1689 2995 1834 3043 astra
1869 2985 1946 3044 le-

2062 2976 2162 3050 Sed
2185 2994 2285 3048 ego
2315 2979 2464 3051 virgo
2491 2979 2671 3047 ferox,
2698 2981 2883 3038 tnultis
2910 2984 3204 3055 sanguinea
3231 2985 3409 3053 bellis,

1063 3092 1068 3097 -
1618 3078 1845 3153 parum,
2054 3069 2337 3126 lmbrifero
2360 3082 2482 3142 post
2509 3082 2561 3128 te
2589 3073 2952 3145 iacrymarum
2980 3076 3129 3133 fonte
3153 3077 3426 3145 madesco,

369 3165 428 3222 in
453 3165 666 3224 cineres
686 3169 896 3242 redigi,-
909 3185 1071 3242 quam
1102 3171 1238 3227 duro
1265 3183 1536 3227 marmore
1560 3171 1708 3244 tegi?

2062 3160 2231 3232 Atque
2255 3161 2355 3217 sub
2376 3163 2578 3234 ingenti
2605 3165 2806 3234 gemitu
2835 3181 2926 3221 rea
2951 3175 3171 3237 pectora
3211 3169 3398 3225 tundo.

369 3257 537 3330 cujus
565 3261 620 3315 ίη
653 3263 786 3318 orbe
811 3263 958 3318 vola;
977 3265 1238 3320 νίηυιιιηι
1259 3263 1402 3320 fama
1429 3279 1527 3335 per
1553 3279 1741 3321 omnes
1763 3305 1780 3331 ,
1982 3253 2021 3262 “
2055 3253 2193 3309 Hinc
2221 3253 2413 3309 faciem
2443 3255 2609 3325 guttis
2635 3255 2779 3311 diluo
2803 3257 2960 3312 salsis
2982 3258 3312 3314 maculosam
3337 3299 3351 3323 ,

369 3349 657 3426 Ρτοερρῖεε
682 3353 1049 3424 Augustorum
1077 3363 1160 3410 εει
1185 3355 1328 3426 quod
1357 3355 1633 3410 vermibus
1657 3370 1804 3410 esca,
2056 3343 2313 3410 Quamvis
2343 3344 2493 3415 nigra
2519 3345 2656 3400 meis
2682 3345 2906 3401 maculis
2933 3347 3034 3402 sim
3069 3355 3124 3402 et
3157 3347 3307 3404 fusca
3339 3349 3560 3404 venenis
3581 3365 3616 3403 :-

370 3440 487 3495 Heu
517 3420 646 3511 quid
676 3420 802 3498 huic
833 3443 1060 3500 facimus
1092 3447 1276 3501 miseri
1306 3447 1406 3502 sub
1439 3457 1612 3503 morte
1644 3448 1803 3504 locati
1829 3451 1841 3503 ε
2053 3435 2125 3492 Ut
2150 3436 2308 3491 niveo
2327 3435 2478 3490 vultu
2502 3451 2750 3506 respersa
2776 3437 2960 3493 colore
2985 3453 3237 3493 rosarum
3254 3477 3270 3506 .

369 3530 676 3597 Ploramns,
698 3533 995 3604 gemimus;
1034 3535 1130 3590 sed
1155 3552 1256 3592 nec
1279 3552 1534 3592 revocare
1558 3539 1818 3596 valemus.

2062 3528 2364 3583 Flavescam
2376 3569 2390 3593 ,
2407 3527 2632 3593 niteam,
2648 3527 2908 3600 fragrem,
2924 3530 3081 3586 simul
3111 3539 3282 3601 atque
3295 3532 3600 3590 madescam
3619 3548 3636 3588 :

373 3623 516 3694 Ergo
540 3633 764 3678 vocatus
794 3625 968 3692 abest,
993 3627 1087 3681 sed
1120 3642 1220 3682 nec
1247 3627 1468 3683 exaudit
1493 3637 1761 3686 amantes.
2057 3618 2232 3688 Αιίιιιθ
2259 3619 2334 3672 lui
2367 3619 2596 3674 nimium
2628 3618 2754 3674 Ῐθιίι
2777 3619 2831 3674 in
2857 3628 3096 3690 tempore
3118 3619 3369 3693 plangam
3394 3663 3409 3689 ν

371 3711 599 3768 Pectora
629 3725 973 3786 rumpuntur,
1005 3717 1312 3773 lacerantur
1340 3719 1546 3775 viscera
1581 3719 1726 3775 luctu
1761 3739 1774 3775 :
2056 3706 2307 3775 Quandi“
2328 3716 2544 3764 maneat
2567 3706 2761 3766 ﬂebilis
2788 3723 2918 3780 Pars
2938 3707 3126 3765 “mula
3147 3710 3291 3766 νίιίε·

372 3801 466 3856 llle
493 3819 592 3858 nec
615 3805 835 3860 exaudit
862 3805 1152 3879 iacrymas,
1181 3823 1280 3863 nec
1306 3809 1498 3864 threna
1528 3810 1825 3866 dolentum.

376 3892 445 3947 Et
471 3895 598 3965 quia
629 3906 961 3967 torquemur,
989 3899 1313 3967 laceramur,
1337 3901 1520 3968 corde,
1547 3903 1808 3970 tumultu;

377 3985 580 4041 Luctus
604 3987 996 4069 adestanimis,
1019 4006 1120 4046 nec
1151 4007 1298 4048 mors
1325 3992 1642 4048 surdissima
1679 4003 1856 4049 curat.

375 4075 692 4133 Puiveream
719 4094 1000 4136 servamus
1030 4082 1155 4137 huic
1185 4083 1249 4138 de
1274 4099 1501 4154 corpore
1530 4083 1774 4154 glebam;

377 4168 568 4226 Clarus
594 4180 650 4224 at
677 4171 764 4227 ille
787 4173 956 4229 choro
985 4174 1199 4231 laetatur
1224 4177 1291 4232 ad
1317 4185 1464 4234 astra
1496 4178 1724 4235 relatus.

381 4256 535 4314 Unde
564 4259 723 4314 velim
749 4261 950 4319 virtute
977 4265 1100 4329 viri,
1130 4267 1411 4338 puerique,
1438 4267 1650 4340 puellm,

377 4348 622 4421 Plangite
646 4353 810 4409 corde
839 4356 950 4424 pio,
981 4357 1151 4414 salsos
1176 4360 1458 4429 producite
1487 4360 1694 4428 fontes;

382 4440 454 4497 Ut
478 4443 606 4512 quia
632 4447 804 4501 tristis
835 4449 986 4518 origo
1013 4451 1162 4504 dedit
1183 4441 1325 4521 quod
1351 4453 1586 4523 patimur
1608 4469 1818 4520 omnes,

378 4533 556 4604 Atque
581 4545 686 4591 una
721 4553 788 4593 ex
823 4542 1047 4609 antiquo
1076 4550 1159 4596 est
1188 4543 1302 4597 haec
1327 4553 1522 4598 natura
1553 4545 1817 4614 priorum,

383 4622 500 4678 Una
529 4625 601 4680 sit
631 4634 687 4681 et
715 4629 927 4684 cunctis
956 4629 1120 4683 etiam
1164 4632 1469 4701 compassio
1496 4633 1694 4688 mentis
1719 4649 1734 4699 ;

381 4715 642 4774 Maestitiae
664 4718 842 4786 ﬂetus,
865 4721 1119 4792 lacrymae
1139 4723 1300 4777 simul
1325 4725 1529 4779 mthera
1560 4724 1796 4794 pulsent.

383 4807 521 4865 llinc
545 4810 669 4866 inde
691 4828 830 4868 unus
853 4814 906 4868 in
931 4829 1025 4869 ora
1061 4813 1192 4868 ﬂuat
1210 4813 1368 4871 ﬂetus
1389 4815 1800 4872 monachorum.

2736 3855 2928 3899 PHILIS.

2131 3947 2267 4002 Tum
2297 3961 2530 4018 quoque,
2559 3957 2753 4013 mater,
2783 3950 2880 4016 ait,
2914 3949 3069 4022 cujus
3095 3952 3163 4009 de
3184 3953 3402 4012 nomine
3429 3955 3569 4012 dicta
3595 3973 3610 4010 :

2059 4035 2177 4092 Non
2209 4052 2294 4092 mc
2324 4046 2380 4091 tu
2409 4037 2666 4110 lacrymis
2699 4039 2880 4095 vinces
2913 4049 3006 4096 aut
3031 4041 3244 4099 ﬂetibus
3275 4059 3532 4115 unquam.

2058 4127 2176 4184 Non
2203 4138 2395 4184 cantus
2425 4144 2682 4186 resonare
2706 4129 2874 4197 leves,
2911 4147 3020 4189 non
3047 4135 3285 4204 pandere
3325 4145 3471 4194 vota.

2061 4219 2216 4278 Unde
2241 4222 2397 4278 velim
2423 4229 2478 4277 tu
2505 4223 2672 4279 misce
2701 4222 2874 4292 favos,
2901 4239 3001 4297 ego
3027 4223 3249 4283 ﬂoribus
3273 4244 3482 4285 ornem.

2062 4312 2142 4368 Tu
2165 4327 2377 4383 quoque
2397 4312 2661 4383 pallentes
2690 4314 2880 4380 violas,
2911 4330 3010 4386 ego
3041 4315 3149 4371 lilia
3179 4333 3430 4388 carpam,

2062 4403 2132 4459 Et
2157 4420 2319 4475 super
2348 4420 2630 4476 aspergam
2661 4406 2926 4460 tumulum
2948 4420 3110 4474 quam
3142 4407 3399 4463 suavibus
3422 4409 3643 4468 herbis:

2066 4497 2165 4553 Hic
2202 4496 2456 4566 quoniam
2493 4495 2791 4566 condignus
2823 4504 2942 4550 erat
2972 4497 3287 4552 muneribus
3312 4498 3455 4566 istis,

1985 4555 2040 4614 Β
2067 4555 2296 4642 Delicias
2330 4585 2487 4640 nobis
2510 4585 2600 4654 qui
2623 4555 2820 4641 inultas
2850 4571 3102 4656 praestitit
3123 4587 3237 4658 ipse
3260 4629 3276 4653 ,
3337 4631 3340 4634 .

2066 4676 2134 4732 Et
2165 4685 2329 4730 totam
2353 4691 2510 4730 roseo
2533 4683 2583 4731 te
2605 4675 2777 4746 pinxit
2801 4677 3061 4749 sanguine
3086 4677 3308 4735 Christi.

2065 4769 2234 4825 Isaias
2255 4768 2390 4822 vatis
2417 4768 2560 4837 quod
2583 4766 2696 4836 jam
2724 4769 3048 4837 prmdixerat
3074 4769 3224 4825 olim.

2068 4857 2269 4914 Sancta
2298 4858 2394 4913 tibi
2422 4858 2546 4914 hinc
2571 4858 2795 4912 veniunt
2816 4859 3122 4928 plaudentia
3150 4859 3292 4932 ligna
3325 4861 3535 4920 decoris
3555 4901 3575 4930 ,

1022 4944 1324 4986 ωιΑτιιεΑ.

2068 4947 2352 5003 Exsultant
2381 4945 2511 5001 inibi
2546 4956 2774 5018 myrtus,
2802 4949 2973 5014 abies,
3003 4948 3116 5003 sive
3139 4949 3298 5019 pinus
3320 4990 3336 5015 ,

452 5031 564 5090 Oro
589 5049 771 5091 senem
793 5038 976 5094 senior
1001 5041 1206 5096 tumulo
1227 5041 1453 5097 Corbeia
1485 5041 1708 5096 condas.
2067 5039 2206 5094 Vitis
2231 5048 2285 5094 et
2308 5054 2410 5093 uva
2437 5039 2646 5104 nitens;
2672 5039 2834 5094 etiam
2858 5039 3160 5111 pinguescit
3180 5041 3322 5097 oliva
3353 5061 3365 5096 :

383 5125 555 5182 Porro
581 5128 758 5183 minor
781 5145 898 5200 ego,
936 5145 1060 5184 mox
1087 5131 1177 5186 tali
1209 5133 1422 5187 viduata
1451 5140 1687 5202 patrono
1715 5171 1730 5196 ,
2065 5134 2144 5188 Ac
2181 5141 2433 5201 tanquam
2460 5131 2745 5201 paradisus
2784 5140 2840 5185 et
2865 5131 3055 5186 hortus
3083 5132 3394 5220 deliciarum
3419 5175 3433 5199 ,

383 5217 622 5273 Vocibus
650 5219 874 5274 alternis
899 5222 1159 5292 gemitum
1189 5238 1288 5292 pro
1315 5222 1556 5277 carmine
1587 5223 1784 5277 dicam.
2065 5222 2290 5294 irriguis
2315 5221 2541 5299 nutriris
2565 5221 2719 5290 aquis
2739 5220 2804 5275 de
2827 5221 3029 5276 vertice
3059 5221 3203 5277 cccli.

385 5307 557 5373 Quam
593 5308 791 5362 dudum
825 5325 1092 5380 generans
1121 5310 1330 5367 felicem
1357 5321 1546 5377 mater,
1578 5311 1646 5366 ab
1674 5327 1784 5367 uno
2067 5314 2198 5382 Quae
2224 5313 2407 5368 fueras
2435 5313 2580 5382 regio
2609 5311 2828 5377 sterilis,
2858 5312 3152 5369 descensus
3175 5315 3362 5370 averni

381 5396 562 5466 Atque
598 5407 688 5452 tuo
717 5401 962 5457 vocitans
987 5402 1196 5471 pridem
1220 5403 1285 5458 de
1314 5403 1529 5458 nomine
1560 5401 1712 5458 faris.
2067 5403 2229 5459 Porta
2261 5403 2365 5472 poli
2387 5401 2498 5470 jam
2526 5401 2664 5456 facta
2691 5410 2844 5472 pates
2872 5401 2986 5457 sive
3002 5402 3168 5472 janua
3194 5404 3340 5460 vita).

385 5487 430 5544 O
457 5489 692 5546 formosa
725 5506 825 5562 ego
861 5503 916 5547 tu
941 5495 1071 5549 mihi
1102 5510 1245 5550 nunc
1272 5495 1382 5550 eris
1409 5493 1546 5550 alter
1572 5494 1626 5549 in
1649 5509 1822 5549 aevum
1841 5533 1856 5560 ,
2057 5492 2182 5564 ,Nec
2209 5492 2352 5547 valet
2377 5491 2714 5561 aequiparare
2736 5491 2885 5562 prior
2903 5493 3130 5562 perﬁdia
3153 5495 3343 5551 mortis

386 5580 558 5649 Quam
587 5583 830 5640 fundavit
855 5603 1022 5643 ovans
1045 5589 1295 5644 manibus
1326 5596 1410 5642 ter
1434 5587 1522 5642 ille
1550 5587 1769 5652 beatus,
2069 5584 2204 5640 Tam
2227 5582 2458 5639 celerem
2485 5596 2727 5648 cursum,
2752 5597 2860 5652 quo
2887 5597 3030 5638 nunc
3055 5583 3287 5656 gloriosa
3307 5586 3572 5657 superbis.

386 5671 546 5728 Plura
583 5675 878 5732 salutiferis
905 5679 1147 5734 tribuens
1175 5677 1394 5734 oracula
1427 5677 1628 5734 verbis.
2068 5674 2189 5731 lam
2215 5683 2378 5746 caput
2403 5673 2616 5729 excelsa
2643 5673 2906 5729 caelorum
2936 5675 3112 5732 sidera
3139 5677 3316 5750 tangis
3345 5719 3361 5745 ,

388 5766 520 5824 Nam
552 5769 660 5839 quo
682 5769 761 5826 sic
789 5769 999 5827 daemon
1031 5771 1287 5827 saeviebat
1326 5769 1509 5842 iniqua
1539 5778 1782 5843 potestas
1805 5811 1820 5838 ,
2069 5768 2245 5838 Atque
2269 5765 2445 5824 nitore
2475 5773 2566 5822 tuo
2593 5763 2821 5822 nimium
2845 5764 3177 5838 splendescis
3202 5767 3257 5825 in
3283 5769 3414 5826 orbe
3440 5787 3454 5825 :
