4122 6324
521 405 654 462 I555
1299 399 1356 455 S.
1396 395 1753 454 PASCIIASII
1789 391 2134 448 RADBERTI
2174 387 2464 442 ABBATIS
2500 377 2949 441 CORBEIENSIS
3649 362 3790 421 1556

519 522 588 577 Ut
615 519 776 576 citius
797 533 958 588 quam
987 515 1130 571 nulla
1163 513 1313 586 prior
1341 511 1520 567 nutrix
1562 509 1952 566 monachorum
2127 508 2178 570 Α
2206 503 2368 559 Forte
2394 501 2659 556 mirantur
2681 495 2824 549 enim
2851 499 3000 546 tanto
3021 505 3119 559 pro
3147 481 3333 542 funere
3357 499 3546 549 musze,

519 615 744 672 Cardine
775 614 876 668 sub
905 609 1112 681 quadro
1141 573 1340 678 poterit
1371 605 1654 661 fecundior
1680 617 1822 657 esse.
2206 594 2272 648 Et
2301 591 2630 662 stupefactas
2667 601 2763 640 vos
2792 583 3067 652 liquerunt
3098 577 3361 681 carmina,
3393 573 3585 628 melos.

520 704 689 768 Unde,
715 718 887 765 soror,
913 700 1078 754 facias
1108 698 1380 769 planctum
1413 709 1513 765 pro
1533 691 1773 747 carmine
1801 703 1968 759 posco
2203 682 2396 738 Omnia
2423 689 2781 748 congemuere
2824 671 2931 726 tuis
2960 677 3014 724 et
3043 683 3208 724 saxea
3239 665 3461 720 threnis.

2203 774 2246 830 Ο
2278 774 2348 837 si,
2376 770 2569 840 inquit,
2597 765 2777 821 veniat
2802 770 2930 817 tunc
2952 760 3042 816 ille
3070 772 3324 814 recursus
3352 755 3578 820 amoris,

2201 864 2330 932 Qum
2363 863 2526 918 tantis
2570 859 2623 914 in
2655 873 2721 912 eo
2747 856 3116 926 lacrymarum
3147 849 3395 919 cogimur
3417 846 3595 910 undis,

2204 954 2274 1010 Ut
2307 953 2520 1008 tandem
2549 961 2869 1003 renovemur
2891 941 3008 1001 eius
3029 937 3328 996 dulcedinis
3351 937 3542 991 haustu
3566 936 3582 988 ι

2203 1047 2476 1101 Interdum
2520 1038 2769 1096 manibus
2793 1035 2966 1107 juncti
3009 1046 3297 1104 pergamus
3321 1029 3388 1083 ad
3418 1041 3621 1089 arcem,

2203 1136 2280 1190 Ad
2315 1133 2578 1188 thalamos
2601 1127 2774 1198 regni,
2805 1140 2913 1196 quo
2941 1124 3140 1179 dudum
3166 1137 3266 1176 nos
3296 1128 3457 1175 vocat
3481 1118 3645 1172 idem.

519 795 796 865 Octoginta
823 805 848 834 ι
885 792 1050 846 Pater
1081 789 1224 859 quod
1253 788 1342 841 vix
1373 785 1740 856 compleverat
1767 795 1972 846 annos;

518 885 582 938 Et
609 884 837 939 necdum
863 894 952 937 tua
974 881 1112 937 forte
1143 885 1429 934 manarant
1451 877 1614 930 ubera
1640 874 1782 928 lacte
1806 889 1822 938 ;

518 979 592 1033 En
620 978 798 1032 subito
821 975 979 1047 periit
1001 973 1084 1028 vel
1113 972 1282 1027 fracta
1307 979 1390 1026 est
1411 967 1601 1040 hydria
1624 966 1809 1028 fontis,

518 1069 806 1124 Consilium
832 1067 1040 1138 patriae,
1068 1064 1266 1121 Christi
1294 1061 1555 1133 sapientia
1583 1059 1796 1130 plenus.

1148 1216 1451 1258 GALA'I'HEA.

2201 1223 2477 1280 Ethereis
2506 1232 2794 1291 pascamur
2816 1229 2881 1270 eo
2907 1229 3067 1283 quam
3094 1219 3317 1282 perpete
3335 1208 3566 1277 eampis,

584 1319 699 1374 Ah!
733 1327 906 1373 mater
933 1318 1161 1371 subnixa
1194 1315 1326 1379 Deo,
1358 1320 1470 1366 tum
1496 1309 1603 1366 ﬁlia
1637 1309 1814 1372 dixit.
2201 1316 2320 1382 Quo
2347 1313 2545 1370 meruit
2567 1310 2752 1366 senior
2772 1306 2902 1362 felix
2929 1306 3134 1360 intrare
3162 1301 3470 1364 Menaleha,

517 1410 653 1479 Quid
690 1419 870 1465 tantos
901 1423 1161 1463 renovare
1185 1407 1318 1461 velis
1348 1403 1620 1460 narrando
1647 1400 1902 1458 dolores?
2202 1410 2304 1478 Qui
2332 1416 2550 1464 ηοειιεοε
2576 1418 2760 1461 secum
2791 1416 2953 1472 quam
2979 1399 3137 1470 longe
3163 1395 3317 1452 duxit
3343 1406 3577 1449 amores.

517 1503 621 1557 Aut
647 1516 952 1556 memorare
979 1499 1110 1564 diei,
1143 1513 1247 1568 qua
1286 1511 1384 1551 nec
1416 1494 1610 1550 saavior
1634 1491 1741 1546 ulla
2897 1523 3091 1566 ριιιιιε,

518 1593 610 1649 Vel
641 1594 762 1657 fuit,
789 1607 908 1648 esse
935 1599 1132 1662 potest,
1163 1588 1469 1659 poteritque
1499 1593 1592 1640 aut
1617 1598 1736 1638 esse
1761 1581 1964 1636 futura.

515 1684 643 1750 Quae
672 1683 830 1740 simul
864 1681 1128 1736 abstraxit
1164 1679 1341 1741 nobis,
1375 1684 1636 1746 pereunte
1663 1683 1913 1746 patrono,

515 1777 683 1830 Omne
708 1775 870 1828 decus
894 1772 1038 1834 vita},
1068 1770 1326 1824 virtutum
1357 1776 1482 1821 vota
1511 1765 1775 1820 recidens.

513 1863 662 1919 Heu!
689 1877 788 1917 nos
816 1877 978 1931 quam
1011 1859 1233 1924 miseri,
1261 1858 1516 1912 absentes
1545 1855 1636 1926 qui
1668 1854 1901 1909 vivimus
1926 1851 2016 1907 illo
2044 1852 2056 1904 !
2126 1861 2173 1919 Β

513 1953 665 2023 Quod
701 1967 890 2009 sumus
915 1952 969 2006 in
1004 1951 1230 2005 nimium
1261 1947 1502 2019 depressi
1531 1953 1677 2002 sorte
1702 1945 1972 2017 maligna,

513 2046 616 2114 Qui
644 2046 852 2117 pariter
879 2043 1074 2099 cmlum
1106 2040 1446 2110 nequivimus
1475 2039 1553 2093 ire
1582 2037 1742 2094 locati
1771 2077 1784 2102 ,

514 2134 644 2190 Cum
674 2149 781 2206 quo
806 2147 1039 2204 namque
1069 2131 1205 2186 mori
1231 2129 1422 2184 melius
1440 2144 1599 2199 quam
1625 2128 1809 2182 vivere
1839 2124 1988 2181 duxi.

2271 1634 2337 1688 Et
2367 1633 2534 1686 trahit
2565 1645 2594 1684 e
2623 1624 2822 1681 nostris
2850 1631 2973 1694 post
3008 1636 3066 1676 se
3096 1615 3329 1689 suspiria
3361 1613 3530 1669 ﬁbris.

2200 1723 2294 1779 lllo
2321 1721 2519 1778 etenim
2547 1717 2655 1774 voti
2685 1715 2948 1771 debentur
2973 1712 3097 1783 jura
3127 1709 3296 1764 coire.

2202 1815 2519 1882 Quanquam
2539 1809 2674 1865 adeo
2692 1807 2849 1862 nobis
2865 1803 3039 1860 media
3063 1811 3146 1856 est
3169 1800 3251 1854 via
3279 1798 3433 1853 triste
3455 1795 3795 1866 sepulcrum.

2203 1907 2307 1964 Sed
2332 1908 2373 1962 si
2397 1913 2716 1962 constanter
2744 1901 3045 1973 pulsamus,
3079 1895 3394 1967 quaerimus,
3417 1893 3660 1962 inquam,

2199 2001 2329 2058 Post
2351 2001 2565 2056 cineres
2593 1996 2724 2067 quin
2749 1992 2890 2049 haud
2913 1991 3134 2046 dubium
3171 1987 3454 2042 veniemus
3480 1984 3548 2038 ad
3576 1983 3796 2047 urbem,

2197 2093 2314 2161 Qua
2333 2094 2533 2164 pictas,
2567 2088 2803 2153 bonitas,
2833 2100 2959 2156 pax,
2985 2082 3108 2150 lux,
3137 2079 3413 2151 opulentia
3443 2083 3716 2147 regnant:

2197 2184 2424 2240 Lmtitiae
2455 2182 2688 2247 fructus,
2724 2177 2941 2248 requies
2974 2183 3029 2230 et
3055 2172 3251 2246 gaudia
3282 2170 3489 2241 fulgent
3515 2188 3529 2223 :

1205 2259 1395 2298 ""L's'
2197 2277 2369 2334 Omne
2408 2276 2608 2331 bonum
2646 2271 2861 2335 renitet,
2885 2266 3056 2323 dulcis
3083 2262 3374 2321 concordia
3402 2258 3601 2315 mulcet
3634 2277 3646 2311 :

581 2360 919 2430 Quapropter
946 2357 1154 2429 pOpulis
1181 2355 1382 2412 Christi
1409 2368 1545 2424 quos
1572 2351 1740 2408 abluit
1766 2350 1907 2405 unda
1939 2389 1954 2415 ,

2200 2367 2402 2433 Gloria,
2431 2365 2570 2430 laus,
2602 2371 2657 2419 et
2685 2362 2861 2418 honor
2882 2373 2990 2414 uno
3029 2357 3095 2411 de
3127 2355 3275 2410 fonte
3304 2360 3597 2407 manantur
3625 2367 3640 2402 :

513 2450 821 2506 Flumineos
855 2449 1042 2504 latices
1076 2447 1354 2518 producite
1387 2444 1625 2516 pectoris
1665 2443 1795 2508 imo,

2200 2460 2320 2516 Vita
2348 2458 2607 2530 perennis
2636 2463 2785 2520 ovat,
2813 2453 3074 2506 virtutum
3104 2461 3306 2519 pascua
3337 2444 3531 2501 ﬂorent
3561 2460 3576 2495 :

516 2543 934 2611 Virgineumque
965 2554 1142 2595 meum
1183 2538 1501 2609 plangamus
1529 2543 1674 2590 sorte
1705 2532 1956 2588 maritum
1982 2571 1997 2596 ,

2200 2552 2465 2624 Angelicze
2496 2548 2836 2622 gratulantur
2865 2557 3019 2609 oves,
3045 2539 3290 2597 cmlestia
3319 2544 3555 2591 vernant

515 2631 865 2695 Prudentem,
893 2629 1156 2692 sobrium,
1187 2636 1395 2683 castum
1417 2667 1430 2691 ,
1455 2625 1718 2681 charitate
1742 2622 2024 2714 repletum,
2197 2622 2449 2710 “35mm,
2480 2640 2756 2714 perpetuis
2783 2637 3067 2692 “manu”.
3099 2632 3330 2702 denique
3357 2629 3532 2685 donis.

515 2712 2096 2820 {lati-suetum,humilemmecnonjustumatquebenignum;
2198 2736 2315 2804 Quo
2339 2712 2723 2802 Deus—semper
2759 2730 2912 2783 adest
2941 2740 3198 2798 prmscns,
3242 2730 3560 2778 reserantur
3580 2721 3786 2790 opima.

516 2811 809 2868 Nobilitate
837 2812 1086 2882 probum,
1129 2825 1236 2880 quo
1265 2824 1366 2865 nec
1391 2807 1689 2878 sapientior
1721 2805 1882 2860 ullus.

2200 2828 2342 2881 Inter
2363 2822 2690 2895 apostolieas
2715 2817 3260 2891 patriarcharumque
3291 2813 3542 2868 cohortes

517 2902 686 3005 Euius
711 2904 770 3005 ﬁ“
792 2903 1008 3005 θει9ίί¹ξί⁹⁰
1036 2902 1225 3005 mimi"
1261 2901 1525 3005 δῆρίεξηξίθ
1563 2899 1832 3005 θξιξίδιυεο
2200 2916 2383 2986 Spirat
2409 2914 2544 2970 odor
2568 2927 2731 2982 quam
2759 2909 2952 2973 dulcis,
2983 2906 3199 2962 suavior
3219 2903 3474 2960 omnibus
3505 2899 3710 2957 herbis.

513 2994 661 3050 Fons
684 2993 857 3064 patuit
879 2992 1102 3056 saliens,
1124 2992 1249 3046 vit-.e
1283 2990 1528 3047 doctrina
1555 2989 1746 3046 salitus
1772 3006 1786 3054 ;

2200 3008 2471 3078 Martyreo
2503 3003 2822 3075 splendente
2852 3001 3019 3057 choro
3047 3011 3299 3054 muscosa
3327 3002 3619 3068 patescunt

514 3084 758 3143 Moribus
786 3083 1034 3154 insignis,
1064 3083 1324 3138 virtutum
1353 3082 1606 3153 dogmate
1634 3081 1859 3150 plenus;

2200 3100 2410 3165 Castra,
2441 3096 2826 3167 prophetarum
2857 3091 3103 3148 redolent
3126 3089 3426 3145 dulcedinis
3452 3088 3671 3142 haustu.

514 3175 680 3271 vim:
703 3174 984 3271 Pacmcl‘s’
1008 3173 1246 3230 Clemens
1270 3182 1325 3230 ⁸⁸
1352 3173 1510 3271 νῆξάιξ
1532 3173 1826 3271 ωΡίῘθδίυδ·
2124 3207 2168 3271 C
2199 3191 2438 3249 Candida
2465 3189 2709 3260 virgineo
2735 3185 3033 3240 ﬂavescunt
3054 3182 3270 3254 agmina
3299 3177 3434 3236 ﬂore
3453 3220 3469 3244 ,

512 3268 621 3324 Ista
655 3267 807 3324 fuere
835 3269 918 3326 sui
942 3282 1240 3340 cognoscas
1267 3267 1470 3338 prmdia
1491 3265 1662 3336 juris,
2135 3265 2168 3271 '

2203 3282 2395 3340 Omnia
2427 3279 2814 3337 concelebrant
2838 3275 2969 3332 inibi
2995 3274 3084 3345 pia
3107 3272 3305 3344 gaudia
3330 3271 3527 3342 passim
3545 3309 3559 3335 ,

511 3359 619 3414 Ista
646 3373 782 3415 meae
813 3357 1059 3415 redolent
1082 3357 1285 3412 viritim
1321 3356 1594 3428 sponsalia
1621 3355 1782 3413 dotis.
2202 3373 2270 3428 Et
2293 3378 2551 3428 resonam
2577 3383 2771 3424 omnes
2797 3381 2908 3422 uno
2929 3365 2997 3420 de
3019 3364 3182 3420 corde
3205 3371 3464 3419 canentes

515 3447 666 3505 Unde
688 3447 880 3504 beatus
901 3462 1056 3503 amor
1080 3455 1288 3504 tantum
1318 3447 1449 3503 mihi
1481 3445 1680 3503 crescit
1710 3446 1766 3502 in
1801 3443 1922 3511 illo,
2204 3461 2482 3519 Meujﬂuas
2505 3475 2688 3525 voces,
2717 3458 2844 3514 hinc
2869 3454 2997 3512 talia
3023 3453 3266 3510 carmina
3292 3452 3542 3523 quisque.

513 3537 786 3607 Quantum
817 3553 943 3596 vere
967 3553 1138 3596 novos
1163 3553 1194 3596 e
1223 3536 1440 3594 mundis
1465 3536 1689 3594 ﬂoribus
1715 3545 1897 3609 auget.
2739 3538 2749 3548 ’
2840 3580 3142 3624 “LA-mm,

512 3633 621 3688 Sed
651 3632 874 3704 proinde
899 3633 1072 3705 magis
1100 3632 1276 3688 luctus
1311 3633 1609 3689 succrescit
1634 3632 1689 3687 in
1715 3631 1827 3688 oris
1852 3672 1868 3699 ,

512 3720 667 3788 Quod
698 3721 921 3776 nimium
951 3721 1141 3794 ﬂagret
1169 3722 1222 3780 in
1250 3737 1317 3778 eo
1343 3721 1667 3779 insatiabilis
1701 3721 1886 3787 ardor,

510 3811 582 3867 Et
617 3812 759 3882 quod
782 3812 928 3866 nulla
959 3813 1066 3868 mei
1100 3813 1172 3868 sit
1197 3811 1396 3869 abhinc
1431 3813 1697 3870 medicina
1720 3811 1942 3878 doloris,

513 3901 571 3958 Si
597 3919 705 3960 non
730 3903 815 3959 vel
841 3903 1004 3961 liceat
1029 3905 1158 3960 mihi
1190 3913 1437 3960 sanctum
1462 3920 1697 3968 pangere
1725 3919 1942 3960 nomen.

2275 3688 2472 3744 Desine
2500 3685 2653 3757 plura
2683 3696 2839 3739 soror
2859 3689 2939 3747 tu,
2974 3687 3150 3734 mater
3177 3676 3254 3732 ait
3279 3674 3568 3732 Galathea.

2204 3782 2309 3837 ista
2335 3778 2552 3850 quidem
2580 3777 2820 3847 inspecta
2847 3769 3040 3827 melius
3065 3778 3177 3824 tum
3200 3766 3340 3823 forte
3370 3777 3651 3826 canemus,

2204 3872 2338 3928 Cum
2370 3869 2652 3941 paradisus
2675 3880 2844 3923 ovans
2872 3863 3026 3919 nobis
3053 3875 3269 3932 quoque
3297 3867 3448 3914 sorte
3481 3855 3697 3912 virebit.

2205 3963 2479 4019 Hactenus
2513 3973 2765 4032 agrorum
2793 3955 2954 4011 ﬂores
2978 3961 3034 4010 et
3058 3953 3170 4007 lilia
3200 3964 3389 4020 carpe,

1158 4053 1459 4094 ῧλιλτυελο
2208 4055 2390 4108 Donec
2414 4049 2737 4105 alleluiatica
2759 4046 2965 4100 circum
2995 4040 3191 4114 gaudia
3216 4039 3397 4094 ridant
3415 4036 3458 4089 '.

582 4147 667 4202 Ad
697 4149 842 4218 quod
873 4164 1034 4218 quam
1064 4150 1290 4205 nimium
1313 4151 1440 4205 felix
1463 4150 1726 4206 Galathea
1757 4149 1957 4207 fatetur
2205 4143 2413 4213 Sparge
2440 4141 2581 4195 viam
2604 4137 2762 4195 violis
2783 4177 2798 4204 ,
2822 4136 3082 4191 virtutum
3104 4131 3325 4186 ﬂoribus
3351 4143 3480 4182 arva
3506 4169 3520 4192 ,

513 4239 695 4310 lncipe
723 4239 982 4296 sollicitos
1009 4240 1144 4296 tales
1165 4239 1278 4311 jam
1307 4254 1510 4312 ponere
1547 4249 1792 4312 questus.
2204 4234 2371 4307 Pinge
2407 4232 2548 4288 rosis
2573 4230 2786 4296 callem,
2816 4225 3011 4298 plateis
3036 4223 3145 4279 lilia
3168 4231 3371 4278 sterne.

544 4441 556 4454 O
585 4384 612 4412 α
641 4370 760 4454 μου
794 4370 1032 4454 integros
1056 4385 1228 4454 annos
1251 4371 1523 4454 octoginta
1551 4371 1684 4454 vigit
1718 4369 2060 4453 Adalbardus
2086 4412 2100 4454 ε
2208 4367 2385 4451 Caroli
2413 4365 2627 4438 magni,
2675 4379 2781 4446 non
2810 4369 2935 4416 ante
2959 4374 3160 4454 annum
3186 4355 3306 4438 779,
3337 4353 3676 4425 proiudcque
3707 4351 3801 4407 vix

514 4441 780 4514 siquidem
807 4428 1052 4499 vicgnnis
1080 4441 1254 4499 factus
1288 4428 1714 4499 estvmonachus
1763 4442 1918 4498 initio
1949 4428 2102 4512 regni
2211 4439 2388 4510 attigit
2413 4428 2584 4494 annos
2613 4428 2788 4492 relatis
2817 4438 3023 4505 octo_et
3048 4428 3408 4502 septuaginta.
