4122 6324
289 339 420 397 1561

957 335 1044 390 DE
1082 333 1241 390 VITA
1277 333 1533 402 WALXE,
1574 335 1703 392 SEU
1745 334 2165 392 EPlTAPl-IIUM
2199 334 2493 391 ARSENII.
2528 367 2596 378 —-
2629 335 2758 392 LIB.
2796 336 2842 392 l.

3416 339 3442 394 1
3451 337 3558 395 562

286 455 556 512 idoneum.
610 448 761 506 Unde
803 449 1055 504 exordiar
1086 462 1314 502 narrare
1349 446 1546 516 partim
1594 461 1713 516 qua:
1741 461 1866 517 per-
1897 451 1946 509 Α
1975 461 2118 511 rens,
2167 445 2355 500 maluit
2397 445 2644 503 ﬂammas
2687 447 2805 518 ejus
2849 444 3238 519 exstinguere:
3278 447 3374 502 sed
3423 448 3558 504 vicit

287 544 436 615 spexi
454 543 539 598 bis
564 540 755 604 oculis,
775 540 970 609 partim
995 554 1115 609 qua:
1138 539 1321 608 accepi
1346 537 1588 604 auribus,
1613 546 1668 592 et
1688 544 1869 622 mente

284 635 498 706 plenius
522 631 782 687 intellexi.

943 735 1196 778 SEVERUS.

356 819 602 884 Mirabile
643 817 862 888 quidem
916 815 1062 885 quod
1100 812 1319 868 miraris
1366 813 1644 876 homo.-.°,
1679 809 1726 863 si
1755 809 1872 880 ejus

287 913 574 982 imaginem
607 925 816 965 morum
841 908 1110 978 probitate
1137 913 1419 960 venustam
1442 902 1719 958 erubescis
1748 917 1870 972 pro-

286 1003 435 1068 dere,
484 1001 637 1071 cujus
687 999 929 1054 imitator
972 1013 1130 1063 esse,
1162 1003 1218 1050 et
1268 1003 1529 1066 paternos
1577 994 1658 1065 (ut
1697 993 1868 1063 aiunt)

285 1093 465 1146 vultus
492 1090 781 1145 refundere
809 1089 1074 1144 debueras
1101 1105 1113 1140 :
1152 1086 1401 1156 quamvis
1445 1094 1500 1140 et
1538 1100 1638 1156 ego
1665 1083 1869 1139 eisdem

286 1181 636 1251 discipulatus
669 1181 840 1252 gratia
892 1178 1160 1248 astringar
1197 1177 1363 1243 votis,
1396 1175 1699 1247 praesertim
1745 1189 1867 1229 cum

285 1277 420 1332 nihil
446 1276 688 1330 timidius
719 1275 788 1328 sit
814 1273 1056 1343 nihilque
1093 1271 1358 1343 ignavius,
1382 1271 1526 1340 quod
1553 1268 1736 1323 doleas
1759 1281 1868 1321 non

285 1364 515 1430 senti-re;
573 1363 657 1417 vel
700 1362 895 1434 quibus
951 1361 1278 1432 Opprimaris
1322 1361 1577 1427 miseriis,
1615 1357 1870 1430 plangere

285 1474 392 1513 non
421 1459 642 1513 audere.

913 1559 1253 1600 PASCIIASIUS.

357 1637 529 1703 Nitar,
573 1636 785 1703 faciam,
841 1637 1094 1707 experiar
1143 1634 1286 1704 quod
1335 1632 1594 1698 hortaris,
1645 1629 1865 1696 Severe,

286 1742 412 1782 cum
457 1742 614 1782 nemo
665 1726 807 1798 quod
839 1725 1092 1790 doluerit,
1145 1724 1236 1793 qui
1279 1724 1488 1778 nesciat
1541 1721 1864 1792 deplorare':

285 1834 444 1873 nemo
473 1819 612 1874 inter
651 1826 951 1884 tormenta,
1007 1816 1099 1886 qui
1129 1831 1236 1871 non
1266 1815 1466 1870 audeat
1491 1813 1867 1885 ingemiscere.
1899 1807 1946 1868 B

283 1908 438 1965 Unde
484 1910 664 1979 potius
707 1910 944 1964 animam
994 1908 1124 1963 hinc
1172 1922 1203 1961 a
1257 1920 1487 1975 corpore
1541 1905 1866 1974 relinquam,

283 2013 445 2068 quam
486 1999 632 2052 illum
673 2014 893 2065 amare;
924 2007 981 2053 et
1020 1997 1106 2052 cui
1138 1994 1458 2067 expedierit,
1485 1995 1868 2050 commendare

283 2091 424 2145 votis
448 2090 881 2160 praetermittam.
1467 2073 1481 2086 ’

922 2192 1257 2236 amoenus.
1608 2237 1613 2244 ,

358 2274 634 2346 Optimum
661 2283 747 2330 est
775 2275 841 2330 de
887 2274 1090 2344 aliquo,
1115 2287 1340 2344 corpore
1367 2287 1488 2327 cum
1520 2269 1866 2338 abscesserit,

282 2380 405 2434 quae
440 2364 656 2419 virtutis
685 2373 811 2419 sunt
834 2362 972 2432 ejus,
1008 2363 1061 2417 in
1091 2363 1272 2416 animo
1304 2361 1564 2431 replicare
1595 2377 1608 2413 :
1637 2369 1698 2414 ut
1723 2361 1866 2415 revi-

285 2462 468 2508 rescat
488 2454 539 2507 in
565 2454 718 2508 nobis
739 2493 752 2519 ,
782 2455 924 2524 quod
947 2453 1000 2506 in
1016 2451 1106 2506 illo
1129 2452 1403 2522 deperisse
1427 2451 1730 2505 videbatur.
1748 2439 1869 2505 Fid-

284 2547 416 2600 ridae
444 2546 586 2599 enim
611 2561 823 2615 semper
856 2545 1084 2600 virtutes
1108 2554 1234 2599 sunt
1260 2544 1326 2598 ad
1356 2542 1870 2612 prmmium,etviri-

285 2638 381 2692 des
399 2657 411 2690 :
429 2653 527 2693 nec
540 2637 908 2692 moriunturin
924 2637 1123 2706 aliquo,
1139 2636 1241 2698 nisi
1256 2635 1386 2690 vitio
1400 2634 1754 2704 perimantur,
1768 2633 1869 2688 etsi

281 2728 474 2798 peritni
496 2737 697 2798 queant
716 2743 973 2797 unquam,
1004 2726 1090 2781 vel
1122 2726 1403 2780 infirmari.
1431 2725 1651 2779 Fiducia
1675 2724 1872 2795 quippe

283 2820 408 2874 fidei
435 2829 519 2874 est
545 2830 598 2874 et
615 2821 728 2890 spei
757 2819 1028 2884 solatium,
1051 2817 1118 2872 de
1142 2818 1324 2887 aliquo
1358 2832 1518 2888 quem
1546 2818 1684 2872 bene
1706 2817 1869 2882 nosti,

285 2911 339 2964 in
369 2911 538 2964 Deum
569 2910 746 2964 obisse
795 2923 1146 2979 praesumere,
1198 2920 1254 2963 et
1305 2907 1547 2963 debitum
1591 2907 1872 2963 charitatis

283 3000 424 3054 votis
453 3000 705 3070 prosequi
733 3008 786 3054 ct
811 3000 1060 3071 diligere;
1091 2999 1326 3069 alioquin
1357 2999 1598 3068 nunquid
1625 2999 1770 3052 velut
1793 2997 1872 3052 la-

283 3108 426 3163 nugo
451 3109 656 3160 sumus,
684 3109 805 3164 qua:
827 3109 858 3148 a
899 3101 1058 3147 vento
1097 3092 1320 3158 tollitur,
1353 3091 1680 3162 deputandi?
1707 3090 1864 3146 absit.

285 3181 394 3238 Sed
414 3199 537 3238 cum
567 3185 700 3241 tales
743 3186 1141 3255 praecesserint,
1191 3185 1412 3240 credere
1444 3193 1676 3255 oportet,
1721 3187 1866 3255 quod

282 3273 336 3327 in
366 3273 456 3327 illo
487 3275 682 3331 melius
729 3277 925 3342 adsint,
973 3277 1064 3346 qui
1095 3278 1215 3332 ait:
1251 3276 1439 3331 Omnis
1476 3279 1566 3348 qui
1617 3279 1778 3330 credit
1816 3279 1871 3331 in

283 3379 386 3428 me,
410 3381 514 3418 non
537 3367 788 3418 morietur
809 3367 862 3419 in
893 3376 1144 3421 wternum
1177 3365 1358 3436 (Joan.
1392 3383 1468 3431 χι,
1501 3367 1614 3437 €26).
1644 3366 1872 3436 Propter

283 3454 561 3524 quodnon
603 3462 727 3507 sunt
754 3455 908 3523 quasi
944 3457 1142 3509 mortui
1190 3454 1525 3524 deplorandi,
1577 3454 1671 3510 sed
1715 3454 1870 3526 quasi

283 3544 500 3616 patroni
539 3544 791 3614 precibus
827 3545 1262 3600 commendandi.

892 3656 952 3694 PA
960 3654 1229 3695 SCBASIUS.
1273 3656 1275 3658 ’

356 3734 684 3790 Omittamus
716 3733 841 3799 ista,
863 3733 936 3786 mi
960 3731 1132 3788 frater
1173 3741 1228 3786 et
1255 3731 1351 3787 fili.
1384 3731 1502 3786 Erit
1525 3731 1668 3787 enim
1701 3741 1760 3786 ut
1787 3732 1872 3788 bis

285 3827 431 3899 digni
478 3826 776 3880 efﬁciamur
802 3826 955 3880 donis
985 3824 1222 3902 Spiritus
1269 3823 1445 3878 sancti
1493 3839 1690 3879 munus
1727 3825 1868 3895 (sic),

283 3920 377 3989 qui
406 3933 530 3973 eum
555 3918 630 3972 ita
655 3918 1011 3973 vernantibus
1033 3917 1312 3972 decoravit
1337 3918 1596 3971 virtutum
1624 3914 1868 3972 floribus.

287 4009 394 4065 Sed
446 4008 632 4074 timeo,
680 4025 746 4064 nc
777 4009 904 4064 dum
936 4009 1090 4064 vobis
1138 4009 1353 4080 placere
1389 4025 1645 4079 procuro,
1688 4009 1871 4066 multis

284 4099 575 4158 offendam.
601 4100 684 4154 An
709 4100 946 4169 ignoras,
980 4099 1200 4166 Severe,
1234 4101 1377 4170 quod
1406 4110 1606 4156 nostra:
1625 4101 1768 4157 hunc
1789 4101 1871 4155 in-

283 4192 611 4248 felicissimae
656 4193 782 4247 vita:
830 4192 1024 4247 sarcula
1052 4191 1343 4248 Jeremiam
1367 4193 1596 4248 alterum
1635 4193 1872 4248 tulerunt

282 4286 351 4340 ab
378 4285 505 4339 illo?
525 4285 738 4340 Audisti
769 4299 1003 4355 namque
1029 4293 1084 4339 et
1111 4286 1225 4355 ipse
1253 4301 1416 4355 quam
1443 4301 1607 4355 saepe,
1634 4295 1691 4341 ut
1722 4302 1873 4342 reco-

281 4375 354 4442 lo,
385 4377 529 4431 hunc
575 4375 864 4430 Arsenium
919 4375 1052 4431 fusis
1090 4373 1346 4446 lacrymis
1375 4376 1746 4446 proclamare:
1779 4377 1872 4433 Va:

286 4469 445 4534 mihi,
499 4478 674 4523 mater
727 4484 868 4533 mea,
925 4484 1095 4538 quare
1138 4469 1370 4539 genuisti
1400 4473 1486 4523 m‘e
1515 4469 1689 4524 virum
1719 4470 1868 4535 rixae,

285 4559 461 4612 virum
495 4557 778 4614 discordiae
811 4555 864 4610 in
897 4557 1147 4611 universa
1185 4558 1366 4611 terra?
1397 4556 1670 4626 Jubesque
1704 4573 1868 4627 super

282 4647 572 4713 tumulum,
619 4647 764 4717 quod
815 4655 1025 4716 tempus
1074 4646 1316 4710 adduxit,
1369 4647 1601 4700 condere
1640 4651 1862 4712 luctum,

281 4740 614 4811 epitaphium
639 4739 848 4795 scilicet
870 4753 1021 4792 more
1049 4739 1293 4809 priorum
1319 4736 1574 4808 lacrymis
1601 4737 1864 4803 irrorare,

285 4839 342 4885 et
381 4844 524 4884 nunc
546 4828 736 4898 SOpitiS
763 4827 1155 4883 discordiarum
1185 4825 1382 4897 jurgiis
1408 4825 1640 4881 excitari
1670 4826 1754 4882 vis
1799 4841 1868 4881 ex

282 4920 469 4975 cinere
527 4919 838 4974 vastitatem
885 4917 1138 4974 incendii.
1194 4916 1373 4972 Necne
1416 4916 1588 4982 vides,
1644 4914 1865 4984 Severe,

285 5011 465 5065 adhuc
495 5009 547 5063 in
574 5016 685 5063 tota
717 5017 882 5072 terra,
918 5007 1063 5078 quod
1112 5006 1293 5062 omnia
1345 5004 1576 5063 ﬂammis
1605 5005 1868 5075 cupidita~

286 5109 402 5155 tum
432 5096 856 5170 conﬂagrantur,
888 5104 944 5151 et
996 5105 1191 5151 cuncta
1228 5109 1395 5151 vorax
1427 5095 1628 5150 invidia
1656 5097 1869 5151 vastat?

931 5202 1189 5243 SEVEBUS.

358 5281 528 5337 Video
571 5279 746 5351 plane,
805 5279 1060 5350 quoniam
1097 5276 1255 5346 juxta
1309 5276 1440 5333 illud
1491 5277 1865 5349 Apocalypsis,

285 5373 446 5431 Mons
467 5372 694 5444 Magnus
717 5387 901 5428 coram
927 5369 1100 5426 oculis
1118 5371 1309 5424 ardens
1341 5370 1529 5424 missus
1552 5379 1626 5424 est
1651 5369 1706 5423 in
1726 5385 1869 5424 mare

284 5463 451 5534 hujus
481 5463 702 5536 maligni
731 5463 912 5518 smculi
946 5462 1151 5518 nostris
1175 5461 1548 5517 crescentibus
1579 5459 1782 5531 culpis;
1817 5467 1874 5516 et

282 5555 441 5610 stella
470 5556 534 5609 de
556 5555 681 5609 caelo
711 5571 900 5625 magna
927 5554 1141 5617 ardens,
1191 5563 1438 5624 tanquam
1475 5551 1653 5621 facula
1683 5551 1867 5624 (Apoc.

284 5645 432 5716 VIII),
462 5645 740 5710 discurrit,
788 5651 841 5700 et
869 5643 1066 5715 redigit
1093 5648 1303 5697 mentes
1345 5640 1682 5711 singulorum
1713 5640 1766 5694 in
1790 5639 1871 5694 fa-

287 5739 494 5797 villam.
528 5739 729 5797 Contra
768 5754 903 5811 quos
931 5737 1192 5796 Arsenius
1215 5737 1316 5795 iste
1357 5749 1546 5806 pacem
1571 5732 1768 5792 Christi
1792 5732 1869 5790 fe-

1972 538 2210 607 peccatis
2235 539 2578 608 exigentibus
2596 540 2906 595 amaritudo
2931 541 3188 596 absinthii
3213 540 3553 597 dulcedinem

1974 629 2109 683 tanti
2150 629 2253 684 viri
2310 630 2437 685 hinc
2485 631 2633 697 inde,
2687 645 2756 686 ne
2784 639 2973 686 contra
3003 630 3277 702 improbas
3316 631 3558 704 plebium

1971 721 2277 778 voluntates
2305 722 2646 794 praevaleret.

2594 831 2925 873 PASCHASIUS.

2045 907 2210 975 Nihil,
2226 918 2284 963 ut
2307 909 2502 975 sentio,
2519 909 2738 964 hercule
2759 909 2825 964 de
2846 910 3005 979 hujus
3029 909 3557 981 ambigisconscien-

1973 999 2083 1054 tia:
2114 1001 2207 1055 sed
2238 1001 2343 1055 tuis
2382 1003 2448 1054 ad
2479 1015 2564 1055 me
2616 1001 2871 1055 reductus
2896 1001 3081 1055 verbis
3127 999 3380 1066 referam,
3425 1001 3556 1071 quid

1971 1089 2122 1158 prius
2144 1105 2305 1160 quam
2336 1091 2451 1145 haec
2480 1099 2790 1161 agerentur,
2816 1106 2912 1160 per
2937 1091 3112 1145 visum
3141 1091 3271 1162 vidi.
3296 1091 3555 1147 Videbam

1971 1180 2116 1235 enim
2161 1181 2372 1236 eminus
2407 1181 2564 1251 quasi
2615 1190 2854 1236 montem
2903 1182 2969 1236 de
3010 1181 3238 1236 materie
3289 1181 3555 1252 lignorum

1973 1283 2289 1343 congestum
2315 1287 2454 1343 pene
2479 1288 2650 1342 usque
2674 1273 2742 1327 ad
2765 1274 2935 1327 nubes
2960 1272 3173 1343 ignibus
3193 1287 3552 1328 succensum:

1973 1373 2097 1416 ante
2121 1377 2280 1432 quem
2307 1360 2490 1416 nescio
2514 1362 2636 1432 quis
2658 1369 2862 1416 statura
2887 1376 3169 1430 procerus,
3192 1361 3238 1416 si
3264 1377 3372 1431 quo
3394 1360 3555 1416 modo

1973 1451 2146 1522 magis
2193 1452 2474 1522 magisque
2525 1460 2924 1519 cremarentur,
2966 1452 3146 1506 omnia
3195 1449 3306 1520 jam
3364 1459 3556 1507 exusta

1972 1545 2122 1616 virga
2178 1545 2432 1600 decutere
2496 1545 2855 1611 moliebatur,
2908 1544 3063 1615 cujus
3109 1543 3342 1600 incendii
3396 1542 3556 1598 linem

1974 1637 2299 1710 dignoscere
2347 1639 2584 1709 nequivi.
2647 1637 2774 1694 Haec
2807 1638 3038 1706 aestimo,
3076 1637 3202 1693 talia
3258 1636 3554 1708 orassigna-

1973 1729 2126 1785 bant.

2699 1815 2955 1856 SEVERUS.

2043 1891 2115 1947 Ut
2139 1891 2313 1957 video,
2337 1893 2572 1947 Ihrenos
2601 1893 2763 1948 cdere
2789 1903 2973 1947 noster
3008 1891 3319 1947 Adeodatus
3357 1888 3511 1960 petiit
3536 1907 3551 1945 :

1970 1999 2002 2042 e
2032 1993 2219 2042 contra
2250 1994 2304 2040 tu
2335 1987 2505 2041 risum
2536 1987 2777 2041 excitare
2818 1985 2971 2040 velis.
3005 1986 3256 2055 Alioquin
3297 1985 3397 2039 nisi
3431 1985 3557 2038 dor-

1970 2075 2185 2140 misses,
2224 2091 2286 2131 ea
2321 2091 2442 2146 quae
2472 2075 2580 2129 dixi
2614 2084 2668 2129 et
2702 2075 2880 2130 cernis
2911 2074 3027 2144 ipse
3058 2074 3281 2128 minime
3307 2072 3484 2127 dubiis
3499 2081 3556 2127 et

1971 2164 2306 2217 somniorum
2381 2163 2683 2232 phantasiis
2747 2163 3125 2233 approbasses.
3174 2161 3327 2217 Nunc
3378 2167 3559 2216 autem

1970 2254 2131 2309 velim
2160 2254 2579 2325 expergiscaris,
2608 2263 2662 2308 et
2691 2269 2810 2323 qua:
2838 2255 3074 2324 petimus
3101 2254 3340 2310 insistas.

2595 2381 2931 2420 ADEODATUS.

2044 2454 2230 2511 Uteris
2264 2454 2599 2525 frequenter,
2651 2452 2871 2519 Severe,
2922 2452 3154 2523 Crisippi
3186 2452 3458 2518 acumine,
3500 2461 3558 2508 et

1965 2546 2152 2618 jocose
2180 2545 2245 2618 [Ῑ.
2297 2545 2472 2618 jocos]
2507 2546 2669 2600 etiam
2701 2545 2933 2600 eximios
2983 2545 3182 2615 eloquii
3237 2545 3313 2599 tui
3353 2543 3556 2600 refellis

1973 2653 2252 2694 mucrone.
2284 2638 2498 2706 Qumso,
2536 2653 2604 2692 ne
2643 2637 2797 2707 juxta
2833 2638 2911 2692 tui
2961 2637 3280 2708 praesagium
3319 2637 3562 2697 nominis.

1973 2728 2212 2783 severius
2238 2744 2396 2799 agas;
2426 2728 2556 2798 quin
2585 2729 2695 2782 imo
2720 2725 3000 2782 nobiscum
3029 2740 3151 2797 age,
3182 2735 3242 2781 ut
3263 2725 3556 2796 imaginem

1971 2817 2145 2889 patris
2171 2817 2314 2889 stylo
2340 2817 2638 2873 formemus
2664 2817 2927 2872 modesto.

2629 2942 2882 2984 SEVERUS.

2042 3021 2227 3079 Placet
2252 3023 2395 3093 quod
2427 3037 2634 3078 mones.
2669 3022 2776 3077 Sed
2813 3021 2974 3092 hujus
3004 3036 3110 3076 non
3133 3023 3296 3078 unius
3314 3037 3382 3077 ex
3406 3021 3556 3077 vultu

1972 3111 2128 3184 plene
2174 3111 2515 3177 formabitur,
2568 3127 2712 3177 reor,
2752 3127 2966 3168 morum
3022 3111 3222 3182 imago,
3263 3111 3354 3181 qui
3390 3111 3558 3182 gessit

1971 3205 2084 3260 suis
2113 3204 2168 3258 in
2196 3205 2407 3259 actibus
2434 3203 2724 3259 multorum
2768 3203 3056 3257 illustrium
3088 3203 3433 3272 probitatem.
3464 3200 3557 3256 Vi-

1972 3300 2201 3354 debatur
2247 3313 2479 3366 namque
2529 3297 2659 3350 mihi
2709 3312 2870 3365 quam
2925 3311 3065 3366 sa=pe
3115 3293 3555 3364 conspersionem

1971 3404 2182 3443 morum
2205 3387 2408 3441 habere
2434 3387 2632 3456 prioris
2659 3385 2904 3450 Arsenii;
2939 3401 3082 3440 nunc
3110 3399 3239 3439 vero
3265 3385 3554 3458 personam

1970 3493 2158 3548 gerere
2188 3476 2364 3531 Patris
2406 3474 2716 3539 Benedicti;
2751 3474 3022 3529 interdum
3053 3481 3254 3537 autem,
3298 3479 3359 3526 ut
3381 3471 3556 3542 praeli-

1969 3568 2152 3623 batum
2186 3575 2291 3632 est,
2319 3565 2496 3621 ollicio
2540 3565 2790 3621 Jeremia:
2817 3563 2995 3620 fronte
3045 3564 3396 3619 adamantino
3434 3561 3552 3635 (sic)

1972 3661 2153 3717 acrius
2189 3661 2442 3716 insistens
2491 3659 2837 3730 fungebatur,
2867 3673 3018 3713 cum.
3043 3653 3195 3713 esset'
3243 3663 3556 3712 mansuetus

1970 3752 2163 3823 spiritu
2195 3759 2252 3806 et
2278 3751 2514 3805 virorum
2547 3750 2883 3805 mitissimus.

2596 3855 2934 3896 PASCIIASIUS.

2043 3936 2190 3992 Satis
2226 3936 2413 4006 utique
2435 3934 2676 3990 ostendis
2703 3934 2754 3988 in
2795 3933 2978 3987 animo
3004 3929 3120 3997 tibi,
3150 3929 3275 3984 dum
3307 3941 3555 3999 superes-

1969 4035 2072 4092 set,
2104 4027 2252 4081 illum
2285 4026 2503 4095 pietatis
2539 4023 2749 4079 calamo
2771 4022 3099 4093 depinxisse,
3131 4035 3250 4091 quae
3278 4019 3344 4074 ad
3373 4017 3553 4074 omnia

1973 4119 2119 4174 utilis
2155 4128 2259 4184 est,
2304 4118 2459 4189 juxta
2496 4116 2836 4188 Apostolum.
2885 4115 3270 4169 Verumtamen
3299 4111 3344 4167 si
3393 4109 3554 4166 velim

1973 4210 2073 4264 ista
2106 4223 2434 4278 prosequere
2475 4206 2567 4280 [αι.
2605 4203 2906 4278 prosequi],
2936 4203 3116 4260 nullus
3142 4204 3232 4258 vix
3265 4208 3357 4256 aut
3400 4214 3556 4256 rarus

1973 4299 2066 4369 qui
2091 4299 2296 4355 credat.

2609 4381 2938 4422 ADEODATUS.

2045 4458 2178 4526 Quis
2193 4473 2430 4530 unquam
2454 4458 2523 4512 ab
2542 4454 3090 4522 historicojuratores
3113 4451 3324 4522 exegit?
3351 4451 3554 4505 Tamen

1976 4552 2021 4606 si
2052 4565 2272 4605 necesse
2327 4548 2508 4613 fuerit,
2542 4553 2667 4601 sunt
2695 4545 2879 4614 plures
2920 4558 3080 4612 quam
3119 4542 3273 4612 probi
3304 4541 3430 4607 viri,
3459 4541 3554 4609 qui

1976 4639 2083 4694 tuis
2113 4636 2503 4692 assertionibus
2521 4633 2817 4703 juramenti
2840 4633 3056 4687 dextras
3073 4631 3271 4686 dabunt
3297 4647 3310 4684 :
3337 4645 3444 4700 quo
3470 4644 3556 4685 sae

1976 4729 2047 4783 tis
2077 4729 2351 4798 indignant
2384 4736 2466 4781 est
2491 4724 2864 4795 subterfugere
2894 4724 3140 4779 veritatis
3169 4723 3364 4788 amico,
3395 4731 3450 4778 et
3489 4721 3555 4777 de

1975 4818 2207 4874 veritate
2241 4816 2440 4887 aliquid
2467 4816 2775 4886 petentibus
2803 4815 2987 4870 timide
3016 4815 3266 4869 reticere.
3433 4805 3437 4815 ’

2601 4921 2931 4962 Ρλδςιιλδιυε.

2045 5000 2238 5057 Nonne
2284 4999 2460 5073 legisti
2490 4999 2633 5070 quod
2659 4997 2989 5053 inefﬁcacem
3021 4994 3082 5064 [Ι.
3114 4993 3379 5069 ineﬂicax]
3408 5003 3553 5066 petat

1975 5091 2213 5146 studium
2242 5105 2330 5144 res
2355 5104 2473 5159 quae
2509 5097 2660 5143 caret
2703 5085 2930 5141 effectu?
2957 5085 3168 5156 quoties
3195 5101 3324 5156 ergo
3351 5087 3552 5140 veritas

1975 5183 2046 5238 sit
2073 5181 2300 5247 calcata,
2330 5181 2558 5251 istisque
2583 5179 2648 5233 de
2679 5177 2895 5232 sedibus
2941 5176 3094 5246 pulsa
3123 5175 3331 5246 plenius
3386 5175 3547 5229 nosti.

1972 5273 2098 5329 Ideo
2126 5273 2170 5327 si
2197 5271 2494 5342 probavero
2531 5267 2736 5322 nullum
2761 5265 2989 5334 amplius
3011 5274 3196 5320 nostro
3223 5265 3276 5318 in
3311 5273 3551 5335 tempore

1975 5362 2154 5418 Patris
2191 5361 2466 5416 Benedicti
2509 5356 2740 5412 formam
2790 5355 3044 5424 gessisse,
3072 5355 3173 5409 etsi
3211 5354 3292 5410 sol
3322 5354 3423 5409 iste
3456 5355 3551 5424 qui

1969 5461 2164 5527 cuncta
2187 5451 2407 5520 respicit
2428 5448 2589 5503 fuerit
2610 5453 2914 5512 attestatus,
2945 5453 3092 5501 ratus
3111 5452 3216 5513 est,
3234 5446 3326 5516 qui
3344 5446 3546 5512 audiat,

1969 5546 2098 5603 licet
2123 5541 2322 5601 veritas
2355 5553 2466 5598 tuta
2497 5550 2730 5598 maneat.

2580 5649 2911 5691 ADEODATUS.

2044 5730 2160 5788 Non
2187 5730 2350 5788 credo
2377 5729 2521 5800 quod
2568 5737 2751 5787 careat
2778 5743 2865 5786 res
2891 5725 3107 5795 effectu,
3145 5725 3190 5782 si
3244 5723 3547 5782 dilectionis
