4122 6324
568 334 712 392 156⁸5

1377 322 1434 378 S.
1472 317 1833 377 PASCHASII
1870 308 2218 370 RADBERTI
2258 308 2547 368 ABBATIS
2586 258 3033 369 CO’RBEIENSIS

3706 307 3848 368 1561

554 447 878 522 pietatisque
924 442 1029 499 fert
1057 438 1330 495 affectum.
1363 436 1517 493 Unde
1563 433 1856 490 absurdum
1886 446 1996 487 non
2034 434 2138 491 est,
2168 427 2218 486 A
2245 425 2386 522 viam
2408 425 2660 522 praebuit,
2678 425 2876 497 jauuas
2897 422 3219 522 reservavit,
3230 431 3453 495 peccata
3480 425 3710 495 remisit,
3733 442 3861 499 gra-

557 540 722 596 etiam
752 536 917 593 invidi
945 534 991 588 si
1018 531 1169 589 surdi
1198 529 1353 595 fiant,
1380 527 1656 599 paulisper
1681 525 1927 581 relaxare
1952 522 2155 579 amoris

561 632 839 694 affectum,
869 629 960 697 qui
1010 622 1266 695 lacrymis
1294 623 1434 678 bene
1468 621 1729 691 pascitur,
1776 617 1993 673 ﬂetibus
2021 614 2155 671 deli-

560 727 730 790 nitur,
762 724 951 778 obtutu
990 721 1042 775 in
1077 734 1201 773 eum
1246 733 1408 788 quem
1453 715 1663 789 diligis,
1688 713 2026 769 revirescens
2053 707 2152 763 de-

561 816 761 886 figitur,
793 826 849 869 ct
880 813 1011 868 tanti
1044 811 1221 866 Patris
1277 807 1540 864 tumulum
1589 806 1769 861 saltim
1799 801 2022 859 lamenti
2060 800 2154 855 ﬂo-

564 906 716 961 ribus
745 902 995 959 irrorari.

1197 1002 1533 1045 PASCHASIUS.

631 1086 862 1151 Verum,
890 1083 1090 1154 inquis,
1121 1090 1177 1137 et
1204 1080 1452 1151 religiose
1478 1077 1611 1133 satis
1634 1074 1892 1138 hortaris,
1910 1079 2155 1129 sanctam

562 1178 660 1234 Dei
698 1177 934 1232 hostiam
982 1176 1201 1244 Deoque
1253 1172 1556 1242 placentem
1613 1183 1735 1222 cum
1781 1164 2039 1236 lacrymis
2085 1162 2154 1217 ad

562 1270 687 1327 caeli
713 1268 971 1341 palatium
996 1264 1252 1337 prosequi
1283 1280 1296 1317 :
1329 1276 1436 1316 non
1468 1260 1593 1329 quia
1620 1258 1782 1313 talem
1813 1271 1937 1310 eum
1965 1253 2156 1310 habui-

563 1377 706 1428 mus,
749 1360 845 1417 sed
872 1358 999 1430 quia
1034 1356 1194 1412 talem
1233 1353 1534 1415 amisimus,
1567 1359 1619 1405 et
1649 1364 1771 1404 cum
1826 1345 1916 1401 illo
1944 1343 2157 1400 delictis

560 1451 889 1526 praegravati
920 1450 1152 1505 necdum
1200 1444 1449 1502 comitari
1493 1443 1784 1514 quivimus.
1818 1438 1923 1495 Sed
1956 1439 2001 1493 si
2033 1452 2157 1509 pro-

562 1545 811 1600 verbium
858 1544 986 1599 illud
1016 1541 1296 1611 antiquius
1322 1554 1509 1594 verum
1537 1546 1704 1601 esset,
1748 1535 1891 1604 quod
1915 1532 2028 1589 sola
2057 1532 2158 1587 mi-

562 1638 704 1693 seria
731 1636 932 1692 invidia
964 1642 1145 1699 caret;
1181 1641 1293 1687 tum
1333 1645 1457 1687 eum
1501 1630 1670 1685 libere
1700 1628 1839 1683 votis
1868 1639 2157 1697 proseque-

563 1747 769 1789 remur.
801 1730 957 1786 Nunc
983 1739 1161 1783 autem
1191 1725 1317 1781 novi
1350 1725 1403 1779 in
1431 1723 1638 1778 nostris
1661 1721 2027 1792 lacrymarum
2056 1718 2155 1773 mi-

563 1825 723 1882 seriis
753 1823 979 1878 multam
1012 1816 1370 1891 quorumdam
1398 1814 1656 1870 invidiam
1686 1827 1793 1867 non
1824 1808 2029 1875 defore,
2058 1823 2154 1864 ex-
2182 1785 2234 1847 Β

562 1916 832 1987 sertisque
854 1912 1093 1969 brachiis
1113 1908 1386 1978 ohjurare,
1419 1904 1657 1960 maxime
1706 1903 1751 1958 si
1801 1898 2152 1965 adverterint,

562 2005 747 2064 fabula
783 2008 848 2064 de
874 2022 980 2077 quo
1013 2005 1235 2058 texitur.

1241 2106 1496 2146 SEVERCS.

638 2186 753 2242 Hoc
779 2197 864 2243 est
897 2185 1040 2257 quod
1069 2199 1231 2255 supra
1266 2183 1470 2237 notavi.
1502 2179 1717 2236 Videris
1754 2178 1886 2234 mihi
1914 2176 2068 2247 quasi
2093 2175 2160 2231 li-

571 2287 727 2349 targo
758 2278 823 2351 [Ι.
854 2275 1183 2348 lethargum]
1209 2274 1341 2346 pati.
1369 2273 1557 2328 Nonne
1587 2271 1769 2327 dixisti
1795 2284 2004 2324 morum
2019 2267 2156 2323 ima-

567 2370 745 2440 ginem
788 2378 841 2423 te
892 2370 1183 2439 picturum,
1215 2375 1272 2421 et
1320 2366 1474 2436 quasi
1508 2365 1584 2418 rei
1621 2371 1825 2433 gestam
1854 2361 1915 2433 [Ι.
1969 2358 2156 2431 gestze]

564 2462 848 2518 historiam
898 2471 1116 2525 texere;
1182 2473 1327 2514 nunc
1371 2465 1553 2512 autem
1595 2455 1750 2511 nobis
1793 2453 2026 2509 fabulam
2065 2454 2159 2507 ad-

562 2561 771 2624 portas.

1196 2654 1531 2697 ADEODATUS.

635 2734 853 2799 Mirum,
888 2734 1111 2799 Severe,
1139 2733 1282 2804 quod
1313 2740 1424 2786 tam
1460 2730 1694 2786 assuetis
1730 2728 1902 2784 uteris
1941 2742 2158 2798 semper

560 2825 852 2880 verborum
904 2824 1236 2880 acrimoniis.
1267 2823 1402 2877 Nam
1464 2822 1597 2876 mihi
1652 2820 1884 2878 videtur.
1918 2817 2155 2873 fabulam

562 2918 788 2984 dixisse,
815 2933 922 2973 non
953 2918 1069 2982 tibi,
1098 2917 1192 2972 sed
1221 2915 1331 2970 illis
1353 2915 1548 2985 quibus
1591 2922 1763 2968 totum
1791 2910 1970 2967 fabula
1996 2919 2079 2967 est
2103 2918 2158 2967 et

562 3008 740 3075 ludus,
775 3008 920 3078 quod
938 3008 1166 3063 veritate
1191 3006 1433 3063 fulcitur.
1461 3005 1755 3062 llistoriam
1785 3012 1965 3060 autem
1995 3003 2158 3074 hujus

564 3104 659 3155 tua
689 3099 744 3154 in
776 3097 1109 3155 conscientia
1139 3098 1274 3170 legis
1305 3115 1319 3151 :
1353 3096 1495 3153 unde
1527 3112 1635 3153 non
1685 3093 1866 3151 fabula
1896 3092 2013 3160 tibi,
2057 3093 2156 3151 sed

564 3188 773 3245 veritas
801 3187 1128 3244 declaratur.

1164 3264 1175 3281 ’
1195 3292 1531 3337 esscutsws.

639 3371 793 3441 Jure,
813 3371 1108 3439 Adeodate,
1127 3372 1264 3442 agis,
1289 3386 1451 3442 quem
1479 3368 1732 3440 precibus
1752 3366 1967 3438 fatigas,
1988 3365 2096 3422 tuis
2108 3364 2155 3422 si

566 3462 753 3520 faveas
781 3464 943 3520 votis.
975 3462 1082 3519 Sed
1114 3462 1246 3534 quid
1275 3461 1445 3533 ignoti
1473 3459 1695 3527 facient,
1727 3474 1849 3515 cum
1876 3474 1909 3513 a
1936 3457 2155 3514 conscio

564 3556 957 3613 criminamur?
980 3564 1074 3610 aut
1099 3569 1205 3610 non
1232 3553 1432 3626 legisti,
1464 3552 1595 3624 quid
1620 3568 1793 3624 nuper
1816 3550 1998 3607 attulit
2024 3564 2155 3622 gen-

562 3647 739 3704 tilium
788 3648 971 3704 thema
992 3659 1041 3713 ι,
1082 3646 1228 3717 quod
1274 3644 1494 3715 quidam
1546 3642 1837 3700 Drusillam
1867 3642 1922 3698 in
1955 3640 2154 3698 cmlum

474 3754 479 3760 '
568 3749 792 3796 euntem
839 3740 1072 3796 viderit?
1120 3739 1396 3795 Fortassis
1442 3738 1583 3794 idem
1630 3736 1831 3792 vidisse
1859 3735 2154 3791 Arsenium

563 3834 853 3891 habentem
882 3835 988 3890 iter
1027 3833 1080 3888 in
1115 3834 1314 3891 ccelum
1343 3831 1610 3888 narrabit.
1644 3831 1988 3901 QuaprOpter
2030 3846 2155 3886 eum

563 3928 917 3999 interrogate,
966 3927 1012 3983 si
1040 3927 1306 3983 vobismet
1347 3941 1454 3982 non
1487 3925 1730 3991 creditis,
1771 3923 1902 3980 velit
1927 3922 2151 3989 nolitve,

564 4033 685 4088 quae
716 4018 770 4072 in
821 4017 961 4073 caelo
990 4026 1243 4089 aguntur,
1296 4017 1422 4087 quia
1468 4016 1664 4072 divinis
1709 4029 1817 4070 non
1859 4014 2151 4079 credimus,

565 4107 794 4164 forsitan
822 4124 882 4163 se
912 4108 1117 4163 vidisse
1164 4106 1506 4163 monstrabit.
1537 4105 1709 4172 Quem
1740 4105 1785 4160 si
1828 4104 2152 4174 interroges,

559 4202 649 4257 vel
687 4200 786 4257 soli
814 4201 1088 4265 narrabit;
1131 4215 1316 4254 coram
1348 4199 1615 4267 pluribus,
1653 4207 1712 4252 ut
1749 4197 1983 4262 aestimo,
2019 4211 2157 4250 nun-

563 4308 730 4363 quam
759 4293 986 4349 verbum
1014 4290 1275 4347 facturus.
1309 4289 1444 4344 Nam
1475 4290 1617 4343 idem
1642 4304 1708 4343 ex
1732 4304 1840 4359 quo
1868 4289 1921 4343 in
1952 4286 2153 4342 Senatu

558 4383 765 4455 juravit
793 4383 1040 4438 eamdem
1080 4396 1139 4437 se
1166 4380 1363 4436 vidisse
1407 4378 1605 4435 cmlum
1635 4381 1951 4443 ascendere,
1996 4377 2155 4446 eique

2259 516 2389 571 tiam
2420 514 2659 572 indulsit.
2708 524 2763 571 et
2801 529 2961 586 posse
3010 529 3108 586 per
3149 514 3310 570 fidem
3354 515 3540 571 dedit?
3585 515 3853 588 Sedquid

2256 616 2341 663 est
2368 608 2509 677 quod
2539 607 2758 677 quidam
2798 623 2907 661 non
2938 608 3184 669 credunt,
3216 605 3401 676 plures
3435 607 3693 679 operibus
3721 624 3857 665 wn-

2261 699 2556 764 tradicunt,
2607 706 2664 755 et
2706 698 2863 769 pauci
2899 697 3161 754 veniunt?
3189 697 3280 752 ubi
3312 707 3391 753 tot
3416 709 3711 756 coruscant
3753 701 3858 756 mi-

2259 791 2464 858 racula,
2496 800 2575 846 tot
2625 790 3061 861 patriarcharum
3107 801 3443 848 concurrunt
3491 793 3768 864 exempla,
3798 804 3856 849 et

2256 884 2646 955 prophetarum
2698 883 2855 954 quasi
2886 882 3057 954 digito
3081 885 3225 954 quod
3280 884 3483 940 factum
3511 894 3619 950 est,
3651 900 3859 955 praeco-

2259 976 2347 1031 nia
2379 977 2774 1042 demonstrant,
2827 974 3092 1030 elementa
3137 975 3402 1041 sentiunt,
3453 976 3643 1049 Angeli
3696 978 3857 1033 obse-

2257 1079 2499 1139 quuntur
2525 1077 2580 1124 et
2601 1069 2918 1140 praedicant.
2944 1069 3020 1123 De
3055 1067 3253 1137 quibus
3283 1068 3540 1123 nimirum
3565 1068 3858 1139 promissis

2259 1173 2315 1220 et
2362 1171 2636 1234 gestorum
2685 1162 2917 1232 eloquiis
2965 1170 3131 1217 testes
3175 1170 3302 1218 sunt
3357 1177 3548 1217 omnes
3596 1160 3855 1233 apostoli,

2260 1263 2426 1311 testes
2445 1254 2607 1309 etiam
2646 1262 2915 1325 martyres
2941 1251 3169 1318 Christi,
3211 1261 3382 1307 testes
3419 1252 3687 1307 innumeri
3718 1266 3856 1307 eon-

2258 1348 2494 1404 fessores
2537 1355 2592 1402 et
2619 1346 2889 1418 virgines,
2913 1361 3142 1416 quorum
3170 1346 3295 1401 fidei
3330 1344 3592 1403 miracula
3640 1343 3856 1400 meritis

2258 1448 2647 1512 protestantur.
2680 1439 2891 1493 Etenim
2920 1438 3134 1507 quando
3164 1445 3241 1492 tot
3277 1438 3550 1508 praeconia
3577 1444 3632 1491 et
3684 1445 3855 1491 testes

2259 1531 2327 1586 de
2358 1538 2466 1585 tam
2496 1531 2637 1586 bono
2684 1529 2871 1584 nuntio
2903 1530 3345 1596 contemnuntur,
3375 1544 3481 1584 non
3514 1529 3685 1583 habes
3722 1528 3855 1600 quid

2260 1621 2539 1692 queraris,
2591 1636 2715 1677 cum
2764 1620 2946 1691 plures
3003 1635 3115 1676 suae
3172 1619 3364 1677 salutis
3410 1619 3702 1690 praeconiis
3749 1634 3857 1674 non

2261 1715 2626 1780 crediderint,
2683 1722 2738 1770 et
2786 1713 2895 1770 sint
2924 1713 3019 1786 qui
3055 1715 3122 1769 de
3152 1713 3244 1768 illo
3272 1712 3406 1769 satis
3429 1712 3568 1769 bona
3593 1712 3858 1768 sentiant.

2888 1843 3226 1885 ρλδῦηλειυε.

2331 1919 2529 1976 Verum
2556 1921 2684 1978 illud
2706 1920 3033 1986 Salomonis,
3051 1922 3193 1992 quod
3211 1921 3415 1977 ferrum
3441 1920 3590 1977 ferro
3638 1921 3857 1980 acuitur

2261 2011 2447 2085 (Prov.
2476 2029 2648 2079 xxvn,
2681 2013 2789 2085 l7).
2816 2011 2911 2068 Sic
2938 2023 2993 2067 et
3017 2022 3093 2077 tu,
3122 2013 3193 2067 mi
3213 2012 3400 2079 frater,
3428 2013 3627 2082 saepius
3651 2014 3863 2071 amicos

2258 2119 2394 2174 quos
2422 2104 2599 2175 diligis
2624 2090 2867 2167 exacuis,
2897 2113 2957 2159 ut
2980 2104 3251 2176 diligendo
3274 2105 3579 2176 proficiant.
3605 2105 3747 2161 Hinc
3772 2122 3861 2163 se-

2257 2214 2397 2269 quor
2420 2198 2644 2252 devotus
2665 2212 2985 2267 quocunque
3008 2196 3229 2252 duxeris
3255 2216 3267 2251 :
3297 2206 3477 2252 tamen
3502 2212 3636 2253 cave
3661 2207 3742 2264 ut,
3767 2198 3865 2256 ubi

2259 2288 2681 2344 emolumentum
2707 2287 2877 2353 deest,
2909 2288 3100 2342 salutis
3127 2303 3291 2344 causa
3314 2297 3490 2343 cesset
3520 2287 3745 2358 inquiri.

2775 2418 3002 2475 CAPUT
3038 2417 3335 2475 PRIMUM.

2883 2526 3222 2568 ADEODATUS.

2329 2628 2545 2697 Quaeso,
2593 2627 3037 2698 conspersionem
3089 2642 3302 2684 morum
3356 2640 3422 2682 ex
3460 2626 3662 2698 quibus
3711 2626 3858 2682 inte-

2259 2722 2374 2776 rior
2414 2720 2626 2791 integer
2669 2719 2958 2774 conficitur
3009 2719 3190 2785 homo,
3245 2719 3474 2789 pandas,
3531 2718 3659 2788 quia
3713 2715 3861 2772 facie

2260 2827 2401 2881 pene
2437 2810 2655 2866 cunctis
2694 2826 2759 2865 ac
2807 2824 3008 2881 genere
3059 2809 3378 2865 notissimus
3419 2817 3573 2874 erat;
3619 2806 3708 2863 vel
3736 2806 3863 2879 qui-

2259 2903 2361 2959 bus
2381 2902 2471 2970 sit,
2504 2902 2647 2958 sicut
2674 2901 2910 2958 Severus
2939 2901 3207 2966 meminit,
3236 2899 3661 2971 comparandus.

2889 3026 3228 3069 PASCHASIUS.

2332 3106 2533 3163 Verum
2550 3106 2692 3177 quod
2714 3105 2912 3176 prioris
2931 3105 3144 3161 Arsenii
3166 3119 3196 3160 a
3220 3120 3390 3176 puero
3414 3119 3481 3161 ex
3493 3104 3686 3159 militia
3707 3112 3767 3159 et
3785 3103 3866 3159 di-

2260 3195 2467 3269 gnitate
2516 3196 2743 3268 gloriam
2790 3195 3088 3267 ampliavit.
3131 3194 3256 3250 Fuit
3295 3195 3444 3251 enim
3491 3194 3863 3250 consobrinus

2256 3289 2480 3345 maximi
2507 3289 2875 3362 Augustorum
2906 3289 3066 3359 eique
3085 3302 3199 3359 pra:
3224 3287 3435 3344 cunctis
3455 3285 3761 3355 acceptior,
3794 3284 3858 3340 in

2256 3394 2507 3436 sermone
2545 3395 2707 3436 verax
2759 3380 2843 3451 (ut
2883 3379 2950 3434 de
2978 3379 3069 3434 illo
3094 3378 3124 3419 1³
3155 3378 3375 3443 dicitur,
3404 3374 3551 3447 cuius
3575 3375 3727 3447 apud
3754 3391 3865 3432 nos

2254 3487 2429 3543 nuper
2458 3472 2621 3528 delati
2665 3473 2901 3538 cineres,
2933 3471 3098 3528 tantis
3128 3479 3485 3528 coruscarum
3520 3469 3851 3541 miraculis),

2257 3565 2313 3621 in
2341 3563 2545 3635 judicio
2581 3560 2798 3631 justus,
2851 3561 3112 3634 providus
3149 3562 3203 3617 in
3241 3561 3493 3627 consilio,
3540 3568 3598 3616 et
3628 3560 3683 3615 in
3712 3576 3863 3617 com-

2256 3654 2428 3710 misso
2470 3652 2839 3708 ﬁdelissimus.
2870 3651 2928 3706 ln
2977 3659 3169 3708 senatu
3217 3652 3436 3722 quidem
3479 3666 3595 3722 prae
3644 3652 3863 3708 cunctis

2254 3742 2495 3813 pollebat
2523 3740 2764 3812 ingenio,
2794 3748 2854 3795 ut
2896 3740 2944 3796 si
2977 3740 3413 3813 interrogaretur
3435 3741 3506 3796 de
3525 3739 3862 3810 quibuslibet

2256 3850 2440 3890 rerum
2489 3833 2753 3904 negotiis,
2790 3833 3053 3904 quidquid
3082 3834 3278 3890 melius
3326 3834 3434 3890 dici
3483 3842 3579 3889 aut
3623 3834 3863 3889 inveniri

2256 3932 2493 3996 poterat,
2519 3940 2641 3980 mox
2680 3926 2732 3979 in
2772 3926 2961 3980 eodem
3002 3934 3276 3981 momento
3314 3926 3435 3981 sine
3465 3924 3572 3980 ulla
3598 3923 3864 3981 dilatione

2257 4019 2413 4090 quasi
2442 4018 2509 4074 de
2536 4017 2683 4073 fonte
2707 4018 2968 4073 manabat
2999 4018 3235 4074 consilii.
3266 4017 3505 4086 Eratque
3524 4017 3639 4088 jam
3679 4016 3735 4070 in
3767 4016 3862 4072 ilio

2258 4119 2387 4165 tunc
2412 4110 2672 4179 temporis
2702 4109 2876 4165 virtus
2901 4125 3137 4176 summa,
3159 4109 3346 4165 multis
3373 4124 3442 4164 ex
3469 4110 3636 4164 rebus
3655 4108 3860 4179 ampli-

2258 4200 2417 4257 ficata
2441 4200 2761 4267 auctoritas,
2801 4214 2963 4270 quem
2999 4209 3056 4256 et
3092 4200 3308 4255 bonitas
3337 4214 3404 4255 ac
3443 4198 3703 4255 nobilitas
3736 4214 3863 4255 mo-

2260 4308 2379 4348 rum
2428 4292 2751 4363 generisque
2775 4292 3213 4348 commendabat.
3257 4291 3636 4347 “lustrabatur
3671 4299 3861 4346 autem

2259 4384 2543 4453 sapientia,
2591 4384 2726 4439 adeo
2756 4392 2814 4439 ut
2861 4391 2919 4438 et
2967 4384 3020 4438 in
3063 4382 3262 4438 divinis
3297 4383 3610 4453 proﬁceret,
3640 4395 3765 4436 cum
3803 4381 3862 4436 in

560 4488 663 4569 pro
697 4480 807 4527 tam
836 4470 977 4528 bono
1010 4456 1221 4526 'nuntio
1248 4485 1411 4569 nemo
1470 4468 1732 4569 credidit;
1772 4466 2044 4569 fitﬁt!!!“
2073 4467 2154 4521 νί·
2179 4507 2233 4569 D
2259 4473 2514 4529 humanis
2556 4473 2773 4529 caeteris
2821 4472 3179 4543 prmcelleret.
3213 4473 3591 4543 Eloquentiam
3637 4486 3861 4543 quoque

560 4564 722 4630 derit,
754 4564 937 4619 verbis
982 4563 1261 4634 conceptis
1291 4561 1532 4617 firmavit
1584 4575 1643 4616 se
1698 4559 1828 4614 nuili
1858 4558 2149 4627 dicturum,

560 4655 775 4712 etiamsi
805 4655 861 4710 in
891 4652 1011 4710 foro
1039 4654 1313 4710 hominem
1343 4653 1568 4709 vidisset
1595 4652 1861 4708 occisum.

1189 4783 1527 4824 ADEODATUS.

635 4861 826 4919 Sentio
851 4860 983 4935 quid
1008 4862 1299 4934 praetendis
1340 4861 1501 4933 paulo
1534 4860 1774 4918 timidius
1800 4876 1960 4933 quam
1987 4876 2151 4932 expe-

562 4955 697 5011 diat.
750 4953 988 5009 Putasne
1044 4968 1271 5009 narrare
1317 4952 1591 5023 quidpiam
1621 4995 1635 5017 ,
1697 4954 1843 5022 quod
1895 4951 2149 5007 omnibus

561 5060 715 5114 teque
750 5043 983 5116 placeat,
1033 5044 1320 5114 cunctique
1374 5042 1634 5098 credant?
1680 5042 1821 5110 Quid
1850 5042 2016 5113 igitur
2060 5040 2150 5096 illo

565 5138 755 5194 nuntio
782 5137 1003 5203 clarius,
1047 5136 1247 5206 quidve
1291 5134 1523 5199 felicius,
1553 5142 1609 5189 et
1648 5133 1815 5207 (quod
1844 5133 2019 5204 majus
2045 5133 2150 5203 est)

563 5228 694 5297 quid
734 5227 937 5291 verius,
988 5225 1131 5295 quod
1176 5224 1427 5280 Christus
1465 5225 1642 5279 victor
1689 5222 1758 5278 ab
1800 5221 1991 5277 inferis
2027 5237 2148 5278 cum

563 5335 727 5376 carne
747 5319 912 5376 caelos
941 5318 1149 5391 petivit,
1172 5317 1530 5388 omnibusque
1556 5316 1683 5371 illuc
1719 5314 2027 5371 volentibus
2072 5314 2152 5369 ire

637 5488 664 5518 ι
701 5476 759 5533 In
788 5494 890 5533 ms.
923 5478 1134 5544 codice,
1179 5487 1336 5532 tema.
1369 5475 1500 5544 Quae
1525 5475 1597 5531 sit
1645 5475 1735 5531 illa
1770 5473 2026 5541 Drusilla,
2076 5489 2147 5529 an

566 5548 749 5603 ﬁctum
774 5564 992 5611 nomen,
1023 5549 1272 5618 ignorare
1299 5562 1386 5602 me
1406 5548 1600 5604 fateor.

637 5621 664 5658 δ
703 5618 907 5688 Nempe
929 5620 995 5674 de
1025 5614 1215 5674 sancto
1242 5617 1584 5689 Sebastiano,
1617 5618 1684 5673 de
1716 5632 1823 5689 quo
1845 5616 1958 5689 bare
1978 5614 2145 5670 verba

565 5687 819 5760 leguntur
841 5687 901 5743 in
953 5690 1120 5760 ipsius
1162 5689 1352 5744 Actis:
1381 5688 1513 5760 Erat
1544 5690 1681 5743 enim
1711 5687 1789 5760 uir
1818 5688 1976 5760 totius
2019 5702 2145 5756 pru-

567 5757 779 5827 dentius,
811 5760 863 5815 in
898 5757 1132 5816 sermone
1174 5775 1349 5828 rerar,
1386 5759 1441 5813 in
1480 5760 1688 5832 judicio
1706 5759 1905 5830 justus,
1936 5758 1992 5811 in
2020 5771 2148 5811 con-

2263 4573 2616 4634 utrarumque
2667 4564 2973 4636 linguarum
3002 4605 3016 4630 ,
3056 4578 3164 4633 qua
3216 4564 3482 4634 sapientia
3533 4566 3863 4635 plerumque

2255 4654 2498 4726 juvatur,
2530 4663 2586 4709 et
2629 4656 2840 4725 copiam
2893 4655 3107 4710 dicendi
3144 4654 3213 4710 ad
3257 4653 3698 4725 persuadendum
3732 4672 3857 4726 quae

2257 4745 2438 4808 vellet,
2479 4744 2781 4799 modestam
2836 4743 2999 4799 nimis
3058 4745 3316 4799 habebat.
3375 4743 3529 4800 Unde
3575 4745 3710 4800 dum
3752 4746 3860 4801 hu-

2251 4836 2554 4907 juscemodi
2586 4836 2847 4890 reniteret
2874 4835 3053 4901 bonis,
3079 4834 3148 4889 ab
3183 4835 3439 4890 omnibus
3467 4836 3781 4891 amabatur.

2878 4962 3215 5003 ADEODATUS.

2333 5033 2506 5091 Velim
2531 5035 2652 5091 talis
2683 5051 2804 5091 cum
2827 5046 2992 5102 esset,
3018 5036 3153 5092 mihi
3182 5036 3433 5107 replices,
3454 5036 3584 5107 quid
3610 5036 3687 5092 sit
3708 5053 3854 5106 quon

2262 5128 2435 5182 virum
2463 5128 2613 5194 rixze,
2644 5128 2930 5197 virumque
2967 5128 3255 5183 discordim
3280 5144 3339 5183 se
3375 5129 3723 5200 progenitum
3745 5129 3854 5185 fre-

2259 5229 2489 5291 quenter
2519 5219 2863 5291 ingemuerit,
2894 5219 3216 5290 prmsertim,
3250 5228 3311 5275 ut
3331 5221 3434 5285 ais,
3466 5220 3597 5275 dum
3626 5223 3700 5277 ab
3727 5237 3853 5277 om-

2258 5313 2420 5368 nibus
2450 5312 2777 5367 amabatur.-

2255 5468 2375 5525 uilio
2399 5466 2672 5534 providus,
2693 5467 2748 5520 in
2771 5465 3047 5520 commisso
3067 5465 3261 5534 ﬁdelis.
3310 5463 3464 5520 Unde
3490 5465 3637 5534 quod
3666 5464 3855 5523 subdit

2256 5535 2602 5603 Paschasius,
2628 5538 2780 5607 cujus
2810 5536 2952 5607 apud
2975 5553 3066 5591 nos
3094 5553 3260 5605 nuper
3272 5535 3435 5607 delati
3458 5538 3685 5607 cineres,
3713 5544 3853 5607 etc.,

2258 5610 2669 5680 intelligendum
2689 5605 2779 5663 est
2808 5605 2872 5662 de
2900 5606 3018 5676 ejus
3046 5607 3400 5680 translatione
3424 5605 3478 5660 in
3507 5605 3775 5680 Galliam,
3800 5606 3854 5659 id

2258 5692 2343 5738 est
2373 5675 2854 5735 in'Sucssionense
2900 5675 3074 5732 sancti
3121 5675 3359 5731 Medardi
3410 5676 3852 5732 monasterium.

2259 5768 2366 5825 qua
2392 5752 2448 5807 in
2474 5751 2608 5806 urbe
2636 5747 2964 5804 Paschasius
2990 5744 3273 5802 eductusa
3304 5762 3473 5817 puero
3499 5746 3704 5802 fuerat.
