4122 6324
1475 246 1523 279 ~-

262 351 401 409 1565

890 475 1226 517 PASCHASIUS.

329 552 529 608 Fateor
550 551 677 623 quia
729 551 796 606 de
825 550 1083 620 religione
1130 552 1280 607 zelus
1305 553 1356 606 ei
1400 549 1668 615 accrevit,
1698 559 1753 606 et
1780 550 1847 605 de

256 642 433 712 gratia
460 641 681 696 uberior
730 641 922 695 virtus.
962 640 1202 696 Necdum
1248 643 1391 697 enim
1437 641 1846 712 praesentiarum

259 732 574 803 reipublicae
620 730 946 787 detrimenta
993 741 1240 798 noverat,
1292 748 1452 802 quam
1509 731 1847 800 augmentari

258 825 551 896 gaudebat.
592 808 661 879 Et
690 822 809 879 ideo
838 823 959 894 plus
990 822 1337 880 ﬁrmissimas
1379 824 1641 881 nobilium
1671 824 1844 880 socie-

261 922 427 980 tates,
459 914 941 983 sanctissimasque
981 912 1217 984 plebium
1265 916 1536 971 amicitias
1574 915 1845 981 studebat,

258 1023 448 1079 quam,
488 1006 782 1061 secundum
827 1004 1145 1074 Jeremiam,
1186 1017 1406 1078 peccata
1438 1017 1492 1063 et
1522 1006 1846 1063 detrimenta

260 1115 464 1164 rerum,
510 1114 629 1169 quae
674 1098 905 1153 necdum
961 1099 1095 1156 adeo
1124 1109 1500 1166 excreverant,
1541 1100 1842 1170 deplorare.

257 1192 340 1247 An
364 1191 599 1262 ignoras,
630 1189 924 1253 Adeodate,
947 1193 1092 1261 quod
1135 1192 1219 1247 vir
1255 1193 1429 1248 bonus
1453 1208 1557 1249 non
1590 1192 1709 1263 plus
1742 1192 1846 1248 sibi

258 1298 421 1354 quam
451 1282 639 1353 patria:
664 1282 900 1337 consulit
926 1291 979 1338 et
1008 1283 1252 1339 civibus?
1289 1283 1595 1355 Scipionem
1631 1299 1846 1354 quoque

256 1373 424 1440 nosti,
449 1385 503 1429 et
524 1373 759 1444 reliquos
783 1373 1020 1443 ejusdem
1045 1375 1227 1432 saeculi
1251 1377 1418 1443 viros,
1442 1376 1534 1446 qui
1557 1391 1655 1446 pro
1678 1378 1846 1432 maxi-

254 1466 361 1521 mis
386 1464 575 1536 patria:
624 1479 689 1519 ac
717 1464 966 1536 plurimis
995 1465 1256 1522 virtutum
1285 1466 1565 1523 beneﬁciis
1604 1466 1725 1522 odia
1758 1475 1844 1523 tu-

253 1556 451 1624 lerunt,
479 1563 532 1612 et
552 1556 700 1611 varia
727 1557 918 1612 mortis
941 1555 1277 1613 discrimina.
1782 1557 1787 1562 ’

875 1687 1105 1745 CAPUT
1154 1690 1219 1744 ll.

879 1793 1086 1835 ADEODA
1094 1795 1214 1837 τυε.

319 1892 464 1950 Proh
491 1893 687 1950 dolor!
722 1893 866 1964 quod
916 1895 1319 1952 iunumerosior
1338 1911 1467 1968 pars
1514 1897 1623 1953 ima
1666 1906 1837 1968 petat,

249 1978 458 2042 utiu'am
510 1988 652 2042 inter
677 1986 957 2057 religiosos
997 1995 1197 2043 nostrae
1218 1990 1395 2044 :etatis
1423 1989 1572 2045 viros
1601 1991 1704 2045 ista
1730 2006 1837 2047 non

247 2079 504 2134 nossem!
548 2077 703 2133 Nune
755 2078 801 2133 is
840 2078 1073 2149 qualiter
1123 2080 1188 2135 ad
1222 2080 1577 2136 monasticam
1630 2083 1840 2138 venerit

248 2167 588 2240 disciplinam
619 2170 859 2239 requiro.

867 2276 1204 2319 PASCHASIUS.

318 2349 519 2424 verum
558 2351 738 2407 saeculi
777 2350 947 2424 gloria
1000 2368 1277 2422 nunquam
1328 2352 1445 2408 sine
1487 2351 1686 2407 invidia
1731 2359 1836 2419 est,

246 2456 348 2497 nec
372 2421 702 2512 prosperitas
728 2421 847 2496 sine
874 2421 1189 2498 discrimine
1208 2442 1434 2511 alicujus
1457 2442 1833 2498 adversitatis:

247 2537 344 2590 sed
370 2535 454 2588 vir
476 2535 676 2606 probus
714 2534 957 2604 utrisque
1001 2536 1249 2604 partibus
1279 2536 1447 2591 utitur
1477 2537 1545 2592 ad
1584 2536 1836 2599 salutem,

249 2625 404 2681 Unde
434 2625 698 2680 Arsenius
722 2641 844 2680 cum
874 2626 1184 2697 pulsaretur
1211 2628 1568 2698 quorumdam
1606 2627 1834 2694 insidiis,

246 2722 440 2778 videns
464 2723 824 2779 violentorum
866 2724 1249 2796 impudentiam
1281 2725 1436 2782 sedes
1465 2738 1732 2795 occupare
1756 2725 1839 2779 in-

249 2813 480 2881 debiias,
511 2817 654 2885 quod
683 2817 834 2888 prius
863 2815 913 2871 in
948 2825 1127 2872 mente
1170 2818 1280 2872 Deo
1324 2823 1564 2881 voverat,
1595 2823 1839 2886 optatum

248 2904 352 2960 sibi
390 2913 598 2976 tempus
624 2906 863 2962 invenit:
893 2914 947 2962 et
972 2907 1115 2978 quod
1139 2906 1315 2962 callidi
1339 2907 1694 2962 dissertorum
1720 2904 1839 2963 loca

246 3002 515 3063 tenerent,
551 3005 607 3053 et
634 2996 805 3052 infimi
834 2998 1147 3053 notissimos
1186 2997 1383 3069 populo
1425 3006 1588 3071 atque
1621 2998 1839 3055 amicis-

246 3086 416 3142 simos
440 3103 618 3144 marsa
651 3087 789 3161 (sic)
820 3104 980 3144 manu
1005 3097 1362 3160 prostrarent.
1390 3090 1532 3161 Ergo
1557 3105 1678 3146 cum
1700 3090 1836 3149 tales

939 349 1027 405 DE
1062 347 1223 404 VITA
1260 347 1516 415 WALAS,
1558 347 1689 404 SEU
1732 343 2155 401 EPlTAPlllUM
2194 343 2495 401 ARSENII.
2532 375 2606 386 ——
2642 343 2769 400 LIB.
2808 344 2849 398 l.

1558 467 1567 470 ‘
1867 462 1921 520 Α
1946 465 2092 512 esset
2120 457 2254 511 mori
2278 466 2516 527 paratus,
2538 465 2847 513 nostrorum
2876 458 3055 515 nullus
3075 468 3159 516 est
3183 475 3276 531 qm
3299 461 3532 517 nesciat.

3398 348 3541 405 i566

1947 546 2194 616 Agebant
2215 546 2357 601 enim
2386 548 2541 616 quasi
2564 547 2808 603 dicerent
2833 548 2965 605 illud
3004 549 3255 607 Jeremiae
3302 552 3356 607 in
3377 532 3530 608 57in:

1959 635 2159 702 Venite,
2191 639 2545 707 percutiamus
2575 655 2694 691 eum
2723 638 2926 709 lingua,
2968 650 3017 695 et
3067 658 3170 695 non
3200 643 3538 697 attendamus

1949 728 2021 781 ad
2059 728 2325 782 universos
2356 745 2618 784 sermones
2657 729 2773 799 ejus
2813 730 2957 801 (Jer.
2993 748 3107 797 vm,
3138 733 3259 805 18).
3298 734 3537 801 Quorum

1949 819 2041 874 tali
2076 828 2335 891 tantoque
2377 820 2604 879 affectus
2655 822 2835 887 taedio,
2882 825 3040 893 petiit
3071 825 3341 881 interdum
3376 833 3538 884 "com-

1948 912 2193 967 morandi
2221 912 2397 967 locum
2418 913 2446 952 ι)
2472 913 2523 967 in
2555 913 2823 984 adjutorio
2841 914 3102 970 Altissimi
3127 925 3181 970 et
3206 917 3538 987 protectione

1948 1001 2042 1056 Dei
2084 1003 2233 1069 coeli,
2283 1019 2390 1074 quo
2431 1004 2609 1060 nullus
2637 1004 2993 1061 inimicorum
3044 1006 3310 1063 violenter
3357 1018 3538 1079 posset

1948 1094 2118 1148 adire.
2162 1094 2265 1149 Sed
2290 1110 2408 1162 nos,
2433 1095 2559 1151 dum
2581 1096 2684 1151 sibi
2719 1096 3016 1163 consuluit,
3041 1099 3109 1153 ad
3158 1098 3347 1153 horam
3387 1100 3538 1156 deso'

1948 1183 2087 1240 latos
2113 1195 2168 1245 et
2214 1200 2451 1242 moerere
2482 1186 2668 1256 plenos
2694 1187 2933 1258 reliquit.
2975 1188 3129 1245 Unde
3160 1190 3373 1245 turbata
3411 1198 3539 1247 sunt

1948 1277 2082 1332 satis
2111 1278 2322 1333 viscera
2356 1295 2493 1344 mea,
2545 1278 2772 1336 effusum
2798 1290 2881 1336 est
2909 1281 2961 1335 iu
3005 1290 3151 1337 terra
3172 1280 3331 1350 jecur
3356 1298 3539 1339 meum

1946 1384 2108 1440 super
2130 1372 2430 1426 absentiam
2455 1373 2589 1428 tanti
2616 1372 2810 1437 Patris,
2842 1383 2899 1429 et
2927 1389 3135 1444 nequeo
3161 1391 3370 1430 morum
3401 1376 3537 1431 ima-

1946 1461 2124 1532 ginem
2159 1462 2431 1533 respicere
2458 1479 2568 1534 pra:
2591 1463 2868 1537 lacrymis.
2909 1464 3015 1521 Sed
3043 1465 3267 1536 plorans
3289 1467 3535 1537 plorabo,

1945 1552 2117 1609 donec
2140 1552 2423 1609 tabescant
2450 1544 2610 1620 oculi;
2641 1564 2702 1610 ut
2743 1556 2829 1611 vel
2856 1556 2934 1613 sic
2982 1556 3119 1612 meis
3146 1557 3396 1613 consoler
3436 1558 3538 1612 mi-

1946 1643 2125 1709 seriis,
2156 1644 2247 1714 qui
2276 1645 2458 1700 subito
2478 1645 2875 1701 consolatorem
2901 1647 3067 1702 animi
3095 1647 3257 1702 talem
3281 1647 3460 1702 amisi.

2613 1751 2868 1791 SEVERUS.

1871 1825 1922 1889 Β
2016 1823 2240 1890 Precor,
2288 1824 2561 1896 paulisper
2602 1827 2857 1897 quiescas
2899 1842 2928 1880 a
2956 1826 3190 1895 ploratu,
3244 1842 3313 1885 ne
3345 1841 3535 1883 rursus

1942 1923 2388 1973 commoveantur
2462 1917 2735 1971 recentius
2782 1917 2991 1972 viscera
3041 1916 3277 1984 fletibus,
3325 1926 3376 1971 et
3425 1932 3534 1972 non

1940 2005 2209 2076 possimus
2237 2020 2548 2076 expungere
2598 2020 2718 2076 quae
2764 2007 3033 2060 novimus.
3085 2005 3192 2061 Sed
3244 2015 3536 2076 antequam

1940 2097 2278 2153 obducantur
2302 2097 2444 2153 oculi
2469 2097 2715 2167 caligine,
2747 2113 2961 2153 morum
3004 2097 3184 2169 imago
3228 2098 3339 2153 suis
3365 2111 3535 2152 venu-

1940 2191 2197 2247 stioribus
2243 2189 2501 2261 pingatur
2556 2188 2872 2245 coloribus:
2927 2198 3041 2244 tum
3091 2189 3308 2245 demum
3376 2187 3536 2259 plena

1940 2283 2071 2338 clari
2097 2281 2400 2337 recordatio
2425 2280 2602 2336 vultus
2640 2280 2883 2337 calentes
2924 2281 3287 2352 lacrymarum
3330 2280 3539 2351 aperiet

1939 2373 2139 2439 fontes,
2171 2381 2226 2427 et
2260 2372 2338 2428 sic
2372 2372 2426 2426 in
2472 2370 2644 2440 jubilo
2667 2370 2759 2426 illo
2800 2372 3135 2442 inspectante
3181 2372 3414 2442 desuper
3438 2371 3536 2427 da-

1941 2464 2118 2521 bimus
2157 2465 2335 2528 ﬂetus,
2364 2463 2489 2519 hinc
2532 2463 2749 2532 quidem
2790 2463 3109 2535 gaudentes,
3151 2463 3277 2517 hinc
3308 2461 3533 2528 tristes;

1940 2554 2069 2609 hinc
2100 2554 2299 2619 moesti,
2330 2553 2458 2608 hinc
2501 2538 2649 2618 laeti;
2680 2552 2808 2607 hinc
2855 2567 3070 2624 quoque
3099 2552 3364 2617 destituti,
3405 2551 3532 2607 hinc

1940 2646 2185 2703 subvecti
2216 2664 2229 2700 :
2258 2646 2513 2717 quoniam
2544 2645 2646 2701 etsi
2677 2646 2878 2702 doloris
2920 2655 3007 2700 est
3054 2645 3196 2715 quod
3227 2644 3529 2709 amisimus,

1940 2738 2120 2809 gaudii
2150 2753 2272 2793 esse
2299 2738 2479 2800 debet,
2507 2737 2651 2807 quod
2680 2736 2843 2791 talem
2870 2753 2993 2792 eum
3020 2737 3088 2791 ad
3124 2736 3244 2791 cmli
3274 2735 3533 2806 palatium

1940 2830 2357 2885 intercessorem
2399 2828 2779 2899 praemisimus.
2824 2829 2907 2883 An
2961 2827 3184 2883 nescitis
3234 2824 3531 2881 Jeremiam

1940 2920 2112 2985 illum,
2150 2917 2304 2988 cujus
2356 2919 2461 2974 iste
2511 2902 2616 2973 fert
2646 2928 2851 2989 typum,
2900 2917 3026 2973 licet
3055 2916 3110 2971 in
3157 2915 3333 2970 lacum
3397 2913 3532 2971 satis

1939 3024 2216 3066 caenosum
2248 3024 2280 3063 a
2310 3007 2507 3079 popqu
2539 3007 2830 3073 dimersus,
2863 3006 3010 3078 quod
3052 3006 3271 3062 demum
3322 3004 3533 3061 levatus

1937 3101 2005 3157 ad
2035 3109 2184 3157 astra
2206 3099 2433 3155 multum
2467 3099 2631 3153 orat?
2665 3096 2817 3165 Quod
2843 3098 2886 3154 si
2919 3097 3008 3153 ille
3035 3111 3135 3166 pro
3164 3097 3250 3152 his
3271 3096 3336 3150 ad
3361 3092 3531 3152 Deum

246 3184 495 3232 cerneret
521 3177 782 3233 adversus
811 3178 1084 3248 sapientes
1124 3186 1392 3249 potestate
1426 3180 1605 3249 potius
1650 3196 1832 3252 agere,

1939 3207 2130 3264 preces
2158 3191 2526 3247 indesinenter
2552 3190 2709 3253 fudit,
2742 3204 2843 3259 pro
2863 3189 3062 3259 quibus
3088 3188 3140 3243 ei
3181 3186 3529 3243 interdictum

246 3282 475 3339 esseque
497 3267 822 3339 superiores,
839 3277 896 3325 et
919 3268 1061 3343 vulgi
1084 3271 1441 3326 aestimatione
1456 3270 1832 3340 dignissimos;

242 3358 570 3431 praemonuit
596 3357 764 3412 multa
810 3359 1179 3425 incommoda,
1228 3361 1505 3431 multaque
1552 3361 1834 3434 naufragia

242 3449 444 3523 populo
489 3448 792 3520 provenire.
848 3449 988 3504 Tum
1029 3465 1181 3516 vero,
1231 3451 1415 3506 multis
1461 3451 1834 3507 contradicen-

243 3541 412 3607 tibus,
443 3539 697 3597 saeculum
719 3550 773 3598 et
812 3542 998 3598 mundi
1029 3542 1315 3599 illecebras
1360 3543 1476 3598 sine
1513 3543 1699 3600 dolore
1735 3544 1834 3600 de-

242 3633 445 3703 posuit,
472 3639 735 3702 quantum
767 3647 831 3688 ea
869 3632 988 3688 sine
1038 3648 1224 3689 amore
1267 3640 1552 3688 tenuerat:
1586 3633 1676 3705 qui
1708 3650 1832 3690 cum

244 3734 390 3780 esset
412 3723 593 3778 divino
617 3738 804 3779 amore
845 3740 1159 3789 succensus,
1192 3724 1397 3781 relictis
1424 3725 1695 3793 omnibus,
1724 3741 1833 3781 cte-

244 3815 466 3869 nobium
499 3826 523 3854 α
553 3814 710 3884 petiit
748 3816 1059 3872 monasticae
1106 3816 1419 3886 disciplinae,
1454 3833 1522 3873 ne
1570 3817 1704 3885 suis,
1736 3819 1831 3874 sed

244 3910 449 3968 Christi
491 3909 715 3982 legibus,
759 3920 814 3968 et
850 3912 1043 3984 spiritu
1088 3920 1339 3982 ageretur
1373 3912 1570 3967 divino.
1606 3911 1834 3984 Legerat

248 4002 417 4065 enim,
455 4002 597 4071 quod
623 4002 714 4073 qui
748 4002 941 4073 spiritu
992 4002 1079 4058 Dei
1135 4011 1384 4074 aguntur,
1438 4002 1532 4058 filii
1572 4002 1669 4059 Dei
1708 4012 1835 4059 sunt

249 4091 435 4164 (Rom.
458 4109 577 4159 vm,
611 4093 744 4165 M);
790 4102 845 4148 et
897 4094 1017 4149 ideo
1064 4095 1313 4150 certatim
1361 4111 1466 4151 non
1502 4111 1561 4151 se
1585 4094 1706 4162 sibi,
1740 4097 1835 4152 sed

245 4185 523 4242 Christqu
562 4185 885 4257 praeferebat
933 4187 987 4241 in
1032 4188 1300 4244 omnibus.
1356 4187 1454 4244 Ubi
1494 4188 1725 4259 qualiter
1763 4189 1836 4243 sit

248 4283 639 4341 conversatus,
709 4274 969 4332 Severum
1024 4276 1336 4350 interroga:
1390 4279 1646 4350 quoniam
1700 4278 1833 4333 mihi

246 4364 512 4421 hactenus
533 4365 658 4420 dum
685 4374 865 4421 vestra
894 4368 1079 4423 curavi
1119 4369 1327 4435 audire,
1372 4368 1544 4425 levius
1591 4368 1685 4424 tuli
1716 4384 1834 4441 quae

248 4457 442 4513 tolero.
457 4455 611 4513 Nunc
639 4466 819 4513 autem
844 4474 969 4514 mox
992 4471 1053 4514 ut
1068 4476 1191 4515 eum
1212 4461 1365 4532 attigi
1389 4477 1549 4532 quem
1568 4462 1829 4527 videram,

1937 3294 2043 3349 est,
2059 3283 2185 3338 dum
2208 3289 2535 3351 superesset,
2552 3295 2621 3335 ne
2646 3277 3198 3335 assumatorationem
3218 3284 3274 3331 et
3294 3275 3527 3339 laudem;

1936 3373 2067 3444 quid
2101 3379 2258 3442 putas
2281 3371 2383 3427 iste
2420 3385 2520 3441 pro
2547 3370 2632 3425 his
2666 3368 2850 3434 faciet,
2873 3383 3012 3438 quos
3040 3366 3184 3423 filios
3212 3366 3397 3436 utique
3425 3365 3531 3421 sibi

1937 3466 2136 3520 charos
2167 3471 2276 3518 tam
2302 3463 2483 3518 subito
2532 3460 2804 3517 desolatos
2830 3458 3092 3530 reliquit?
3121 3458 3335 3530 Dictum
3374 3471 3533 3511 nam-

1936 3569 2041 3626 que
2066 3558 2133 3611 de
2160 3554 2251 3611 illo
2271 3553 2545 3625 legimus:
2581 3551 2682 3607 Hic
2714 3561 2789 3608 est
2829 3552 3057 3623 fratrum
3102 3560 3331 3617 amator,
3374 3546 3530 3605 Jere—

1935 3647 2075 3704 mias
2100 3648 2364 3718 propheta
2394 3646 2515 3712 Dei,
2545 3646 2630 3700 hic
2667 3654 2743 3701 est
2786 3645 2875 3717 qui
2902 3643 3127 3701 multum
3156 3651 3273 3699 orat
3314 3658 3408 3713 pro
3438 3658 3534 3712 po-

1934 3738 2079 3809 pulo,
2105 3747 2154 3793 et
2198 3738 2442 3793 universa
2488 3738 2694 3793 ciuitate
2737 3748 2920 3792 sancta
2946 3733 3264 3791 Jerusalem.
3297 3732 3450 3800 Quod
3484 3732 3530 3788 si

1937 3828 2028 3885 ille
2052 3844 2151 3899 pro
2176 3829 2397 3884 civitate
2410 3836 2467 3883 et
2492 3828 2693 3898 popqu
2720 3827 2935 3883 laudem
2957 3835 3013 3881 et
3041 3825 3342 3882 orationem
3362 3824 3531 3878 etiam

1935 3917 2238 3987 prohibitus
2283 3917 2527 3980 assumit,
2581 3930 2743 3985 quem
2782 3914 2911 3970 olim
2954 3914 3142 3970 vivens
3174 3913 3255 3968 sic
3291 3910 3527 3977 deflevit,

1937 4010 2023 4067 cui
2093 4011 2313 4065 tbrenos
2364 4007 2700 4078 composuit,
2764 4007 2999 4062 lamenta
3065 4004 3338 4070 instituit;
3398 4002 3529 4072 quid

1936 4104 2180 4159 facturus
2206 4101 2308 4156 iste
2329 4115 2426 4170 pro
2448 4099 2579 4165 suis,
2606 4114 2744 4168 quos
2769 4097 3000 4153 dilexit?
3031 4095 3226 4152 Fateor
3246 4092 3389 4165 quod
3419 4106 3529 4147 non

1936 4202 2144 4250 tantum
2172 4206 2270 4261 pro
2298 4190 2487 4259 nobis,
2500 4204 2691 4245 verum
2707 4188 2870 4242 etiam
2899 4196 2955 4243 et
2976 4202 3076 4258 pro
3101 4186 3208 4253 his,
3244 4185 3321 4240 uti
3339 4192 3392 4239 et
3414 4182 3525 4250 ille,

1936 4299 2073 4355 quos
2093 4282 2342 4339 inimicos
2367 4279 2609 4352 pertulit,
2643 4280 2972 4334 intercessor
3007 4278 3113 4333 erit
3148 4294 3162 4331 :
3205 4275 3333 4347 quia
3376 4283 3529 4330 utro-

1936 4392 2055 4432 rum
2080 4390 2183 4444 que
2212 4372 2444 4431 invectio
2466 4371 2673 4427 illorum
2691 4378 2800 4426 tam
2825 4383 3013 4426 severa
3035 4376 3222 4423 contra
3245 4367 3522 4438 populum,

1935 4481 2043 4522 non
2068 4466 2135 4520 de
2160 4464 2308 4530 odio,
2331 4462 2425 4518 sed
2453 4461 2521 4516 de
2547 4474 2732 4516 amore
2758 4459 2878 4514 fuit.
2911 4459 3018 4512 Ista
3049 4457 3175 4512 licet
3208 4457 3387 4512 minus
3408 4472 3527 4512 cre-

247 4549 574 4620 qualemque
619 4534 937 4617 habueram,
970 4566 1140 4607 novos
1184 4552 1368 4607 inveni
1408 4553 1622 4609 dolores
1649 4567 1835 4609 reccn-
1862 4540 1913 4600 D
1940 4555 2089 4619 dant,
2119 4560 2303 4608 tamen
2327 4564 2426 4605 nos
2459 4549 2551 4619 qui
2593 4563 2715 4605 eum
2766 4546 3104 4618 agnovimus,
3156 4545 3404 4603 dubitare
3430 4561 3525 4603 ne-

248 4647 457 4708 tesque,
500 4655 636 4710 quos
684 4640 865 4696 abisse
904 4639 1181 4712 putabam.
1210 4640 1415 4696 Idcirco
1440 4642 1714 4713 paulisper
1758 4644 1834 4698 si-

246 4731 593 4798 leam,donec
618 4730 762 4788 oculi
783 4732 889 4787 mei
914 4731 1117 4788 fontem
1143 4731 1423 4787 inveniant
1450 4732 1832 4804 lacrymarum,

244 4831 304 4877 et
318 4821 592 4878 deducant
616 4838 852 4893 aquam;
883 4824 1009 4894 quia
1044 4822 1200 4895 longe
1228 4823 1404 4880 factus
1423 4832 1507 4880 est
1530 4840 1560 4878 a
1591 4840 1677 4880 me
1705 4840 1834 4880 con-

246 4915 456 4972 solatur
512 4932 686 4983 meus,
726 4926 1052 4973 convertens
1115 4916 1350 4973 animam
1398 4930 1595 4972 meam.
1648 4916 1832 4987 Longe

245 5008 414 5080 igitur
436 5007 634 5074 factus,
664 5009 790 5079 quia
819 5009 1047 5065 recessit
1073 5008 1201 5065 hinc
1228 5009 1296 5064 ad
1319 5007 1487 5063 Deum
1521 5008 1693 5064 multo
1732 5009 1829 5064 mi—

242 5099 516 5155 seriarum
558 5098 746 5172 fatigio
771 5113 871 5171 pro
899 5098 1096 5170 populo
1117 5106 1172 5155 et
1196 5098 1454 5171 religione
1477 5098 1678 5155 Christi
1699 5114 1830 5156 eon-

241 5192 421 5250 feetus
452 5210 466 5248 :
497 5191 589 5263 qui
633 5199 960 5262 quantorum
1008 5190 1344 5247 laceraretur
1384 5190 1675 5256 morsibus,
1704 5206 1827 5246 cum

259 5332 265 5339 ’
315 5320 847 5394 a_NempeCorbei:e
877 5319 1096 5394 Gallica:
1121 5321 1829 5394 monasterium,_uteonstat

241 5410 307 5449 ex
339 5389 633 5448 Paschasio
664 5393 782 5461 ipso
823 5392 878 5447 in
928 5392 1099 5448 sancti
1152 5389 1605 5461 AdalbardiVita
1638 5405 1821 5461 supra.

237 5463 299 5521 1d
354 5462 556 5534 factum
605 5460 725 5534 post
777 5478 978 5534 annum
1025 5462 1169 5526 814.
1204 5477 1312 5534 qu_o
1359 5460 1823 5534 Ludovicus_Au-

278 5542 431 5590 ustus
468 5530 685 5589 Waiam
741 5548 863 5588 cum
911 5530 1238 5598 Warnario,‘
1266 5531 1567 5602 Lautberto
1588 5541 1645 5587 et
1669 5530 1824 5602 lngo-

256 5601 397 5659 3erto
417 5604 576 5685 _mi'sit
595 5602 951 5685 AQua_sgrani,
990 5611 1050 5685 ut
1079 5601 1477 5685 regigfami'litp
1506 5601 1820 5657 scandalum

238 5675 576 5741 emendaret,
625 5670 691 5729 ei
738 5670 861 5728 Vita
913 5670 1170 5730 Ludovici
1210 5672 1313 5728 Pii.
1356 5670 1524 5741 Hujus
1574 5686 1821 5729 secessus

236 5754 517 5801 auctorem
544 5745 709 5803 fuisse
736 5744 1067 5802 Ludovicum
1101 5746 1403 5818 Augustum
1434 5743 1557 5800 inde
1587 5743 1783 5817 colligo
1801 5784 1816 5811 ,

1938 4644 2176 4716 quimus,
2207 4641 2351 4712 quod
2399 4641 2484 4696 his
2526 4639 2619 4710 qui
2659 4653 2759 4709 pro
2806 4637 3039 4695 veritate
3082 4646 3261 4696 tantos
3302 4637 3524 4709 pertulit

1936 4750 2160 4807 agones,
2213 4733 2417 4791 Christi
2453 4731 2735 4805 promissis
2785 4732 3008 4789 minime
3063 4731 3325 4802 privatur.
3369 4730 3440 4785 Et
3474 4728 3522 4786 si

1935 4826 2110 4897 pretio
2139 4824 2273 4880 fides
2299 4824 2405 4879 emi
2444 4832 2646 4895 posset,
2675 4824 2927 4880 daremus
2956 4830 3221 4893 quatenus
3239 4824 3521 4877 cessarent

1935 4916 2074 4972 odiis
2104 4914 2335 4985 insequi,
2368 4929 2530 4984 quem
2558 4913 2800 4969 charitas
2834 4911 3113 4976 enutrivit,
3137 4908 3345 4979 justitia
3392 4923 3518 4979 pro-

1934 5006 2103 5072 vexit,
2129 5014 2185 5062 et
2204 5006 2377 5076 pietas
2403 5004 2700 5062 decoravit.
2735 5003 2890 5060 Unde
2916 5015 3110 5059 moneo
3137 4999 3436 5072 quiescant,
3465 5008 3520 5056 et

1936 5097 2185 5154 desinant
2206 5094 2546 5161 maledicere,
2573 5091 2857 5149 malefacta
2878 5105 2948 5147 ne
2972 5089 3202 5161 prodant
3227 5102 3356 5143 sua:
3383 5103 3518 5158 quo-

1935 5189 2079 5243 niam
2126 5184 2286 5256 hujus
2336 5183 2431 5257 (ut
2457 5182 2854 5255 criminantur)
2890 5180 3183 5237 versutiam
3234 5188 3290 5235 et
3329 5178 3520 5236 inﬁde-

1935 5319 2077 5390 quod
2104 5317 2150 5374 is
2170 5318 2223 5373 in
2251 5316 2456 5389 synodo
2475 5313 2858 5390 Attiniasccnsi
2885 5311 3129 5390 anni_822
3140 5309 3513 5390 pm‘nitentiam

1930 5381 2103 5462 egerit
2152 5381 2523 5462 eorum,"qu
2562 5386 2728 5462 _circa
2774 5381 3505 5462 Adelliardum’abbatentoet

1927 5451 2147 5586 {fatgem
2194 5458 2309 5529 ejus
2347 5451 2678 5511 ‘Walacltum
2732 5465 2876 5526 gesta
2943 5463 3095 5520 sunt,
3150 5461 3288 5509 teste
3353 5451 3515 5521 Egin-

1967 5546 2028 5586 ar
2066 5545 2120 5585 ο.

1967 5530 2333 5655 ξιξᾱἓίεἰειίιῐιο
2362 5597 2414 5651 id
2448 5612 2545 5668 per
2576 5595 3015 5668 anticipationem
3043 5594 3244 5650 dictum
3284 5590 3350 5646 de
3399 5604 3513 5645 coe-

1925 5670 2089 5797 poltiiio
2113 5668 2385 5796 ﬁogiensi,
2429 5666 2483 5724 in
2503 5683 2612 5740 quo
2633 5666 2845 5724 Walam
2867 5666 3047 5724 obisse
3074 5670 3305 5721 testatur
3324 5669 3515 5717 auctor

1928 5760 1984 5797 In
2047 5754 2113 5797 ne
2169 5756 2183 5796 ι
2224 5755 2269 5796 ﬂ
2296 5754 2373 5797 ιι.)

1928 5754 1984 5800 tn
2007 5754 2269 5805 unctum
2296 5754 2373 5808 ιι,
