4082 6328
658 307 681 362 Ι
692 305 799 363 567

653 421 862 500 litatem
886 423 1127 480 aemulari
1149 433 1362 495 oportet
1383 425 1503 496 plus
1525 441 1686 496 quam
1713 443 1899 484 eorum
1925 444 2242 500 perversam
2267 435 2320 496 Α

655 483 845 570 nudi.
1186 483 1201 495 ’
1383 483 1400 496 ’
1541 483 1558 496 ’
1728 483 2072 548 ίίνώ’Ὕ-Ῐ

1278 601 1610 643 PASCHASIUS.

730 673 946 731 Acriter
972 677 1206 743 invehis,
1237 679 1409 733 frater
1430 678 1650 735 Severe.
1683 681 1854 736 Velim
1879 699 2072 740 caveas
2112 684 2241 741 illuo

659 763 965 822 Terrentii:
1002 767 1082 824 Ne
1129 770 1256 838 quid
1292 770 1487 838 nimis;
1521 772 1774 842 quoniam
1810 790 2000 831 omnes
2045 777 2241 847 quibus

660 857 840 913 minus
869 867 952 914 est
1003 860 1335 914 conscientia
1393 870 1530 928 tuta,
1574 863 1696 932 plus
1744 873 1868 920 sunt
1923 869 2110 923 nescio
2135 884 2240 939 quo

659 949 824 1004 modo
846 950 1152 1020 suSpiciosi,
1176 961 1338 1022 atque
1367 953 1433 1007 ad
1466 955 1847 1010 contumeliam
1876 957 2054 1012 omnia
2094 959 2240 1014 acci-

653 1039 830 1109 piunt,
878 1050 934 1097 et
974 1051 1194 1114 propter
1253 1059 1351 1099 sua
1406 1059 1632 1116 quaeque
1685 1062 1744 1104 se
1783 1063 1997 1120 semper
2035 1049 2242 1121 culpari

660 1131 908 1188 credunt.
1627 1187 1633 1194 .

1275 1226 1502 1284 CAPUT
1533 1228 1617 1284 Ill.

1288 1354 1621 1396 ADEODATUS.

727 1420 962 1479 Estimo
981 1425 1124 1494 quod
1145 1425 1188 1481 si
1207 1429 1508 1485 ostenderis
1528 1430 1656 1499 quid
1679 1430 1749 1486 sit
1763 1431 1894 1487 ﬁdes
1915 1448 2039 1489 vera
2061 1435 2243 1504 proxi-

655 1511 753 1578 mi,
784 1521 839 1567 et
863 1513 1040 1583 qualis
1064 1516 1156 1581 sit,
1182 1517 1417 1573 dominis
1439 1535 1558 1588 qum
1574 1522 1926 1589 promittitur,
1942 1527 2237 1594 servanda;

655 1605 858 1674 poterit
881 1610 1250 1680 unusquiSque
1271 1624 1515 1670 nostrum
1547 1617 1775 1674 lucidius
1803 1620 2020 1687 intueri,
2053 1632 2107 1678 et
2133 1623 2243 1678 sin-

654 1692 764 1764 guli
795 1693 862 1749 de
911 1699 1129 1767 propria
1159 1704 1487 1759 conscientia
1513 1706 1758 1777 judicare
1789 1725 1803 1762 :
1835 1711 2092 1779 quoniam
2117 1712 2242 1767 huic

655 1781 772 1838 haec
793 1785 1105 1857 impingitur
1126 1801 1272 1860 nota,
1302 1796 1459 1864 quasi
1480 1797 1722 1870 Augusto
1738 1800 1972 1857 debitam
1998 1818 2102 1858 non
2121 1819 2237 1861 ser—
2266 1800 2314 1860 B

653 1879 861 1932 vaverit
893 1879 1074 1936 ﬁdem.

1194 1985 1232 2010 ’-
1279 1994 1340 2032 ΡΛ
1347 1994 1400 2034 SC
1407 1997 1469 2034 HA
1477 1997 1608 2039 ειυς.

725 2051 941 2123 Optime
978 2057 1235 2129 hortaris,
1287 2077 1345 2121 ut
1383 2069 1610 2137 eluceat,
1642 2088 1800 2144 quam
1843 2078 1993 2134 multi
2028 2080 2233 2139 adulte-

654 2153 778 2197 rant
808 2144 967 2202 ﬁdem
1015 2165 1221 2219 veram,
1267 2165 1321 2211 et
1365 2175 1738 2234 corrumpunt,
1785 2170 1951 2224 nescii
1983 2172 2111 2241 quid
2164 2174 2236 2229 sit

652 2235 796 2330 quod
837 2241 1184 2330 promittunt.
1234 2246 1330 2301 Est
1385 2249 1550 2320 igitur
1603 2235 2031 2314 Christianorum
2081 2262 2231 2330 ﬁdes,

643 2317 802 2389 juxta
821 2324 1156 2398 Apostolum,
1183 2349 1301 2403 quae
1319 2317 1773 2406 per'dileclionem
1795 2358 2066 2416 operatur.
2090 2317 2237 2407 Alio:-

651 2416 784 2484 quin
822 2418 946 2474 tolle
972 2421 1340 2516 dilectionem,
1371 2440 1426 2484 et
1461 2430 1594 2487 ﬁdes
1636 2435 1868 2490 abolitur
1898 2437 2231 2516 [aboletur],

651 2507 908 2572 quoniam
955 2504 1338 2586 dilectio'jura
1395 2520 1518 2576 ﬁdei
1573 2526 1755 2580 omnia
1814 2529 2230 2590 circumscribit.

651 2592 826 2650 Porro
851 2597 1068 2656 dilectio
1085 2603 1290 2671 Christi
1315 2618 1370 2663 et
1391 2612 1624 2679 proximi
1651 2614 1782 2669 nihil
1797 2619 2232 2687 peccati,saltem

651 2701 718 2742 ex
745 2704 1030 2758 consensu,
1062 2696 1316 2754 admittit.
1347 2701 1498 2758 Unde
1522 2715 1736 2760 constat
1757 2709 1899 2778 quod
1928 2712 2104 2766 omnis
2142 2714 2234 2782 qui

653 2774 830 2848 diligit
861 2790 955 2836 aut
996 2789 1267 2844 consentit
1289 2793 1430 2860 quod
1462 2793 1720 2862 injustum
1753 2774 1857 2864 est,
1899 2801 2080 2871 inique
2121 2774 2237 2860 odit

652 2869 889 2926 animam
917 2889 1092 2942 suam,
1121 2889 1174 2934 et
1193 2895 1318 2936 eum
1339 2900 1498 2952 quem
1526 2888 1592 2941 ad
1625 2887 1966 2959 iniquitatem
2009 2892 2234 2952 favendo

653 2964 942 3017 consentit.
984 2965 1064 3020 Ex
1085 2984 1190 3038 quo
1213 2970 1417 3042 liquido
1444 2975 1718 3047 colligitur
1757 2979 1916 3035 ﬁdem
1951 2998 2056 3038 non
2090 2987 2234 3054 quod

651 3051 780 3107 velit
807 3055 1050 3126 quisque,
1098 3060 1378 3119 intendere
1427 3066 1646 3134 debere,
1694 3079 1753 3124 ut
1790 3073 1859 3126 ad
1903 3051 2233 3131 voluntatem

642 3143 817 3214 etiam
851 3146 1053 3203 domini
1089 3155 1289 3224 terreni
1320 3165 1506 3217 contra
1530 3158 1624 3214 Dei
1654 3171 1923 3240 praecepta
1957 3176 2228 3239 assurgat,
2257 3177 2302 3241 C

653 3250 723 3291 ne
751 3235 892 3294 forte
914 3242 1054 3298 male
1096 3249 1501 3318 consentiendo,
1533 3252 1692 3309 ﬁdem
1730 3235 1850 3326 quae
1871 3273 1968 3328 per
1988 3235 2230 3318 dilectio-

651 3340 774 3382 nem
799 3329 850 3383 in
878 3334 1122 3402 proximo
1147 3349 1422 3408 operatur,
1456 3342 1688 3400 inﬁdelis
1721 3350 1969 3406 amittat:
1999 3354 2093 3408 sed
2115 3371 2234 3426 quae

649 3417 952 3508 dilectionis
980 3436 1106 3482 sunt
1131 3428 1443 3500 impendere
1469 3451 1484 3500 ;
1517 3446 1572 3491 et
1594 3453 1692 3506 per
1714 3440 1873 3496 ﬁdem
1901 3459 2021 3514 qua:
2041 3417 2232 3505 salutis

646 3505 879 3579 proXimi
924 3527 1066 3584 sunt,
1095 3526 1432 3582 constantius
1481 3538 1537 3583 et
1571 3531 2014 3605 circumspectius
2063 3542 2234 3596 adima

648 3601 814 3700 plere.
844 3605 1096 3686 Alioquin
1119 3611 1360 3672 Herodes
1385 3618 1496 3686 ille,
1523 3621 1752 3693 ejusque
1765 3601 2074 3699 complices,
2105 3634 2230 3704 quia

639 3689 952 3759 juramento
998 3709 1117 3755 erat
1156 3701 1432 3775 astrictus,
1477 3710 1639 3768 alieni
1683 3729 1715 3768 a
1743 3717 1992 3787 crimine,
2024 3723 2069 3777 si
2097 3689 2229 3781 ﬁdes

646 3786 1022 3881 praescriberet
1073 3795 1430 3868 quodcunque
1481 3801 1655 3870 velle,
1730 3814 1784 3860 et
1839 3786 1982 3878 quod
2030 3815 2229 3881 promi-

649 3873 787 3929 seris
813 3877 1236 3949 adimplendum.
1273 3886 1425 3944 Unde
1462 3892 1615 3960 prius
1643 3873 1962 3965 cavendum,
1991 3873 2060 3956 ne
2101 3903 2228 3972 quid

645 3964 748 4022 ﬁde
776 3969 1078 4038 pollicearis
1108 3976 1357 4036 incautus
1397 3998 1411 4035 :
1458 3984 1650 4040 deinde
1678 3987 1726 4041 si
1770 3990 2001 4056 voveris,
2047 4007 2117 4048 ne
2160 3995 2229 4050 ad

645 4057 1143 4129 pejora'provenias
1179 4069 1410 4124 declina.
1451 4072 1596 4130 Nihil
1623 4076 1768 4130 enim
1808 4079 2120 4150 debeamus,
2151 4085 2229 4140 ait

643 4147 934 4217 Apostolus
958 4154 1136 4223 (Rom.
1166 4175 1286 4225 xm,
1317 4162 1409 4232 8),
1437 4164 1542 4219 nisi
1575 4174 1633 4219 ut
1659 4167 1891 4224 invicem
1917 4147 2222 4242 diligamus.

641 4237 848 4296 idcirco
885 4245 1119 4315 quisque
1164 4249 1306 4319 quod
1335 4251 1491 4307 debet
1522 4254 1779 4313 solvendo
1817 4237 2133 4332 adimpleat,
2171 4277 2226 4322 et

641 4329 912 4401 implendo
959 4336 1170 4405 debeat,
1202 4341 1363 4398 ﬁdem
1388 4345 1660 4415 videlicet,
1701 4364 1822 4420 quae
1843 4367 1942 4421 per
1965 4329 2224 4413 idilectio-

639 4435 764 4480 nem
791 4437 1064 4495 operatur.
1091 4430 1240 4487 Alias
1266 4442 1463 4502 autem,
1496 4437 1628 4495 ﬁdes
1654 4455 1761 4494 non
1787 4449 1872 4497 est
1900 4442 2052 4512 ﬁdes,
2097 4449 2222 4519 quia

638 4527 748 4567 non
779 4524 862 4570 est
904 4532 971 4572 ex
1019 4521 1305 4579 dilectione
1351 4525 1447 4582 Dei
1493 4537 1548 4583 et
1577 4531 1832 4600 proximi,
1877 4535 1971 4590 sed
2008 4545 2218 4596 terrena
2249 4531 2298 4590 Ι)

636 4603 908 4673 objuratio
967 4611 1214 4668 animalis
1263 4625 1316 4670 et
1386 4619 1649 4676 diabolica
1704 4623 1993 4681 devinctio.
2051 4628 2221 4687 Nemo

635 4691 800 4766 igitur
836 4697 975 4756 bene
1003 4712 1184 4759 servat
1213 4705 1394 4774 ﬁdem,
1434 4710 1526 4766 ubi
1557 4717 1922 4772 contemnitur
1951 4719 2111 4790 Deus,
2163 4734 2218 4780 et

635 4787 924 4860 negligitur
964 4791 1161 4850 futurae
1185 4797 1310 4852 vitae
1332 4801 1562 4869 proximi
1585 4805 1749 4861 salus.

1266 4906 1594 4950 Αυεουλτυδ.
1777 4898 1786 4905 ’

702 4969 818 5027 Heu
843 4988 1002 5042 quam
1029 4993 1236 5058 misera
1265 4983 1439 5037 aetatis
1463 4994 1660 5042 nostrae
1683 4991 1894 5056 saecula,
1925 4993 1977 5048 in
2017 4997 2210 5065 quibus

631 5073 842 5130 semper
866 5055 1106 5120 omnium
1131 5071 1387 5137 praecedit
1409 5073 1546 5129 velle
1571 5094 1583 5128 :
1611 5077 1802 5134 deinde
1823 5055 2049 5152 quiquid
2069 5086 2210 5156 sapit

629 5151 858 5223 quisque
888 5165 943 5209 et
966 5167 1164 5225 potest,
1197 5162 1264 5216 ad
1297 5163 1399 5219 hoc
1437 5165 1748 5238 conﬂigere,
1775 5178 1832 5224 ut
1857 5151 2204 5241 compleatur,

628 5240 755 5298 licet
779 5260 943 5315 prava
968 5248 1161 5306 affectu
1189 5258 1488 5323 praesertim
1517 5274 1639 5312 cum
1666 5275 1854 5330 sapere
1877 5262 2028 5332 prius
2065 5276 2208 5322 esset

627 5335 997 5392 necessarium
1026 5342 1171 5410 quod
1218 5343 1354 5400 velle
1374 5346 1602 5403 deberes
1627 5364 1641 5413 ;
1675 5349 1870 5404 deinde
1900 5351 2036 5406 velle
2063 5356 2206 5422 quod

625 5436 844 5492 saperes
865 5443 880 5491 ;
905 5428 1090 5500 sicque
1115 5431 1328 5489 demum
1353 5450 1513 5508 agere
1553 5437 1707 5493 bonae
1729 5439 2020 5497 voluntatis
2061 5444 2208 5513 quod

625 5528 832 5584 posses.
865 5518 1019 5578 Nune
1047 5533 1227 5580 autem
1254 5537 1494 5583 monstra
1537 5531 1778 5602 omnium
1806 5533 2024 5603 pariunt
2053 5550 2204 5591 men-

631 5613 730 5672 tes,
757 5623 880 5666 cum
908 5615 1053 5682 quod
1102 5618 1252 5687 sequi
1281 5619 1562 5688 debuerat,
1612 5617 1897 5692 praecedit;
1945 5634 2001 5681 et
2042 5637 2203 5699 caput

632 5697 772 5765 quod
823 5708 1146 5773 praecedere,
1204 5711 1402 5778 passim
1443 5711 1721 5782 sequitur;
1774 5716 2058 5790 mediaque

1445 309 1504 365 S.
1543 309 1901 370 PASCHASH
1938 314 2288 374 RADBERTI
2325 318 2616 378 ABBATIS
2655 321 3108 381 CORBEIENSIS

3847 333 3982 390 15%

2349 440 2516 489 testas
2539 433 2832 490 ludibunda
2861 436 2987 491 hinc
3012 437 3136 493 inde
3179 443 3371 504 tumet,
3402 454 3468 496 ac
3512 455 3621 512 per
3654 441 3777 499 hoc
3808 448 3982 502 omni-

2339 524 2442 580 bus
2470 525 2527 579 ﬁt
2550 525 2680 581 illud
2705 529 2846 597 quod
2877 527 3129 584 Comicus
3153 530 3266 584 ait:
3303 530 3460 600 Volo,
3497 534 3678 600 nolo;
3712 535 3976 609 noloqm,

2341 615 2464 670 volo
2489 633 2504 683 ;
2534 625 2588 671 et
2617 627 2702 674 est
2727 619 2954 690 singulis
2980 619 3166 676 infelix
3196 621 3420 678 nimium
3466 639 3538 682 ac
3563 626 3832 697 puerilis
3861 643 3978 684 ver-

2343 705 2474 778 tigo.

2965 797 3303 841 ΡΑςειιΑειιιθ.

2414 865 2553 922 Hinc
2609 883 2738 924 sane
2794 885 2982 925 eorum
3015 872 3211 944 aliquis
3259 891 3324 931 ex
3371 879 3760 936 senatoribus
3803 883 3974 953 prior,

2341 969 2466 1012 cum
2511 967 2699 1014 contra
2725 977 2848 1015 eum
2893 971 2951 1016 ut
2996 979 3056 1018 se
3102 966 3398 1037 corrigeret
3425 967 3610 1025 ferme
3641 981 3798 1027 ante
3833 974 3978 1029 bien-

2342 1046 2493 1101 nium
2551 1049 2949 1120 depromerem,
3003 1055 3212 1110 ratione
3240 1069 3534 1127 superatus
3559 1070 3623 1115 et
3668 1067 3976 1121 sententiis

2341 1139 2541 1195 divinis
2567 1159 2579 1194 :
2605 1141 2894 1199 Audisne?
2927 1146 3119 1216 inquit.
3154 1147 3402 1205 Profecto
3426 1151 3536 1207 ista
3560 1169 3704 1223 qua:
3753 1172 3976 1224 narras,

2342 1230 2468 1286 licet
2493 1233 2693 1300 divina,
2726 1235 2779 1289 in
2811 1251 2876 1291 eo
2925 1240 3144 1304 saeculo,
3179 1256 3285 1310 quo
3315 1244 3429 1298 nati
3462 1253 3521 1299 et
3565 1246 3816 1315 quando
3867 1249 3976 1304 nati

2340 1335 2545 1384 sumus,
2566 1321 2744 1378 locum
2776 1328 2998 1396 agendae
3023 1328 3398 1387 vitaehabuere
3420 1342 3477 1387 et
3493 1333 3617 1387 vim
3641 1335 3972 1391 dictorum:

2341 1426 2484 1467 nunc
2514 1421 2693 1469 autem
2719 1414 2772 1468 in
2797 1417 2900 1471 isto
2923 1433 3030 1488 quo
3067 1436 3208 1476 nunc
3237 1437 3448 1488 sumus,
3480 1425 3641 1480 scias
3691 1428 3845 1482 nihil
3877 1431 3976 1484 uti-

2341 1499 2510 1555 litatis
2547 1509 2600 1556 et
2659 1503 2886 1560 rationis
2936 1506 3133 1562 inesse.
3191 1508 3287 1564 llis
3328 1511 3514 1582 itaque
3545 1515 3736 1570 dictis
3776 1518 3976 1574 disces-

2339 1593 2548 1658 simus;
2597 1595 2687 1650 ille
2715 1607 2837 1666 post
2882 1615 3038 1656 suum
3084 1603 3222 1659 velle
3275 1605 3582 1674 desudans,
3620 1625 3743 1682 ego
3795 1628 3831 1667 a
3861 1629 3974 1669 meo

2341 1697 2498 1754 posse
2517 1685 2822 1756 quiescens.

2975 1780 3310 1820 ADEODATUS.

2373 1913 2384 1924 ι
2414 1846 2520 1906 lsta
2541 1849 2740 1921 quippe
2782 1868 2869 1908 res
2893 1869 2998 1910 non
3033 1865 3237 1912 tantum
3272 1856 3291 1929 [
3320 1859 3358 1912 ι.
3384 1859 3539 1933 tam]
3577 1864 3832 1920 caecitas
3857 1880 3969 1922 esse

2337 1936 2568 2004 videtur,
2619 1940 2694 1994 mi
2723 1940 2996 2010 Paschasi,
3045 1961 3208 2016 quam
3237 1949 3373 2003 mira
3423 1953 3644 2008 mentis
3703 1959 3966 2012 amentia.

2339 2027 2440 2084 Hic
2459 2031 2604 2086 enim
2635 2034 2840 2090 sentire
2875 2051 2984 2108 quo
3020 2039 3124 2105 sit;
3155 2041 3350 2110 quidve
3395 2054 3527 2114 agat
3561 2027 3844 2118 aliquis;
3893 2066 3969 2110 re.

2337 2120 2548 2175 cordari
2577 2136 2704 2178 vero
2727 2139 2834 2194 quo
2871 2125 3070 2195 fuerit,
3117 2131 3359 2200 qualisve
3407 2135 3801 2195 nutabundus
3841 2153 3963 2206 eat;

2336 2223 2438 2265 nec
2465 2218 2661 2294 .tamen
2705 2215 2883 2272 redire
2912 2228 3094 2286 posset
3128 2230 3222 2277 aut
3270 2223 3404 2278 velle
3435 2224 3491 2280 in
3526 2227 3589 2281 id
3641 2232 3806 2299 quod
3847 2233 3958 2297 fuit,

2339 2301 2430 2364 sed
2454 2284 3070 2372 agendoinsensiliiliter
3100 2312 3178 2367 ire
3199 2321 3323 2384 post
3363 2330 3525 2370 suum
3564 2284 3746 2386 velie,
3791 2338 3864 2379 ne
3903 2325 3960 2378 ad

2340 2407 2399 2450 se
2422 2395 2612 2451 redeat
2632 2396 2725 2468 qui
2754 2396 2875 2454 fuit.

3009 2509 3258 2551 SEVERUS.

2338 2570 2360 2652 ἰ
2409 2575 2563 2644 Quis,
2595 2579 2838 2650 inquam,
2865 2583 2986 2654 plus
3017 2602 3180 2644 sensu
3209 2591 3445 2648 deﬁcisci
3503 2593 3838 2674 [deﬁcene]
3869 2617 3952 2671 po-

2337 2672 2462 2730 test,
2501 2683 2665 2738 quam
2701 2673 2790 2740 qui
2820 2688 2918 2728 nec
2949 2691 3008 2731 se
3038 2680 3220 2745 sentit,
3245 2682 3326 2737 vel
3353 2686 3486 2754 quid
3517 2688 3683 2744 dicat
3705 2672 3832 2763 ipse
3853 2709 3948 2749 non

2336 2757 2485 2811 audit
2511 2757 2534 2811 ἲ
2572 2757 2676 2816 Sed
2727 2761 2885 2830 forte,
2914 2775 2974 2820 ut
3001 2783 3142 2835 reor,
3173 2773 3376 2841 putatis
3401 2791 3502 2832 vos
3527 2757 3752 2837 clarius
3782 2784 3934 2839 dem-

2337 2855 2526 2917 gantes
2571 2863 2670 2905 nec
2697 2851 2812 2922 ipsa
2859 2852 3150 2915 furibunda
3205 2861 3418 2919 silentia
3462 2869 3690 2936 possint
3738 2873 3940 2929 audire.

2335 2937 2541 2998 Idcirco
2564 2941 2710 3015 loqui
2739 2946 2906 3006 libere
2930 2951 3057 3007 talia
3079 2953 3303 3012 minime
3335 2956 3679 3018 formidatis.

2963 3058 3301 3102 PASCHASHIS.

2406 3123 2702 3198 Loquimur
2731 3129 2797 3186 de
2823 3132 2928 3188 ﬁde
2957 3135 3133 3204 qualis
3159 3153 3280 3194 esse
3321 3141 3520 3196 debeat
3554 3144 3710 3200 circa
3757 3149 3938 3218 proxi-

2335 3233 2472 3284 mos,
2513 3220 2754 3289 qualisve
2780 3225 3009 3280 servari.
3041 3227 3108 3282 Et
3138 3229 3258 3284 ideo
3287 3231 3516 3288 minime
3540 3234 3823 3291 silendum
3848 3253 3935 3309 pu-

2336 3309 2444 3363 tavi
2471 3326 2486 3376 ;
2513 3311 2664 3380 quia,
2697 3321 2755 3368 ut
2807 3316 2974 3382 nosti,
3027 3317 3168 3374 hanc
3209 3321 3470 3378 Arsenius
3509 3333 3697 3379 noster
3758 3329 3934 3383 tenuit

2333 3415 2477 3465 vere,
2509 3402 2650 3458 hanc
2690 3405 2958 3473 exhibuit,
3011 3408 3153 3465 hanc
3206 3413 3465 3479 servavit,
3517 3429 3642 3484 quae
3699 3431 3829 3471 mm
3857 3419 3930 3471 di-

2331 3489 2563 3547 lectione
2599 3504 2873 3564 operatur,
2907 3497 2961 3552 in
2989 3500 3201 3557 cunctis
3233 3502 3462 3557 veritate
3491 3503 3750 3570 fulcitur,
3769 3505 3925 3574 justi-

2332 3582 2406 3635 tia
2437 3583 2761 3652 roboratur;
2803 3602 2910 3642 non
2951 3604 3072 3658 quae
3123 3594 3584 3650 assentationibus
3649 3597 3796 3653 male
3841 3599 3920 3653 de-

2333 3675 2484 3744 cipit,
2513 3684 2567 3731 et
2604 3691 2723 3746 quae
2751 3679 2946 3750 cuique
2993 3681 3212 3738 libuerit
3235 3685 3492 3740 vitiorum
3541 3689 3802 3743 extollit:
3835 3689 3921 3744 sed

2332 3765 2384 3820 in
2417 3767 2566 3822 omni
2609 3772 2823 3840 negotio
2863 3781 2917 3826 et
2960 3775 3148 3841 verbo,
3177 3775 3230 3829 in
3265 3777 3412 3831 omni
3450 3793 3513 3832 re
3548 3787 3605 3833 et
3636 3794 3917 3845 consensu,

2331 3856 2562 3912 amicam
2605 3860 2708 3915 sibi
2750 3863 3112 3936 scrutabatur
3135 3865 3314 3921 inesse
3344 3868 3663 3935 veritatem,
3695 3879 3752 3925 et
3777 3872 3917 3942 quasi

2331 3946 2400 4001 ab
2429 3963 2605 4020 ungue
2634 3950 2872 4020 singulas
2904 3968 3085 4008 rerum
3111 3955 3446 4026 disquirebat
3469 3961 3916 4031 negotiorumque

2330 4053 2543 4106 causas,
2570 4057 2636 4096 ne
2662 4041 2802 4098 forte
2825 4044 3016 4100 rimam
3045 4047 3101 4101 in
3121 4047 3303 4119 aliquo
3327 4048 3543 4106 falsitas
3565 4053 3912 4120 praeeidisset.

2329 4129 2531 4187 Deinde
2562 4143 2618 4187 ut
2663 4135 2886 4208 singulae
2930 4137 3056 4194 ﬁdei
3102 4149 3282 4210 partes
3304 4140 3536 4210 iustitiae
3576 4145 3910 4201 harmoniam

2329 4235 2436 4275 uno
2467 4233 2731 4278 concentu
2760 4227 3137 4296 praecinerent,
3166 4230 3267 4286 sibi
3296 4246 3481 4287 coram
3528 4234 3709 4290 oculis
3737 4238 3909 4290 munia

2327 4313 2674 4384 assignabat,
2714 4326 2878 4388 atque
2934 4328 2993 4376 ut
3047 4323 3231 4378 omnia
3289 4325 3615 4381 intrinsecus
3680 4328 3908 4384 εδει-ξω

2327 4413 2531 4474 ageret,
2555 4409 2794 4478 quotidie
2821 4413 3076 4482 precibus
3101 4415 3331 4472 Domino
3365 4420 3808 4477 commendabat.

2945 4540 3301 4614 CAPUTJV.

2949 4651 3281 4692 ADEODLTUS.

2393 4729 2560 4785 Miror
2608 4734 2878 4802 quomodo
2929 4737 3072 4793 inter
3117 4739 3300 4795 varias
3345 4749 3400 4795 et
3448 4741 3807 4808 innumeras,
3847 4755 3897 4799 ut

2321 4821 2501 4888 audio,
2525 4839 2812 4880 causarum
2850 4830 3233 4899 occupationes
3273 4839 3385 4886 tam
3423 4832 3632 4889 intente
3671 4836 3786 4892 Deo
3811 4851 3897 4889 va-

2317 4913 2495 4980 cabat,
2513 4928 2676 4986 atque
2702 4918 3008 4989 ubicunque
3032 4922 3135 4977 sibi
3158 4931 3354 4992 praesto
3367 4924 3581 4989 aderat,
3606 4928 3894 4996 praei-tim

2316 5017 2438 5057 cum
2463 5020 2562 5060 nos
2606 5009 2915 5077 quantoties
2943 5011 3070 5065 dum
3117 5027 3308 5069 vacare
3346 5014 3458 5070 Deo
3503 5016 3778 5082 volumus,
3803 5015 3890 5070 ab-

2317 5096 2601 5176 ducimur;
2633 5108 2688 5154 et
2739 5115 2863 5156 cum
2913 5105 3208 5174 quaerimus
3241 5117 3477 5176 nosmet,
3525 5110 3621 5164 vix
3657 5109 3894 5166 invenire

2311 5171 2617 5252 possumus.

2939 5300 3275 5343 PASCHASIUS.

2383 5365 2608 5432 Fateor,
2660 5367 2933 5427 Adeodate
2986 5375 3059 5428 mi
3112 5376 3473 5441 charissrme,
3519 5379 3650 5447 quia
3701 5380 3888 5452 ubique

2312 5466 2492 5509 secum
2519 5469 2732 5525 semper
2751 5471 2871 5512 cum
2902 5459 3011 5515 Deo
3034 5472 3172 5516 erat.
3204 5462 3323 5520 Non
3343 5465 3486 5521 enim
3510 5481 3590 5529 se,
3607 5468 3882 5534 utdicitur,

2311 5543 2472 5599 rebus
2501 5547 2764 5614 tradebat,
2793 5550 2887 5604 sed
2933 5556 3349 5612 commendabat
3377 5575 3390 5611 :
3423 5572 3662 5628 suasque
3687 5563 3881 5632 cogita-

2311 5631 2482 5688 tiones
2510 5633 2650 5689 inter
2695 5635 3027 5706 frequentias
3070 5642 3348 5699 hominum
3379 5653 3647 5713 tractans,
3691 5631 3878 5719 aliquid

2306 5723 2408 5781 sibi
2440 5725 2672 5781 salutare
2711 5743 2922 5800 semper
2968 5731 3020 5786 in
3047 5733 3228 5789 animo
3257 5736 3497 5806 gerebat.
3531 5735 3600 5792 Et
3641 5749 3703 5793 ut
3743 5740 3878 5796 inﬁdi
