4122 6324
241 261 383 318 1569

941 263 1028 319 DE
1066 263 1230 319 γιτΑ
1270 263 1524 331 WALE,
1561 263 1695 321 SEU
1737 259 2161 320 EPITAPHIUM
2197 261 2569 320 ARSENII.—
2607 265 2736 322 LIB.
2777 265 2816 321 1.

3387 271 3530 327 1570

238 376 400 432 ﬁdem
427 375 708 448 recipiant,
736 385 903 432 testor
935 393 1210 448 nunquam
1240 395 1327 436 me
1353 379 1553 435 vidisse
1576 379 1832 449 aliquem,
1864 381 1910 441 Α
1937 377 2275 448 Apostolum,
2313 379 2457 448 quod
2504 394 2534 433 a
2580 379 2809 436 Domino
2847 380 3074 437 ulterius
3112 381 3382 454 justorum
3428 400 3526 440 εχ-

237 469 330 540 qui
370 469 471 524 sibi
501 468 702 537 ubique
760 477 866 522 tam
904 480 1102 540 praesto
1129 478 1294 536 esset,
1335 478 1554 540 tamque
1601 471 1832 526 sollicite

235 561 442 632 passim
471 560 754 615 incederet
779 581 792 614 :
835 561 906 614 ita
947 569 1005 615 ut
1028 562 1139 626 vix,
1163 562 1247 617 vel
1274 579 1548 633 nunquam
1573 579 1632 619 se
1662 563 1831 618 abdu-

235 660 409 714 ceret,
437 649 564 704 licet
584 650 746 704 rebus
771 661 1132 721 occuparetur
1156 651 1458 707 innumeris
1478 661 1532 708 et
1553 653 1824 710 maximis.

233 747 383 803 Inter
403 746 594 816 epulas
639 754 820 800 autem
869 762 992 800 cum
1026 754 1117 800 aut
1146 746 1258 817 ipse
1289 747 1552 817 hospites,
1581 758 1674 802 aut
1703 763 1828 803 eum

233 851 557 906 magnorum
593 835 788 905 aliquis
839 845 1116 902 vocasset;
1180 853 1454 906 nunquam
1503 847 1611 892 tam
1649 839 1828 894 sobrie

231 925 386 996 potui
407 926 677 981 continuis
704 927 1037 997 temporibus
1058 928 1372 999 dignoscere
1395 939 1715 994 sumentem,
1753 931 1826 985 ita

231 1024 295 1070 ut
323 1017 546 1072 refectio
574 1018 785 1088 prandii
815 1033 845 1071 a
879 1018 1127 1088 plurimis
1157 1035 1365 1074 summa
1403 1029 1682 1091 putaretur
1725 1021 1824 1077 ab-

233 1107 495 1163 stinentia
531 1114 586 1163 et
614 1108 948 1178 parcimonia
978 1110 1173 1176 victus,
1201 1111 1245 1166 si
1279 1112 1346 1166 ad
1382 1120 1609 1178 tantam,
1634 1113 1824 1167 saltem

233 1195 673 1267 Quadragesimae
705 1199 1059 1268 temporibus,
1084 1209 1304 1270 possent
1327 1203 1638 1273 contingere
1656 1203 1824 1258 absti-

231 1287 496 1344 nentiam.
521 1287 566 1344 O
596 1288 864 1345 infelicem
903 1306 1012 1358 me,
1033 1292 1124 1362 qni
1147 1309 1292 1349 nunc
1319 1294 1435 1365 ejus
1453 1297 1638 1366 privor
1660 1311 1820 1366 aspe-

231 1380 432 1445 ctibus,
481 1395 582 1436 nec
625 1382 887 1438 erubesco
915 1398 1077 1454 agere
1126 1400 1308 1440 coram
1359 1386 1625 1456 pluribus,
1678 1389 1821 1457 quod

229 1480 361 1529 tunc
393 1475 622 1530 verebar
674 1490 858 1531 coram
911 1491 996 1532 eo.
1042 1477 1292 1532 Sciebam
1342 1479 1487 1534 enim
1534 1480 1677 1550 quod
1713 1496 1819 1536 non

227 1574 501 1635 parceret,
544 1566 590 1621 si
636 1565 910 1636 quidpiam
957 1567 1311 1624 immoderate
1348 1570 1712 1626 admitterem.
1745 1573 1820 1627 De

228 1655 426 1725 quibus
477 1656 736 1712 Severum
783 1657 942 1712 velim
973 1657 1294 1727 interroges,
1325 1661 1580 1728 quoniam
1612 1669 1667 1715 et
1706 1660 1819 1731 ipse

227 1761 392 1818 quam
413 1761 554 1806 saeue
586 1762 798 1806 mecum
822 1748 981 1804 istam
1006 1749 1598 1820 pertulitdisciplinam.

898 1876 1150 1918 SEVERUS.

297 1949 444 2007 Satis
492 1952 676 2022 utique
702 1952 956 2008 advertor
979 1953 1249 2026 [adverto]
1295 1971 1416 2030 quze
1449 1957 1702 2028 intendis,
1754 1967 1817 2021 ul

224 2050 408 2112 pateat
428 2041 740 2112 aliquando,
772 2043 1018 2105 forsitam
1048 2054 1191 2121 quod
1241 2042 1460 2108 manum
1484 2056 1691 2111 avidius
1731 2056 1814 2111 ori

223 2140 792 2204 porrexeratnzunde
847 2140 976 2210 quid
1038 2141 1303 2197 invexerit
1361 2144 1502 2198 inter
1556 2161 1654 2200 nos
1703 2146 1824 2201 fre--

225 2237 458 2297 Quenter
479 2230 858 2296 habuimus,et
883 2229 1060 2286 adhuc
1088 2231 1248 2287 hodie
1276 2247 1372 2302 pro
1393 2247 1553 2302 quam
1578 2234 1810 2303 plurima

224 2335 320 2376 sua
344 2321 647 2377 invectione
661 2322 851 2378 saltem
867 2323 1198 2379 conscientia
1219 2323 1588 2381 verberamur.
1606 2326 1810 2382 Tamen

223 2409 290 2466 de
325 2411 521 2480 quibus
554 2412 709 2477 dicis,
741 2421 904 2469 testes
923 2422 1249 2484 suntpatres
1276 2430 1340 2470 ac
1365 2414 1561 2472 fratres
1592 2425 1646 2472 et
1677 2432 1808 2472 con-

223 2501 491 2572 discipuli,
520 2503 613 2572 qni
662 2513 862 2559 norunt
903 2507 1047 2576 quod
1087 2505 1139 2560 in
1186 2506 1406 2561 modum
1445 2507 1696 2578 agriculas
1724 2523 1810 2564 sa-

222 2592 435 2658 rientis,
463 2595 685 2650 verbum
733 2605 791 2650 ct
832 2597 1191 2668 correptionis
1235 2601 1558 2655 sententiam
1598 2617 1722 2656 mox
1754 2601 1808 2656 in

223 2682 381 2738 initio
408 2687 616 2754 peccati
659 2701 758 2755 pro
801 2687 1017 2744 sarculo
1044 2688 1274 2755 ferebat,
1314 2700 1579 2760 quatenus
1607 2690 1808 2748 Christi

220 2775 416 2832 messis
440 2777 660 2832 uberior
683 2779 988 2848 pullularet.
1047 2779 1290 2851 Namque
1321 2797 1429 2837 non
1461 2791 1522 2837 ut
1563 2784 1801 2853 quidam,

219 2883 393 2938 usque
415 2870 481 2925 ad
509 2873 876 2928 excrescentia
901 2873 1094 2928 delicta
1115 2873 1421 2930 deliberans
1451 2875 1683 2945 agebat:
1710 2875 1807 2932 sed

218 2973 342 3013 mox
370 2960 422 3014 in
449 2961 675 3031 singulis
701 2963 912 3033 peccati
953 2964 1218 3035 originem
1262 2965 1411 3020 verbi
1450 2965 1628 3037 gladio
1664 2966 1806 3036 peri-

217 3051 418 3106 mebat.
454 3052 734 3121 Quomodo
761 3057 922 3126 igitur
946 3057 1059 3111 suis
1091 3056 1358 3124 ignaviter
1401 3066 1668 3128 parceret,
1711 3059 1801 3129 qui

218 3156 482 3211 nusquam
530 3153 583 3199 et
612 3161 887 3216 nunquam
927 3147 1353 3211 sublimioribus,
1384 3148 1488 3204 nisi
1539 3161 1804 3216 moneret,

217 3233 420 3286 cessit?
455 3233 680 3290 Fecerat
729 3237 874 3291 enim
923 3238 1250 3293 sententiam
1299 3236 1600 3294 Salomonis
1629 3255 1802 3305 suam,

215 3322 362 3391 quod
395 3325 556 3378 verba
593 3326 852 3396 sapientis
886 3328 994 3382 sirt
1021 3329 1174 3398 quasi
1221 3329 1422 3384 stimuli
1471 3336 1527 3385 et
1569 3329 1706 3384 clavi
1749 3330 1804 3384 in

215 3415 382 3469 altum
420 3416 624 3482 deﬁxi;
659 3419 784 3488 quia
812 3419 1078 3490 deﬁgebat
1104 3422 1324 3490 cuspide
1371 3423 1519 3476 verbi
1550 3421 1803 3476 vitiorum

214 3514 514 3570 crementa,
545 3515 600 3562 et
625 3507 886 3564 virtutum
917 3510 1138 3564 exordia
1167 3511 1220 3565 in
1253 3511 1419 3565 altum
1461 3511 1668 3566 ﬁrmius
1712 3527 1802 3566 so-

214 3595 437 3650 lidabat.
467 3596 621 3652 Felix
652 3598 876 3653 nimium
921 3599 1240 3670 beatusque,
1270 3601 1360 3670 qui
1412 3601 1575 3656 tantis
1620 3616 1801 3656 rerum

215 3689 550 3758 alternisque
575 3690 893 3747 decursibus
920 3700 1233 3762 occupatus,
1260 3693 1364 3748 sibi
1389 3708 1527 3748 unus
1554 3693 1804 3762 idemque

214 3779 509 3836 continuus
536 3790 656 3836 erat
701 3797 894 3838 censor
923 3783 1172 3850 eximius,
1202 3784 1293 3854 qui
1347 3800 1406 3841 se
1459 3794 1578 3840 tam.
1609 3784 1664 3838 in
1695 3785 1802 3839 alto

215 3883 431 3924 secessu
463 3871 675 3936 studiis,
722 3872 831 3926 Deo
874 3873 1236 3945 charitatique
1271 3875 1517 3930 vacabat.
1553 3873 1666 3930 Hoc
1699 3875 1801 3946 igi-

216 3968 306 4012 tur
337 3960 608 4029 negotium
653 3962 772 4031 ejus
817 3971 872 4018 et
909 3979 1070 4020 causa
1121 3965 1345 4034 negotii,
1396 3966 1498 4022 hoc
1544 3965 1712 4019 otium
1748 3973 1802 4021 et

215 4048 392 4114 labor,
438 4051 551 4105 haec
582 4049 781 4120 jejunia
807 4062 864 4108 et
900 4054 1115 4123 vigiliae,
1141 4055 1254 4111 haec
1283 4071 1415 4110 cura
1459 4066 1513 4112 et
1542 4065 1801 4127 perpetua

214 4139 416 4194 mentis
438 4139 762 4207 sollicitudo,
791 4152 846 4196 ut
873 4160 1148 4215 nunquam
1195 4146 1484 4211 desineret,
1522 4147 1663 4217 quod
1711 4161 1801 4201 se-

215 4231 322 4286 mel
351 4242 591 4302 coeperat
621 4235 674 4289 in
703 4235 894 4290 militia
923 4236 1146 4292 Christi.
1183 4235 1333 4292 Unde
1361 4238 1650 4308 plurimum
1680 4237 1801 4292 aliis

214 4323 432 4387 enituit,
464 4325 606 4393 quod
635 4326 738 4381 sibi
786 4329 862 4382 ait
900 4329 1009 4384 Deo
1037 4345 1100 4385 ac
1130 4330 1393 4399 proximis
1425 4340 1606 4385 tantus
1633 4331 1799 4385 idem-

213 4425 322 4481 que
351 4427 565 4482 semper
587 4413 686 4469 fuit
712 4434 726 4481 ;
752 4432 849 4472 nec
871 4418 959 4472 ulli
989 4419 1108 4488 plus
1130 4436 1292 4490 quam
1316 4421 1419 4476 sibi
1442 4436 1798 4488 severus,nec
1825 4441 1878 4500 ι)

213 4500 382 4556 alium
407 4505 578 4574 magis
599 4521 760 4576 quam
791 4515 962 4561 semet
983 4507 1266 4576 judicavit.

843 4635 1070 4692 CAPUT
1113 4636 1176 4691 V.

837 4747 1178 4788 PASCIIASIUS.

282 4839 582 4912 Perpendo,
599 4842 785 4908 frater,
808 4851 863 4898 et
892 4844 1071 4898 recolo
1097 4859 1216 4913 quae
1245 4843 1445 4898 sentis:
1463 4844 1800 4914 sedgnecdnm

211 4939 297 4986 est
327 4930 495 4997 locus,
545 4945 570 4973 α
604 4933 730 4988 licet
776 4935 976 4989 invitus
1014 4951 1132 5004 quae
1173 4935 1448 5004 proponis.
1486 4935 1689 4989 Tamen
1733 4936 1801 4990 de

211 5023 299 5078 his
327 5022 500 5079 fateor
525 5025 814 5096 aliquando
838 5041 923 5080 me
968 5026 1114 5080 illum
1141 5027 1526 5096 interrogasse,
1559 5043 1657 5081 cur
1697 5027 1800 5084 sibi

213 5125 323 5170 tam
355 5131 600 5183 severus,
646 5127 718 5180 et,
777 5118 903 5173 dum
936 5117 1082 5174 solus
1107 5127 1271 5183 esset,
1301 5126 1411 5172 tam
1435 5118 1605 5174 tristis
1656 5119 1801 5174 ince-

211 5207 385 5262 deret.
419 5208 498 5263 Ad
529 5210 673 5279 quod
719 5209 809 5264 ille
847 5227 859 5262 :
894 5209 1121 5264 Noveris
1150 5209 1276 5278 quia
1330 5224 1541 5264 mecum
1573 5223 1714 5274 sum,
1747 5216 1803 5263 et

212 5298 355 5369 quod
390 5300 442 5353 in
481 5316 566 5354 me
590 5309 695 5364 est,
735 5301 990 5355 decerno.
1023 5298 1229 5354 Idcirco
1262 5299 1424 5354 nullis
1463 5299 1660 5363 adhuc,
1693 5298 1798 5354 nisi

210 5392 279 5446 de
307 5391 419 5446 sola
469 5407 586 5462 spe,
633 5391 903 5447 hilaresco
956 5391 1184 5462 gaudiis.
1241 5390 1585 5460 Perpendant
1634 5390 1798 5460 igitur

209 5483 384 5538 nostri
430 5483 520 5551 qui
547 5498 671 5538 eum
702 5483 893 5538 rodere
939 5491 1224 5547 conantur,
1266 5491 1322 5537 et
1370 5481 1560 5536 alienis
1614 5479 1798 5536 crimi-

208 5585 415 5631 nantur
435 5575 625 5646 culpis,
658 5575 749 5646 qui
779 5590 836 5631 se
859 5575 928 5629 ita
955 5575 1284 5645 percensuit.
1314 5573 1584 5629 Putantne
1604 5581 1794 5629 contra

1933 468 2096 523 torris
2123 483 2154 522 a
2180 469 2408 524 consilio
2436 470 2751 540 judicetur?
2779 473 2887 526 imo
2915 471 3131 528 Christo
3159 474 3248 528 cui
3297 475 3528 554 adhysit

1931 557 1986 611 in
2029 559 2139 612 vita
2172 559 2573 629 complantatus
2606 561 2660 614 in
2693 577 2941 632 corpore,
2974 564 3401 634 gratulabundus
3432 582 3524 622 ca-

1930 650 2010 704 nit
2038 665 2052 703 :
2088 650 2344 706 Liberasti
2381 669 2460 706 me
2486 653 2549 706 de
2576 653 2760 725 laqueo
2788 657 3086 711 venantium
3121 667 3172 711 et
3193 675 3224 712 a
3251 659 3400 715 verbo
3433 677 3523 715 as-

1927 757 2048 811 pero
2079 740 2263 808 (Psal.
2297 759 2385 808 xc,
2415 743 2500 815 5).
2541 744 2648 799 Sed
2695 747 2811 816 ipse
2851 748 2977 802 dum
3006 750 3202 806 talibus
3249 762 3304 806 et
3354 752 3521 809 tantis

1928 844 2224 888 evacuatur
2273 836 2449 900 malis,
2501 853 2600 892 nos
2649 839 2876 894 miseros
2925 841 3181 912 reliquit:
3215 859 3323 912 quo
3357 843 3520 899 velim

1927 922 2232 994 ignoscant,
2267 926 2311 980 si
2350 925 2686 994 prolabimur
2735 929 2802 982 ad
2854 929 3120 1000 lacrymas
3164 933 3427 988 secretius
3462 934 3519 988 in

1925 1031 2164 1082 secessu,
2198 1019 2290 1088 qui
2335 1019 2486 1088 prius
2531 1021 2911 1090 repressimus,
2963 1040 3030 1079 ne
3075 1025 3387 1081 videremur
3425 1027 3520 1083 de-

1923 1105 2072 1173 flere,
2094 1124 2256 1178 quem
2285 1110 2452 1179 gratis
2470 1110 2699 1164 oderant
2715 1111 2904 1181 iniqui.
2921 1111 3074 1169 Nunc
3097 1123 3274 1169 autem
3301 1117 3518 1171 tandem

1927 1197 2031 1253 illis
2055 1201 2463 1269 quiescentibus
2515 1199 2749 1256 lamenta
2808 1201 3168 1259 relaxabimus
3195 1246 3210 1271 ,
3251 1205 3508 1275 quoniam

1923 1287 2079 1344 ﬂetus
2107 1299 2162 1344 et
2191 1289 2443 1361 lacryma:
2461 1289 2699 1344 fomenta
2726 1302 2852 1346 sunt
2873 1293 3145 1358 desiderii,
3180 1295 3508 1350 desiderium

1921 1387 2101 1434 autem
2147 1378 2386 1446 jucunda
2441 1379 2750 1434 recordatio
2799 1380 2984 1435 amissi
3027 1398 3041 1446 ;
3095 1383 3372 1451 quoniam,
3409 1381 3515 1437 etsi

1922 1485 2068 1524 mors
2092 1485 2284 1538 aspera
2317 1471 2574 1534 deterret,
2625 1470 2802 1526 blandi
2853 1470 3087 1526 nominis
3129 1473 3392 1529 memoria
3421 1473 3516 1527 de-

1921 1559 2105 1615 lectat.
2137 1559 2290 1616 Unde
2312 1560 2530 1629 quidam
2555 1562 2630 1616 ait
2651 1561 2794 1631 quod
2827 1563 3126 1617 amicorum
3155 1579 3301 1617 mors
3322 1579 3514 1632 quam-

1920 1650 2045 1704 dam
2079 1651 2276 1705 habeat
2307 1651 2661 1722 voluptatem,
2692 1668 2987 1722 eorumque
3037 1654 3298 1708 memoria
3335 1655 3405 1710 sit
3424 1653 3512 1722 ju-

1842 1740 1891 1799 B
1918 1742 2112 1808 cunda,
2132 1743 2400 1811 quomodo
2420 1760 2577 1813 poma
2604 1761 2726 1815 qua:
2751 1745 3004 1800 videntur
3026 1746 3265 1801 suaviter
3291 1761 3506 1817 aspera.

1917 1833 2052 1888 Cum
2082 1849 2210 1906 ergo
2240 1835 2530 1890 intervenit
2563 1838 2822 1906 spatium,
2854 1853 2988 1906 pura
3023 1839 3090 1893 ad
3133 1854 3232 1894 nos
3281 1840 3392 1909 spei
3417 1838 3508 1906 ju-

1916 1925 2167 1985 cunditas
2209 1926 2370 1996 redit,
2412 1927 2538 2000 quia
2567 1929 2807 2001 sicquos
2858 1929 3166 2000 habuimus,
3211 1931 3504 2004 diligimus,

1918 2029 2171 2091 tanquam
2203 2030 2258 2076 et
2283 2037 2382 2076 nos
2423 2021 2555 2077 hinc
2584 2023 2762 2077 subito
2791 2023 2981 2085 ituros,
3013 2025 3198 2093 sicque
3225 2025 3507 2078 amisimus

1916 2118 2173 2180 tanquam
2230 2110 2546 2166 habeamus.
2593 2111 2841 2168 Gloriosa
2895 2113 3114 2183 quidem
3165 2129 3288 2184 spes
3340 2115 3499 2168 beata

1912 2207 1968 2255 et
2024 2200 2227 2254 suavis.
2277 2200 2504 2267 Idcirco,
2564 2203 2636 2256 mi
2681 2212 2838 2273 pater
2885 2204 3112 2271 Arseni,
3166 2205 3505 2276 gratulamur

1915 2291 2022 2355 tui,
2087 2292 2329 2347 solamur
2391 2294 2604 2361 nostri;
2671 2295 2798 2363 quia
2846 2304 2902 2350 et
2953 2305 3004 2351 te
3054 2297 3122 2350 ad
3190 2298 3303 2366 spei
3374 2298 3504 2352 bea-

1913 2384 2192 2439 titudinem
2225 2387 2600 2456 praesumimus
2633 2389 2970 2458 pervenisse,
3004 2403 3211 2458 nosque
3242 2390 3349 2443 tuis
3373 2389 3499 2444 illuc

1910 2478 2120 2534 meritis
2141 2479 2412 2535 credimus
2431 2480 2698 2550 adjuvari,
2725 2479 2851 2535 licet
2893 2480 3018 2534 hinc
3059 2481 3127 2534 ad
3152 2481 3340 2534 horam
3365 2493 3500 2533 moe-

1909 2569 2002 2636 sti,
2034 2578 2212 2624 tamen
2263 2571 2560 2641 gaudentes
2591 2590 2604 2624 :
2635 2571 2761 2640 quia
2807 2572 2900 2626 tibi
2940 2570 3150 2626 felicior
3187 2583 3496 2636 successus,

1909 2674 2070 2729 quam
2094 2660 2252 2715 nobis
2296 2670 2514 2716 maneat
2541 2663 2750 2726 exitus,
2786 2661 2889 2716 nisi
2935 2661 3088 2732 prior
3112 2669 3232 2715 tuus
3262 2661 3497 2715 interve-

1908 2749 2022 2803 niat
2049 2765 2319 2806 recessus.
2342 2751 2504 2806 Forte
2531 2753 2847 2822 expedierat
2875 2761 2936 2806 ut
2957 2753 3084 2816 ires,
3111 2760 3378 2822 quatenus
3402 2766 3496 2820 pa-

1843 2873 1858 2881 -
1908 2841 2133 2896 raclesis
2160 2841 2360 2898 Christi
2395 2844 2597 2911 veniat,
2644 2852 2706 2898 ut
2745 2843 2950 2909 festini,
2991 2843 3191 2898 relictis
3220 2842 3494 2908 omnibus,

1909 2938 2083 2985 tecum
2113 2931 2284 2987 simus
2329 2930 2533 2998 meiite,
2566 2942 2621 2989 et
2670 2933 2954 2988 indefessis
2984 2934 3236 3002 precibus
3264 2932 3494 2988 facultas

1907 3023 2220 3092 capessendi
2247 3023 2316 3078 sit
2339 3024 2574 3089 veniam,
2601 3032 2655 3077 et
2683 3023 3034 3094 perveniendi
3065 3023 3316 3077 fiduciam
3348 3024 3494 3078 acci-

1831 3094 1876 3158 C
1907 3113 2022 3183 piat
2051 3113 2282 3169 animus.
2329 3113 2447 3168 Non
2492 3115 2677 3185 igitur,
2733 3115 2804 3168 mi
2852 3114 3033 3177 Pater,
3073 3113 3258 3167 miseri
3307 3113 3372 3168 de
3418 3122 3492 3179 te,

1909 3203 2002 3260 sed
2042 3205 2205 3270 beati,
2241 3205 2440 3275 quibus
2487 3222 2587 3260 nec
2619 3205 2908 3274 praesentia
2946 3205 2998 3258 in
3047 3205 3237 3273 spiritu
3289 3203 3491 3269 deﬁcit,

1907 3309 2008 3350 nec
2032 3310 2159 3349 cura
2189 3295 2450 3348 minuitur
2472 3295 2727 3364 pastoris,
2757 3295 2851 3348 sed
2878 3302 3106 3364 augetur
3126 3292 3327 3363 gratia.
3350 3293 3493 3358 Quid

1906 3386 2052 3440 enim
2078 3393 2163 3440 est
2215 3400 2382 3450 mors,
2426 3387 2530 3440 nisi
2585 3386 2846 3440 somnus?
2887 3386 3025 3440 sicut
3085 3401 3150 3439 ex
3202 3385 3494 3440 multatum

1907 3475 2312 3546 Scripturarum
2350 3477 2484 3532 locis
2517 3492 2806 3548 possumus
2831 3476 3152 3546 approbare.
3185 3474 3336 3542 Quod
3364 3475 3408 3529 si
3436 3475 3494 3530 in

1906 3569 2081 3623 noctis
2114 3571 2299 3638 quiete
2345 3569 2624 3639 corporeis
2671 3569 2848 3624 adhuc
2885 3568 3115 3622 vinculis
3147 3569 3490 3633 inhazrcntes,

1903 3671 1960 3719 et
1985 3663 2139 3733 quasi
2171 3664 2537 3718 membrorum
2567 3663 2618 3716 in
2646 3677 2870 3717 carcere
2898 3659 3132 3731 religata:
3155 3660 3348 3715 animm
3369 3675 3492 3729 pos-

1903 3764 2032 3811 sunt
2082 3755 2277 3810 altiora
2334 3765 2390 3810 et
2444 3771 2672 3826 quzequc
2715 3755 2829 3810 suis
2887 3754 3121 3809 discreta
3168 3754 3492 3824 imaginibus

1903 3847 2210 3916 perspicere
2245 3865 2258 3901 :
2309 3857 2512 3918 quanto
2543 3848 2714 3918 magis
2743 3847 2891 3900 exuti
2939 3847 3087 3900 omni
3126 3845 3492 3916 corruptionis

1903 3938 2026 3994 labe
2048 3947 2314 4009 spectant,
2363 3948 2422 3993 ut
2454 3938 2673 4007 quidam
2723 3945 3034 3992 sanctorum
3083 3936 3177 4002 ait,
3203 3935 3315 4004 jam
3356 3950 3492 4006 puro

1901 4028 2235 4097 aetherioque
2257 4043 2416 4082 sensu
2431 4028 2454 4081 ?
2469 4027 2621 4082 Unde
2642 4027 2761 4097 plus
2784 4035 2980 4097 prmsto
3010 4035 3059 4082 te
3090 4027 3244 4081 nobis
3275 4025 3491 4080 Patrem

1902 4118 2243 4180 conﬁdimus,
2272 4134 2432 4188 quam
2482 4119 2534 4172 in
2567 4119 2723 4172 istius
2747 4119 2868 4171 vitae
2917 4133 3019 4172 usu
3065 4120 3268 4175 habere
3318 4120 3487 4175 nostri

1900 4210 2263 4282 prospiciendi
2303 4209 2850 4280 adinvicemcopiam
2905 4210 3197 4280 potuimus.
3228 4211 3322 4266 Est
3345 4211 3493 4267 enim

1903 4302 2075 4365 nobis,
2111 4310 2168 4355 ut
2197 4301 2487 4366 credimus,
2509 4299 2707 4369 ubique
2735 4307 2934 4369 praesto
2957 4299 3231 4370 dulcisque
3248 4300 3493 4356 absentia

1901 4407 2178 4465 prmsens,
2229 4391 2372 4461 quod
2427 4399 2552 4444 tunc
2596 4390 2736 4443 illius
2769 4389 2949 4443 omnia
3006 4405 3126 4444 esse
3185 4405 3290 4444 non
3339 4399 3494 4458 pote-

1907 4488 2054 4544 rant,
2078 4479 2235 4533 sicnti
2259 4487 2340 4532 est
2387 4493 2548 4541 nunc,
2589 4475 2828 4530 insuavis
2858 4473 2974 4542 ejtis
3000 4476 3153 4530 valde
3201 4479 3490 4546 prmsentia

1907 4571 2106 4623 absens
2139 4586 2154 4635 ;
2197 4567 2451 4638 quoniam
2492 4567 2544 4620 in
2583 4581 2650 4620 eo
2673 4580 2791 4620 esse
2817 4566 3077 4632 creditur,
3109 4567 3192 4622 cui
3226 4576 3410 4637 patent
3436 4575 3493 4622 et

1905 4668 2104 4729 praesto
2133 4668 2258 4713 sunt
2284 4659 2486 4712 omnia.
2521 4657 2713 4726 Magna
2753 4657 2919 4727 igitur
2942 4667 3182 4728 potestas
3230 4669 3286 4714 et
3313 4660 3486 4714 virtus

1907 4752 2209 4817 ineffabilis,
2239 4752 2312 4806 ita
2340 4759 2399 4805 ut
2425 4767 2524 4807 nec
2553 4766 2719 4815 mors,
2754 4765 2853 4806 nec
2877 4761 3087 4822 tempus
3110 4753 3342 4810 avellere
3369 4769 3491 4823 pos-

1905 4844 1995 4910 sit,
2019 4859 2154 4914 quos
2177 4843 2289 4912 ipsa
2312 4844 2612 4913 eademque
2630 4843 2884 4914 majestas
2907 4843 3000 4898 Dei
3025 4843 3285 4898 beaverit.
3316 4845 3490 4910 Unde,

1909 4937 1981 4992 mi
2012 4935 2196 5001 Pater,
2232 4937 2413 5005 potius
2467 4936 2709 4991 crederis
2751 4951 2896 4990 nunc
2941 4936 3122 4990 vivere
3163 4936 3336 4998 nobis,
3397 4939 3490 5006 qui

1913 5028 2004 5082 tibi
2032 5027 2224 5084 melius
2250 5027 2408 5082 vivis.
2446 5026 2741 5097 Fiuntjam
2774 5026 3026 5096 lacryma:
3053 5025 3255 5091 dulces,
3297 5026 3492 5097 jucun-

1909 5118 2028 5173 dior
2057 5116 2255 5184 ﬂetus;
2290 5117 2568 5188 quoniam,
2597 5117 2698 5170 etsi
2735 5131 2882 5172 mors
2905 5115 3014 5170 odii
3051 5124 3155 5182 est,
3187 5117 3298 5172 vita
3335 5117 3492 5171 nobis

1910 5217 2002 5264 tua
2036 5207 2274 5264 dilectio.
2305 5207 2550 5278 Namque
2601 5221 2747 5261 mors
2774 5206 2977 5261 ebibita
3030 5207 3280 5276 absorpta
3321 5215 3405 5262 est
3436 5207 3488 5260 in

1908 5298 2039 5362 vita,
2064 5306 2117 5353 et
2139 5299 2258 5354 ideo
2278 5299 2435 5362 vivis,
2468 5297 2646 5363 Pater,
2670 5297 2933 5364 beateque
2961 5295 3117 5351 vivis.
3150 5294 3488 5363 Quaesumus,

1905 5391 2052 5446 adsis
2083 5391 2257 5456 nobis,
2289 5390 2432 5460 apud
2458 5404 2618 5459 quem
2660 5387 2855 5442 melius
2892 5387 3053 5453 vivis,
3090 5389 3143 5442 in
3167 5404 3276 5458 quo
3304 5389 3492 5442 vivnnt

1903 5481 2106 5547 omnia,
2143 5495 2350 5551 nosque
2397 5493 2679 5535 movemur
2723 5477 2776 5532 in
2825 5477 2916 5533 i'llo
2965 5486 3019 5533 et
3071 5493 3302 5534 sumus:
3335 5477 3490 5546 cujus

1903 5571 2157 5626 nimirum
2191 5570 2305 5642 spei
2361 5569 2644 5641 promissis
2692 5565 3051 5639 refrigeratur
3100 5567 3262 5624 ardor
3295 5566 3490 5633 animi,

280 5705 306 5734 ι
353 5691 572 5748 Videtur
593 5692 681 5748 hic
704 5692 912 5758 deesse,
943 5691 1127 5746 etideo
1156 5690 1518 5762 pra'termitto,
1567 5692 1650 5744 vel
1695 5687 1825 5760 quid
1864 5687 2060 5746 simile.
