4082 6328
641 289 774 369 45η

638 427 911 484 relaxatus
934 435 1147 492 quoque
1167 417 1454 490 paulisque
1475 426 1807 488 evaporatur
1840 412 2082 469 affectus.
2110 411 2228 479 Quo
2257 415 2302 474 A
2351 463 2354 468 .

641 533 775 589 rogo
804 523 864 570 ut
896 512 1110 568 advolet
1140 509 1360 566 assidue
1398 509 1473 564 tui
1506 509 1673 562 animi
1710 508 1912 578 imago,
1938 505 2230 574 dulcesque

644 605 936 680 perfundat
963 602 1077 658 veri
1109 601 1178 673 (si
1223 599 1302 657 fas
1331 600 1403 654 sit
1439 598 1640 669 dicere)
1673 597 1848 652 somni
1881 595 2141 659 visiones,
2172 600 2232 648 ut

645 707 788 754 totus
822 698 990 763 adsis,
1017 693 1265 765 quisolis
1292 692 1568 763 corporeis
1599 691 1908 761 aspectibus
1935 688 2231 743 defrauda-

643 792 742 848 ris.
771 790 904 845 Nam
960 788 1307 859 quotidianus
1349 795 1473 840 tuus
1502 799 1631 838 usus
1671 782 1857 854 iugem
1898 780 2232 836 recordatio-

643 897 770 937 nem
798 882 1019 944 excitat,
1044 877 1267 933 affectus
1299 875 1586 945 imaginem
1611 881 1965 944 reprzesentat
1991 890 2003 925 :
2037 871 2232 941 quibus

645 973 823 1028 allatis
846 971 1083 1026 dolorem
1117 973 1397 1022 renovant.
1428 965 1493 1017 Et
1537 964 1680 1026 ideo,
1717 963 1790 1016 mi
1835 962 2018 1027 Pater,
2060 961 2231 1014 inter-

645 1063 772 1118 dum
809 1062 957 1126 ades,
987 1069 1036 1114 et
1069 1066 1250 1114 mente
1284 1065 1444 1126 atque
1464 1055 1645 1109 animo
1668 1053 2030 1124 amplecteris.
2061 1051 2230 1108 Oscu-

642 1153 823 1210 lamur
859 1153 1001 1208 enim
1035 1160 1085 1207 te
1119 1150 1452 1221 quantoties,
1489 1147 1836 1218 alloquimur,
1875 1147 2233 1216 comprehen-

646 1250 844 1306 dimus.
876 1247 1066 1303 infelix
1115 1245 1340 1300 nimium
1384 1259 1504 1314 ego,
1535 1241 1654 1311 .qui
1699 1241 1890 1296 ultima
1939 1241 2229 1295 verborum

648 1350 862 1398 tuorum
904 1339 1110 1395 monita
1153 1348 1260 1390 tam
1292 1336 1449 1406 longe
1491 1334 1686 1390 absens
1745 1332 1922 1389 hausi.
1951 1332 2047 1387 Ais
2073 1348 2232 1386 nam-

649 1449 779 1504 que,
823 1441 883 1488 ut
931 1438 1118 1486 noster
1146 1428 1280 1483 mihi
1319 1426 1580 1483 Chremes
1603 1426 1811 1498 attulit,
1865 1425 2088 1495 aisque:
2131 1425 2228 1492 Ita,

645 1523 747 1590 fili,
795 1521 879 1578 fac
899 1564 913 1588 ,
947 1523 990 1578 si
1039 1519 1339 1592 quomodo,
1390 1534 1725 1590 quaecunque
1755 1519 1863 1574 scis
1893 1517 2041 1584 boni,
2069 1533 2232 1588 opere

648 1629 798 1686 agas,
839 1628 906 1668 ne
936 1613 1013 1667 tui
1050 1611 1226 1666 minor
1266 1610 1578 1665 inveniaris.
1625 1609 1750 1665 limo
1780 1618 1890 1674 tua,
1927 1610 1999 1664 mi
2045 1609 2228 1675 Pater,

647 1705 781 1761 mihi
809 1704 1104 1760 novissima
1154 1703 1340 1766 verba,
1373 1702 1488 1757 [nec
1537 1710 1638 1756 tua:
1668 1701 2052 1756 aestimationis
2079 1715 2232 1754 man-

1466 299 1524 356 S.
1561 295 1915 354 PASCHASII
1966 293 2313 350 RADBERTI
2351 292 2641 350 ABBATIS
2681 288 3133 350 CORBEIENSIS

3842 282 3978 339 ιεπς

2956 424 3118 465 PASCB
3125 423 3290 465 Αεῐυε.

2403 526 2634 594 Quaeris,
2660 525 2956 591 Adeodate,
2989 525 3188 595 quaeris
3217 523 3390 580 dehis
3416 521 3711 584 forsitan,
3749 519 3976 588 quando

2334 635 2441 675 non
2470 635 2655 686 eram;
2691 627 2868 674 tamen
2917 619 3182 674 relatione
3215 633 3492 681 verorum,
3527 615 3675 686 quia
3708 615 3791 669 ab
3817 623 3976 670 utero

2333 711 2647 766 notissimus
2661 709 2828 776 fulsit,
2855 709 3011 780 plura
3038 709 3314 765 memoriae
3334 707 3685 778 dignissima
3715 707 3970 777 percepi.

2333 797 2456 852 Fuit
2484 798 2627 853 enim
2659 815 2688 852 a
2719 813 2889 870 puero
2925 799 3069 853 inter
3091 797 3344 852 tirocinia
3379 796 3586 867 palatii
3629 795 3974 851 liberalibus

2334 892 2672 960 mancipatus
2695 889 2906 953 studiis,
2933 888 3144 958 pollens
3173 903 3384 942 morum
3413 885 3738 942 nobilitate
3763 901 3834 940 ac
3848 901 3974 956 pro-

2333 980 2500 1034 bitate
2530 994 2743 1036 sensus.
2767 979 2932 1050 Cujus
2978 979 3249 1050 Augustus
3276 978 3591 1032 efﬁcaciam
3628 977 3972 1046 auspicatus

2333 1071 2570 1140 ingenii,
2617 1071 2742 1126 licet
2773 1071 3132 1126 consobrinus
3169 1069 3342 1139 ipsius
3382 1077 3566 1133 esset,
3616 1069 3826 1138 patrui
3856 1069 3970 1136 eius

2333 1160 2478 1215 filius
2498 1202 2512 1225 ,
2555 1159 3088 1216 decrevithumiliari
3130 1157 3420 1227 cujuslibet
3445 1159 3764 1222 instinctu,
3795 1167 3851 1212 et
3880 1174 3968 1212 re-

2333 1252 2442 1323 digi
2467 1252 2610 1306 inter
2639 1251 2878 1316 infimos,
2921 1266 3027 1307 non
3073 1250 3288 1320 quidem
3335 1250 3607 1314 fortuitu,
3639 1249 3750 1304 sed
3777 1250 3968 1303 divino

2333 1346 2679 1416 dispensante
2719 1344 2936 1414 judicio,
2967 1353 3028 1399 ut
3063 1353 3248 1399 tenera
3295 1354 3429 1400 aetas
3481 1343 3736 1399 fornace
3789 1353 3966 1398 tenta.

2336 1436 2498 1491 tionis
2528 1445 2780 1505 tanquam
2810 1450 3001 1489 aurum
3037 1436 3381 1505 probaretur,
3415 1443 3720 1504 quatenus
3748 1435 3964 1490 edisce—

2333 1535 2416 1580 ret
2447 1525 2874 1596 adhucjuvenis,
2907 1540 3012 1580 non
3039 1525 3219 1580 minus
3246 1525 3478 1580 adversa
3501 1525 3775 1591 fortiter,
3802 1541 3961 1595 quam

2334 1623 2389 1669 et
2418 1630 2674 1686 prospera
2705 1613 3082 1684 aequanimiter
3129 1614 3382 1669 tolerare.
3430 1614 3740 1685 Scriptum
3768 1617 3962 1686 quippe

2335 1715 2435 1773 est,
2469 1706 2610 1776 quod
2668 1707 2810 1762 sicut
2853 1705 3049 1761 fornax
3101 1721 3313 1770 aurum,
3350 1706 3426 1760 ita
3472 1709 3734 1763 tentatio
3771 1709 3960 1778 probat

648 1793 794 1850 data.
825 1794 940 1850 Non
963 1794 1107 1864 quod
1144 1793 1360 1849 scierim
1402 1791 1546 1861 quod
1573 1790 1876 1862 perfectum
1907 1791 1976 1846 sit
2003 1807 2017 1854 ;
2049 1789 2144 1845 sed
2173 1797 2232 1843 ιιι

2342 1768 2506 1870 iustos
2533 1800 2686 1872 (Sap.
2718 1815 2800 1864 ιιι,
2834 1799 2907 1870 6).
2945 1799 3009 1853 Ει
3042 1798 3164 1854 ideo
3209 1768 3323 1866 iam
3349 1798 3590 1869 iustitiae
3635 1768 3792 1869 eius.
3813 1802 3958 1855 testi-

631 1886 870 1944 .sciendo
919 1886 1262 1955 proficerem,
1318 1883 1549 1939 sollicite
1597 1883 1954 1952 procurabas.
2009 1881 2109 1937 Cui
2142 1897 2234 1937 ne-

649 1979 795 2034 scius
823 1994 946 2032 mox
989 1977 1226 2032 futurum
1259 1976 1402 2046 quod
1447 1991 1552 2030 non
1603 1975 1882 2044 prmtcrire
1931 1973 2076 2034 licet.
2120 1974 2235 2029 lon-

650 2070 771 2140 gius
793 2067 993 2123 differri
1024 2076 1226 2137 posset,
1257 2066 1440 2121 verius
1467 2081 1628 2136 quam
1666 2066 1850 2136 iocose
1897 2065 2232 2131 remiseram,

651 2157 795 2226 quod
822 2171 974 2226 teque
1007 2159 1107 2210 tria
1139 2155 1190 2208 in
1222 2155 1439 2210 homine
1472 2155 1744 2210 continuis
1771 2154 2100 2224 temporibus
2127 2170 2234 2210 non

651 2245 925 2309 inessent,
975 2244 1225 2300 videlicet
1253 2245 1416 2310 scire,
1462 2245 1616 2310 velle,
1648 2259 1712 2299 ac
1759 2259 1938 2314 posse.
1969 2244 2236 2312 Quoniam

653 2334 824 2391 multa
854 2349 973 2404 quae
1013 2335 1141 2389 boni
1175 2335 1377 2390 scimus
1407 2336 1644 2404 peccatis
1676 2336 2037 2406 exigentibus,
2067 2351 2236 2406 quan-

653 2425 828 2496 doque
860 2425 1142 2490 nolumus;
1173 2425 1315 2494 quod
1355 2425 1400 2481 si
1427 2425 1538 2494 iam
1563 2426 1700 2481 vclle
1731 2425 2052 2496 adjacuerit,
2080 2442 2239 2496 posse

650 2515 920 2570 interdum
950 2531 1054 2571 non
1101 2516 1381 2572 habemus.
1417 2517 1559 2571 Deus
1587 2525 1671 2571 est
1716 2527 1895 2572 autem
1949 2519 2118 2579 solus.
2151 2535 2240 2573 cu-

644 2604 734 2675 ius
755 2620 855 2659 nec
881 2605 1052 2674 major
1081 2604 1309 2660 scientia
1341 2621 1504 2676 quam
1533 2606 1809 2671 voluntas,
1842 2623 1943 2662 nec
1981 2607 2237 2664 voluntas

651 2699 881 2768 amplior
925 2714 1086 2768 quam
1137 2707 1379 2768 potestas
1413 2718 1425 2752 :
1466 2700 1558 2754 sed
1589 2700 1848 2770 quidquid
1894 2701 2017 2764 scit,
2052 2701 2239 2756 vultet

648 2797 860 2858 potest;
896 2789 1015 2843 ideo
1049 2790 1100 2842 in
1127 2790 1389 2860 sapientia
1421 2805 1515 2844 sua
1544 2791 1725 2844 omnia
1755 2800 2034 2860 operatur.
2062 2791 2234 2846 Porro

650 2879 960 2934 hominibus
996 2880 1128 2933 nihil
1187 2881 1379 2934 horum
1411 2881 1528 2934 sine
1571 2881 1742 2951 gratia
1771 2881 1994 2935 Christi.
2021 2881 2088 2934 Et
2119 2881 2240 2934 ideo
2297 2893 2302 2896 '

653 2983 835 3040 quaeso
875 2968 1130 3036 precibus
1168 2969 1460 3033 instaures,
1498 2970 1639 3023 votis
1687 2968 1928 3038 adiuves,
1983 2969 2238 3038 quoniam

655 3067 786 3112 tunc
823 3058 1060 3112 doctoris
1088 3057 1326 3128 perfecta
1361 3066 1444 3112 est
1473 3059 1722 3124 monitio,
1752 3061 1798 3114 si
1837 3075 2058 3128 precum
2103 3074 2238 3128 quos

652 3151 947 3216 monuerit,
1003 3149 1217 3218 adjuvet
1246 3149 1566 3218 sumptibus.
1601 3148 1714 3204 Hoc
1743 3150 1890 3204 enim
1929 3150 2104 3204 laudis
2131 3159 2234 3203 tua:
2263 3145 2306 3204 C

653 3241 886 3298 ofﬁcium
931 3251 1033 3308 est,
1075 3243 1202 3313 quia
1257 3243 1376 3298 sine
1427 3241 1725 3297 offensione
1770 3243 1826 3296 in
1866 3242 2011 3296 nullo
2052 3243 2240 3296 subter

663 3332 828 3398 luisti,
880 3334 987 3390 tuis
1017 3341 1078 3388 ut
1131 3334 1311 3389 minus
1356 3334 1707 3390 annuntiares
1735 3335 2070 3390 voluntatem
2114 3334 2230 3400 Dei,

665 3425 814 3480 nodo
845 3425 889 3480 si
913 3426 1262 3480 commendes
1295 3425 1539 3480 oratione
1572 3441 1634 3480 ac
1677 3426 1926 3482 meritis:
1959 3435 2016 3480 ut
2039 3425 2239 3496 quibus

651 3533 750 3587 per
781 3528 833 3574 te
863 3520 1002 3575 scire
1035 3521 1185 3576 licuit
1213 3521 1356 3590 quod
1383 3521 1657 3590 expediat,
1697 3521 1836 3579 velle
1857 3537 1920 3577 ac
1943 3537 2103 3593 posse
2137 3521 2240 3576 tri-

651 3611 854 3668 buatur
873 3628 904 3668 a
930 3613 1042 3669 Deo
1069 3614 1212 3683 quod
1248 3613 1482 3683 placeat.

1269 3733 1496 3790 CAPUT
1536 3733 1622 3790 VI.

1275 3838 1610 3878 ADEODATUS.

726 3913 929 3970 Vellem
958 3914 1120 3970 altius
1155 3929 1183 3968 a
1211 3930 1381 3986 puero
1432 3914 1568 3969 tanti
1610 3914 1712 3968 viri
1748 3913 1994 3969 tirocinia
2028 3921 2241 3984 repete-

654 4018 764 4068 res,
796 4004 1051 4072 quoniam
1075 4005 1268 4058 merita
1294 4010 1456 4058 tantae
1483 4002 1834 4074 perfectionis
1869 4018 1990 4058 cum
2028 4017 2094 4059 eo
2125 4017 2242 4058 cre-

651 4094 798 4148 visse
821 4095 1115 4148 credimus.
1143 4093 1256 4147 Non
1285 4093 1429 4148 enim
1463 4109 1605 4148 verae
1648 4094 1876 4149 virtutes
1924 4095 2042 4148 sine
2088 4093 2242 4148 inno-

655 4180 832 4235 centia
889 4182 1308 4250 proficiscuntur
1359 4199 1372 4234 :
1423 4182 1733 4236 innocentia
1791 4198 1922 4238 vero
1977 4179 2240 4239 virtutum

655 4268 896 4325 efﬁcacia
931 4270 1214 4325 solidatur.
1245 4271 1415 4326 Porro
1443 4271 1687 4327 soliditas
1717 4273 1875 4344 longa
1900 4273 2024 4328 boni
2058 4275 2242 4344 operis

656 4360 1050 4416 consuetudine
1075 4361 1450 4416 crescentibus
1478 4362 1687 4416 meritis
1719 4363 1984 4417 firmatur.
2019 4364 2241 4419 Alterna

654 4451 873 4521 quidem
902 4453 1252 4523 proportione
1307 4451 1532 4523 perfecti
1564 4453 1661 4507 viri
1705 4463 1764 4508 ut
1793 4454 2091 4524 prudentiae
2119 4456 2243 4510 sim-

653 4541 868 4614 plicitas
924 4545 1267 4614 respondeat,
1313 4554 1368 4601 et
1415 4545 1815 4616 simplicitatem
1851 4547 2137 4617 prudentia
2167 4549 2243 4602 in-

655 4643 864 4691 stauret
894 4653 906 4688 :
935 4645 1201 4705 quatenus
1228 4639 1373 4706 quod
1417 4639 1576 4694 estin
1623 4637 1776 4705 flore,
1835 4638 2043 4694 fructus
2091 4641 2243 4695 exhi-

654 4723 801 4792 beat,
831 4735 886 4780 et
922 4725 1160 4780 fructum
1183 4727 1336 4781 honre
1363 4728 1474 4797 spei
1509 4729 1661 4798 prius
1710 4729 1870 4783 ﬂores
1898 4730 2236 4798 promittant.

655 4815 844 4872 Potest
867 4815 1041 4872 utflos
1071 4831 1456 4887 nonnunquam
1483 4819 1600 4873 sine
1634 4819 1811 4875 fructu
1839 4820 2053 4874 decidat
2085 4835 2098 4873 :
2127 4820 2242 4874 fru-

657 4916 777 4963 ctus
807 4916 988 4963 tamen
1019 4923 1125 4964 non
1168 4907 1285 4964 sine
1329 4906 1460 4964 flore
1496 4911 1739 4980 pullulat.
1781 4911 1986 4966 Idcirco
2033 4912 2240 4982 pandas

656 4998 818 5053 velim
840 4999 988 5069 prius
1015 4997 1196 5066 ﬂores,
1236 5011 1505 5070 quatenus
1558 5000 1765 5056 fructus
1809 5001 2016 5057 dulcior
2044 5005 2244 5059 exube-

658 5097 741 5145 ret
769 5106 784 5154 ;
815 5091 1092 5160 quoniam,
1123 5091 1225 5147 etsi
1273 5091 1420 5146 utilis
1461 5090 1690 5157 fructus,
1743 5101 1942 5147 tenerae
1973 5093 2096 5148 vitae
2126 5094 2245 5163 pul-

658 5184 844 5238 chrior
863 5181 962 5239 flos
984 5185 1208 5240 redolet.
1235 5184 1389 5240 Unde
1411 5185 1536 5240 huic
1559 5185 1700 5255 quod
1725 5185 1830 5240 etsi
1874 5195 2000 5240 ante
2027 5184 2242 5253 floruit,

651 5273 879 5338 ,uberior
914 5275 1088 5331 virtus
1118 5275 1362 5343 florendi,
1401 5276 1599 5331 Christi
1634 5276 1807 5347 gratia
1837 5275 1957 5330 fuit.

733 5399 759 5428 ι
803 5387 957 5458 illinc,
995 5396 1081 5444 est
1126 5388 1270 5458 quod
1314 5389 1482 5444 misso
1543 5389 1594 5444 in
1661 5388 1870 5458 Italiam
1927 5387 2240 5442 Bcrnhardo

660 5455 874 5528 [ippini
912 5457 1039 5521 filio,
1093 5455 1287 5528 nepote
1329 5476 1445 5524 suo,
1483 5460 1708 5514 Carolus
1748 5457 2044 5512 Wallonem
2070 5458 2239 5528 ﬁlium

659 5525 960 5582 Bern/tardi
982 5525 1272 5598 patrui—sui
1304 5546 1474 5583 secum
1499 5547 1607 5584 esse
1637 5529 1819 5598 jussit,
1851 5525 2120 5599 quousque
2162 5545 2242 5581 re-

661 5609 1017 5670 rum‘eventus
1041 5601 1367 5670 securitatem
1393 5601 1582 5652 nostris
1615 5598 2244 5670 a/ferretﬂinquitEginf

663 5667 870 5722 hardus
899 5669 963 5722 ad
991 5683 1192 5722 annum
1223 5669 1358 5730 8l2;
1392 5678 1442 5722 et
1473 5664 1676 5723 auctor'
1701 5671 1831 5723 Vita:
1874 5664 2243 5722 Ludovici‘vPii

667 5736 732 5792 all
765 5752 967 5793 annum
1019 5739 1143 5804 8H,
1199 5738 1523 5806 Timcbatur,
1570 5740 1760 5809 inquit,
1809 5756 1966 5810 quant
2019 5740 2246 5793 maxime

2268 4499 2319 4558 D

2336 1891 2579 1945 monium
2631 1889 2922 1952 renitebat,
2971 1897 3031 1943 ut
3075 1888 3304 1959 amplior
3345 1891 3523 1960 gratia
3569 1900 3952 1960 przestaretur.

2339 1981 2441 2038 Ubi
2505 1982 2596 2036 diu
2644 1981 2981 2050 multumque
3034 1980 3248 2036 camino
3301 1981 3648 2036 humilitatis
3697 1983 3950 2048 detritus,

2339 2072 2495 2129 valde
2522 2071 2724 2127 claruit
2773 2071 3092 2126 mitissimus
3121 2090 3134 2126 :
3164 2081 3220 2128 et
3247 2073 3432 2127 nescio
3476 2074 3574 2128 cui
3623 2075 3952 2144 optimatum

2338 2164 2662 2220 commissus
2713 2163 2884 2217 libera
2936 2161 3041 2218 sub
3080 2163 3325 2219 custodia
3369 2163 3591 2233 probus
3639 2174 3818 2234 atque
3847 2166 3953 2219 ido-

2338 2269 2495 2321 neus,
2527 2253 2758 2324 plurima
2788 2253 2904 2322 eius
2927 2253 3170 2322 quotidie
3203 2253 3495 2308 crescebat
3521 2252 3710 2319 fama,
3745 2255 3872 2309 vita
3901 2265 3952 2310 et

2340 2346 2515 2402 laudis
2561 2346 2832 2416 praeconia
2894 2347 3335 2401 cumulabantur.
3401 2347 3542 2415 Quis
3619 2349 3802 2419 igitur
3849 2366 3948 2404 mn

2340 2447 2676 2508 agnosceret,
2727 2437 2870 2506 quod
2903 2436 3017 2505 iam
3065 2439 3248 2493 divino
3295 2438 3642 2509 probaretur
3679 2442 3945 2506 tirocinio,

2341 2529 2430 2598 qui
2463 2528 2623 2584 nullis
2656 2528 3016 2584 existentibus
3045 2529 3367 2584 delictorum
3415 2530 3606 2601 culpis
3637 2547 3669 2585 a
3704 2534 3946 2602 proximo

2342 2622 2419 2676 sic
2449 2622 2798 2691 premebatur
2827 2622 3091 2677 innocens
3117 2622 3387 2690 etiustus,
3419 2624 3588 2693 quasi
3617 2635 3778 2680 esset
3811 2643 3944 2686 reus,

2340 2711 2675 2782 Augustique
2722 2721 2930 2766 naturae
2973 2713 3216 2768 alienus?
3258 2713 3464 2768 Ferunt
3507 2715 3770 2784 quidam,
3805 2720 3942 2786 quod

2344 2802 2485 2856 idem
2513 2812 2639 2856 tunc
2669 2804 2928 2872 temporis
2974 2819 3098 2859 cum
3144 2815 3285 2859 esset
3335 2805 3388 2859 in
3433 2807 3520 2860 via
3555 2819 3826 2872 mmstus,
3857 2813 3944 2863 bo-

2343 2912 2546 2966 vesque
2573 2913 2696 2952 cum
2735 2898 2978 2968 plaustro
3013 2891 3266 2964 minarei,
3307 2899 3610 2968 quemdam
3651 2903 3939 2957 ruricolam

2341 2986 2609 3052 obviasse,
2637 2988 2914 3042 accinctus
2948 2987 3294 3061 [accinctum]
3323 2989 3507 3044 balteo
3537 3000 3598 3045 et
3625 2993 3826 3046 armis.
3866 2994 3940 3046 Ad

2344 3095 2501 3148 quem
2529 3079 2644 3148 ipse
2681 3097 2695 3133 :
2734 3079 2918 3144 Visne,
2953 3081 3147 3150 inquit,
3176 3098 3210 3136 ο
3241 3082 3426 3146 homo,
3462 3098 3624 3137 arma
3659 3100 3784 3152 qua:
3807 3086 3940 3153 geris

2341 3183 2544 3238 pauper
2589 3170 2878 3238 deponere,
2930 3171 3141 3240 istoque
3187 3171 3385 3241 quibus
3439 3174 3736 3244 astringor
3792 3190 3938 3228 assu-

2342 3260 2522 3314 mere?
2554 3259 2648 3315 His
2674 3260 2748 3314 ita
2777 3261 2937 3316 dictis
2965 3263 3185 3317 tandem
3213 3265 3302 3317 vix
3323 3264 3584 3318 credulus
3615 3264 3799 3319 viator
3826 3267 3936 3320 sine

2341 3354 2560 3418 damno,
2601 3354 2714 3409 suis
2742 3369 2801 3409 se
2828 3355 3072 3410 viduavit
3099 3356 3291 3420 armis,
3323 3365 3379 3411 et
3399 3372 3635 3412 munera
3663 3358 3934 3428 insperata

2341 3446 2568 3501 revexit.
2599 3445 2751 3501 Tunc
2770 3457 2957 3502 noster
2984 3447 3287 3503 Arsenius:
3320 3448 3515 3504 Melius
3546 3451 3708 3514 mihi,
3740 3452 3932 3522 inquit.

2341 3537 2469 3590 vilia
2492 3536 2686 3592 decent
2715 3553 2835 3592 cum
2857 3537 3118 3608 plaustro,
3149 3539 3406 3609 quoniam
3429 3557 3541 3595 non
3561 3541 3776 3596 militiae
3801 3558 3934 3598 nunc

2342 3629 2544 3696 szeculi,
2585 3631 2678 3685 sed
2705 3631 3008 3685 communis
3034 3631 3158 3686 vitae
3204 3631 3436 3702 negotiis
3484 3647 3643 3688 vaco.
3673 3633 3818 3701 Quid
3845 3634 3932 3706 igi-

2343 3731 2430 3777 tur
2457 3723 2580 3788 iste,
2635 3722 2855 3790 fratres,
2887 3723 2992 3779 nisi
3025 3724 3197 3780 David
3225 3740 3356 3781 usus
3397 3725 3660 3795 exemplo
3713 3728 3930 3782 aiebat:

2339 3814 2530 3870 Adhuc
2556 3814 2713 3868 vilior
2765 3814 2914 3879 fiam,
2965 3822 3020 3869 et
3056 3827 3152 3870 ero
3191 3815 3245 3869 in
3295 3814 3470 3870 oculis
3520 3815 3669 3870 meis
3720 3815 3928 3871 humilis

2343 3902 2430 3975 (II
2459 3904 2584 3975 Reg.
2614 3920 2686 3969 vr,
2710 3903 2836 3975 22);
2871 3905 3176 3974 praesertim
3221 3906 3347 3977 quia
3393 3922 3521 3962 cum
3552 3907 3664 3961 sibi
3709 3909 3928 3978 quisque

2341 4011 2438 4066 pro
2468 3997 2580 4052 Deo
2632 3997 2906 4066 indignior
2947 4008 3203 4068 apparet,
3256 3999 3365 4055 Deo
3401 3999 3687 4069 acceptior
3737 3999 3802 4053 fit
3835 4017 3849 4052 :
3881 4010 3927 4054 et

2343 4083 2464 4140 cum
2507 4086 2611 4141 sibi
2660 4101 2890 4158 magnus
2933 4087 3336 4158 sufﬁciensque,
3373 4090 3591 4157 utique,
3638 4088 3786 4143 sicut
3811 4089 3927 4159 legi-

2343 4185 2451 4241 tur,
2467 4177 2728 4246 parvulus
2749 4177 3070 4232 aestimatur.
3098 4178 3236 4244 Quid
3259 4178 3453 4248 plura?
3477 4179 3576 4234 His
3605 4179 3682 4233 ita
3706 4181 3926 4250 expletis

2343 4267 2504 4337 paulo
2542 4276 2663 4336 post
2693 4268 2876 4323 divina
2903 4269 3073 4324 virtus
3108 4269 3293 4324 multis
3322 4284 3444 4324 eum
3485 4273 3927 4340 provexitbono—

2344 4360 2514 4424 ribus,
2539 4359 2703 4428 fitque
2727 4360 3002 4430 acceptior
3031 4361 3260 4426 cunctis,
3293 4371 3500 4432 quanto
3535 4363 3786 4434 probior.
3829 4363 3922 4418 Re-

2345 4453 2586 4507 stituitur
2610 4451 2828 4522 palatio.
2861 4456 3033 4524 gratia
3057 4453 3396 4509 sublimatur.
3437 4453 3724 4524 Siquidem
3765 4457 3924 4526 quoti-

2350 4545 2436 4601 die
2487 4546 2777 4615 proficiens
2822 4557 2986 4617 atque
3035 4561 3418 4614 succresccns,
3463 4550 3828 4604 constituitur
3863 4550 3922 4602 ab

2348 4635 2591 4708 Augusto
2643 4651 2958 4692 oeconomus
3012 4637 3177 4692 totius
3206 4639 3417 4704 domus,
3465 4649 3522 4694 et
3569 4640 3922 4694 venerabatur

2347 4730 2548 4800 passim
2605 4729 2874 4785 secundus
2929 4746 2960 4784 a
3012 4730 3245 4796 Caesare,
3293 4732 3449 4803 quasi
3497 4740 3732 4801 putares
3775 4733 3920 4785 alium

2348 4820 2547 4892 Joseph
2583 4831 2795 4891 sceptra
2832 4834 2858 4863 ει
2903 4823 3058 4894 regni
3103 4839 3338 4879 movere.
3385 4824 3518 4878 Erat
3566 4827 3720 4879 enim
3757 4827 3808 4879 in
3843 4841 3919 4880 ore

2347 4912 2691 4979 omnium,et
2719 4913 2786 4969 ad
2833 4913 3013 4970 omnia
3060 4931 3287 4986 quaeque
3333 4917 3660 4986 praecipuus,
3707 4919 3920 4971 maxime

2341 5003 2676 5075 justitiarum
2701 5013 2923 5060 exactor
2951 5024 2963 5060 :
2993 5006 3150 5078 cuius
3180 5007 3396 5062 solertia
3444 5009 3534 5078 jus
3585 5009 3753 5064 civile
3782 5010 3920 5065 bonis

2348 5097 2463 5152 sine
2491 5097 2938 5168 tergiversatione
2983 5099 3237 5166 dabatur,
3271 5109 3325 5154 et
3349 5101 3641 5170 przesentia
3695 5118 3806 5156 non
3833 5101 3914 5155 mi-

2348 5206 2451 5244 nus
2476 5189 2712 5244 terrebat
2741 5205 2886 5255 reos,
2913 5205 3073 5259 quam
3103 5191 3372 5246 mulcebat
3404 5191 3545 5261 pios.
3582 5191 3837 5256 Senator,
3869 5201 3918 5244 ut

2350 5283 2424 5337 ita
2454 5281 2652 5347 dicam,
2682 5289 3014 5346 senatorum,
3040 5295 3072 5334 a
3115 5283 3340 5336 secretis
3359 5282 3469 5352 jam
3502 5291 3631 5335 tunc
3666 5282 3917 5337 efﬁcacior

2351 5393 2510 5448 Wala
2540 5393 2732 5448 summi
2755 5393 2895 5462 apud
2920 5391 3166 5446 Carolum
3192 5394 3555 5462 imperatorem
3578 5393 3793 5447 habitus
3811 5392 3916 5454 loci,

2351 5483 2414 5520 ne
2443 5464 2578 5534 forte
2614 5464 2814 5534 aliquid
2845 5463 3047 5534 sinistri
3073 5475 3257 5534 contra
3305 5464 3678 5532 imperatorem
3731 5463 3918 5516 molire-

2353 5533 2486 5589 tur':
2513 5536 2602 5605 qui
2627 5544 2800 5588 tamen
2827 5533 3073 5605 citissime
3099 5533 3168 5586 ad
3203 5551 3320 5587 eum
3371 5535 3523 5596 venit,
3557 5545 3606 5586 et
3638 5534 3916 5586 hmilh‘m

2351 5604 2669 5676 subjec’tione
2699 5621 2753 5659 se
2801 5604 2914 5674 ejus
2964 5605 3117 5676 nutui
3164 5605 3450 5657 secundum
3507 5607 3916 5659 consuetudinea

2358 5674 2688 5731 Francorum
2719 5675 3089 5731 commendans
3113 5675 3366 5729 subdidit.
