4122 6324
303 276 441 337 I573

972 270 1059 325 DE
1100 236 1262 326 \il'l‘A
1302 264 1555 329 WALE,
1595 262 1727 319 SEU
1768 224 2196 317 EPITAl’HlUM
2231 256 2525 313 ARSENII.
2570 288 2635 296 —
2672 255 2801 311 LIB.
2844 255 2883 310 l.

3422 256 3559 313 1574

300 395 531 459 cunctis,
571 408 636 449 eo
664 391 807 462 quod
833 390 969 446 nihil
994 389 1172 456 vellet,
1204 389 1307 444 nisi
1329 385 1594 459 quidquid
1616 393 1882 457 priestan-
1910 388 1958 448 A
1987 392 2109 438 rant
2151 384 2409 452 jucunda.
2451 384 2532 438 An
2576 385 2791 457 ignoras
2819 384 2959 453 quod
3001 381 3092 453 qui
3120 378 3376 434 mundum
3413 377 3565 443 colit.

302 490 412 543 tius
435 485 576 542 scire
602 483 865 555 potuisset
892 499 907 537 :
946 481 1145 552 ubique
1173 481 1449 551 providus,
1479 479 1678 550 ubique
1698 493 1881 548 prom-

1983 477 2216 548 pretiosa
2240 477 2450 547 perdit?
2495 476 2750 545 Pompam
2790 489 3024 546 namque
3063 471 3245 529 saeculi
3295 480 3561 542 repetere,

300 585 464 651 ptus;
504 590 570 630 ac
589 573 839 638 devotus,
866 572 1066 641 ubique
1091 581 1349 627 strenuus
1374 587 1388 636 ;
1415 572 1492 624 ita
1522 578 1583 624 ut
1611 570 1791 627 nullus
1816 571 1883 627 de
1983 566 2114 637 quid
2142 566 2286 623 aliud
2307 574 2412 632 est,
2439 581 2600 636 quam
2632 566 2791 621 fidem
2824 566 3095 636 abnegare
3121 560 3364 618 Christi?

298 678 573 724 securam
615 662 706 718 illo
734 660 902 727 aliud,
945 676 1109 731 quam
1133 659 1342 729 justum
1390 660 1528 716 velle
1576 661 1886 732 significare

303 754 547 810 auderet.
593 752 734 807 Ante
776 765 936 820 quem
976 749 1068 818 jus
1111 750 1315 806 civium
1371 748 1563 805 venale
1607 765 1885 820 nunquam

302 844 453 901 venit
482 862 495 897 :
528 843 623 898 sed
671 841 967 897 liberaliter
996 840 1049 895 in
1083 840 1336 895 omnibus
1382 854 1570 910 agens,
1609 838 1887 895 ultroneus

303 936 612 1009 petentibus
633 933 944 1004 apparebat.
967 931 1364 1001 Nonnunquam
1392 931 1557 1002 igitur
1582 932 1649 986 ad
1679 947 1741 988 ea
1768 947 1887 1000 qua:

303 1026 550 1096 Augusto
601 1023 820 1095 proprie
868 1024 1075 1093 agenda
1106 1020 1346 1086 fuerant,
1378 1020 1667 1091 specialius
1714 1022 1889 1077 mitte-

305 1116 488 1172 batur.
521 1113 676 1170 Unde
725 1113 836 1184 jam
876 1111 1019 1167 idem
1060 1110 1314 1167 ducatum
1344 1124 1556 1181 gerens,
1588 1109 1887 1165 exercitum

304 1207 427 1263 vice
461 1206 689 1262 Ctesaris
716 1205 771 1260 in
817 1205 1000 1261 hostes
1028 1216 1054 1246 ι
1082 1203 1299 1259 duxisse
1343 1202 1476 1258 satis
1526 1201 1702 1257 fertur
1728 1217 1885 1273 egre-

305 1299 395 1373 gie
423 1315 438 1353 :
464 1297 636 1365 Quem
672 1296 860 1353 feritas
907 1296 1147 1368 gentium
1196 1294 1552 1349 barbararum
1597 1295 1708 1350 suis
1753 1295 1887 1351 edo-

306 1390 441 1446 mita
470 1387 771 1452 beneflciis,
800 1387 1049 1451 nimium,
1087 1394 1144 1440 ut
1189 1385 1381 1447 nostis,
1431 1384 1706 1454 diligebat,
1738 1396 1792 1441 et
1819 1385 1887 1440 ad

307 1494 436 1536 eum
462 1480 680 1535 demum
721 1476 836 1546 jam
867 1492 990 1533 cum
1038 1475 1338 1531 monachus
1376 1473 1534 1539 foret,
1576 1475 1888 1545 quantoties

310 1569 491 1626 devoti
515 1566 876 1625 confluebant.

906 1696 1132 1755 CAPUT
1178 1698 1289 1754 VII.

982 1801 1231 1842 SEVERUS.

378 1903 579 1958 Fateor
597 1914 697 1956 nos
710 1913 849 1969 saepe
860 1907 1187 1955 retractasse
1202 1899 1329 1970 quid
1342 1906 1504 1966 esset,
1519 1898 1659 1970 quod
1674 1898 1890 1954 easdem

310 2001 498 2064 gentes
518 1992 780 2063 diligeret,
807 1990 968 2045 etiam
985 1998 1043 2045 ut
1057 2005 1196 2060 saepe
1212 1990 1426 2046 omissis
1450 1991 1776 2060 primoribus
1798 2006 1894 2046 no-

223 2154 231 2160 .
310 2082 411 2138 stri
437 2080 654 2137 Ordinis
680 2079 745 2134 ad
774 2094 869 2134 eos
906 2078 1141 2134 alacrius
1176 2093 1235 2135 se
1279 2078 1571 2144 conferret,
1620 2086 1675 2134 et
1723 2088 1893 2135 totum

312 2187 374 2230 se
425 2172 530 2228 illis
579 2170 986 2243 infatigabiliter
1043 2177 1349 2240 praestaret.
1406 2168 1511 2224 Sed
1562 2168 1718 2224 facile
1748 2177 1896 2239 patet

311 2277 528 2328 sensus,
559 2262 701 2332 quod
726 2261 946 2333 pietatis
970 2259 1167 2315 affectu
1190 2260 1306 2315 haec
1330 2258 1541 2322 fecerit,
1580 2267 1637 2313 ut
1666 2273 1760 2314 eos
1778 2260 1893 2315 suis

311 2361 635 2426 provocant
660 2351 944 2421 exemplis,
976 2360 1030 2405 et
1058 2351 1124 2405 ad
1156 2365 1366 2405 morum
1399 2350 1695 2405 instrueret
1724 2349 1892 2405 hone-

312 2452 529 2509 statem,
559 2442 650 2514 qui
678 2457 850 2512 nuper
875 2442 942 2496 ad
971 2441 1129 2498 fidem
1152 2440 1356 2497 Christi
1374 2448 1653 2495 venerant.

940 2569 1003 2608 ΡΛ
1009 2569 1184 2609 εειιιιει
1190 2570 1220 2609 U
1227 2569 1271 2609 S.
1855 2601 1863 2608 .

386 2643 467 2698 Ita
492 2650 595 2707 est,
628 2641 701 2696 mi
728 2639 946 2697 Severe.
988 2642 1194 2698 idcirco
1237 2643 1378 2713 apud
1407 2657 1500 2698 eos
1543 2657 1655 2713 pra:
1685 2642 1894 2698 cunctis

320 2733 596 2805 acceptior
615 2741 758 2800 erat,
789 2732 932 2802 quod
962 2733 1073 2803 ipse
1111 2749 1257 2802 saepe
1287 2734 1536 2804 probavi,
1562 2741 1618 2789 et
1652 2749 1763 2803 pra:
1785 2749 1899 2788 om-

319 2825 480 2882 nibus
528 2824 766 2880 charior.
822 2823 983 2879 Forte
1029 2824 1244 2891 recolis,
1293 2826 1509 2894 quando
1551 2824 1677 2885 illuc
1729 2840 1895 2881 causa

321 2916 556 2973 ctenobii
586 2916 714 2973 novi
748 2916 777 2956 ι)
824 2931 948 2971 cum
985 2915 1226 2972 Antonio
1256 2925 1441 2972 nostro
1475 2916 1636 2973 simul
1674 2917 1893 2985 fuimus,

319 3008 413 3064 ubi
449 3008 624 3080 qualis
656 3017 956 3079 quantusve
1000 3008 1313 3073 haberetur,
1342 3008 1587 3078 probavi,
1627 3010 1807 3079 quasi,
1837 3018 1897 3065 ut

2611 674 2946 715 PASCHASIUS.

2055 748 2133 804 Ita
2174 749 2335 819 plane
2381 751 2589 817 sentio;
2624 752 2717 807 sed
2765 752 2916 822 probi
2944 750 3069 816 viri,
3112 749 3237 805 licet
3283 750 3566 806 videantur

1988 856 2149 913 agere
2176 858 2295 912 qua:
2346 843 2530 898 mundi
2573 850 2723 906 sunt,
2758 843 3024 897 intentum
3078 851 3274 911 gerunt
3302 843 3564 907 animum,

1987 948 2089 989 nec
2117 947 2176 988 se
2202 934 2269 988 ad
2304 941 2527 988 externa
2571 934 2754 989 omnia
2780 934 2966 989 sinunt
3006 933 3242 997 evocari,
3273 934 3397 988 licet
3436 932 3569 989 foris

1986 1023 2237 1080 universa
2267 1033 2542 1091 resonent,
2570 1034 2625 1080 et
2662 1025 2872 1097 magnis
2900 1024 3194 1079 fulciantur
3230 1015 3566 1080 tumultibus.

1988 1115 2127 1184 Quid
2154 1116 2320 1187 igitur
2343 1125 2503 1187 putas
2533 1116 2735 1172 fortius
2758 1132 2996 1187 purpura
3018 1116 3119 1181 uti,
3162 1122 3217 1170 et
3243 1116 3389 1169 vasis
3433 1129 3566 1170 auro

1988 1215 2320 1279 argentoque
2346 1206 2626 1273 confectis,
2650 1209 2803 1279 quasi
2829 1207 3105 1271 testaceis,
3130 1205 3215 1261 vel
3237 1205 3442 1271 cilicio;
3464 1218 3564 1261 nec

1988 1300 2233 1355 moveri?
2276 1300 2359 1354 An
2411 1300 2598 1356 iisdem
2630 1300 2754 1355 licet
2784 1299 2980 1355 vilibus
3011 1299 3089 1355 sic
3118 1298 3213 1362 uti,
3260 1297 3411 1368 quasi
3439 1310 3565 1368 pre-

1991 1390 2315 1457 tiosissimis,
2349 1405 2448 1446 nec
2477 1398 2792 1461 paupertate
2819 1390 3001 1444 allici?

2617 1496 2946 1538 ADEODATUS.

2062 1569 2363 1642 Utrumque
2419 1587 2626 1642 magna:
2671 1572 2888 1627 virtutis
2925 1570 3152 1626 dixerim
3189 1570 3365 1624 virum
3401 1588 3414 1623 :
3472 1570 3568 1626 sed

1994 1666 2119 1722 talis
2165 1666 2256 1721 vix
2305 1673 2398 1720 aut
2445 1680 2603 1720 rarus
2656 1665 2946 1728 invenitur,
2996 1679 3156 1734 quem
3207 1679 3314 1717 non
3350 1661 3569 1731 dejiciat

1923 1739 1970 1799 Β
1997 1757 2240 1822 altitudo,
2272 1772 2431 1827 quem
2480 1756 2660 1811 vilitas
2703 1771 2810 1811 non
2855 1763 3090 1821 moveat,
3129 1769 3288 1825 quem
3341 1770 3447 1808 non
3477 1769 3571 1807 ex-

1995 1848 2147 1904 tollat
2184 1847 2491 1901 divitiarum
2540 1855 2700 1916 atque
2758 1844 2979 1900 honoris
3036 1845 3356 1904 sublimitas,
3406 1857 3567 1912 quem

1994 1953 2102 1994 non
2130 1945 2419 2009 paupertas
2446 1934 2665 2000 alliciat,
2701 1947 2758 1990 et
2799 1932 3072 1989 variarum
3124 1947 3301 1989 rerum
3358 1929 3569 2001 negotia

1994 2045 2102 2085 non
2127 2036 2437 2086 extenuent.

2619 2131 2954 2172 PASCBASIUS.

2064 2209 2166 2275 Ita,
2188 2194 2485 2275 Adeodate,
2508 2208 2581 2262 ita
2611 2216 2715 2273 est,
2755 2208 2849 2263 sed
2875 2221 2999 2261 vera
3030 2206 3203 2260 virtus
3230 2204 3285 2259 in‘
3324 2202 3568 2274 utrisque

1995 2309 2098 2366 est,
2123 2315 2286 2369 quam
2318 2298 2458 2355 bona
2505 2312 2658 2353 mens
2703 2296 2938 2367 explicat
2973 2303 3029 2352 et
3068 2295 3261 2350 devota
3290 2312 3303 2347 :
3336 2294 3423 2348 ubi
3472 2308 3572 2349 nec

1996 2390 2287 2461 cupiditas,
2327 2388 2412 2443 vel
2437 2388 2664 2442 avaritia
2695 2386 2993 2442 fomentant
3017 2385 3285 2449 animum;
3326 2385 3420 2440 sed
3446 2384 3575 2439 libe-

1997 2480 2183 2535 ralitas
2233 2479 2485 2535 honestat
2529 2492 2777 2542 morum,
2828 2484 2884 2531 et
2938 2477 3177 2546 probitas
3227 2476 3573 2530 commendat

1999 2578 2145 2630 vitaz.
2195 2573 2309 2628 Non
2357 2573 2585 2627 virtutes
2624 2562 2918 2634 dissident,
2966 2585 3074 2623 non
3126 2568 3257 2622 vitia
3296 2577 3569 2636 premunt,

1995 2681 2102 2722 non
2127 2665 2295 2719 altera
2326 2662 2670 2717 alfectionum
2693 2662 2874 2732 passio
2898 2661 3124 2715 alteram
3149 2669 3327 2723 vexat,
3370 2674 3474 2712 non
3507 2674 3570 2713 ca

1996 2771 2117 2827 quae
2165 2763 2290 2810 sunt
2338 2754 2579 2810 exterius
2633 2754 2937 2808 devastant.
3003 2751 3253 2820 Alioquin
3309 2752 3470 2804 etiam
3518 2749 3572 2803 in

2003 2859 2190 2901 eremo
2226 2843 2356 2913 quid
2385 2844 2607 2913 prodest
2645 2842 2909 2896 universa:
2949 2842 3183 2911 regionis
3221 2840 3483 2909 asperitas
3519 2848 3577 2892 et

1999 2938 2294 3002 silentium,
2326 2936 2371 2991 si
2397 2934 2621 2990 affectus
2652 2933 2881 3003 improbi
2903 2932 3140 2988 fremunt
3170 2931 3336 2996 intus,
3360 2941 3417 2985 et
3440 2930 3573 2984 vitia

1998 3034 2310 3099 permutant
2336 3025 2612 3080 animum?
2639 3024 2780 3094 Ergo
2815 3023 3023 3094 placida
3052 3023 3207 3093 quies
3244 3032 3297 3076 et
3324 3036 3447 3076 vera
3485 3020 3573 3074 illa

319 3099 399 3155 ila
429 3098 625 3164 dicam.
668 3100 711 3154 Si
757 3099 1065 3154 adl'ellissel
1108 3098 1340 3165 ϐαξιίιυεν
1374 3099 1544 3169 magis
1577 3114 1737 3170 (ιυθηι
1767 3102 1894 3158 Olim
1925 3110 1969 3171 C
2000 3098 2084 3174 est
2132 3133 2293 3189 quam
2326 3117 2463 3171 ratio
2496 3116 2692 3184 ubique
2728 3115 3023 3184 componit,
3053 3122 3106 3168 et
3146 3112 3406 3167 serenitas
3452 3110 3573 3164 reli-

319 3206 388 3246 ex
424 3190 642 3261 palatio,
675 3189 915 3261 profecto
949 3206 1071 3245 cum
1103 3200 1247 3245 esset
1292 3191 1611 3257 monachus,
1662 3207 1893 3248 venera-

317 3281 498 3337 batur.
545 3279 698 3335 Uude
724 3296 846 3335 cum
897 3280 964 3335 ad
1010 3282 1272 3350 quosdam
1324 3281 1748 3348 devenissemus,
1800 3285 1896 3354 qui

322 3386 447 3426 eum
474 3378 679 3423 mutato
728 3370 915 3424 habitu
941 3385 1048 3424 non
1101 3379 1477 3441 agnoscerent,
1518 3379 1898 3442 vastarentque

319 3459 485 3515 iidem
531 3458 798 3513 hostiliter
843 3474 1063 3513 suorum
1110 3474 1292 3529 agros,
1335 3470 1391 3514 et
1439 3460 1899 3530 depopularentur

323 3547 586 3613 finitima;
628 3547 797 3602 voluit
824 3562 917 3603 eos
945 3547 1211 3604 Antonius
1241 3557 1444 3615 noster,
1485 3558 1545 3604 ut
1576 3560 1695 3607 erat
1746 3553 1898 3609 beni—

323 3655 482 3712 gnus,
514 3639 785 3709 corripere
814 3637 1033 3693 lenitate
1071 3654 1207 3705 sua;
1241 3654 1342 3694 nec
1389 3647 1570 3695 tamen
1609 3649 1692 3696 est
1736 3642 1896 3697 audi-

326 3738 431 3785 tus.
462 3727 597 3784 Tum
624 3728 840 3799 quidem
879 3729 1160 3799 proposuit
1204 3729 1288 3785 eis
1332 3728 1640 3796 Arsenium,
1672 3739 1727 3786 et
1772 3731 1901 3788 fecit

325 3822 545 3892 alloqui,
579 3830 637 3875 ut
670 3836 730 3876 se
759 3836 789 3874 a
828 3820 1024 3877 talibus
1054 3828 1480 3891 compescerent.
1527 3820 1647 3888 Quo
1690 3822 1898 3891 audito,

324 3913 404 3968 illi
432 3919 714 3983 coeperunt
742 3912 1050 3983 prospicere
1091 3912 1370 3978 attentius,
1410 3913 1456 3968 is
1490 3913 1535 3969 si
1563 3921 1708 3981 esset
1737 3929 1900 3985 quem

326 4003 659 4070 fatebamur;
694 4004 783 4074 qui
808 4004 908 4059 etsi
940 4003 1120 4059 multis
1147 4004 1411 4075 persuasi,
1448 4004 1669 4061 minime
1719 4005 1898 4062 credi-

326 4094 476 4161 dere,
505 4094 647 4165 quod
671 4102 777 4149 tam
798 4093 1029 4149 eximius
1055 4102 1111 4149 et
1138 4103 1443 4165 praepotens
1468 4095 1534 4149 ad
1570 4103 1776 4151 tantam
1804 4111 1897 4151 ve-

326 4184 471 4240 nerit
520 4183 873 4238 humilitatem
922 4190 976 4239 et
1006 4182 1325 4254 dejectionis
1374 4182 1626 4238 formam.
1658 4183 1897 4251 Quorum

325 4289 467 4329 unus
496 4273 561 4328 ad
587 4288 710 4329 eum
738 4292 751 4329 :
779 4274 858 4329 Tu
887 4290 967 4339 es,
996 4274 1189 4344 inquit,
1242 4274 1331 4331 ille
1368 4290 1527 4346 quem
1575 4283 1761 4331 noster
1788 4284 1900 4332 tam

255 4386 261 4393 ί
326 4368 583 4439 inclytum
629 4366 865 4423 celebrat
898 4367 1090 4440 orbis?
1138 4366 1274 4421 Tum
1320 4367 1409 4423 ille
1454 4385 1467 4421 :
1519 4368 1650 4439 Ego,
1703 4368 1896 4440 inquit.

1998 3212 2172 3285 gionis
2199 3210 2560 3267 commendat.
2585 3209 2791 3264 Idcirco
2818 3208 3055 3277 quidam,
3086 3215 3145 3258 nt
3181 3203 3561 3274 comperimus,

1997 3322 2029 3362 e
2054 3304 2250 3360 saeculo
2297 3303 2629 3365 recedentes,
2656 3300 2832 3355 adhuc
2860 3306 3143 3354 versantur
3192 3298 3243 3350 in
3279 3296 3530 3351 ﬂuctibus
3556 3313 3570 3349 :

1997 3396 2125 3466 quia
2165 3409 2271 3449 non
2310 3393 2443 3448 satis
2498 3400 2679 3447 mente
2720 3392 2898 3445 exisse
2952 3389 3265 3458 probantur.
3318 3387 3390 3439 At
3441 3400 3571 3440 vero

1999 3484 2265 3549 nonnulli,
2319 3496 2455 3554 quos
2507 3481 2759 3536 tirocinia
2814 3481 3069 3535 virtutum
3124 3476 3466 3531 enutrierunt
3519 3476 3572 3529 in

2000 3574 2326 3630 militaribus
2376 3573 2558 3637 rebus,
2602 3568 2939 3640 postmodum
2978 3568 3044 3623 ad
3085 3566 3285 3622 Christi
3328 3564 3572 3619 militiam

2000 3667 2249 3738 puriorcs
2274 3680 2338 3722 ac
2382 3664 2807 3736 perspicaciores
2839 3661 3077 3724 veniunt,
3108 3674 3268 3729 quam
3320 3656 3367 3712 si
3393 3664 3577 3712 essent

2002 3756 2290 3829 inexperti.

2624 3834 2956 3879 ADEODATUS.

2072 3917 2273 3973 Tamen
2304 3929 2424 3971 esse
2473 3914 2631 3969 debet
2685 3914 2737 3967 in
2779 3913 2864 3966 his
2910 3911 3165 3965 virtutum
3214 3905 3570 3977 experientia,

1998 4025 2097 4082 pro
2124 4009 2317 4079 quibus
2352 4006 2550 4078 egregii
2603 4012 2948 4067 censeantur,
2991 4001 3243 4071 quoniam
3287 4008 3340 4053 et
3368 3996 3569 4068 pagani

2011 4101 2275 4156 duntaxat
2328 4097 2469 4151 inter
2523 4111 2650 4151 suos
2697 4093 2873 4149 idonei
2928 4084 3189 4163 prdbique
3232 4091 3574 4156 videbantur,

1999 4190 2252 4261 vulgique
2292 4186 2650 4244 :estimatione
2682 4183 2921 4241 nonnulli
2972 4184 3113 4238 inter
3148 4181 3278 4238 deos
3317 4180 3467 4236 allati
3496 4180 3578 4235 di-

2001 4288 2217 4336 cuntur.

2618 4379 2950 4421 PASCHASIUS.

324 4456 547 4523 Deinde,
578 4455 769 4521 fateor,
802 4456 939 4511 alter
974 4457 1069 4522 ait,
1116 4458 1258 4525 quod
1310 4457 1500 4512 saltem
1529 4474 1629 4513 nec
1676 4458 1897 4514 minime
1930 4456 1978 4516 D
2074 4461 2283 4517 Videris
2311 4459 2443 4514 mihi
2470 4457 2536 4511 ad
2559 4456 2738 4510 omnia
2781 4469 2903 4522 qua:
2931 4451 3281 4515 conferimus,
3314 4448 3609 4507 nutabun?

324 4557 567 4603 extrema
596 4547 747 4618 digiti
775 4544 891 4614 ejus
914 4545 1083 4609 vales,
1112 4555 1314 4614 quanto
1347 4548 1517 4615 magis
1542 4556 1600 4601 ut
1626 4547 1748 4602 talis
1786 4557 1901 4603 tan-

326 4647 521 4708 tusque
546 4637 764 4692 dicaris.
803 4635 896 4691 llis
926 4635 1001 4690 ita
1030 4635 1210 4701 dictis,
1234 4651 1333 4692 nos
1354 4651 1545 4692 omnes
1578 4638 1900 4697 subrisimus

325 4744 390 4785 ac
415 4729 785 4785 discessimus.

948 4832 1281 4876 ADEODATUS.

397 4910 572 4968 Velim
618 4911 790 4967 serius
818 4925 948 4979 agas
990 4929 1004 4965 :
1059 4909 1187 4981 quia
1226 4908 1351 4963 talia
1391 4909 1446 4962 in
1490 4908 1686 4978 quibus
1726 4908 1901 4964 fastus

326 5004 735 5061 commendatur
761 5004 968 5069 saeculi,
998 5019 1104 5058 non
1154 5004 1366 5057 intueor
1394 5001 1522 5071 quid
1548 5001 1779 5071 prosint,
1808 5016 1902 5073 pe-

326 5097 473 5152 nitus
496 5112 620 5152 cum
644 5112 789 5153 mors
816 5095 980 5151 etiam
1009 5103 1193 5150 nostra
1228 5093 1541 5159 aboleverit,
1575 5094 1620 5149 si
1649 5108 1753 5163 qua
1776 5092 1899 5150 fue-

395 5243 423 5270 ει
461 5227 663 5298 Nempe
688 5228 743 5282 in
776 5227 1061 5298 Abitrices,
1099 5225 1239 5298 infra
1266 5240 1386 5298 cap.
1421 5224 1512 5298 ll,
1543 5239 1649 5298 quo
1679 5225 1898 5298 nomine

322 5294 1251 5369 Abotritos'significatoscxistimo.
1293 5294 1429 5369 Pace
1455 5295 1596 5349 facta
1622 5296 1763 5349 inter
1792 5294 1891 5349 Ca~

325 5369 502 5424 rolum
553 5365 799 5438 Magnum
852 5376 907 5438 et
954 5365 1329 5438 Hemmingnm
1390 5366 1659 5438 Danorum
1706 5380 1889 5438 regem

324 5453 469 5493 anno
492 5438 551 5492 8|
566 5438 615 5502 l,
643 5434 955 5493 concordia:
975 5434 1409 5504 subscripserunt
1434 5451 1526 5490 sex
1551 5435 1614 5488 de
1637 5434 1892 5504 primori-

326 5510 428 5563 bus
467 5507 818 5570 Francorum,
866 5507 918 5561 in
948 5507 1141 5575 quibus
1166 5502 1373 5575 primus
1422 5502 1729 5558 nominatur
1761 5502 1892 5557 Wa-

322 5577 442 5631 lach
491 5577 631 5631 filius
663 5576 978 5631 Bernhardi.
1025 5577 1146 5631 dein
1184 5576 1295 5631 alii.
1336 5590 1511 5629 omnes
1551 5576 1780 5631 comites.
1812 5575 1890 5629 uti

346 5580 442 5632 ach

328 5645 515 5719 scribit
563 5646 898 5719 Eginhardus
934 5647 986 5701 in
1017 5646 1476 5715 Annalilms,-quo
1506 5653 1746 5714 tempore
1769 5645 1887 5715 ⁸ιΙιι-

2006 4556 2124 4617 dus,
2154 4563 2207 4608 et
2234 4552 2386 4621 quasi
2416 4548 2625 4619 plebeio
2657 4545 2885 4601 infectus
2916 4543 3117 4607 colore,
3162 4541 3366 4597 nullum
3410 4541 3576 4599 alium

2005 4643 2257 4711 deinceps
2276 4654 2432 4709 posse
2463 4637 2703 4707 recipere
2729 4634 2924 4690 mentis
2952 4633 3199 4691 effectum
3237 4648 3251 4685 :
3282 4634 3579 4703 przcscrtim

2005 4744 2127 4786 cum
2175 4728 2358 4783 varius
2411 4740 2595 4781 rumor
2644 4725 2822 4779 varias
2871 4738 3052 4778 rerum
3107 4722 3579 4792 conspe"siouihus

2006 4819 2210 4874 inliciat
2233 4826 2457 4873 mentes.
2501 4815 2769 4889 Fortassis
2802 4831 2930 4886 ergo
2958 4824 3011 4870 et
3033 4822 3087 4868 ιιι
3115 4817 3185 4868 ita
3211 4813 3437 4868 infectus
3460 4814 3579 4883 plu-

2003 4908 2142 4963 rium
2173 4906 2430 4971 infamiis,
2471 4916 2528 4959 nt
2556 4920 2664 4960 non
2702 4920 2870 4975 queas
2910 4903 2976 4958 de
3022 4903 3122 4957 hoc
3151 4902 3310 4956 aliam
3351 4901 3462 4969 jam
3494 4917 3580 4957 re-

2002 4999 2182 5070 cipere
2214 4997 2393 5064 fidem,
2431 5011 2589 5067 quem
2628 4996 2810 5065 plures
2852 4995 2926 5049 ita
2951 4993 3174 5058 laniant,
3220 5002 3274 5047 et
3301 4992 3442 5063 vulgi
3472 4992 3577 5047 ima

2004 5090 2198 5161 peritia
2223 5090 2481 5146 corrodit.

2004 5243 2126 5282 cum
2163 5224 2525 5294 comitumque
2575 5221 2836 5294 vocabula
2879 5221 2990 5294 fere
3037 5220 3339 5289 promiscua
3396 5234 3573 5294 erant.
3646 5232 3651 5237 ‘

2001 5297 2096 5379 llis
2125 5296 2261 5351 adde
2310 5291 2521 5379 VY‘a'lam
2566 5291 2734 5348 fuisse
2781 5292 3125 5362 conjugatum
3174 5306 3239 5346 ex
3297 5292 3575 5360 sequentis

1996 5368 2094 5477 “bl;
2208 5366 2568 5490 .Cserbeire
2597 5431 2758 5486 Novae
2774 5410 2798 5487 ἐ
2831 5431 2974 5502 quod
3003 5431 3387 5485 monasterium
3412 5429 3577 5502 Ληιος

1994 5508 2116 5562 nius
2156 5521 2249 5560 seu
2273 5505 2611 5558 Adalhardus
2642 5502 2809 5557 abbas
2831 5499 2960 5555 adiit
2981 5515 3124 5555 anno
3152 5502 3279 5566 8‘22,
3327 5508 3387 5555 ιιι
3428 5499 3579 5573 operi

489 5577 631 5647 ﬁlius
663 5576 978 5641 Bernhardi,
1025 5577 1146 5631 dein
1176 5576 1295 5647 alii,
1336 5590 1511 5629 omnes
1551 5576 1780 5635 comites,
1809 5575 1890 5647 uti
1988 5577 2102 5647 jam
2134 5586 2312 5646 empto
2337 5589 2647 5645 supremam
2675 5576 2978 5647 imponeret
3003 5586 3243 5627 manum.
