4122 6324
579 302 717 358 1575

1201 425 1409 467 ΔυΕΟΒΑ
1417 426 1534 466 TUS.

648 503 837 561 Nonne
872 501 1066 559 recolis
1086 499 1215 556 illud
1254 499 1491 565 Catonis,
1517 496 1658 567 quod
1684 494 1833 551 multi
1872 494 2039 550 multa
2068 496 2146 553 lo-

575 603 839 666 qnuntur,
886 602 941 649 et
989 593 1113 648 ideo
1154 606 1278 645 rara
1317 597 1400 645 est
1446 588 1613 643 ﬁdes?
1651 587 2032 642 Verumtamen
2062 587 2147 642 de

576 688 704 753 isto,
745 686 936 751 fateor,
981 684 1237 754 optimam
1291 680 1465 735 habeo
1519 678 1698 742 ﬁdem,
1747 675 1835 731 cui
1864 676 2063 730 adhaesi
2092 675 2144 730 in

575 777 902 841 novissimis,
935 790 1095 846 quem
1148 772 1396 844 cognovi,
1424 770 1551 825 licet
1585 782 1725 832 sero,
1777 774 1832 822 et
1877 766 2040 821 dilexi
2068 767 2149 821 ni-

575 872 742 927 mium
770 856 1057 922 virtutibus
1083 866 1417 921 decoratum.
1449 862 1553 917 Sed
1575 875 1682 915 non
1711 859 1960 914 omnibus
1988 861 2149 915 rebus

577 961 735 1017 facile
788 958 921 1029 ﬁdes
980 956 1301 1012 adhibenda.
1339 953 1495 1011 Unde
1540 960 1595 1007 et
1652 950 1895 1021 Apostoli
1942 951 2148 1006 tardius

574 1052 867 1111 credidisse
894 1051 1163 1122 leguntur,
1201 1062 1267 1103 ne
1305 1047 1441 1100 forte
1471 1044 1605 1099 ﬁdes
1648 1057 1833 1097 eorum
1862 1042 2147 1097 temeraria

573 1146 868 1203 videretur.
916 1142 993 1197 Ita
1034 1148 1088 1197 et
1132 1154 1232 1195 nos
1271 1136 1405 1193 nihil
1437 1134 1860 1207 pnecipitanter,
1911 1133 2148 1203 nihilque

574 1234 876 1293 inconsulte
906 1246 1066 1303 agere
1108 1237 1361 1301 oportet:
1400 1241 1574 1296 neque
1615 1225 1759 1296 vulgi
1801 1232 1894 1278 aut
1920 1224 2147 1294 alicujus

573 1327 931 1399 impressione
956 1326 1030 1381 ita
1054 1323 1221 1386 inﬁci,
1250 1337 1317 1377 ne
1339 1320 1561 1375 meliora
1586 1317 1826 1386 recipere
1849 1315 2142 1380 valeamus;

573 1431 769 1486 neque,
799 1424 858 1470 ut
898 1415 972 1469 ita
1009 1414 1204 1477 dicam,
1232 1410 1425 1466 molliri
1465 1424 1529 1463 ac
1558 1408 1604 1462 si
1647 1413 1883 1471 cera,»ut
1905 1405 2145 1460 omnium

573 1509 865 1580 sigillorum
890 1507 1044 1577 signa
1071 1520 1236 1575 super
1269 1503 1600 1573 sculpturam
1635 1500 1975 1570 recipiamus.
2013 1497 2146 1553 Pro-

572 1598 747 1653 banda
775 1605 858 1653 est
878 1596 1040 1668 igitur
1067 1595 1243 1664 imago
1269 1593 1551 1663 cujusque,
1575 1589 1851 1661 probanda
1880 1598 1933 1643 et
1962 1589 2095 1644 ﬁdes
2126 1605 2140 1642 :

1350 295 1408 353 S.
1449 291 1803 352 PASCIIASII
1842 287 2182 347 RADBERTI
2217 287 2507 343 ABBATIS
2544 282 2985 343 CORBEIENSIS

2177 404 2223 465 Α
2251 402 2345 456 sed
2372 401 2437 454 ad
2466 401 2569 457 hoc
2598 400 2701 456 sibi
2731 399 3017 455 commissa
3047 396 3393 453 distribuere.
3430 395 3533 464 Qui
3575 404 3698 467 post
3726 412 3831 451 an-

3692 284 3833 342 ιδτο

2248 490 2459 544 nualem
2481 489 2915 553 decimationem,
2936 487 3307 558 quotidianam
3324 486 3695 542 indesinenter
3717 496 3827 540 tam

2248 597 2312 638 ex
2341 581 2487 637 omni
2516 582 2727 635 redditu
2749 596 2813 636 ac
2835 579 3241 650 dispensatione
3266 578 3461 642 victus,
3487 594 3651 647 quam
3678 586 3737 632 et
3764 578 3831 632 de

2246 671 2416 726 variis
2435 672 2695 726 donorum
2723 671 3027 741 sumptibus
3052 668 3254 724 Christi
3282 668 3607 738 pauperibus
3627 669 3834 739 impen-

2247 762 2428 827 debat,
2446 762 2585 817 hanc
2607 762 2707 816 sibi
2733 760 3067 816 hazreditatis
3091 765 3411 828 computans
3425 767 3660 827 partem,
3689 758 3830 814 hanc

2246 853 2381 908 lucri
2408 854 2663 922 pretium,
2692 852 2831 906 hanc
2852 851 3075 923 justitize
3098 864 3201 906 sum
3236 848 3670 903 mercimonium.
3698 846 3830 913 Sed,

2248 952 2308 998 ut
2335 943 2509 1004 video,
2542 943 2816 1012 Allahigus
2841 950 3045 1005 noster,
3072 939 3229 1010 quasi
3252 938 3609 1004 conviciatus,
3641 939 3832 995 irasci-

2248 1041 2355 1099 tur,
2387 1035 2507 1088 ideo
2532 1031 2669 1087 forte
2700 1030 2899 1087 nudam
2924 1029 3386 1086 manu.interdum
3412 1027 3699 1095 confricet,
3728 1042 3831 1084 nec

2246 1123 2383 1179 bene
2402 1123 2569 1179 sentit
2587 1122 2655 1177 de
2680 1122 2763 1177 his
2789 1136 2910 1192 qua:
2934 1120 3257 1192 proponitis.

2318 1212 2453 1267 Tum
2489 1212 2619 1267 ille:
2657 1210 2796 1278 Quid
2819 1211 2985 1281 igitur
3006 1206 3422 1276 ludicra-iocose
3458 1207 3679 1264 seritis?
3704 1209 3826 1264 etsi

2245 1301 2430 1359 calvus
2453 1303 2604 1360 vobis
2623 1304 2832 1369 videor,
2854 1303 3157 1359 H:elis:eum
3180 1303 3311 1374 quid
3331 1303 3718 1382 contemnitis?
3743 1304 3827 1357 An

2245 1394 2424 1450 nescis
2452 1434 2467 1459 ,
2506 1393 2796 1461 Chremes,
2843 1395 2972 1463 quia
3022 1394 3174 1449 multi
3221 1409 3311 1450 me
3350 1395 3494 1449 venti
3526 1392 3830 1449 ﬂeverunt?

2244 1484 2516 1540 Fortassis
2542 1499 2674 1555 ergo
2694 1484 2931 1554 jurando
2957 1499 3055 1554 per
3087 1486 3191 1541 hoc
3234 1494 3399 1555 caput
3424 1486 3525 1540 ista
3556 1486 3829 1540 contraxi.

2246 1574 2397 1631 Nunc
2419 1583 2598 1630 autem
2626 1576 2753 1645 quia
2785 1591 2893 1631 nou
2940 1577 3191 1641 credunt,
3239 1577 3345 1632 hoc
3396 1591 3599 1632 novum
3650 1578 3831 1648 reperi

572 1695 632 1741 ut
681 1686 824 1763 quod
875 1663 1042 1740 semel
1081 1684 1147 1740 ad
1175 1663 1435 1753 liquidum
1472 1679 1808 1752 probaveris,
1839 1678 2033 1734 iterum
2077 1678 2144 1734 de
2235 1663 2391 1763 Ῑιυίίεξ
2418 1665 2782 1763 Τθτνεηῑίυιξιν
2828 1675 2887 1721 ιιι
2913 1676 3197 1722 οοηεεοιοτ
3224 1682 3341 1733 θοεν
3370 1668 3463 1738 (ιυὶ
3497 1682 3577 1763 *δε
3613 1670 3833 1763 ⁸Ριξίιιιθε

570 1776 662 1833 illo
690 1792 795 1832 non
823 1774 1057 1845 judices.

1185 1879 1379 1920 PASCHA
1387 1878 1519 1918 SIUS.

639 1958 808 2014 Recte
850 1957 1037 2012 fateris
1068 1975 1081 2011 :
1120 1957 1213 2011 sed
1247 1956 1405 2009 velim
1442 1953 1760 2025 perpendas,
1802 1965 1962 2020 quam
1991 1950 2146 2021 probi

569 2050 670 2103 viri
698 2050 840 2103 inter
881 2062 1123 2102 summos
1173 2046 1353 2102 saeculi
1404 2046 1637 2099 honores
1679 2043 1938 2106 vixerint,
1983 2056 2143 2112 quam

570 2139 749 2193 idonei
798 2153 921 2192 mox
971 2137 1038 2191 de
1069 2136 1256 2190 militia
1299 2136 1365 2189 ad
1394 2135 1592 2189 Christi
1620 2133 1851 2204 gratiam
1883 2146 2144 2203 pervene-

569 2227 699 2283 rint.
741 2225 919 2279 Taceo
941 2225 1105 2295 igitur
1129 2233 1182 2279 et
1209 2224 1396 2287 David,
1428 2239 1589 2292 quem
1624 2238 1722 2277 nec
1754 2222 1951 2292 regalis
1977 2221 2146 2292 digni-

569 2324 651 2370 tas
673 2316 854 2370 multis
883 2330 1064 2370 rerum
1105 2314 1272 2384 copiis
1300 2314 1489 2379 illexit,
1541 2327 1642 2367 nec
1668 2311 1950 2382 occupatio
1978 2324 2145 2381 uego-

567 2408 818 2462 tioruma
869 2407 1011 2463 dono
1060 2407 1247 2478 gratire
1298 2406 1534 2460 retorsit.
1595 2403 1775 2459 Taceo
1825 2405 1892 2458 de
1931 2402 2143 2457 cteteris

566 2498 838 2562 omnibus,
865 2497 957 2568 qui
995 2498 1046 2551 in
1071 2497 1307 2552 culmine
1337 2496 1671 2551 celsitudinis
1712 2494 1971 2549 virtutum
2005 2492 2146 2548 ﬁori-

566 2587 666 2642 bus
693 2589 963 2653 exornati,
989 2589 1098 2643 Deo
1123 2588 1391 2657 placuisse
1422 2587 1690 2658 leguntur,
1717 2595 1774 2642 et
1816 2585 1998 2640 multis
2024 2600 2143 2656 my-

565 2681 853 2735 steriorum
877 2684 1230 2735 sacramentis
1252 2680 1531 2735 refulsere.
1560 2679 1784 2733 Veniam
1811 2677 1876 2733 ad
1904 2688 2139 2741 nostros,

565 2784 703 2838 quos
734 2770 800 2824 de
822 2770 1003 2824 mundi
1032 2770 1219 2824 militia
1246 2770 1447 2824 Christi
1474 2769 1710 2824 Ecclesia
1733 2769 1997 2839 gloriosos
2024 2784 2144 2824 sns-

565 2859 708 2928 cepit
748 2859 1021 2929 praesules.
1075 2861 1418 2915 Ambrosium
1450 2859 1659 2930 loquor,
1704 2861 1796 2930 qui
1827 2860 1894 2915 de
1945 2861 2139 2930 praefe-

565 2957 718 3002 ctura
769 2962 892 3002 mox
922 2949 1239 3004 cathedram
1280 2952 1620 3019 episcopatus
1660 2960 1744 3006 est
1770 2951 2031 3021 adeptus;
2088 2960 2142 3006 et

565 3037 849 3103 Hilarium,
883 3053 1041 3107 quem
1071 3039 1347 3094 doctorem
1396 3041 1653 3095 eximium
1686 3040 1855 3096 Gallia
1895 3041 2142 3096 concele-

2175 1765 2222 1825 Β
2246 1756 2487 1810 omnium
2514 1770 2632 1812 esse
2656 1756 2863 1822 volunt,
2887 1772 2987 1813 nec
3016 1766 3142 1813 sunt
3166 1775 3181 1823 ;
3218 1766 3276 1813 et
3309 1773 3432 1813 cum
3467 1756 3712 1821 riserint,
3747 1773 3831 1811 ar-

2247 1847 2419 1913 rideo,
2447 1862 2742 1917 eorumque
2770 1848 2983 1919 ingenia
3012 1848 3286 1913 admiror;
3324 1847 3409 1902 vel
3453 1848 3715 1917 quidquid
3742 1848 3829 1902 di-

2244 1945 2392 2000 cunt,
2422 1935 2610 2003 laudo;
2639 1946 2694 1991 et
2734 1937 2782 1991 si
2833 1945 3052 2005 negant,
3084 1937 3276 2002 laudo;
3309 1937 3436 2007 quid
3467 1938 3700 2007 quisque
3729 1954 3824 1993 ne-

2243 2025 2471 2096 gaverit,
2520 2041 2684 2094 nego;
2736 2027 2910 2092 aiunt,
2961 2028 3066 2081 aio.
3126 2026 3333 2082 Deinde
3383 2027 3646 2097 imperavi
3695 2029 3828 2084 mihi

2172 2128 2177 2133 ‘
2242 2115 2424 2170 omnia
2470 2116 2753 2179 assentari,
2805 2117 2931 2186 quia
2978 2117 3023 2171 is
3068 2125 3303 2186 quaestus
3351 2132 3497 2171 nunc
3541 2125 3625 2172 est
3671 2118 3830 2174 valde

2243 2211 2567 2265 uberrimus.
2593 2208 2796 2265 Tamen
2839 2212 3033 2266 saltem
3071 2227 3293 2282 parvam
3322 2212 3611 2267 adhibeam
3641 2213 3827 2279 ﬁdem,

2242 2300 2333 2369 qui
2362 2300 2494 2354 mihi
2525 2300 2591 2355 de
2615 2300 2706 2356 illo
2753 2315 2915 2371 quam
2963 2303 3100 2357 bene
3129 2319 3250 2357 sum
3281 2305 3553 2370 conscius,
3582 2305 3831 2375 nihilque

2244 2387 2363 2443 falsi
2419 2389 2641 2460 ﬁngam,
2672 2391 2927 2461 quoniam
2959 2408 3080 2447 meo
3105 2392 3257 2448 cordi
3288 2394 3491 2448 nullum
3517 2396 3829 2451 chariorem

2243 2479 2475 2534 invenio.
2504 2478 2627 2534 Fuit
2651 2482 2798 2535 enim
2825 2498 2924 2537 suo
2954 2483 3008 2536 in
3036 2491 3277 2555 tempore
3298 2486 3571 2554 acceptior
3588 2488 3826 2552 cunctis,

2242 2570 2369 2625 licet
2396 2571 2701 2643 prodigiosa
2730 2572 2890 2641 hujus
2918 2574 3099 2629 sreculi
3123 2586 3256 2630 aetas
3298 2576 3487 2651 ultima
3531 2592 3657 2632 eum
3691 2579 3828 2633 iusi-

2242 2661 2452 2732 pienter
2479 2669 2535 2716 et
2565 2662 2797 2734 maligne
2826 2665 3021 2731 oderit,
3048 2676 3210 2736 atque
3242 2668 3541 2722 mendaciis
3568 2671 3643 2724 sit
3684 2670 3831 2725 inse-

2241 2762 2386 2808 cuta.
2412 2753 2793 2811 Verumtamen
2821 2772 3005 2826 quaeso
3035 2774 3120 2813 me
3145 2775 3250 2814 non
3286 2761 3423 2815 adeo
3451 2764 3708 2832 ignavum
3730 2778 3833 2833 pu-

2244 2844 2388 2910 tetis,
2421 2860 2527 2899 non
2559 2845 2851 2917 ingratum,
2895 2864 3070 2918 neque
3103 2850 3457 2905 inhumanum
3512 2863 3611 2908 aut
3640 2868 3831 2909 recor-

2241 2936 2386 3004 dem,
2414 2947 2475 2991 ut
2494 2953 2579 2993 me
2606 2954 2711 2994 non
2753 2943 3090 2995 consuetudo
3122 2941 3258 2995 tanti
3291 2940 3391 2996 viri
3420 2956 3528 2997 non
3566 2938 3831 2999 irremota

2241 3030 2365 3085 vitae
2403 3032 2762 3098 COIIVCI'aaliO,
2807 3048 2914 3087 non
2948 3049 3122 3098 amor,
3160 3050 3266 3089 non
3318 3036 3496 3105 pudor
3535 3036 3832 3094 oblivionis

563 3128 706 3183 hrat.
751 3128 909 3184 Tales
935 3144 1065 3200 ergo
1091 3139 1144 3184 et
1172 3128 1478 3199 huiusmodi
1520 3134 1666 3187 viros
1689 3148 1830 3202 saepe
1860 3133 2136 3199 saeculum,
2165 3112 2211 3175 δ
2241 3131 2598 3189 commove“.
2642 3137 2708 3177 ac
2757 3133 2993 3191 moneat.
3026 3125 3100 3180 illi
3129 3134 3188 3181 υῑ
3215 3140 3425 3181 servem
3468 3127 3649 3191 ﬁdem.
3701 3144 3829 3182 cum

565 3219 672 3275 imo
701 3218 768 3274 de
790 3219 988 3275 sasculo
1013 3220 1212 3275 Christi
1238 3221 1408 3292 gratia
1439 3223 1705 3291 provexit.
1758 3221 1824 3275 Et
1850 3221 1969 3277 ideo
2006 3221 2138 3275 nulli

573 3308 806 3375 dubium,
857 3310 1000 3380 quod
1045 3320 1101 3364 et
1146 3311 1309 3365 istum
1361 3311 1507 3365 inter
1534 3311 1819 3366 senatoriae
1860 3311 2139 3381 dignitatis

561 3400 759 3455 infulas
817 3402 1077 3457 virtutum
1136 3404 1364 3472 gemmis
1422 3404 1734 3472 insignitum
1801 3404 2140 3474 providentia

562 3490 796 3546 instituit
817 3493 1019 3558 divina,
1049 3500 1104 3546 et
1147 3492 1432 3548 clementia
1458 3494 1694 3559 decoxit,
1744 3503 1802 3549 ut
1844 3494 1998 3550 ﬁeret
2044 3509 2142 3551 vas

560 3582 784 3640 honoris
828 3584 895 3640 de
924 3593 1072 3640 tanto
1101 3585 1335 3639 culmine
1383 3586 1447 3640 ad
1479 3586 1833 3641 monasticam
1874 3593 2143 3642 transmu-

562 3682 729 3729 talus.

1155 3744 1383 3802 CAPUT
1418 3745 1547 3803 VIII.

1226 3852 1476 3893 SEVEBIJS.

630 3943 728 3998 Diu
744 3953 826 3999 est
848 3945 991 4014 quod
1016 3955 1292 4017 exspecto,
1316 3948 1443 4016 quid
1461 3947 1526 4003 de
1553 3947 1643 4003 illo
1663 3947 1822 4004 dubia
1844 3962 2143 4020 proponere

558 4032 757 4099 velitis,
783 4050 943 4104 quem
973 4035 1253 4105 plusquam
1276 4047 1488 4092 nosmet
1513 4038 1595 4110 (ut
1622 4038 1695 4092 ita
1728 4037 1923 4110 fatear)
1944 4054 2140 4111 cogno-

558 4122 760 4186 vimus,
784 4123 869 4177 cui
898 4126 1099 4179 conscii
1130 4126 1350 4190 fuimus,
1379 4142 1538 4195 quem
1579 4137 1901 4184 sectatorem
1916 4127 2141 4197 iustitiae

559 4224 625 4264 ac
656 4210 904 4265 veritatis
926 4226 1032 4266 non
1060 4212 1392 4279 dubitamus,
1421 4217 1507 4269 cui
1532 4230 1693 4284 quam
1722 4217 1990 4271 nobismet
2021 4232 2140 4272 am-

558 4300 700 4372 plius
733 4300 1080 4357 credidimus.
1122 4301 1395 4359 Fortassis
1442 4320 1572 4376 ergo
1605 4314 1665 4360 ut
1713 4307 1931 4376 quidam
1963 4308 2140 4377 philo-

558 4391 852 4462 sophorum
889 4392 1071 4447 omnia
1102 4393 1264 4448 dubia
1318 4402 1562 4451 tenemus
1586 4436 1601 4461 ,
1643 4396 1884 4469 nihilque
1929 4406 2137 4453 certum

2239 3226 2347 3281 quo
2396 3211 2561 3267 multa
2607 3214 2820 3283 pertuli,
2852 3230 2883 3269 a
2912 3231 3018 3286 quo
3064 3216 3219 3288 plura
3271 3218 3457 3282 didici,
3512 3230 3564 3273 et
3594 3234 3661 3273 ex
3711 3234 3831 3289 quo

2240 3319 2467 3375 qumque
2510 3306 2713 3376 optima
2751 3308 3013 3363 virtutum
3065 3310 3227 3365 etiam
3258 3311 3314 3364 in
3343 3311 3533 3366 szeculo
3561 3314 3827 3382 cognovi,

2239 3408 2338 3465 pro
2369 3395 2519 3467 cujus
2550 3412 2735 3452 amore
2764 3399 2999 3468 primum
3046 3409 3167 3469 post
3207 3400 3375 3455 Deum
3405 3401 3657 3456 seeculum
3699 3403 3835 3457 reli-

2241 3486 2355 3557 qui.
2385 3487 2536 3543 Unde
2560 3490 2605 3543 si
2642 3492 2764 3560 quis
2800 3500 3042 3546 vestrum
3073 3494 3204 3548 mihi
3234 3494 3301 3548 de
3347 3509 3518 3549 cornu
3546 3495 3827 3565 quidpiam

2241 3575 2512 3643 opposuit,
2570 3577 2751 3632 tubam
2809 3580 2995 3634 audiat
3045 3581 3327 3647 veritatis;
3399 3583 3525 3653 quia
3576 3584 3831 3652 quamvis

2239 3664 2632 3720 ohsurdescant
2686 3666 2895 3733 invidi,
2950 3668 3215 3725 Arsenius
3269 3671 3374 3724 iste
3421 3685 3585 3727 verus
3620 3671 3831 3727 Christi

2242 3757 2442 3813 athleta
2473 3758 2609 3814 fuit:
2637 3768 2692 3816 et
2710 3761 2754 3816 si
2778 3761 2929 3831 plura
2954 3778 3273 3819 enumerare
3289 3781 3553 3837 nequeam
3579 3782 3835 3823 sermone

2241 3846 2553 3917 imperitus,
2580 3848 2763 3922 lugere
2811 3861 2991 3907 tamen
3019 3853 3122 3908 etsi
3166 3868 3349 3908 coram
3382 3870 3490 3909 non
3534 3856 3830 3918 erubesco,

2242 3938 2455 4008 quoties
2493 3940 2561 3994 ad
2587 3949 2821 3996 mentem
2847 3957 2912 3997 ea
2961 3943 3180 4009 reduco,
3228 3952 3289 3999 ut
3319 3944 3401 4001 vel
3428 3946 3509 4001 sic
3536 3945 3837 4016 refrigerer

2240 4025 2432 4097 plenas
2477 4029 2818 4086 miseriarum
2853 4042 3164 4089 nostrarum
3194 4035 3490 4093 doloribus.
3541 4037 3680 4104 Quia
3725 4041 3835 4095 etsi

2242 4120 2582 4190 gaudendum
2609 4137 2828 4191 censeo,
2856 4126 3001 4196 quod
3028 4127 3189 4183 talem
3210 4142 3332 4182 eum
3356 4130 3667 4194 habuimus,
3696 4133 3837 4186 satis

2242 4226 2457 4281 quoque
2497 4211 2822 4282 deﬁendum,
2876 4217 2969 4287 qui
3021 4233 3144 4274 cum
3195 4233 3261 4275 eo
3306 4235 3521 4291 semper
3568 4223 3833 4288 viximus,

2242 4303 2386 4370 quod
2412 4304 2664 4360 absentes
2694 4305 2749 4361 in
2780 4308 3040 4365 extremis
3061 4307 3281 4366 fuimus.
3305 4310 3579 4368 Fortassis
3601 4327 3738 4384 ergo
3783 4315 3835 4368 si

2242 4405 2365 4445 cum
2394 4405 2459 4447 eo
2488 4396 2755 4461 essemus,
2782 4396 2849 4451 de
2897 4399 3090 4469 spiritu
3118 4398 3234 4468 ejus
3277 4399 3505 4471 amplius
3528 4404 3838 4472 participa-

555 4461 716 4552 poSse
737 4483 1123 4552 comprehendi
1145 4483 1606 4556 philosophamur.
1637 4461 1886 4555 Alioquin
1910 4488 2141 4543 interro~
2169 4461 2218 4521 D
2245 4497 2445 4539 remur.
2476 4483 2559 4537 An
2585 4500 2691 4540 non
2722 4461 2950 4557 legistis,
2976 4489 3121 4545 Elias
3143 4461 3342 4546 lilisteo
3366 4461 3471 4545 suo
3514 4461 3748 4561 petenti,
3777 4503 3839 4547 ut

556 4582 680 4644 gate
708 4572 994 4629 Chremem
1022 4585 1288 4642 nostrum,
1314 4587 1408 4630 aut
1438 4577 1599 4632 istum
1624 4577 1948 4650 Allabigum,
1986 4578 2138 4647 cujus

556 4662 780 4733 clangor
801 4662 1041 4718 buccina:
1067 4663 1205 4719 forte
1226 4666 1405 4721 surdis
1438 4667 1601 4722 etiam
1630 4668 1788 4723 Iidem
1833 4670 2133 4739 praestabit,

555 4752 700 4822 quod
727 4753 903 4807 adhuc
927 4752 979 4806 in
1003 4754 1199 4809 saeculo
1222 4771 1430 4811 morum
1456 4758 1739 4813 honestate
1777 4774 1842 4813 ac
1870 4759 2132 4814 virtutum

556 4845 770 4900 cmteris
792 4843 992 4899 clarior
1015 4845 1167 4900 vixit.

1215 4952 1474 4992 CBREIES.

626 5020 814 5077 Nullus
839 5023 927 5092 qui
953 5024 1059 5080 hoc
1082 5026 1309 5091 nesciat,
1342 5042 1478 5097 pene
1521 5027 1649 5097 quia
1678 5028 1804 5082 nulli
1849 5026 1949 5084 fuit
1978 5030 2132 5100 igno-

557 5111 803 5166 tuszsed
841 5111 979 5168 livor
1026 5114 1278 5184 abnegat,
1335 5115 1579 5183 pluribus
1606 5118 1748 5187 quod
1799 5120 2132 5189 conscientia

555 5202 746 5270 probat
815 5200 954 5259 Hinc
1004 5203 1244 5275 profecto
1289 5206 1478 5275 liquet,
1533 5209 1781 5277 quamvis
1823 5208 2128 5276 offenderit,

555 5295 699 5363 quod
724 5295 890 5350 etiam
918 5295 988 5351 ab
1034 5297 1244 5352 aemulis
1286 5300 1631 5369 praestantior
1675 5303 1927 5359 omnibus
1960 5306 2132 5358 nostri

558 5386 739 5442 muli
789 5389 1117 5460 primoribus
1166 5391 1311 5444 fuit:
1346 5399 1400 5446 et
1428 5392 1473 5447 si
1512 5392 1719 5448 eisdem
1746 5409 1854 5449 non
1901 5393 2132 5465 placeat,

556 5477 729 5534 bonus
769 5488 948 5535 tamen
974 5481 1043 5536 ab
1071 5482 1322 5538 omnibus
1353 5485 1692 5554 praedicatur.
1737 5485 1860 5541 Fuit
1904 5488 2048 5541 enim
2079 5488 2133 5543 in

557 5570 763 5625 saeculo
797 5571 1263 5644 eleemosynarum
1312 5575 1556 5646 largitor,
1601 5586 1655 5632 et
1705 5578 2036 5634 decimarum
2061 5580 2133 5635 ita

558 5657 966 5718 liberalissimus
987 5663 1361 5734 dispensator;
1386 5675 1444 5720 ut
1464 5668 1723 5737 probares
1740 5667 1854 5738 jam
1876 5687 1982 5727 non
2012 5687 2128 5737 sua,

2241 4573 2465 4645 Spiritus
2490 4576 2608 4646 ejus
2630 4576 2682 4631 in
2708 4592 2775 4633 eo
2801 4578 2999 4650 duplex
3026 4578 3206 4647 ﬁeret,
3233 4582 3362 4651 quid
3400 4581 3641 4636 dixerit?
3667 4582 3729 4638 Si
3759 4586 3840 4639 ei-

2238 4666 2399 4731 ἀει-ξε,
2438 4667 2630 4736 inquit,
2652 4669 2861 4739 quando
2883 4669 3062 4737 tollar,
3085 4672 3181 4727 erit
3208 4672 3348 4743 quod
3378 4680 3526 4742 aptas
3555 4672 3607 4743 (Ι
3624 4672 3668 4726 γ
3700 4672 3836 4744 Reg.

2238 4775 2302 4821 ιι.
2330 4761 2437 4831 ll).
2468 4760 2546 4816 Ita
2575 4771 2631 4817 et
2678 4779 2799 4830 nos,
2826 4764 3042 4832 fratres,
3078 4769 3123 4822 si
3154 4782 3397 4824 essemus
3430 4784 3555 4824 cum
3583 4784 3675 4835 eo,
3706 4770 3838 4825 hinc

2241 4850 2308 4905 ad
2338 4852 2503 4908 caelos
2531 4856 2746 4924 quando
2771 4857 2927 4924 abiit,
2972 4859 3169 4930 pignus
3214 4860 3368 4915 nobis
3399 4859 3541 4915 forte
3574 4860 3840 4917 refunde-

2240 4951 2325 4996 ret
2346 4941 2428 4997 sui
2451 4944 2691 5013 spiritus.
2728 4944 2881 5002 Nunc
2928 4958 3111 5003 autem
3163 4965 3325 5021 quam
3378 4951 3589 5014 miseri,
3624 4953 3838 5023 quibus

2239 5048 2340 5088 nec
2369 5034 2556 5090 horam
2591 5037 2731 5092 scire
2759 5037 2909 5095 licuit
2930 5041 3012 5096 sui
3040 5043 3239 5107 exitus,
3276 5058 3436 5113 quem
3465 5044 3653 5100 vivere
3680 5056 3843 5118 puta-

2240 5122 2458 5178 bamus!

2859 5237 3194 5279 PASCHASIL’S.

2316 5309 2386 5366 Ut
2420 5313 2599 5379 audio,
2625 5312 2809 5386 glaber
2839 5315 2941 5372 iste
2975 5319 3067 5387 qui
3114 5319 3400 5373 videbatur
3428 5318 3623 5384 idiota,
3655 5318 3844 5376 factus

2240 5408 2323 5455 est
2368 5401 2420 5456 in
2451 5403 2627 5459 subito
2656 5405 3117 5474 querimoniarum
3165 5408 3544 5478 philosophus,
3581 5424 3691 5467 nec
3739 5412 3846 5465 du-

2240 5493 2388 5549 bium
2414 5495 2542 5563 quin
2566 5495 2756 5565 spiritu
2778 5497 2896 5568 ejus
2919 5514 3081 5568 quem
3103 5499 3407 5570 plangimus
3430 5498 3846 5557 aﬂlatus.Alio-

2240 5585 2370 5654 quin
2401 5585 2504 5640 nisi
2531 5577 2596 5640 eo
2618 5597 2763 5643 esset
2791 5598 3045 5655 attactns,
3083 5571 3354 5662 quomodo
3390 5591 3517 5646 talia
3545 5609 3847 5664 praeoccu-

2240 5678 2499 5747 pavisset,
2530 5689 2820 5750 antequam
2855 5681 2997 5738 lilius
3028 5699 3093 5739 eo
3121 5685 3353 5750 veniret,
3383 5700 3492 5754 quo
3525 5685 3820 5743 circumfu
