4122 6324
287 436 392 496 1577
908 435 997 492 DE
1037 433 1199 492 VITA
1235 434 1490 505 WALE,
1530 435 1662 494 SEU
1706 435 2129 498 EPITAPHIUM
2166 439 2469 498 ARSENII.
2506 472 2576 482 —-
2615 441 2744 497 LIB.
2783 440 2826 496 I.
3219 433 3223 436 ⁷
3371 440 3508 498 1578

283 554 344 611 sis
365 548 634 608 visceribus
675 547 1005 605 lamentandi
1055 550 1161 605 erit
1209 551 1460 622 tempus?
1510 548 1630 606 Non
1671 551 1820 607 enim
1847 553 1896 616 Α
1923 560 2133 621 tonum,
2158 563 2215 611 et
2240 552 2355 612 sola
2381 568 2503 625 quae
2546 552 2644 610 Dei
2670 560 2727 608 et
2754 557 2941 607 sancta
2977 556 3125 620 sunt,
3163 550 3232 606 ab
3259 550 3512 610 omnibus

216 675 223 682 -
283 651 543 704 assentator
565 651 646 700 est
676 644 820 710 .alsi,
844 652 903 698 ut
930 657 990 698 se
1020 644 1288 710 tinxerat;
1327 644 1424 700 sed
1451 644 1716 711 invector,
1759 651 1822 699 ut
1863 690 1873 700 .
1923 644 2274 702 meditantur.
2511 655 2514 660 '

281 739 434 807 sentio,
457 752 739 812 praecoque
765 737 1035 792 veritatis.
1062 735 1592 808 Parvipendetenim
1621 736 1820 809 aliquis
2545 769 2881 814 ηερωειυε,

281 831 385 904 quid
426 830 642 897 audiat;
707 830 1013 902 praesertim
1081 845 1206 886 cum
1278 845 1440 887 nemo
1519 831 1821 886 amicorum

279 939 476 983 meorum
520 931 607 980 est
648 921 834 990 hodie,
869 923 1012 994 apud
1040 936 1203 993 quem
1229 921 1413 979 omnia
1459 936 1583 978 mea
1610 919 1821 978 occulta

279 1034 506 1093 exponere
532 1018 784 1084 audeam,
809 1016 1059 1088 quamvis
1082 1016 1175 1073 hic
1196 1025 1382 1073 nostra
1400 1016 1566 1072 etiam
1586 1012 1824 1070 inimicis

279 1117 481 1189 detegat;
507 1111 631 1184 quia
667 1126 1057 1183 nonnunquam
1089 1111 1232 1182 apud
1263 1110 1428 1166 alium
1457 1108 1712 1181 prohibet
1737 1106 1820 1163 di-

278 1207 440 1280 gnitas,
464 1203 602 1276 apud
631 1203 796 1259 alium
825 1203 994 1274 ipsius
1023 1202 1153 1259 facti
1177 1204 1327 1275 piget
1351 1201 1579 1274 ineptia,
1608 1215 1677 1256 ne
1703 1199 1825 1256 inﬁ-

277 1299 406 1366 delis,
447 1312 515 1353 ne
570 1303 858 1367 protervus
906 1295 1114 1351 videar.
1171 1293 1381 1375 Idcirco
1441 1301 1693 1350 nostrum
1741 1299 1828 1348 est

276 1390 556 1463 intelligere,
579 1397 852 1459 utcunque
879 1396 1044 1460 atque
1063 1371 1526 1458 ubicunque'opus
1543 1387 1615 1442 sit
1635 1400 1825 1441 assen-

275 1485 363 1542 tari
381 1483 449 1539 vel
471 1481 720 1552 obsequi,
747 1483 814 1538 dc
842 1481 947 1536 isto
970 1481 1014 1536 si
1046 1479 1320 1552 quomodo
1346 1478 1431 1535 vel
1457 1487 1659 1535 tacere.
1683 1477 1828 1549 Ergo

1997 872 2055 930 Si
2081 876 2302 948 quaeris,
2332 874 2630 941 Adeodate,
2655 873 2833 945 qualis
2872 874 3105 941 venerit,
3160 874 3338 930 fateor
3387 870 3513 930 talis

1924 966 2140 1037 qualem
2163 967 2418 1039 Virgilius
2444 965 2531 1022 ille
2562 977 2688 1022 tuus
2713 965 2863 1021 Maro
2885 964 3169 1032 describit,
3195 973 3344 1021 totus
3371 973 3516 1021 teres

1926 1067 2089 1129 atque
2118 1059 2401 1116 rotundus.
2427 1059 2531 1127 Qui
2561 1059 2819 1114 nimirum
2845 1071 3058 1125 versus,
3089 1056 3217 1113 licet
3245 1058 3301 1112 in
3340 1056 3518 1128 Virgi-

1927 1152 1999 1208 lio
2013 1161 2194 1210 vestro
2220 1153 2431 1226 magnis
2451 1153 2741 1210 extollatur
2764 1153 3036 1219 laudibus,
3059 1151 3218 1223 longe
3241 1151 3518 1222 antiquior

1927 1245 2124 1316 legitur
2146 1247 2203 1302 in
2231 1246 2474 1314 Horatio,
2498 1247 2590 1316 qui
2615 1246 2744 1303 dum
2774 1245 2842 1301 de
2861 1245 2978 1301 viro
3007 1243 3250 1316 sapiente
3269 1243 3520 1314 loquerc-
3566 1294 3572 1302 .

1929 1345 2037 1402 tur,
2069 1337 2167 1404 ait,
2197 1338 2340 1408 quod
2361 1339 2434 1394 sit
2463 1337 2640 1405 fortis,
2671 1347 2726 1394 et
2749 1337 2803 1392 in
2826 1337 3007 1409 seipso
3027 1347 3172 1393 totus
3193 1346 3334 1393 teres
3360 1345 3522 1407 atque

1929 1430 2215 1486 rotundus.
2247 1429 2400 1487 Unde
2429 1430 2672 1502 profecto
2724 1430 2914 1501 liquet,
2961 1430 3102 1485 sicut
3148 1438 3204 1486 et
3252 1429 3306 1484 in
3333 1445 3524 1500 quam-

1929 1521 2176 1594 pluribus
2204 1523 2356 1588 locis,
2384 1523 2512 1594 quia
2564 1521 2715 1578 Maro
2740 1530 2922 1579 vester
2949 1521 3174 1578 callidus
3209 1521 3426 1593 ingenio
3456 1521 3524 1576 de

1931 1626 2254 1672 caeterorum
2276 1617 2561 1674 sententiis
2587 1615 2802 1672 laudem
2831 1615 2970 1681 tulit,
2993 1623 3048 1670 et
3066 1614 3134 1670 de
3156 1613 3361 1680 multis,
3387 1628 3452 1668 ac
3474 1612 3523 1668 si

1933 1710 2232 1775 mendicus,
2255 1710 2700 1782 philosophorum
2725 1708 3040 1778 fragmentis
3054 1707 3363 1764 convivium
3377 1705 3528 1762 vani-

1936 1803 2088 1869 tatis,
2111 1801 2303 1858 saltem
2339 1802 2543 1872 pueris,
2578 1801 2725 1857 fecit.
2753 1800 2861 1857 Sed
2882 1800 3205 1856 laudabilior
3225 1800 3315 1855 hic
3339 1807 3527 1855 noster

1857 1923 1908 1986 B
1937 1891 2029 1980 illo
2068 1891 2219 1986 fulsit
2251 1907 2379 1986 mox
2408 1892 2475 1948 de
2513 1891 2712 1948 saeculo
2747 1890 2952 1946 Christi
2987 1891 3163 1986 gratia
3201 1890 3527 1986 illustratus,

1937 1979 2032 2056 qui
2063 1984 2220 2041 fortis
2249 1984 2302 2040 in
2329 1983 2439 2040 Deo
2462 1992 2625 2054 atque
2649 1992 2792 2038 teres
2813 1997 2908 2037 seu
2936 1981 3219 2047 rotundus,
3251 1987 3312 2034 ut
3351 1979 3528 2044 aiunt,

1933 2075 2118 2141 venit;
2148 2075 2276 2146 quia
2306 2074 2442 2130 nihil
2465 2089 2532 2129 ex
2556 2073 2886 2144 omni-parte
2913 2072 3195 2128 rotundius
3235 2087 3266 2126 a
3297 2078 3526 2143 puncto,

1935 2180 2101 2235 quam
2125 2165 2229 2220 sibi
2258 2165 2324 2237 [f.
2357 2162 2428 2237 si]
2453 2163 2679 2219 virtutes
2701 2163 2898 2218 rationi
2924 2163 3142 2234 Deoque
3158 2161 3525 2218 consentiunt.

1935 2254 2128 2311 Nonne
2173 2255 2346 2310 virtus
2387 2252 2509 2324 jure
2559 2252 2655 2308 tibi
2701 2252 2914 2308 videtur
2957 2252 3203 2322 quaedam
3249 2251 3534 2322 aequalitas

1935 2348 2086 2414 vitae,
2109 2345 2415 2416 rationique
2445 2345 2791 2402 consentiens
2811 2344 3084 2414 undique?
3113 2343 3270 2410 Quod
3299 2345 3344 2399 si
3381 2343 3532 2400 aliud
3638 2373 3640 2376 ν

1939 2441 2009 2496 ab
2038 2439 2145 2494 alio
2175 2439 2229 2495 in
2255 2438 2367 2494 vita
2399 2438 2702 2509 discrepat;
2736 2436 2934 2509 magis,
2967 2437 3022 2491 ni
3067 2435 3244 2503 fallor,
3286 2433 3530 2504 oﬁ'endit,

275 1578 378 1649 quia
398 1591 486 1632 nec
509 1573 873 1646 praemeditari
893 1573 1167 1644 potuimus
1190 1572 1326 1628 tanti
1350 1571 1453 1628 viri
1475 1572 1704 1637 obitum,
1729 1584 1832 1625 nec

273 1667 524 1740 przescire;
550 1682 694 1722 nunc
727 1664 1232 1736 praemeditandum,
1267 1663 1396 1734 quid
1426 1661 1512 1717 vel
1549 1661 1636 1718 cui
1667 1676 1833 1732 quan-

274 1759 424 1830 doque
447 1757 753 1828 loquamur.
785 1756 981 1812 Noster
1011 1755 1158 1812 enim
1197 1755 1334 1812 satis
1361 1755 1597 1825 pavebat
1620 1753 1834 1808 animus

271 1851 330 1907 de
370 1851 450 1908 illo
472 1851 622 1923 prius
672 1849 780 1906 tale
829 1848 1033 1920 aliquid
1067 1849 1328 1922 cogitare,
1379 1846 1562 1918 qualia
1615 1845 1833 1901 demum

271 1943 532 2014 contigisse
563 1942 852 1999 doluimus.
887 1939 1006 1997 Non
1035 1941 1182 2011 quod
1221 1941 1586 1998 conditionem
1619 1939 1832 2010 ignora-

271 2051 460 2104 remus;
493 2035 589 2091 sed
619 2035 838 2106 quidam
870 2042 1120 2090 votorum
1146 2048 1281 2088 usus
1309 2047 1530 2089 sensum
1583 2041 1832 2088 nostrum

269 2129 544 2187 communis
572 2125 886 2200 fragilitatis
911 2124 1233 2190 obduxerat,
1275 2134 1337 2180 ut
1374 2123 1443 2180 de
1475 2123 1565 2180 illo
1605 2123 1711 2179 nisi
1742 2139 1831 2196 se-

266 2221 420 2279 cunda
440 2219 678 2290 cogitare
726 2218 1081 2275 nesciremus.
1121 2217 1274 2274 Unde
1309 2231 1432 2272 cum
1457 2215 1586 2272 olim
1623 2216 1691 2270 ab
1717 2215 1831 2269 Au-

265 2319 403 2384 gusto
429 2311 663 2368 directus
708 2326 872 2367 causa
907 2310 1111 2383 negotii
1140 2309 1286 2380 quod
1313 2309 1510 2375 nostis,
1539 2317 1835 2378 antequam

264 2403 314 2458 in
342 2403 624 2460 remeando
650 2401 1004 2474 Agrippinam
1028 2401 1300 2458 venissem
1329 2441 1345 2468 ,
1377 2399 1622 2471 comperi
1671 2413 1834 2468 quem

262 2509 392 2550 nunc
433 2492 724 2559 deﬂemus,
762 2491 1012 2548 exsilium
1065 2491 1254 2547 tulisse
1300 2505 1401 2562 pro
1435 2502 1690 2554 munere,
1743 2487 1835 2542 ubi

260 2586 593 2660 quamplures
621 2586 1015 2643 monachorum
1043 2584 1205 2641 simul
1232 2584 1644 2648 reﬁciebamur;
1683 2590 1834 2638 erat-

261 2694 359 2753 que
377 2677 530 2736 lectio
557 2679 613 2734 in
642 2678 822 2734 medio
840 2677 994 2734 Isaiae
1023 2676 1182 2741 vatis,
1209 2677 1300 2732 ubi
1328 2675 1524 2748 legitur
1560 2693 1572 2728 :
1601 2671 1838 2728 Concur-

261 2779 366 2828 rent
384 2769 617 2842 [Egyptii
629 2770 881 2825 adversus
903 2767 1206 2840 digyptios,
1228 2778 1278 2822 et
1302 2767 1659 2836 disrumpetur
1674 2763 1838 2834 zEgy-

255 2874 368 2936 ρεαδ
415 2865 469 2919 in
512 2862 794 2920 visceribus
839 2862 950 2918 suis
986 2861 1122 2932 (Isa.
1172 2877 1287 2927 XIX,
1319 2859 1396 2932 2).
1429 2858 1582 2914 Tunc
1612 2857 1836 2929 quidem

255 2952 515 3022 intremui,
534 2962 661 3010 tunc
674 2953 828 3024 quasi
846 2951 1113 3008 inundans
1127 2950 1274 3007 omni
1286 2949 1592 3021 lacrymaru
1601 2963 1650 3002 m
1666 2947 1840 3002 imbre

252 3044 515 3119 perfusus,
568 3055 732 3116 atque
781 3043 966 3101 dolore
1018 3043 1296 3112 disruptus
1346 3038 1614 3104 emarcui,
1668 3037 1746 3092 ita
1781 3044 1842 3091 ut

255 3153 438 3195 omnes
479 3137 834 3204 mirarentur,
877 3136 971 3192 alii
1000 3135 1217 3207 quidem
1249 3132 1380 3205 quid
1425 3129 1717 3202 contigerit
1759 3127 1842 3184 di-

253 3243 454 3298 centes,
484 3230 576 3288 alii
615 3230 773 3304 quasi
824 3230 1000 3286 reatui
1027 3227 1173 3286 illius
1201 3227 1454 3283 conscius
1492 3239 1694 3289 essem,
1718 3221 1841 3293 upi-

250 3323 517 3381 nabantur
541 3341 558 3390 ;
585 3338 747 3379 nemo
769 3331 950 3379 tamen
971 3321 1105 3378 mihi
1131 3335 1320 3377 eorum
1345 3317 1507 3374 hodie
1527 3315 1670 3389 quod
1701 3313 1839 3380 heri,

247 3415 377 3472 licet
415 3414 784 3477 consolatores
817 3411 1008 3484 optimi
1057 3411 1393 3466 viderentur.
1429 3409 1627 3464 Fateor
1655 3416 1841 3462 tamen

245 3505 438 3564 eadem
452 3504 585 3561 hora
606 3503 789 3560 omnia
813 3502 946 3560 mihi
967 3502 1024 3557 in
1045 3501 1229 3558 animo
1272 3500 1490 3557 venisse
1512 3515 1632 3570 qua:
1655 3505 1844 3569 postea

244 3599 611 3671 contigerunt.
660 3595 814 3655 Unde
865 3611 974 3654 non
1023 3595 1384 3652 dubitandum
1426 3594 1572 3666 quod
1623 3591 1840 3648 divinus

209 3677 214 3679 Α
246 3690 490 3762 Spiritus
509 3691 712 3764 ubique
735 3689 920 3748 omnia
949 3687 1176 3762 repleat,
1214 3687 1380 3746 etiam
1413 3695 1470 3744 et
1490 3701 1555 3743 ea
1586 3701 1706 3757 qua:
1732 3700 1841 3742 non

242 3785 507 3858 possidet.

1938 2542 1999 2588 ut
2025 2532 2114 2588 ille
2140 2532 2390 2604 egregius
2413 2531 2507 2598 ait,
2533 2545 2695 2601 quam
2727 2529 2773 2586 si
2799 2529 2978 2600 aliqua
3017 2544 3144 2600 pars
3168 2527 3360 2584 circuli
3409 2545 3528 2584 ma-

1932 2623 2053 2695 jore
2084 2623 2360 2678 minoreve
2396 2620 2682 2678 intervallo
2707 2635 2869 2692 quam
2921 2619 3044 2675 alia:
3085 2628 3290 2689 partes,
3341 2619 3526 2676 distet.

1938 2714 2107 2786 Igitur
2134 2713 2225 2768 illa
2250 2719 2335 2769 est
2357 2712 2531 2768 virtus
2559 2720 2615 2768 et
2662 2711 2801 2766 ratio
2823 2725 2977 2776 vera,
3001 2724 3120 2780 qua:
3158 2709 3328 2766 vitam
3356 2707 3536 2780 perfe-

1939 2817 2085 2866 ctam
2106 2806 2350 2874 Iaciunt;
2382 2807 2491 2861 vita
2518 2818 2648 2862 vero
2674 2803 2914 2876 perfecta
2937 2805 3175 2875 undique
3194 2843 3208 2870 ,
3237 2801 3538 2860 siveritati

1939 2909 2224 2973 congruat,
2251 2908 2307 2956 et
2335 2899 2630 2955 virtutibus
2651 2907 2916 2970 aequetur.
2970 2895 3124 2954 Unde
3147 2896 3392 2968 profecto
3421 2896 3538 2954 ido-

1941 3008 2078 3051 neus
2103 2994 2156 3049 in
2191 2993 2304 3049 vita
2323 3001 2378 3048 et
2399 2991 2603 3063 probus
2620 2990 2744 3063 jure
2769 2991 2815 3048 is
2845 2998 3118 3057 censetur,
3149 2989 3245 3060 qui
3265 2998 3376 3046 tam
3397 2989 3538 3046 bene

1941 3093 1996 3142 et
2024 3087 2251 3142 honeste
2271 3084 2406 3141 vivit
2427 3093 2490 3140 ut
2509 3083 2807 3141 secundum
2829 3084 2997 3139 Deum
3031 3081 3324 3138 virtutibus
3348 3082 3535 3138 vivere

1942 3179 2210 3234 videatur.
2243 3176 2352 3234 Sed
2389 3178 2455 3234 de
2501 3177 2609 3234 isto
2638 3177 2728 3232 vix
2754 3175 2884 3232 talia
2931 3176 3250 3243 creduntur,
3279 3176 3539 3247 quoniam

1870 3291 1916 3355 ρ
1946 3269 2086 3326 odiis
2114 3281 2171 3325 et
2197 3267 2400 3324 invidia
2428 3269 2626 3338 ubique
2649 3266 2950 3339 iugulatur.
2985 3268 3102 3336 Qua
3130 3268 3198 3324 de
3225 3282 3389 3324 causa
3412 3282 3539 3338 par-

1947 3361 2063 3414 cius
2090 3359 2422 3415 laudandum
2451 3372 2670 3424 censeo,
2720 3359 2811 3415 ubi
2839 3359 3041 3417 veritas
3066 3357 3328 3417 conviciis
3373 3355 3540 3417 suﬁ'o—

1946 3460 2122 3521 catur,
2145 3459 2202 3510 et
2224 3451 2427 3509 invidia
2447 3451 2662 3524 iustitia
2684 3453 2994 3524 perimitur.

2615 3601 2868 3644 SEVERUS.

2017 3701 2273 3760 Forsitan
2291 3710 2705 3774 persecutorum
2723 3710 2968 3773 tempore
2987 3703 3030 3759 si
3052 3717 3225 3771 esses,
3248 3704 3314 3761 de
3326 3703 3544 3762 Christo

1949 3803 2042 3852 aut
2062 3796 2277 3853 nescire
2297 3795 2592 3867 quidquam
2619 3803 2669 3852 te
2698 3810 2994 3865 assereres,
3023 3797 3209 3868 utique
3235 3807 3331 3854 aut
3358 3808 3543 3854 mutus

917 3872 1170 3915 θενειωεο
1948 3903 2117 3946 esses.
2147 3887 2304 3944 Nunc
2325 3897 2530 3955 autem,
2561 3903 2776 3960 quasso,
2805 3903 2947 3961 pone
2979 3898 3181 3947 metum
3219 3908 3230 3944 :
3281 3889 3415 3945 nihil
3457 3890 3546 3946 hic

315 3969 512 4030 Dicam
539 3970 608 4030 de
636 3970 721 4030 his
745 3987 866 4044 quae
897 3971 1031 4028 mihi
1062 3971 1117 4027 in
1144 3978 1328 4027 mente
1353 3976 1499 4035 sunt,
1527 3981 1624 4024 vos
1655 3965 1844 4022 decer-

237 4066 377 4123 nite.
409 4065 551 4122 Dum
585 4065 674 4122 ille
701 4065 802 4122 fuit
830 4064 999 4129 solus,
1054 4064 1184 4120 dum
1229 4061 1376 4119 nulla
1405 4060 1511 4116 alia
1539 4075 1684 4133 spes,
1715 4057 1843 4115 dum

233 4174 405 4230 posse
436 4159 642 4231 viguit;
697 4157 952 4214 favebant
979 4156 1224 4229 plurimi,
1264 4155 1475 4226 sibique
1495 4153 1708 4226 dabant
1731 4148 1845 4222 pal-

1949 3979 2148 4035 iterum
2175 3977 2388 4049 jurabis
2421 3981 2688 4052 poscenti.
2721 3979 2981 4052 Alioquin
3015 3982 3102 4038 dic
3137 3981 3268 4038 illud
3293 4023 3308 4047 ,
3341 3981 3465 4054 quin
3497 3983 3546 4038 si

1947 4084 2120 4126 noceo
2145 4069 2288 4139 quod
2319 4084 2477 4136 amo,
2507 4070 2625 4127 sine
2651 4071 2758 4126 ﬁne
2789 4073 3016 4128 nocebo.
3058 4070 3204 4128 Satis
3232 4074 3377 4128 enim
3410 4071 3546 4127 mihi

1949 4175 2035 4222 est
2057 4166 2280 4233 amoris,
2303 4166 2450 4237 quod
2471 4165 2640 4222 semel
2661 4167 2727 4222 de
2747 4165 2842 4222 illo
2866 4167 3032 4232 ebibi,
3061 4167 3205 4237 quod
3231 4166 3378 4222 aliud
3407 4165 3545 4223 reci-

233 4266 429 4318 mam;
478 4265 623 4317 nunc
648 4257 935 4321 postquam
957 4264 1046 4306 res
1071 4248 1290 4304 inventa
1342 4243 1602 4320 [inversa]
1625 4253 1729 4310 est,
1757 4242 1842 4298 in-

230 4341 391 4398 venti
423 4339 674 4415 [inversi]
705 4350 832 4398 sunt
865 4350 922 4398 et
948 4341 1049 4412 ipsi
1077 4341 1147 4397 de
1190 4340 1387 4411 quibus
1417 4336 1699 4410 quaereris.
1736 4333 1845 4391 Sed

228 4447 350 4489 non
383 4431 526 4488 adeo
581 4431 812 4488 dixerim
849 4430 1078 4488 fortuitu
1130 4431 1260 4486 talia
1313 4429 1631 4500 contigisse,
1682 4435 1744 4483 ut
1791 4436 1848 4484 et
1951 4448 2226 4518 nmisque
2250 4447 2421 4502 Deum
2464 4445 2512 4500 si
2543 4446 2703 4514 digne
2731 4443 2956 4501 laudare
2984 4459 3094 4500 non
3137 4458 3346 4500 cessem
3372 4483 3386 4508 ,
3417 4442 3546 4498 δερ,

222 4523 408 4582 lectio
437 4524 600 4580 simul
625 4540 690 4581 ac
714 4523 970 4596 lacrymre
1009 4522 1370 4594 prodiderint,
1401 4522 1545 4592 quod
1576 4528 1765 4578 nostra
1787 4520 1837 4576 in

1953 4539 2060 4594 tior
2099 4552 2231 4606 ero,
2281 4524 2408 4593 licet
2456 4535 2677 4593 monitis
2721 4533 2840 4605 ejus
2883 4543 2940 4592 et
2984 4534 3228 4594 moribus
3279 4534 3381 4591 sim
3429 4534 3544 4602 ipse
3587 4529 3605 4545 “’

218 4613 552 4671 visceribus
581 4613 693 4670 suis
722 4612 1108 4686 disrumpenda
1139 4621 1285 4669 esset
1330 4609 1602 4683 Egyptus
1635 4627 1649 4663 :
1699 4609 1844 4666 forte
1868 4641 1925 4704 Β
1951 4629 2148 4686 minor,
2603 4677 2608 4684 ,
3235 4683 3238 4688 _
3299 4675 3318 4689 ,
3579 4625 3594 4678 l

209 4705 344 4779 jam
377 4714 516 4763 tunc
543 4717 735 4764 venter
753 4707 1180 4779 praecordiorum
1203 4712 1396 4764 contra
1428 4702 1666 4762 nefanda
1695 4703 1844 4762 futu-
1871 4702 1906 4704 “
2580 4759 2893 4779 “nam”:
3243 4771 3246 4776 _
3580 4705 3584 4760 ζ

212 4809 452 4863 rarum,
484 4797 637 4869 quasi
668 4799 894 4870 cythara
927 4797 1232 4854 threnabat.

858 4928 1087 4988 CAPUT
1139 4930 1232 4988 IX.

1949 4276 2082 4334 pere
2107 4277 2216 4318 non
2242 4277 2485 4334 possum.
2513 4261 2724 4318 Idcirco
2750 4263 2797 4318 si
2825 4279 2932 4318 non
2958 4260 3253 4334 proﬁciunt
3278 4262 3390 4317 visa
3410 4301 3425 4327 ,
3449 4275 3545 4316 vc-

1949 4355 2167 4412 niamus
2201 4365 2255 4412 et
2285 4355 2387 4426 ipsi
2425 4355 2684 4410 virtutum
2726 4355 2796 4410 ad
2823 4369 2976 4410 arma
3014 4372 3028 4407 :
3062 4354 3187 4424 quia
3219 4368 3316 4424 pro
3349 4351 3546 4407 talibus

2580 4759 2918 4803 PASCIIASIUS.

2021 4877 2215 4954 Magna
2245 4878 2524 4949 molimur,
2566 4880 2738 4937 frater
2767 4878 3075 4946 Adeodate,
3118 4876 3212 4935 sed
3254 4876 3405 4962 nulla
3437 4873 3544 4935 nisi

1949 4975 2120 5031 ardua
2140 4975 2331 5032 virtus.
2361 4973 2517 5032 Unde
2541 4987 2848 5040 narremus,
2875 4981 2933 5027 ut
2954 4972 3148 5038 fertur,
3169 4970 3544 5050 fabulamtoto

1947 5067 2292 5124 notissimam
2321 5065 2544 5124 mundo.
2575 5065 2842 5134 Quoniam
2867 5107 2882 5133 ,
2910 5073 2972 5121 ut
2997 5065 3078 5122 ais
3100 5105 3115 5132 ,
3146 5065 3343 5136 exigua
3368 5063 3544 5121 virtus

1954 5170 2039 5218 est
2063 5169 2324 5232 praestare
2355 5159 2571 5216 silentia
2601 5149 2803 5223 rebus;
2836 5157 2976 5214 sicut
3006 5171 3038 5214 e
3064 5156 3338 5214 contrario
3359 5152 3542 5228 gravis

1955 5245 2148 5324 culpa,
2166 5268 2286 5324 quae
2313 5251 2541 5308 tacenda
2592 5257 2719 5306 sunt
2748 5249 2931 5320 loqui;
2963 5248 3214 5320 quamvis
3242 5247 3374 5304 utile
3401 5247 3542 5304 mul-

1953 5347 2022 5402 tis
2054 5346 2422 5403 dissimulasse
2446 5343 2725 5418 prodenda
2754 5341 2946 5410 fuerit,
2992 5342 3326 5413 tacendaque
3351 5341 3538 5413 prodi-

1953 5441 2117 5497 disse.
2153 5438 2313 5496 Venit
2339 5439 2486 5496 enim
2517 5439 2608 5496 hic
2635 5448 2824 5495 noster
2850 5437 3146 5503 Arsenius,
3178 5437 3321 5493 sicut
3347 5435 3542 5493 melius

1951 5531 2137 5599 nosti,
2189 5531 2259 5586 ad
2308 5531 2702 5588 monasterium
2733 5529 2796 5604 [ι.
2823 5528 3206 5601 monasticam]
3236 5529 3402 5584 vitam
3423 5526 3540 5598 jam

1947 5637 2087 5694 pene
2111 5621 2389 5694 perfectus
2411 5663 2427 5690 ,
2457 5621 2587 5680 licet
2614 5623 2830 5679 demum
2877 5622 3053 5695 major
3078 5609 3382 5702 meliorque
3421 5636 3542 5677 cre-

1948 5715 2093 5773 visse
2119 5715 2376 5773 credatur
2394 5757 2408 5784 ,
2437 5715 2565 5788 quia
2593 5731 2754 5796 nemo
2779 5717 2873 5790 qui
2895 5717 3189 5798 virtutibus
3222 5717 3326 5774 hac
3353 5715 3406 5772 in
3433 5715 3538 5772 vita

1947 5809 2216 5881 proﬁcere
2258 5819 2514 5880 nequeat.
2548 5810 2749 5881 Venit,
2791 5811 3019 5892 inquam
3043 5850 3062 5882 ,
3089 5811 3250 5869 sicuti
3285 5806 3540 5882 praefatus

1947 5910 2107 5977 poeta
2132 5910 2260 5964 tuus
2283 5902 2361 5960 ait
2388 5901 2500 5976 jam
2520 5945 2535 5975 ,
2791 5889 2810 5894 ”

878 5060 1082 5102 ADEODA
1092 5061 1212 5102 TUS.

288 5153 459 5214 Dum
506 5155 660 5214 varia
695 5171 878 5214 rerum
919 5156 1170 5212 incidunt
1217 5158 1453 5227 negotia,
1490 5173 1544 5212 in
1575 5139 1844 5230 colloquio

193 5249 599 5307 confunditur
625 5249 820 5323 stylus,
846 5264 947 5307 nec
972 5249 1108 5306 ordo
1159 5249 1379 5306 dicendi
1419 5260 1693 5316 servatur,
1741 5266 1843 5307 nec

187 5343 399 5402 ﬂendi
439 5345 604 5417 copia
642 5345 879 5417 pectoris
927 5345 994 5402 de
1023 5342 1173 5401 fonte
1202 5341 1422 5400 uberior
1466 5344 1734 5400 hauritur.
1763 5343 1844 5399 Ex

182 5427 331 5506 duo
370 5435 549 5493 velim
582 5434 789 5492 fontem
814 5436 1030 5508 aperias
1075 5435 1235 5492 nobis
1260 5434 1551 5501 calentem,
1583 5444 1640 5492 et
1664 5434 1844 5506 qualis

178 5535 552 5598 quantusve
575 5529 785 5586 venerit
804 5529 876 5586 ad
899 5529 1221 5594 monastica,
1255 5528 1500 5586 insinues
1526 5521 1550 5584 ε’
1570 5531 1697 5600 quia
1739 5530 1842 5587 etsi

169 5621 488 5698 pulchrae
506 5633 633 5680 sunt
653 5624 883 5682 virtutes
898 5623 999 5680 sub
1019 5624 1286 5681 absconso
1306 5622 1592 5696 chlamyde
1616 5621 1684 5696 [ί.
1701 5621 1846 5680 chla-

169 5711 468 5789 mydia],
501 5731 702 5788 easque
725 5717 869 5773 inter
905 5715 1093 5773 mundi
1119 5713 1404 5773 illecebras
1428 5731 1689 5782 vernare;
1721 5715 1843 5787 pul-

165 5807 495 5865 chriores
517 5817 700 5866 tamen
726 5810 781 5867 in
805 5810 991 5867 schola
1013 5809 1286 5890 virtutum
1316 5809 1475 5879 ﬁunt,
1501 5809 1595 5868 ubi
1624 5825 1844 5867 reseca--

123 5901 126 5906 ’
168 5897 270 5955 tis
304 5900 489 5958 vitiis
520 5902 725 5977 lragrat
746 5918 875 5975 ager
903 5901 1132 5960 aliorum
1159 5904 1534 5963 odoramentis
1569 5903 1840 5964 commili-

692 5996 964 6061 Ps'rnon.
1011 5996 1212 6062 CXX.
1805 6077 1823 6092 ν
1895 6003 1938 6072 ⁸,
3101 6005 3185 6093 50,
