4122 6324
283 341 398 408 1581

943 338 1032 399 DE
1070 339 1233 400 VITA
1266 338 1522 421 WALE,
1561 342 1692 401 SEU
1743 338 2163 400 EPITAPHIUM
2196 338 2494 398 ARSENI].
2534 371 2607 386 —
2641 336 2772 399 LIB.
2812 336 2855 397 Ι.

3390 342 3529 399 1582

227 474 236 484 ‘
279 458 528 525 invenies,
546 457 672 515 dum
697 455 897 528 singuli
922 456 1096 528 magis
1114 472 1347 529 praeesse
1386 458 1655 530 gaudeant
1678 471 1843 528 quam
1875 456 1928 519 Α
1952 470 2063 511 suae
2085 452 2392 510 sudoribus.
2426 452 2697 524 Utrasque
2738 468 2971 526 namque
3000 453 3141 513 vitas
3169 453 3282 512 suis
3312 438 3534 526 gerebat

278 554 485 612 subesse
505 558 563 606 et
583 549 863 620 prodesse.
890 546 1147 620 Alioquin
1172 563 1278 605 non
1307 548 1460 604 tanta
1493 548 1845 621 praeiatorum
1947 547 2303 620 temporibus,
2318 547 2616 611 nracticam
2640 546 2850 604 scilicet
2866 546 2921 602 in
2946 545 3050 614 die,
3079 547 3379 605 theoricam
3402 564 3534 630 vero

215 664 223 673 ο
277 645 491 720 penuria
519 641 884 714 perfectorum
906 650 1072 707 esset,
1104 655 1282 712 neque
1311 640 1627 712 proﬁciendi
1650 652 1847 711 magna
1948 637 2004 693 in
2033 648 2191 696 nocte
2214 654 2229 705 ;
2255 638 2382 697 hinc
2418 639 2544 695 inde
2568 654 2759 695 earum
2803 653 3084 709 reSpersus
3114 637 3338 696 ﬂoribus
3366 643 3534 698 nove-

279 733 582 798 diliicultas;
622 731 750 803 quia
778 730 1021 802 plurimi,
1047 730 1150 787 etsi
1180 737 1443 803 prmsunt,
1470 731 1728 802 prodesse
1758 731 1850 785 vix

231 850 235 856 ·
274 826 455 899 paucis
488 830 769 897 appetunt,
808 823 1002 879 obesse
1025 823 1233 879 multis.
1272 821 1373 879 llic
1401 831 1580 879 autem
1613 829 1850 894 quantus

277 920 367 978 sub
408 916 687 990 disciplina
717 914 884 1012 fuerit
921 917 1269 1012 obedientiae‘
1291 917 1582 973 multorum
1617 931 1712 974 ore
1735 916 1852 972 lau-

268 1012 441 1069 datur.
468 1007 538 1065 Et
564 1007 691 1064 inde
731 1014 815 1063 est
838 1006 1008 1075 illud,
1035 1022 1161 1064 cum
1204 1006 1445 1064 novitius
1472 1007 1648 1065 adhuc
1683 1015 1849 1074 esset,

233 1116 241 1121 ’
276 1109 604 1159 tumescente
642 1099 799 1157 alveo
825 1097 1087 1167 ﬂuminis,
1111 1097 1328 1169 iussum
1355 1110 1439 1157 est
1483 1116 1637 1157 more
1666 1100 1849 1166 solito,

238 1208 243 1211 '
273 1201 329 1249 ut
350 1192 545 1249 fratres
568 1191 714 1248 irent
733 1192 1005 1265 turgentia
1036 1206 1287 1250 resecare
1306 1193 1623 1260 herbarum,
1648 1208 1717 1249 ne
1744 1208 1855 1247 am-

276 1282 409 1356 plius
437 1283 746 1339 inundaret.
776 1280 916 1339 Tum
952 1282 1044 1341 ille
1074 1284 1240 1355 coepit
1271 1284 1510 1357 reliquos
1546 1284 1849 1349 exhortari,

276 1386 329 1432 ut
354 1374 553 1433 tunicis
578 1384 786 1432 tantum
818 1376 992 1433 induti
1036 1378 1183 1433 intus
1228 1378 1542 1445 introirent,
1588 1388 1855 1451 quatenus

275 1468 459 1527 melius
486 1467 832 1541 proﬁcerent,
884 1469 1007 1539 Quo
1046 1469 1211 1537 dicto,
1240 1455 1433 1542 plures.
1471 1484 1579 1527 una
1625 1486 1748 1528 cum
1789 1486 1858 1528 eo

274 1561 544 1619 introiere.
581 1560 685 1619 Ubi
734 1560 904 1618 multo
949 1563 1190 1635 perpessi
1228 1560 1455 1636 frigore,
1510 1563 1741 1621 relatum
1770 1571 1855 1620 est

272 1652 414 1710 Patri
461 1655 529 1709 ad
579 1652 999 1720 monasterium;
1039 1669 1147 1725 quo
1172 1652 1402 1725 iubente
1448 1670 1578 1711 mox
1623 1656 1857 1712 extracti

275 1752 414 1809 sunt,
445 1753 610 1816 atque
630 1743 877 1811 coerciti,
898 1757 967 1799 ne
986 1742 1216 1801 ulterius
1236 1745 1363 1801 talia
1392 1745 1675 1803 auderent.
1701 1746 1859 1804 Unde

1949 736 2037 783 rat
2066 743 2189 784 cum
2236 727 2428 795 Maria,
2475 730 2576 785 etsi
2626 728 2884 803 frequens
2933 738 3077 785 esset
3136 745 3259 786 cum
3296 729 3536 799 Martha,

1952 823 2095 893 quod
2134 838 2302 878 unum
2350 830 2496 879 esset
2529 823 2901 878 necessarium
2925 835 2940 876 :
2964 831 3021 881 et
3060 822 3184 878 ideo
3223 823 3438 897 singula
3468 826 3536 895 ad

1950 916 2055 972 hoc
2082 932 2251 972 unum
2275 915 2480 989 iugiter
2500 916 2801 983 solidabat;
2831 913 2958 971 illuc
2976 916 3225 988 suspiriis
3250 902 3536 982 anhelans,

1952 1011 2058 1067 bac
2095 1010 2401 1067 dilectionis
2437 1009 2615 1068 ofﬁcio
2659 1010 2727 1066 ad
2768 1024 2833 1065 ea
2872 1009 3215 1081 propulsans,
3257 1011 3542 1080 satagebat

1953 1104 2008 1159 in
2051 1101 2139 1159 die
2168 1118 2357 1175 agrum
2389 1102 2633 1175 corporis
2677 1101 2761 1157 sui
2809 1099 3097 1158 refundere
3134 1100 3444 1167 sudoribus,
3482 1100 3540 1156 in

1955 1205 2114 1251 nocte
2143 1208 2270 1251 vero
2300 1193 2533 1252 ﬂetibus.
2561 1194 2801 1251 Vilsscs
2830 1193 2973 1249 enim
3010 1208 3169 1249 mane
3208 1191 3359 1250 illum
3384 1193 3540 1264 quasi

1957 1302 2083 1343 rore
2111 1301 2384 1358 purpureo
2421 1285 2724 1357 perfusum,
2772 1283 3245 1357 iacrymarumque
3276 1284 3542 1342 imbribus

1956 1378 2271 1434 irroratum.
2317 1376 2473 1435 Unde
2501 1377 2546 1433 si
2579 1376 2713 1432 velis
2736 1375 2944 1447 plenius
2975 1391 3311 1448 cognoscere
3345 1377 3545 1433 verita-

1956 1476 2086 1534 tem,
2121 1467 2382 1525 Severum
2404 1469 2704 1541 interroga,
2742 1467 2833 1540 qui
2855 1454 3071 1541 semper
3093 1467 3215 1540 plus
3244 1482 3409 1540 quam
3444 1482 3546 1541 ego
3629 1539 3632 1542 g

1958 1560 2184 1636 vigilare
2227 1562 2435 1619 studuit
2480 1578 2544 1619 ac
2569 1562 2768 1634 potuit,
2817 1569 2872 1619 et
2899 1561 3027 1619 ideo.
3062 1559 3130 1618 de
3164 1560 3253 1617 bis
3291 1560 3545 1617 omnibus

1958 1657 2172 1730 potiora
2203 1657 2478 1729 cognovit.

2632 1766 2884 1810 SBVERUS.

274 1843 502 1903 constat.
536 1836 683 1907 quod
726 1849 872 1908 ωερε
898 1834 966 1892 de
990 1836 1206 1893 fervore
1246 1836 1375 1893 boni
1403 1836 1629 1904 amoris,
1666 1839 1713 1895 si
1747 1838 1854 1895 dici
1883 1822 1935 1887 Β
2029 1845 2145 1904 Etsi
2182 1844 2307 1903 ﬁcte
2331 1845 2398 1902 de
2433 1859 2522 1901 me
2550 1845 2655 1901 ista
2696 1844 2851 1910 dicis,
2884 1851 3085 1910 tamen,
3122 1841 3251 1899 licet
3287 1841 3548 1913 qualiter-

275 1926 352 1983 fas
370 1935 476 1991 est,
492 1925 780 1999 contingit
802 1941 1068 1984 excessus
1091 1927 1284 1999 culpae,
1317 1928 1448 1984 dum
1484 1943 1642 1986 mens
1676 1930 1857 1986 minus

275 2017 533 2074 deiberat
558 2016 919 2089 mmpeilente
955 2032 1143 2074 amore
1178 2019 1486 2085 charitatis,
1526 2020 1628 2076 etsi
1658 2019 1859 2077 Paulus

276 2110 547 2183 apostolus
591 2110 733 2167 dicat
772 2107 1064 2167 :Cltaritas
1106 2127 1375 2183 nunquam
1418 2111 1609 2167 excidit
1652 2110 1705 2183 (I
1729 2108 1855 2167 Cor.

240 2218 392 2271 .11.".
421 2200 534 2274 18).
568 2201 707 2263 Hinc
730 2216 952 2274 quoque
984 2218 1149 2274 quam
1185 2218 1331 2275 saepe
1366 2202 1498 2259 talia
1522 2203 1690 2260 Petro
1716 2203 1857 2274 legi-

246 2308 391 2365 ‘mus
424 2293 715 2363 accidisse,
754 2295 937 2353 minus
973 2295 1347 2362 considerans,
1374 2309 1473 2352 ore
1519 2294 1650 2366 quid
1677 2296 1860 2366 expri-

274 2394 465 2444 meret.
510 2384 684 2443 Porro
712 2400 976 2447 excessus
1005 2386 1133 2453 iste,
1178 2396 1241 2442 ut
1281 2387 1355 2443 ita
1387 2385 1585 2453 fatear,
1630 2395 1737 2444 non
1776 2395 1862 2446 est

275 2477 500 2545 amoris,
529 2476 628 2537 sed
982 2487 1111 2535 nota
1132 2478 1311 2536 :unde
1340 2479 1511 2551 ipsius
1538 2478 1758 2536 ﬂamma
1787 2480 1862 2537 ic-

276 2569 394 2635 vius
416 2580 704 2644 purgatur.
736 2569 933 2628 Nonne
968 2570 1182 2628 vidistis
1210 2586 1336 2628 eum
1356 2570 1472 2642 iam
1500 2587 1626 2627 cum
1672 2573 1859 2644 hospi-

250 2663 474 2727 .talitati
516 2672 725 2723 nostra
772 2673 1054 2736 praeesset,
1109 2664 1290 2741 qualis
1339 2671 1645 2735 quantusve
1696 2665 1860 2720 erat?

276 2774 438 2830 quam
458 2760 696 2827 humilis,
724 2775 888 2831 quam
911 2760 1138 2816 devotus
1159 2761 1174 2815 l
1207 2758 1382 2828 Quem
1402 2759 1550 2815 enim
1572 2758 1863 2829 aliquando

276 2851 535 2908 nobilium
583 2852 795 2909 vidistis
836 2860 949 2909 tam
992 2851 1122 2908 vilia
1170 2867 1389 2923 semper
1427 2860 1703 2923 appetere,
1748 2862 1861 2907 tam

256 2958 471 3026 aspera
498 2943 759 3013 tolerare,
788 2952 898 3000 tam
922 2943 1143 3017 horrida
1170 2952 1226 3000 et
1254 2944 1447 3009 foetida
1473 2944 1762 3016 diligenter
1783 2951 1865 3000 at-

279 3036 546 3094 trectare?
584 3053 696 3094 non
721 3037 848 3095 dico
871 3036 999 3094 vilia
1030 3036 1524 3095 calceamentorum
1560 3036 1862 3108 hospitum,

276 3139 465 3183 verum
504 3124 729 3183 vulnera
772 3140 1094 3199 pauperum,
1137 3141 1435 3199 eorumque
1480 3126 1670 3183 faetida
1698 3125 1865 3183 vesti-

1958 1955 2194 2012 cunque,
2235 1940 2402 1996 multa
2434 1940 2500 1995 de
2549 1938 2642 1995 illo
2695 1937 2931 2009 percepi,
2990 1953 3110 2009 quae
3150 1934 3276 2006 iure
3320 1936 3553 1993 debeant

1959 2033 2267 2109 praedicari.
2312 2032 2505 2090 Annon
2548 2030 2899 2113 recoliscum
2947 2039 3151 2102 quanto
3197 2028 3399 2102 frigore
3448 2024 3553 2087 oo-

1961 2127 2109 2183 mino
2132 2124 2418 2198 psallebat,
2442 2125 2536 2196 qui
2561 2137 2701 2195 pene
2737 2138 2768 2178 a
2814 2124 3022 2179 sanctis
3050 2120 3316 2178 altaribus
3338 2122 3428 2176 vix
3468 2136 3556 2176 se-

1961 2220 2068 2276 mel
2107 2219 2161 2275 in
2196 2219 2447 2276 noctibus
2492 2215 2801 2282 recedebat,
2853 2224 2913 2272 ut
2947 2216 3014 2271 ad
3065 2215 3266 2287 lectum
3309 2215 3556 2272 veniret?

1962 2311 2133 2381 Quem
2180 2312 2227 2368 si
2277 2312 2695 2382 interrogasses,
2745 2324 2814 2363 an
2864 2306 3093 2381 pervigil
3151 2308 3418 2374 canendo,
3458 2322 3555 2379 pe-

1962 2405 2147 2473 tendo,
2177 2404 2486 2477 quaerendo,
2511 2402 2791 2476 pulsando,
2831 2410 3156 2473 noctemque
3183 2401 3476 2476 gemitibus
3500 2409 3558 2457 et

1962 2496 2179 2555 ﬂetibus
2202 2498 2418 2554 vincere
2440 2495 2633 2561 vellet,
2660 2494 3019 2567 responderet
3054 2493 3185 2550 illud
3210 2492 3468 2551 Catonis:
3494 2492 3556 2553 Si

1964 2590 2147 2657 velim,
2182 2598 2277 2645 aut
2305 2588 2472 2646 nolim
2498 2606 2514 2656 ;
2545 2587 2664 2645 etsi
2693 2586 2917 2659 possim,
2950 2596 3045 2642 aut
3068 2603 3174 2644 non
3202 2584 3439 2659 possim;
3470 2602 3559 2643 me

1968 2690 2149 2738 tamen
2195 2682 2423 2755 vigilare
2445 2681 2602 2754 juvat
2649 2687 2871 2754 propter
2899 2678 3073 2737 illud:
3106 2680 3255 2737 Beati
3294 2680 3386 2753 qui
3425 2680 3559 2753 vigi-

1963 2772 2079 2829 lant
2117 2773 2185 2829 ad
2216 2773 2364 2830 fores
2407 2788 2580 2841 meas,
2619 2772 2893 2844 quoniam.
2924 2770 2970 2828 si
3008 2788 3166 2828 mane
3217 2787 3304 2828 me
3328 2768 3558 2845 quaesie-

1967 2872 2116 2930 runt,
2144 2861 2423 2919 invenient
2467 2877 2554 2918 me
2597 2860 2782 2935 (Prov.
2813 2876 2937 2929 vui,
2966 2860 3082 2933 54).
3123 2860 3408 2934 Alioquin,
3452 2861 3559 2920 nisi

1968 2956 2039 3012 ob
2068 2954 2459 3012 beatitudinem
2506 2953 2735 3025 perfecti
2771 2953 2997 3022 laboris,
3027 2972 3305 3029 nunquam
3346 2957 3473 3014 talia
3503 2965 3561 3014 et

1968 3052 2119 3102 tanta
2146 3044 2492 3101 sustinuisset
2520 3042 2827 3117 vigiliarum
2870 3042 3066 3101 ofﬁcia.
3091 3044 3400 3102 Praesertim
3440 3044 3563 3103 nul-

1969 3137 2054 3195 lus
2082 3152 2242 3195 mane
2271 3138 2364 3210 qui
2395 3153 2503 3193 non
2544 3146 2730 3208 posset
2761 3136 2946 3194 videre
2972 3138 3183 3194 roscida
3232 3138 3383 3195 humi
3408 3138 3561 3211 pavi-

252 3225 613 3315 mentorum,
632 3233 1026 3292 nonnunquam
1056 3218 1139 3276 sic
1161 3219 1319 3291 quasi
1340 3227 1592 3277 aromata
1616 3217 1865 3290 baioians
1892 3188 1939 3254 Ο
1971 3239 2176 3297 menta,
2200 3188 2398 3302 quibus
2441 3230 2494 3283 in
2534 3188 2693 3285 nocte
2729 3228 2961 3285 Domino
3003 3229 3294 3286 militabat.
3333 3228 3379 3287 Ο
3401 3188 3562 3303 quale

276 3312 778 3393 abluebatmmnia
821 3316 1023 3387 quippe
1049 3331 1239 3371 eorum
1286 3315 1368 3372 sic
1404 3331 1512 3372 non
1564 3315 1868 3372 1386880608
1970 3331 2100 3380 tunc
2147 3321 2388 3393 tempus!
2426 3319 2656 3376 vidisses
2706 3319 2851 3376 enim
2899 3321 3053 3391 quasi
3111 3322 3180 3377 ad
3220 3318 3561 3399 unius‘galli

254 3404 688 3489 infatigabili!”
707 3405 1031 3462 sustinebat-
1052 3405 1099 3463 Ο
1119 3407 1345 3463 Domine
1368 3408 1511 3469 bene
1529 3405 1679 3472 Iesu.
1702 3421 1865 3477 quam
1970 3421 2187 3471 cantum
2217 3410 2493 3469 continuis
2534 3411 2787 3468 noctibus
2811 3411 3052 3484 reliquos
3090 3428 3280 3470 omnes
3309 3414 3557 3489 excitari,

272 3496 671 3570 infatigabilem
698 3512 825 3553 eum
863 3496 1041 3556 fecisti
1086 3499 1155 3555 ad
1188 3498 1372 3555 omnia
1418 3498 1723 3557 dilectionis
1750 3498 1868 3556 oiii-
1968 3497 2243 3575 etpassim
2274 3504 2399 3559 binc
2428 3498 2553 3559 inde
2582 3502 2707 3560 altis
2748 3503 3017 3575 crepitare
3044 3488 3367 3578 gemitibus;
3405 3505 3563 3565 Nunc

274 3589 393 3647 cia!
423 3604 586 3660 quam
612 3597 916 3659 strenuum,
947 3604 1111 3661 quam
1136 3588 1433 3657 efﬁcacem,
1462 3605 1735 3661 quamque
1767 3592 1864 3649 de-
1970 3610 2100 3653 vero
2127 3604 2332 3669 quanto
2368 3594 2493 3669 plus
2534 3609 2875 3669 soporamur,
2913 3604 3063 3652 tanto
3090 3596 3213 3668 plus
3251 3598 3452 3667 mortui
3487 3597 3563 3654 vi-

274 3681 495 3737 votum!
533 3679 826 3754 Satagebat
847 3680 994 3737 enim
1033 3680 1178 3737 circa
1206 3680 1464 3752 frequens
1501 3679 1866 3740 ministerium
1968 3690 2185 3757 vimus;
2220 3685 2474 3758 quoniam
2521 3687 2651 3743 dum
2693 3701 2886 3745 somno
2928 3687 3228 3757 servimus,
3275 3688 3381 3747 etsi
3425 3689 3560 3748 vivi-

264 3774 357 3847 rita
384 3773 672 3843 sollicitus,
712 3782 771 3830 ut
816 3788 1116 3851 pauperum
1153 3789 1342 3832 curam
1389 3783 1444 3831 et
1482 3773 1757 3846 hospitum
1784 3782 1868 3830 at-
1958 3776 2111 3850 mus,
2142 3779 2343 3838 mortui
2373 3793 2580 3835 sumus.
3200 3778 3207 3786 ’

275 3881 388 3937 que
416 3866 759 3943 inﬁrmorum
792 3875 923 3923 ante
965 3867 1147 3923 omnia
1174 3876 1232 3922 et
1251 3882 1418 3939 super
1434 3866 1625 3923 omnia
1650 3876 1866 3940 gereret

245 3948 251 3954 ’
275 3959 340 4018 in
364 3959 486 4027 die;
526 3970 689 4019 nocte
716 3976 844 4019 vero
862 3978 1057 4021 somno
1079 3965 1295 4036 expleto
1310 3963 1626 4035 parvissimi
1662 3972 1868 4035 tempo-

273 4049 382 4118 ris,
423 4066 533 4108 non
578 4054 761 4110 minus
807 4060 938 4110 ante
973 4054 1188 4127 vigilias
1231 4055 1510 4123 Fratrum,
1546 4070 1709 4133 quam
1744 4064 1870 4127 post

272 4142 493 4214 vigilias
518 4158 628 4200 una
654 4158 777 4201 cum
813 4144 982 4201 Maria
1011 4145 1315 4203 indefessus
1354 4147 1421 4203 ad
1445 4147 1612 4217 pedes
1650 4147 1809 4219 Μ

270 4233 408 4291 Jesu
445 4250 629 4291 coram
654 4237 857 4293 sanctis
878 4236 1148 4294 altaribus
1186 4246 1491 4310 prostratus
1524 4239 1689 4295 humo
1711 4238 1867 4311 iace-

271 4323 393 4380 bat.
421 4324 501 4381 Tu
525 4324 689 4392 nosti,
720 4324 949 4384 Domine
970 4325 1206 4395 Christe,
1230 4345 1342 4400 quo
1366 4328 1736 4402 lacrymarum
1764 4330 1866 4385 im-

266 4418 380 4477 bre
410 4418 586 4477 solum
616 4419 852 4491 rigabat,
902 4428 956 4477 te
998 4437 1224 4494 rogans,
1258 4431 1419 4493 teque
1452 4423 1763 4494 suspirans,
1812 4431 1867 4479 te

270 4524 552 4581 quaerens,
586 4510 657 4569 ad
684 4520 736 4567 te
770 4510 1013 4583 pulsans,
1044 4520 1106 4568 ut
1140 4513 1385 4583 aperires
1411 4512 1463 4567 ei
1499 4512 1724 4582 ianuam
1748 4513 1867 4584 pie-

194 4593 204 4599 ’
273 4604 415 4659 tatis
440 4612 543 4663 tuae
564 4622 579 4660 :
602 4605 848 4676 aperires
880 4618 1127 4676 quoque,
1152 4604 1245 4659 ubi
1280 4605 1333 4660 ei
1361 4606 1626 4663 hactenus
1652 4606 1865 4663 clause-

268 4710 402 4762 ras;
449 4704 507 4755 et
550 4696 879 4769 susciperes,
939 4695 1033 4752 ubi
1088 4695 1387 4752 clementer
1423 4696 1499 4753 illi
1550 4712 1865 4770 aperueras.

272 4789 492 4857 Quibus
510 4788 694 4860 ianuis
723 4791 948 4861 apertis,
975 4797 1037 4846 ut
1059 4789 1354 4857 credimus,
1383 4797 1511 4847 tunc
1534 4793 1869 4862 penetrando

268 4879 536 4953 pulsabat
573 4881 694 4946 fide,
736 4896 882 4936 nunc
916 4880 1148 4937 fruendo
1185 4880 1534 4952 amplectitur
1581 4882 1868 4940 charitatis

264 4985 491 5031 amore.
515 4970 737 5035 Poterat
754 4972 909 5038 enim
935 4971 1117 5029 dicere
1153 4987 1278 5029 cum
1315 4970 1584 5043 Propheta
1610 4972 1870 5044 πυρίκα-

262 5074 405 5125 runt
426 5066 578 5147 ,φρειιὶ
606 5066 708 5141 mei
744 5065 801 5122 in
840 5063 1105 5136 eloquium
1141 5074 1314 5131 tuum,
1342 5064 1571 5121 dicentes
1590 5081 1612 5122 :
1638 5065 1868 5132 Quando

259 5159 637 5223 minimis.
655 5156 973 5232 acup“,
999 5157 1328 5231 cxvm,82.)
1349 5158 1548 5215 Fateor
1566 5174 1699 5232 ergo
1723 5174 1867 5232 saepe

256 5266 367 5313 me
415 5251 778 5329 vidisaeloca
825 5251 1137 5323 suismane
1174 5250 1453 5307 madentia
1501 5251 1866 5324 lacrymarum

254 5348 564 5422 imbribus,
595 5359 651 5406 et
1064 5346 1258 5403 nullos
1284 5359 1424 5418 pene
1449 5355 1799 5417 consumptos
1831 5361 1863 5402 a

252 5441 509 5499 fletibus.
542 5439 769 5497 Vidistis
815 5448 871 5495 et
908 5455 1002 5496 vos
1048 5454 1194 5507 eum,
1225 5448 1285 5494 ut
1329 5454 1479 5506 reor,
1529 5438 1865 5511 frequentius

252 5521 615 5606 squalentem
667 5530 971 5606 vigiliarum
1021 5528 1337 5604 angoribus,
1384 5528 1599 5586 vidistis
1643 5530 1859 5586 maden-

254 5634 386 5685 tem
435 5624 674 5692 fletibus,
722 5625 935 5682 vidistis
984 5623 1241 5681 allectum
1285 5621 1600 5697 gemitibus,
1650 5622 1865 5682 vidistis

254 5717 468 5789 utique
490 5718 667 5774 macie
704 5726 984 5777 tenuatum
1012 5725 1068 5773 et
1098 5716 1295 5790 pellem
1324 5714 1540 5772 ossibus
1566 5715 1863 5774 haerentem

251 5812 452 5897 victus
477 5797 832 5893 pa'rcimonia,
866 5819 919 5867 et
959 5811 1235 5870 tabentem
1269 5808 1465 5868 lacicm
1498 5808 1709 5869 laboris
1741 5810 1821 5867 vit

1887 4564 1945 4626 1)

1958 3776 2111 3850 mus,
2142 3779 2343 3838 mortui
2373 3793 2580 3835 sumus.

2573 3907 2803 3971 CAPUT
2852 3908 2943 3971 ll.

2584 4016 2931 4077 amns.

2032 4117 2122 4173 -Tu
2164 4124 2376 4173 tantum
2410 4117 2480 4174 de
2525 4116 2731 4191 .vigiliis
2770 4132 2962 4174 narras
2980 4134 2997 4186 ;‘
3026 4128 3283 4178 caeterum
3325 4134 3560 4194 quantus

1966 4208 2254 4282 qualisque
2276 4208 2495 4276 vixerit,
2521 4216 2614 4265 aut
2642 4225 2750 4266 non
2777 4210 3014 4279 recolis;
3042 4220 3135 4268 aut
3162 4222 3310 4272 certe
3335 4218 3477 4287 quod
3501 4219 3555 4275 in

1966 4316 2061 4359 me
2087 4301 2477 4375 reprehendis,
2495 4302 2733 4373 pandere
2763 4317 2871 4359 non
2900 4303 3087 4360 audes.

2638 4408 2890 4449 εενιειιυε.

2040 4488 2229 4545 Andeo
2258 4495 2437 4559 plane,
2468 4486 2652 4543 sedde
2686 4486 2836 4542 nullo
2866 4495 3068 4544 temere
3091 4477 3445 4563 ioquendum.

2586 4591 2918 4635 PASCIASIUS.
3248 4602 3253 4607 '

2038 4668 2205 4736 Cave,
2233 4676 2424 4736 irater,
2446 4682 2525 4725 ne
2545 4669 2878 4725 comicorum
2903 4679 3085 4729 notam
3111 4674 3361 4733 incurras
3379 4682 3552 4750 :quia,

1970 4772 2031 4821 ut
2055 4764 2229 4833 aiunt,
2257 4765 2528 4821 neminem
2553 4764 2809 4832 liberum,
2836 4767 3109 4824 neminem
3141 4770 3553 4842 obsequentem;

1971 4872 2145 4928 neque
2169 4859 2261 4930 qui
2290 4866 2436 4915 recte
2460 4866 2699 4916 tractare
2730 4874 2920 4917 verum
2944 4862 3132 4934 possit,
3179 4878 3365 4935 neque
3396 4882 3557 4924 nosse

1970 4950 2227 5021 aliquem,
2270 4964 2447 5023 neque
2472 4951 2541 5009 ab
2567 4951 2751 5024 aliquo
2771 4953 2863 5009 ubi
2892 4968 2999 5009 non
3031 4962 3180 5010 recte
3206 4946 3429 5025 vivitur,
3463 4975 3554 5015 co-

1974 5044 2182 5116 gnosci.
2211 5044 2280 5099 Et
2314 5044 2436 5102 ideo
2482 5042 2668 5101 forsan
2709 5061 2812 5102 nec
2846 5053 2902 5101 tu
2942 5044 3094 5101 illum
3141 5049 3428 5105 ostendere
3474 5053 3557 5107 vis

1972 5136 2160 5206 quanti
2181 5135 2463 5207 penderes,
2493 5151 2596 5192 nec
2617 5135 2706 5191 ille
2736 5135 2831 5191 tibi
2862 5137 3087 5193 credere
3114 5145 3198 5194 est
3227 5154 3389 5196 ausus
3411 5126 3555 5210 quod

1970 5243 2184 5300 aequum
2209 5233 2290 5283 est
2324 5226 2488 5297 patri.
2522 5226 2654 5293 Quae
2681 5225 2727 5281 si
2766 5234 2966 5291 essent,
3001 5226 3232 5285 forsitan
3274 5245 3548 5303 nunquam

1967 5318 2119 5376 illum
2153 5319 2317 5375 silere
2338 5325 2502 5372 etiam
2531 5315 2719 5373 volens
2738 5331 2945 5388 posses.

2627 5444 2883 5488 εενειιυδ.

2042 5527 2203 5583 Plane
2229 5526 2389 5597 cupio
2418 5525 2483 5580 de
2525 5524 2615 5580 illo
2659 5540 2782 5596 quae
2809 5525 3025 5581 virtutis
3070 5533 3196 5582 sunt
3239 5527 3561 5596 ostendere,-

1968 5634 2127 5691 quem
2155 5617 2275 5690 plus
2297 5631 2383 5673 me
2403 5615 2608 5672 credidi
2639 5635 2652 5671 :
2676 5618 2804 5688 quia
2827 5618 2893 5674 de
2919 5633 2978 5673 se
2997 5617 3101 5674 sibi
3134 5620 3237 5675 nec
3262 5619 3378 5695 ipse
3396 5617 3558 5695 quid:

1968 5729 2129 5787 quam
2172 5711 2396 5779 retinuit
2424 5711 2568 5782 quod
2604 5726 2713 5768 non
2748 5724 2987 5769 nossem.
3034 5710 3351 5770 Transiudit
3386 5728 3448 5770 se
3486 5719 3555 5773 ad

1968 5804 2255 5877 liquidum,
2293 5809 2350 5859 ut
2396 5809 2655 5873 paternos
2687 5801 2742 5856 in
2774 5817 2863 5858 me
2894 5798 3155 5859 formaret
3202 5801 3403 5887 vultus.
