4122 6324
622 444 763 504 1583

1408 438 1466 494 S.
1506 434 1864 493 PASCHASII
1905 429 2251 490 llADBERTl
2289 429 2578 487 ABBATIS
2614 427 3063 487 CORBEIENSIS

3769 426 3904 483 1584

619 529 769 620 enim
798 557 900 616 sibi
934 555 1146 612 remisit
1173 561 1407 625 tempus,
1448 569 1548 610 nec
1586 551 1854 623 respexit;
1906 548 2003 606 sed
2038 557 2209 603 totum
2238 548 2292 610 Α
2315 547 2380 602 de
2403 563 2512 618 quo
2540 558 2902 618 proposueras
2943 540 3287 614 aenigmatice
3312 539 3483 612 loqui,
3530 538 3736 596 clarius
3759 555 3900 612 prte-

619 667 682 709 se
704 651 818 708 Deo
845 645 1140 712 commisit,
1172 653 1228 701 et
1266 643 1602 714 transposuit
1641 642 1708 698 ad
1735 656 1801 698 ea
1829 655 1951 712 quae
1996 655 2104 694 non
2135 637 2208 693 vi-

618 745 838 802 dentur.
881 740 1022 797 Hinc
1049 753 1181 812 ergo
1206 736 1425 804 claruit,
1470 737 1515 793 si
1553 733 1772 807 quando
1798 734 1918 790 vice
1956 747 2055 789 sua
2093 731 2209 787 hie-

617 835 817 892 malem
859 833 1093 891 fratrum
1131 829 1414 888 calefiebat
1450 829 1512 902 [ι.
1554 823 1928 897 calefaciebat]
1959 823 2205 888 domum,

617 926 839 1001 quantis
885 924 1168 998 augustius
1205 921 1498 978 virtutibus
1543 917 1836 984 renitebat,
1885 915 2210 986 quantisque

619 1019 1046 1078 acrimoniarum
1087 1016 1220 1072 fumi
1251 1012 1520 1070 nitoribus
1542 1012 1663 1082 pice
1688 1009 1934 1082 pressius
1961 1007 2210 1077 denigra-

621 1125 709 1173 tus
731 1114 1017 1173 aestuabat.
1049 1111 1107 1166 ln
1140 1118 1349 1165 tantum
1381 1107 1550 1178 igitur
1587 1104 1680 1160 illo
1706 1103 2051 1159 cremabatur
2087 1100 2210 1171 igne

617 1216 676 1265 et
708 1206 946 1265 fornacis
975 1202 1240 1266 incendio,
1273 1209 1335 1256 ut
1361 1199 1578 1255 videres
1606 1211 1730 1253 eum
1754 1195 1870 1265 jam
1908 1211 2015 1251 non
2046 1208 2210 1250 carne

616 1299 832 1367 vestiri,
855 1299 951 1356 sed
973 1296 1201 1368 efﬁgiem
1235 1290 1526 1365 quamdam
1554 1287 1797 1362 fuliginis
1825 1285 2019 1358 spiritu
2051 1297 2210 1354 vege-

615 1395 746 1452 tari.

581 1546 592 1554 _
742 1539 768 1559 ,
1240 1494 1583 1537 ιιλεοιιλειυε.

576 1571 586 1583 ’
688 1578 892 1638 Recolo
932 1578 1066 1635 satis
1112 1583 1167 1632 et
1195 1573 1470 1637 recordor,
1502 1583 1761 1641 quoniam
1811 1575 2072 1637 tanquam
2115 1579 2209 1618 au-

617 1689 738 1729 rum
765 1673 818 1728 in
850 1671 1071 1728 fornace
1106 1653 1377 1740 probabat
1401 1680 1526 1720 eum
1551 1661 1832 1727 Dominus,
1863 1668 1924 1716 ut
1952 1674 2074 1715 eum
2119 1656 2210 1712 de-

615 1782 763 1822 mum
809 1764 967 1836 quasi
1017 1763 1073 1818 in
1120 1759 1496 1817 holocaustum
1539 1756 1846 1826 acciperet;
1878 1753 2099 1825 ipseque
2152 1765 2211 1806 se

615 1873 714 1913 sua
734 1865 928 1928 sponte
972 1851 1249 1910 laboribus
1277 1850 1582 1913 defecabat,
1624 1847 1745 1919 plus
1779 1854 2039 1917 appetens
2066 1841 2210 1899 mala

2314 639 2502 696 dicari.

2937 723 3101 766 PASCB
3109 722 3188 764 AS!
3196 723 3275 763 US.

2383 803 2500 860 Non
2532 804 2702 861 invisa
2732 803 2984 870 dicimus,
3010 817 3188 872 neque
3232 800 3531 872 incognita.
3572 797 3783 856 Idcirco
3799 799 3899 855 etsi

2314 896 2669 953 adumbratur
2692 895 2903 964 titulus,
2929 895 3248 950 liniamenta
3275 904 3456 949 tamen
3483 901 3763 966 gestorum
3785 905 3905 963 pro-

2313 991 2480 1059 dunt;
2527 991 2606 1046 uti
2637 991 2908 1062 pictorum
2938 1003 3062 1045 mos
3103 995 3209 1052 est,
3242 987 3334 1058 qui
3387 986 3526 1042 bene
3551 986 3781 1057 pingere
3806 998 3903 1040 no-

2314 1092 2460 1148 runt,
2487 1083 2580 1154 qui
2610 1097 2754 1153 sape
2787 1081 2862 1138 ita
2908 1081 3089 1138 vultus
3119 1079 3460 1151 exprimunt,
3489 1087 3550 1133 ut
3585 1078 3701 1133 sine
3750 1077 3900 1134 litte-

2315 1175 2391 1231 ris
2410 1183 2465 1231 et
2483 1189 2616 1230 voce
2638 1173 2949 1244 loquantur.
2997 1171 3105 1229 Sed
3133 1171 3333 1228 talibus
3359 1171 3488 1242 quia
3538 1170 3770 1226 necdum
3803 1185 3904 1240 ap-

2312 1268 2468 1339 posui
2497 1267 2673 1335 labra,
2705 1275 2762 1324 et
2800 1265 3020 1324 condita
3067 1265 3169 1321 sub
3211 1263 3428 1320 silentio
3477 1277 3658 1328 servo,
3692 1263 3821 1329 erit,
3846 1271 3906 1318 ut

2314 1361 2499 1428 credo,
2529 1360 2618 1416 illa
2641 1361 2776 1426 dies,
2805 1359 3086 1416 mihicum
3110 1358 3276 1414 liceat
3319 1354 3438 1427 ejus
3482 1364 3673 1427 aperte
3720 1355 3908 1412 dicere

2315 1459 2484 1524 facta,
2505 1464 2562 1513 et
2590 1472 2710 1528 qua:
2740 1456 2953 1528 potiora
2975 1463 3104 1511 sunt
3128 1453 3196 1510 de
3225 1451 3339 1519 illo,
3367 1450 3714 1508 manifestius
3731 1450 3905 1523 expli-

2315 1565 2460 1609 care.
2499 1550 2773 1606 Interdum
2821 1547 3135 1622 [interim]
3191 1560 3346 1614 vero,
3390 1546 3530 1602 sicut
3579 1560 3795 1611 mones,
3842 1559 3910 1600 ne

2314 1644 2445 1717 quid
2469 1644 2633 1699 nimis
2669 1643 2783 1709 fiat,
2810 1642 3022 1698 cautius
3053 1640 3198 1710 loqui
3217 1637 3395 1708 juvat,
3432 1647 3488 1695 et
3530 1638 3756 1693 uberius
3810 1637 3907 1694 de-

2315 1739 2551 1812 plorare,
2573 1735 2664 1807 qui
2691 1735 2811 1792 sine
2831 1734 2923 1790 illo
2954 1733 3210 1798 vivimus,
3247 1746 3375 1787 cum
3412 1746 3520 1801 quo
3543 1729 3744 1786 melius
3768 1730 3906 1784 mori

2315 1831 2595 1896 duxerim;
2637 1828 2764 1899 quia
2813 1841 2960 1882 mors
2986 1823 3104 1894 ejus
3147 1824 3480 1895 transposita
3515 1832 3599 1879 est
3628 1823 3684 1879 in
3712 1822 3902 1886 vitam,

615 1913 801 2006 mundi
848 1962 1013 2018 quam
1042 1962 1163 2017 qua:
1197 1943 1383 2000 suavia
1428 1949 1577 2008 sunt,
1597 1913 1696 2010 p—ro
1724 1913 1922 1994 Deo-in
1946 1935 2200 1992 omnibus
2229 1931 2277 1992 B
2304 1925 2445 1980 Γοΐῑθ
2468 1930 2594 1978 θυῖε
2620 1930 2830 1990 tempus
2861 1918 3017 1974 ηοδίδ
3057 1925 3324 1987 opum"):
3374 1929 3446 1971 ne
3472 1913 3681 1970 manlia
3731 1923 3907 1970 1111³1³·

616 2041 866 2099 tolerare.
901 2039 1210 2095 Macerabat
1241 2053 1299 2093 se
1315 2033 1560 2106 jejuniis,
1589 2041 1644 2088 et
1672 2032 1848 2088 victus
1874 2029 2208 2102 parcimonia

615 2133 975 2207 temperabat.
1008 2131 1246 2187 Gerebat
1287 2142 1502 2198 quoque
1528 2140 1717 2181 curam
1749 2124 1818 2179 de
1845 2121 2117 2187 omnibus,
2156 2127 2213 2177 et

617 2227 788 2284 multa
828 2227 1058 2284 fratrum
1097 2222 1458 2282 sollicitudine
1486 2231 1673 2276 sancta
1703 2218 2071 2290 premebatur.
2103 2213 2210 2271 Ho—

614 2322 848 2392 spitihus
890 2333 1020 2375 vero
1048 2326 1104 2375 et
1146 2316 1406 2372 fratribus
1451 2311 1683 2368 infirmis
1711 2310 1900 2366 sedulo
1941 2307 2212 2364 serviebat

615 2412 876 2483 obsequio
901 2427 916 2477 ;
963 2409 1119 2480 cujus
1146 2422 1267 2463 cum
1295 2405 1477 2477 plures
1503 2401 1873 2459 venerationis
1896 2398 2092 2455 affectu
2119 2411 2206 2452 re-

616 2506 884 2578 fugissent
902 2502 1242 2574 obsequium,
1268 2498 1583 2568 frequenter
1611 2495 1792 2551 aiebat
1813 2493 1998 2549 dicens
2025 2509 2036 2544 :
2063 2489 2210 2544 Heus

614 2600 705 2654 tul
732 2613 832 2654 cur
858 2607 1127 2652 evacuare
1155 2591 1239 2646 vis
1265 2587 1498 2644 ofIicium
1529 2600 1734 2650 meum,
1763 2592 1819 2638 et
1843 2579 2208 2637 obedientiam

615 2690 751 2749 mihi
783 2687 1131 2746 commissam
1170 2681 1395 2738 tollere?
1432 2680 1515 2736 Ad
1541 2678 1695 2749 cujus
1729 2674 1988 2730 nimirum
2019 2685 2209 2727 vocem

616 2797 744 2841 mox
772 2780 1079 2853 quicunque
1108 2775 1226 2848 ejus
1259 2790 1317 2831 se
1342 2772 1596 2829 inanibus
1633 2767 1910 2841 praebebat
1951 2763 2210 2821 tractabi-

615 2877 744 2933 lem.
775 2873 934 2933 Unde
952 2871 1194 2944 quotidie
1222 2867 1397 2939 magis
1427 2881 1492 2921 ac
1521 2862 1694 2934 magis
1727 2876 1852 2917 eum
1896 2856 2041 2912 fama
2070 2855 2210 2911 fere-

615 2971 712 3025 bat
748 2967 950 3038 ubique
982 2980 1082 3036 per
1126 2977 1308 3028 aures,
1336 2968 1397 3038 et
1435 2954 1835 3028 praedicabilem
1868 2947 2211 3007 commenda-

616 3061 732 3118 bat.
765 3035 904 3127 Quid
932 3035 1123 3128 plura?
1148 3035 1402 3112 defuncto
1425 3046 1663 3104 Antonio
1686 3057 1713 3086 ι
1737 3045 1898 3116 paulo
1925 3050 2051 3114 post
2081 3040 2208 3097 sub-

619 3151 862 3208 stituitur
886 3149 1052 3205 Pater
1077 3144 1310 3202 eximius
1335 3143 1454 3212 ejus
1484 3139 1538 3194 in
1568 3138 1708 3195 loco.
1749 3135 2014 3205 Ob~cujus
2046 3131 2208 3188 nimi-

619 3261 740 3301 rum
782 3242 1102 3299 electionem
1141 3253 1173 3293 a
1219 3234 1480 3290 fratribus
1521 3237 1737 3302 egomet
1782 3227 2044 3291 directus,
2079 3213 2206 3279 mox

618 3334 829 3391 ontinui
862 3332 1004 3404 apud
1027 3333 1330 3399 Augustum
1361 3323 1505 3395 quod
1537 3321 1665 3378 olim
1697 3319 1882 3392 plures
1921 3315 2202 3387 optabant.
2233 3303 2279 3368 C

617 3431 944 3488 Perrexerat
970 3425 1117 3483 enim
1147 3421 1298 3495 prius
1326 3415 1663 3475 dilitescendi
1692 3411 1867 3488 gratia
1892 3411 2093 3466 fratres
2124 3408 2208 3464 in-

619 3527 797 3583 visere
843 3527 1081 3584 nostros,
1122 3522 1178 3571 et
1205 3512 1351 3569 illam
1392 3508 1685 3566 secundam
1716 3505 1746 3546 b
1775 3501 2046 3567 excolere,
2087 3513 2209 3569 qua:

619 3617 688 3673 de
723 3614 941 3672 nomine
965 3609 1157 3666 matris
1186 3605 1302 3676 ipsa
1341 3611 1448 3668 est,
1485 3615 1608 3672 quae
1633 3606 1689 3655 et
1727 3604 1900 3652 mater
1933 3593 2072 3666 ipsa,
2111 3591 2208 3647 sed

619 3707 826 3770 altera;
855 3701 1052 3766 altera,
1077 3697 1173 3754 sed
1193 3695 1331 3768 ipsa.
1373 3691 1530 3749 Unde
1561 3696 1868 3753 revocatus,
1894 3699 2020 3740 mox
2046 3696 2207 3738 occu-

617 3796 773 3869 pavit
799 3807 924 3848 eum
947 3798 1135 3847 nostra
1153 3785 1367 3843 electio.
1397 3782 1472 3837 De
1500 3777 1656 3850 cujus
1685 3777 1941 3834 nimirum
1969 3775 2093 3830 vitae
2111 3774 2208 3829 ab-

621 3866 879 3947 stinentia
907 3891 964 3941 et
991 3882 1170 3955 rigore
1203 3872 1576 3948 castigationis
1605 3880 1736 3926 tunc
1759 3867 1893 3925 mihi
1919 3883 1950 3922 a
1981 3866 2206 3936 quibus-

623 3984 750 4041 dam
774 3981 1117 4052 optimatum,
1159 3981 1222 4029 ut
1248 3965 1513 4043 persensi,
1546 3964 1788 4036 Augusto
1814 3959 2059 4030 jubente,
2087 3972 2208 4013 sua-

621 4088 743 4129 sum
769 4049 876 4136 est,
904 4067 1052 4140 quod
1088 4078 1198 4120 non
1224 4074 1358 4130 eum
1383 4056 1528 4112 ferre
1549 4067 1850 4125 possemus,
1883 4063 2060 4121 neque
2083 4049 2209 4103 vitae

620 4160 851 4232 vestigia
902 4155 1124 4214 imitari.
1166 4152 1250 4208 Ad
1293 4148 1437 4221 quod
1483 4162 1583 4216 ego
1609 4145 1766 4217 quasi
1813 4142 2060 4199 arridens
2085 4155 2102 4196 :
2125 4139 2211 4195 An

621 4253 827 4318 nescis,
871 4251 1009 4306 heus
1052 4255 1126 4312 tu,
1178 4259 1279 4301 nos
1319 4241 1413 4314 qui
1443 4240 1667 4298 sumus?
1691 4235 1933 4308 nunquid
1978 4233 2212 4290 caudam

621 4361 724 4418 pro
749 4343 943 4416 capite,
967 4349 1027 4397 ut
1053 4338 1269 4411 quidam
1303 4336 1562 4402 assolent,
1593 4340 1933 4390 monstruose
1960 4328 2212 4384 volumus

625 4435 866 4511 eligere?
909 4433 1039 4505 quid
1068 4439 1227 4504 putas
1271 4429 1317 4486 si
1364 4436 1545 4484 tantus
1572 4433 1739 4492 esset,
1769 4429 2005 4494 quantus
2032 4418 2213 4476 excel-

624 4530 824 4588 lentior
843 4526 1039 4598 aliquis
1073 4521 1437 4580 Sanctorum?
1469 4518 1713 4590 nunquid
1734 4515 1862 4587 quia
1896 4526 2210 4571 commeare

623 4621 934 4693 nequimus,
975 4633 1099 4674 eum
1137 4613 1394 4687 praeferre
1419 4619 1658 4685 oportet,
1705 4608 1795 4681 qui
1827 4616 1952 4680 post
1995 4616 2210 4678 tergum

623 4682 736 4782 eat:
763 4723 819 4770 et
846 4682 954 4769 non
980 4682 1161 4784 potius
1187 4724 1311 4766 eum
1341 4707 1435 4780 qui
1456 4682 1770 4777 praecedat?
1792 4701 1931 4757 Tum
1968 4700 2056 4756 ille
2079 4715 2211 4772 pau—
2239 4682 2294 4744 D

623 4807 792 4877 lisper
849 4802 1158 4870 subridens,
1203 4801 1444 4872 Augusto
1483 4799 1620 4862 haec,
1669 4804 1730 4850 ut
1775 4795 1961 4860 credo,
2006 4793 2210 4857 retulit,

552 4965 554 4967 ,
626 4897 826 4970 quibus
850 4898 926 4953 ita
957 4894 1140 4961 dictis,
1171 4899 1371 4948 cuncta
1400 4903 1521 4960 qua:
1552 4886 1724 4953 volui,
1753 4895 1809 4942 et
1836 4894 1898 4941 ut
1924 4885 2091 4951 volui,
2114 4900 2213 4955 pe-

625 4989 772 5045 nitus
818 4986 1135 5060 impetravi;
1188 4991 1351 5054 atque
1401 4988 1626 5052 cogente
1668 4979 1781 5047 illo,
1821 4978 2044 5044 nostris,
2085 4977 2214 5033 licet

623 5079 848 5146 invitus,
878 5076 1062 5151 paruit
1085 5074 1247 5140 votis,
1273 5071 1368 5144 qui
1392 5069 1592 5126 dudum
1619 5068 2019 5141 subterfugerat
2039 5082 2213 5138 quan-

625 5170 794 5242 tisper
813 5169 1088 5241 praelatus.
1191 5246 1193 5248 η

1245 5269 1577 5312 ADEODATUS.

699 5355 888 5414 Timeo
914 5369 984 5412 ne
1010 5351 1148 5410 forte
1175 5351 1268 5422 qui
1289 5349 1451 5407 talem
1473 5363 1599 5405 eum
1623 5347 1916 5408 oblatrant.
1947 5345 2206 5412 sentiant,

699 5507 724 5535 ι
747 5490 1055 5548 Adalhardo
1075 5488 1333 5547 sutfectus
1361 5497 1454 5555 est
1470 5486 1628 5542 Wala
1657 5500 1799 5542 anno
1820 5484 1944 5550 826,
1968 5494 2026 5538 ut
2052 5499 2204 5554 snpe-

627 5567 744 5623 rius
765 5563 833 5619 ad
855 5563 1032 5619 Vitam
1057 5559 1230 5617 sancti
1253 5558 1548 5615 Adalhardi
1575 5558 1777 5614 dictum
1800 5565 1904 5611 est.
1927 5556 2028 5625 Qui
2052 5555 2208 5611 Wala

627 5634 907 5720 Ludovicp
928 5635 1174 5720 Au‘gus-to
1202 5629 1305 5720 fuit
1347 5638 1538 5720 atlctor
1577 5628 1823 5685 mittendi
1851 5627 2212 5684 Anscharium

626 5709 698 5764 ad
723 5705 949 5832 pofulos
1002 5701 1482 5784 Septentrionales.

662 5851 678 5854 _
699 5775 729 5816 δ
756 5777 777 5834 l
854 5773 1246 5854 QSI‘CPIZPCIEIEII
1272 5772 1613 5854 ξξιξοῃίοᾳει),
1639 5771 1792 5854 cujus
1825 5773 2001 5854 inter
2026 5788 2214 5854 mona-

626 5851 764 5909 chos
798 5847 899 5904 sub
939 5843 1250 5902 Adalhardo
1266 5843 1477 5898 Abbate
1521 5842 1592 5897 ibi
1646 5843 1902 5914 degentes
1932 5843 2087 5898 Wala
2117 5861 2215 5900 nu«

625 5925 870 5980 metatur
896 5919 953 5974 in
979 5915 1249 5972 Chronico
1286 5913 1596 5970 Corbeiensi
1621 5915 1760 5984 apud
1808 5914 2174 5972 Meibomium.

2315 2026 2398 2077 ret
2421 2033 2516 2074 cor
2543 2013 2679 2086 ejus,
2708 2013 2853 2085 quod
2879 2012 2925 2068 si
2954 2026 3061 2067 non
3086 2019 3172 2067 est
3193 2010 3291 2078 ita,
3327 2017 3510 2066 mente
3527 2015 3832 2080 pertracta.

2937 2139 3272 2182 ADEODATUS.

2383 2223 2525 2280 Vere
2553 2221 2716 2278 credo
2738 2228 2794 2276 et
2848 2227 3146 2292 pertracto,
3176 2217 3303 2288 quia
3354 2216 3598 2274 veridica
3645 2231 3752 2272 vox
3799 2225 3902 2284 est,

2315 2317 2419 2384 Qui
2434 2315 2594 2386 credit
2622 2313 2674 2368 in
2703 2329 2804 2380 me,
2826 2312 2984 2367 etiam
3007 2311 3053 2366 si
3071 2320 3311 2366 mortuus
3341 2309 3524 2380 fuerit,
3553 2310 3690 2364 vivet
3716 2309 3902 2382 (Joan.

2315 2407 2541 2477 1:11,“).
2572 2406 2679 2462 lste
2708 2420 2838 2462 vero
2865 2419 2972 2460 non
2993 2402 3382 2476 perfunctorie,
3413 2402 3508 2458 sed
3536 2417 3602 2458 ex
3639 2409 3752 2457 toto
3779 2417 3904 2456 cum

2314 2497 2601 2554 dilectione
2650 2494 2882 2551 credidit
2919 2513 2932 2548 :
2977 2493 3233 2564 quoniam
3264 2508 3330 2549 ea
3355 2491 3470 2549 sola
3524 2500 3612 2548 est
3637 2491 3772 2546 fides
3797 2506 3905 2562 qua

2311 2590 2530 2654 vivitur,
2573 2603 2693 2659 quae
2713 2603 2812 2658 per
2850 2584 3193 2642 dilectionem
3221 2593 3502 2656 operatur.
3536 2583 3607 2640 Et
3631 2582 3905 2653 ideo.quia

2311 2681 2392 2739 sic
2415 2681 2570 2746 vixit,
2599 2687 2655 2736 et
2675 2677 2904 2734 credidit
2939 2678 2993 2733 in
3018 2692 3084 2734 eo
3109 2675 3199 2749 qui
3227 2675 3466 2732 vivificat
3491 2681 3757 2740 mortuos,
3790 2686 3908 2728 non

2311 2774 2576 2831 morietur
2604 2773 2663 2828 in
2689 2780 2971 2830 aeternum.

2935 2899 3269 2942 PASCIIASIUS.

2382 2981 2558 3038 Etiam
2597 2987 2654 3036 et
2677 2978 2798 3046 tibi,
2843 2977 2970 3049 quia
3015 2977 3094 3033 sic
3121 2975 3322 3042 credis,
3380 2973 3691 3046 suppeditat
3742 2970 3908 3029 fides.

2311 3075 2526 3140 Quanto
2554 3070 2726 3142 magis
2755 3069 2846 3139 qui
2867 3067 3036 3123 tantis
3072 3067 3333 3138 virtutum
3360 3064 3567 3122 redolet
3617 3064 3902 3136 operibus,

2310 3164 2662 3230 credendum,
2697 3163 2841 3234 quod
2877 3160 2991 3232 jam
3038 3161 3232 3217 exinde
3279 3159 3753 3216 immarcessibiles
3810 3173 3913 3214 ca-

2309 3260 2424 3331 piat
2451 3258 2696 3314 fructus?
2730 3254 2864 3311 Nam
2894 3271 2926 3310 a
2953 3255 3042 3311 die
3066 3253 3419 3326 professionis
3443 3269 3551 3310 sua:
3594 3250 3912 3307 mortiﬁca-

2313 3351 2517 3408 tionem
2554 3348 2757 3407 Christi
2808 3348 2929 3403 tulit
2981 3347 3038 3404 in
3067 3363 3299 3420 corpore
3350 3361 3483 3413 suc;
3532 3354 3588 3402 et
3641 3345 3910 3416 deinceps

2313 3461 2434 3501 cum
2452 3443 2564 3514 jam
2586 3442 2747 3498 Pater
2774 3449 2922 3499 esset
2947 3440 3170 3507 electus,
3193 3441 3350 3511 quasi
3402 3440 3519 3510 ejus
3559 3437 3785 3511 signifer
3838 3438 3909 3493 ad

2313 3537 2486 3594 aciem
2517 3543 2706 3592 contra
2753 3534 3174 3590 immanissimas
3221 3534 3407 3591 hostes
3439 3533 3650 3605 primus
3697 3531 3906 3600 ubique

2312 3629 2578 3702 processit
2605 3627 2674 3684 ad
2701 3642 2972 3698 campum.
3011 3625 3214 3681 Mutata
3245 3625 3512 3697 siquidem
3566 3622 3760 3678 militia
3788 3636 3910 3676 mu-

2314 3733 2458 3781 tatus
2479 3732 2564 3780 est
2589 3730 2644 3780 et
2678 3722 2833 3778 miles
2859 3738 2874 3788 ;
2906 3729 2960 3776 et
2979 3721 3070 3792 qui
3104 3720 3340 3790 primum
3366 3734 3521 3775 arma
3547 3716 3742 3773 tulerat
3771 3730 3911 3782 con-

2312 3827 2395 3874 tra
2420 3817 2695 3874 Abitrices
2723 3827 2747 3856 ο
2782 3823 2998 3888 gentem
3028 3811 3443 3876 indomabilem,
3496 3811 3716 3867 demum
3770 3824 3907 3864 con-

2313 3919 2398 3965 tra
2425 3908 2682 3964 vitiorum
2721 3914 2973 3977 portenta
3006 3905 3269 3961 virtutum
3322 3901 3519 3958 vexilla
3569 3900 3759 3957 tulisse
3788 3900 3911 3972 glo-

2313 4003 2512 4059 riosius
2542 4000 2887 4073 praedicatur.
2914 3997 3070 4054 Unde
3112 4012 3253 4053 nunc
3293 3994 3527 4067 palmam
3582 4001 3758 4065 gestat
3810 4007 3914 4064 pro

2315 4108 2560 4160 munere,
2585 4092 2678 4164 qui
2706 4091 2839 4148 olim
2877 4091 3112 4147 honores
3137 4087 3465 4158 contempsit
3488 4085 3672 4142 saeculi
3699 4099 3804 4155 pro
3828 4099 3916 4138 re-

2314 4184 2535 4257 ligione.

2929 4252 3158 4312 CAPUT
3187 4249 3300 4307 XII.

2934 4357 3272 4401 ADEODATUS.

2388 4439 2647 4498 Novimus
2689 4438 2805 4495 haec
2830 4438 3048 4512 omnia;
3102 4438 3196 4492 sed
3241 4433 3514 4507 quomodo
3552 4441 3922 4490 conversatus

2318 4533 2388 4589 sit
2434 4533 2534 4589 sub
2560 4532 2796 4589 Antonio
2825 4540 3012 4588 nostro
3042 4529 3208 4587 velim
3257 4529 3456 4594 edicas,
3517 4527 3761 4583 maxime
3821 4540 3918 4597 pro

2318 4623 2578 4681 fratribus
2622 4624 2823 4681 nostris
2860 4622 3099 4680 Saxonia
3132 4622 3472 4694 degentibus,
3529 4635 3771 4692 quorum
3821 4617 3920 4671 fuit

2317 4733 2383 4774 ex
2414 4733 2612 4790 genere
2641 4717 2694 4784 ἀ,
2717 4727 2774 4773 ιιι
2798 4718 2975 4774 sciant
3001 4717 3071 4774 ad
3116 4716 3338 4789 plenum
3387 4712 3576 4786 quales
3617 4711 3919 4768 habuerint

2318 4809 2441 4866 fidei
2469 4824 2580 4866 sua:
2607 4809 2942 4866 fundatores.

2939 4914 3275 4957 PASCIIASIUS.

2389 4993 2448 5051 Si
2473 4995 2577 5052 hoc
2598 4993 2844 5067 profecto
2872 5009 3098 5050 narrare
3143 5007 3380 5065 ccepero,
3418 5006 3528 5048 non
3557 4989 3788 5046 invenio
3811 5002 3918 5059 quo

2317 5089 2596 5158 incipiam,
2628 5104 2738 5160 quo
2760 5103 2848 5143 me
2879 5087 3114 5158 primum
3135 5095 3368 5154 vertam,
3411 5083 3497 5140 vel
3525 5098 3637 5155 quo
3690 5096 3917 5155 progre-

2320 5179 2440 5234 diar
2466 5199 2478 5233 :
2509 5179 2637 5249 quia
2664 5195 2852 5236 eorum
2879 5178 2991 5234 vita
3041 5192 3338 5250 eorumque
3367 5185 3524 5233 actus
3551 5176 3635 5232 sic
3676 5175 3919 5232 indisso—

2320 5272 2530 5329 ciabilis
2555 5271 2682 5340 fuit,
2707 5281 2767 5326 ut
2794 5287 2903 5328 non
2938 5271 3205 5338 invenias,
3226 5277 3511 5342 postquam
3537 5281 3638 5324 eos
3690 5265 3915 5339 agnovi.

2318 5365 2449 5436 quid
2479 5382 2619 5422 unus
2647 5380 2835 5421 eorum
2864 5366 2985 5422 sine
3005 5365 3176 5422 altero
3203 5363 3451 5437 gesserit.
3474 5361 3614 5431 Quia
3643 5359 3754 5417 etsi
3782 5372 3916 5430 opus

2365 5511 2416 5584 ,ο
2443 5499 2526 5556 An
2547 5499 2826 5584 Abo'tritos
2851 5497 3320 5584 Septentrionales
3355 5496 3605 5584 populos,
3634 5505 3800 5584 trans

2325 5571 2624 5644 bim‘prope
2649 5570 2904 5644 Rugiamr
2923 5565 3154 5644 insulam
3175 5565 3535 5644 incolentes)“
3557 5582 3700 5644 quos
3757 5565 3913 5644 flare:

2326 5642 2409 5713 lus
2436 5632 2660 5713 Magnus
2680 5632 2782 5699 sibi
2828 5641 3127 5713 subjeeisse
3152 5642 3351 5697 dicitur
3393 5640 3447 5694 in
3471 5632 3597 5694 Vita
3653 5632 3910 5692 Ludovici

2326 5712 2404 5766 Pii
2431 5713 2496 5767 ad
2529 5712 2728 5768 annum
2752 5713 2879 5769 8l5.

2394 5783 2594 5865 {Idem
2617 5785 2692 5858 ait
2719 5784 3042 5865 Paschasius
3083 5783 3222 5840 infra
3253 5799 3370 5865 cap.
3391 5781 3671 5865 ‘12:}.HLege
3717 5779 3907 5836 Obser-

2325 5853 2570 5911 vationes
2596 5855 2822 5926 praevias
2854 5858 2904 5912 in
2945 5855 3122 5911 Vitam
3156 5851 3337 5912 sancti
3378 5851 3672 5910 Adalliardi
3727 5865 3903 5923 supra.
