4122 6324
293 327 428 385 1585

969 326 1056 381 DE
1100 325 1249 382 VITA
1294 325 1548 396 WALIE,
1593 328 1725 385 SEU
1763 328 2188 387 EPITAPHIUM
2222 332 2521 389 ARSENII.
2562 364 2628 375 —
2666 333 2795 390 LIB.
2840 336 2882 390 Ι.

3423 338 3564 397 1580

283 442 555 515 quodlibet
582 441 883 514 proprium,
912 451 1006 496 aut
1031 445 1185 512 quasi
1216 459 1316 515 pro
1338 444 1566 511 viribus,
1594 459 1693 516 pro
1731 454 1866 500 tem-
1892 451 1943 510 Α
1971 446 2272 503 necessitas
2303 448 2655 520 tantidoloris
2688 449 2965 505 recordari
2991 449 3300 521 compellat,
3328 466 3565 523 quorum

283 551 433 609 pore,
459 550 560 608 pro
581 532 756 591 ofﬁcio
787 535 841 590 in
867 534 1048 607 aliquo
1079 537 1266 608 dispar
1310 537 1434 605 fuit,
1477 554 1764 596 commune
1787 549 1867 594 ta-

284 643 404 686 men
432 637 619 684 votum
651 635 708 682 et
733 627 983 684 voluntas
1005 643 1111 683 una
1133 628 1268 704 fuit;
1321 629 1394 685 ita
1424 640 1485 685 ut
1537 630 1746 687 videres
1773 647 1869 689 eos

283 721 435 792 quasi
460 720 562 775 sub
590 734 698 774 uno
720 720 852 792 jugo
880 720 1261 790 aequanimiter
1307 722 1361 777 in
1389 721 1489 778 hac
1539 722 1869 793 agricultura

282 813 762 873 Dominiaratrum
793 813 1028 879 trahere,
1057 821 1220 883 atque
1249 813 1483 870 invicem
1525 829 1689 870 onera
1739 832 1869 887 sup-

280 910 516 972 portare.
547 898 685 954 Etsi
733 901 950 970 quando
981 900 1303 972 contigisset
1329 901 1410 958 eis
1429 917 1530 973 pro
1579 903 1720 971 loco,
1769 919 1868 974 pro

283 1003 523 1066 tempore
545 994 864 1064 quantisper
915 993 1134 1057 abesse,
1171 993 1386 1050 videres
1437 1010 1604 1050 unum
1655 1010 1865 1062 eorum,

281 1086 530 1151 alterum,
553 1099 618 1140 ac
644 1084 691 1140 si
721 1085 818 1139 bos
847 1083 1060 1150 bavem,
1083 1099 1208 1139 cum
1254 1083 1456 1156 gemitu
1501 1092 1558 1140 et
1598 1084 1868 1141 desiderio

279 1177 594 1247 requirere;
619 1173 748 1246 quia
775 1187 936 1230 nemo
961 1187 1150 1229 eorum
1171 1189 1231 1230 se
1263 1181 1435 1229 totum
1465 1174 1690 1244 putabat
1713 1174 1865 1228 ades-

279 1284 502 1336 se,cum
523 1267 666 1324 alter
684 1265 914 1322 deesset.
976 1264 1116 1332 Quin
1165 1265 1276 1320 imo
1327 1263 1399 1319 ibi
1450 1265 1626 1334 magis
1671 1261 1867 1319 affectu

279 1376 438 1434 quam
467 1374 654 1417 secum
694 1358 923 1430 quisque
948 1372 1137 1413 eorum
1190 1360 1330 1424 erat,
1368 1357 1461 1413 ubi
1510 1344 1861 1414 alter'esset.

279 1453 344 1510 Et
373 1453 514 1509 sicut
541 1451 640 1508 bos
670 1449 942 1522 frequenti
983 1449 1190 1520 mugitu
1215 1465 1381 1521 quam
1413 1465 1556 1520 saepe
1599 1449 1746 1520 pium
1782 1450 1864 1505 al-

282 1546 451 1602 terius
472 1551 702 1601 testatur
733 1542 1010 1609 allectum,
1033 1542 1080 1597 si
1119 1541 1260 1598 forte
1295 1541 1530 1598 defuerit
1585 1557 1708 1598 cum
1759 1557 1867 1612 quo

281 1641 494 1698 trahere
520 1647 762 1694 aratrum
787 1653 820 1693 a
858 1637 1026 1692 latere
1060 1645 1458 1701 consueverat,
1512 1636 1586 1690 ita
1642 1635 1744 1692 sibi
1799 1635 1866 1691 ad

280 1735 506 1790 invicem
533 1732 750 1789 solliciti
797 1729 1272 1801 congemiscebant
1313 1744 1427 1799 prae
1453 1727 1745 1796 desiderio,
1773 1744 1865 1784 co-

277 1823 510 1900 gitantes
537 1826 667 1896 quid
697 1825 838 1880 alter
873 1831 1076 1893 ageret,
1100 1822 1274 1878 donec
1295 1836 1353 1877 se
1387 1820 1490 1880 sibi
1523 1821 1590 1877 ad
1630 1821 1862 1877 invicem

280 1919 583 1974 redderent.
617 1917 767 1973 Licet
794 1916 939 1972 enim
965 1931 1108 1970 unus
1139 1927 1327 1969 eorum
1374 1923 1521 1968 esset
1567 1920 1727 1968 relate
1785 1928 1869 1968 se-

277 2013 418 2078 nior,
449 2019 504 2067 et
535 2011 674 2067 alter
715 2010 1005 2066 admodum
1029 2006 1279 2077 juvenis;
1317 2021 1418 2078 par
1448 2014 1629 2062 tamen
1686 2007 1741 2061 in
1785 2007 1868 2064 eis

281 2104 628 2161 desiderium.
674 2102 810 2171 Quia
847 2101 952 2158 etsi
1010 2101 1114 2156 iste
1167 2099 1441 2155 robustior
1498 2115 1747 2170 corpore,
1781 2100 1869 2156 ille

279 2199 475 2254 ardore
505 2197 791 2253 charitatis
829 2195 1147 2261 sublimior;
1177 2209 1285 2249 una
1308 2201 1489 2248 tamen
1511 2194 1567 2248 in
1595 2194 1676 2249 eis
1699 2195 1869 2250 inten-

277 2290 384 2356 tio,
405 2303 570 2344 unum
590 2288 950 2360 propositum,
1005 2300 1224 2358 unaque
1257 2286 1550 2353 voluntas;
1602 2286 1866 2358 siquidem

278 2382 381 2438 iste
418 2382 631 2436 acutior
680 2396 872 2448 sensu,
915 2380 1010 2436 sed
1038 2395 1205 2436 senex
1241 2387 1429 2436 noster
1450 2378 1507 2434 in
1536 2379 1766 2435 consilio
1813 2388 1870 2436 et

278 2474 546 2530 cbaritate
573 2473 752 2530 latior.
777 2472 885 2529 Iste
929 2472 1083 2544 quasi
1136 2487 1236 2542 pro
1277 2469 1491 2540 justitia
1539 2470 1860 2539 ferventior,

279 2568 373 2624 sed
401 2567 493 2623 ille
539 2567 808 2623 maturior
853 2565 1361 2636 circumspectione,
1416 2574 1472 2620 et
1524 2565 1867 2636 providentia

277 2657 599 2730 profundior
631 2658 744 2714 :ita
772 2665 834 2714 ut
855 2658 956 2714 iste
980 2657 1036 2712 in
1080 2657 1260 2713 subito
1309 2657 1523 2712 acutius
1576 2657 1870 2729 responde-

279 2759 364 2807 ret
386 2751 452 2806 ad
475 2749 710 2823 singula,
740 2750 838 2806 sed
868 2749 956 2804 ille
991 2748 1206 2821 longius
1239 2756 1295 2805 et
1317 2748 1478 2804 simul
1516 2751 1585 2804 ad
1625 2763 1868 2819 prmsens

277 2843 655 2900 considerabat
680 2842 994 2915 profutura,
1026 2851 1082 2897 et
1123 2857 1461 2912 quaecunque
1490 2840 1709 2896 evenire
1738 2857 1865 2912 pos-

279 2946 678 2994 sent-econtra.
730 2936 989 3006 Quamvis
1016 2949 1146 3006 ergo
1192 2951 1357 2991 carne
1414 2944 1597 2992 essent
1646 2935 1867 3004 fratres,

277 3037 334 3086 et
357 3029 758 3102 germanissimi
788 3029 894 3086 ﬁde
913 3037 969 3084 et
991 3029 1268 3105 voluntate
1286 3068 1302 3095 ,
1332 3027 1574 3084 moribus
1597 3037 1780 3084 tamen
1811 3030 1867 3085 in

278 3123 382 3183 hoc
407 3123 651 3195 dispares
667 3123 1018 3190 videbantur,
1057 3124 1200 3194 quod
1234 3122 1323 3180 ille
1369 3125 1648 3196 egregium
1701 3125 1756 3179 in
1809 3139 1867 3181 se

1972 534 2210 592 fraterna
2232 537 2490 612 claritas[
2511 539 2552 610 f.
2583 540 2823 596 charitas
2844 538 2864 613 ]
2888 550 2944 597 et
2969 541 3256 598 ammnitas
3280 542 3425 609 vitae,
3453 556 3564 599 non

1974 637 2183 685 tantum
2215 631 2397 698 nobis,
2443 647 2631 687 verum
2686 633 2739 687 in
2788 633 2937 689 omni
2990 634 3240 705 imperio~
3273 635 3427 706 regni
3483 634 3565 692 sic

1970 723 2193 778 emicuit
2222 732 2277 779 et
2318 723 2673 795 resplenduit,
2702 726 2858 796 quasi
2892 725 3108 782 videres
3152 725 3260 782 duo
3303 725 3427 782 cteli
3479 725 3566 784 lu-

1972 814 2202 868 minaria
2234 813 2436 886 ubique
2472 815 2774 872 clarescere
2813 829 2828 870 :
2860 817 3110 888 quamvis
3138 817 3238 874 iste
3264 817 3466 884 minus,
3502 824 3565 873 ut

1971 907 2044 961 ita
2067 905 2259 972 fatear,
2297 917 2353 962 et
2398 907 2488 964 ille
2535 909 2710 980 majus
2747 926 2760 964 :
2809 909 2932 978 quia
2979 909 3068 964 ille
3101 918 3255 980 pater
3307 918 3448 975 erat,
3506 916 3566 965 et

1970 1000 2072 1056 iste
2095 999 2272 1056 ﬁlius:
2307 1001 2398 1057 ille
2446 1016 2610 1057 senex
2645 1001 2849 1068 seniOr,
2877 1010 2932 1057 et
2973 1003 3076 1058 iste
3125 1005 3266 1057 forte
3323 1002 3566 1074 agilitate

1969 1108 2179 1148 morum
2209 1094 2405 1161 acrior,
2438 1095 2582 1150 sicut
2611 1103 2665 1150 et
2706 1104 2865 1151 mtate
2883 1094 3088 1164 junior.
3113 1096 3170 1151 In
3196 1096 3393 1167 quibus
3413 1093 3566 1150 nulla

1969 1186 2206 1242 adulatio
2236 1186 2358 1255 fuit,
2383 1189 2477 1244 sed
2507 1189 2636 1244 hinc
2682 1188 2808 1244 inde
2857 1203 3114 1259 expressa
3169 1189 3367 1259 pietas,
3409 1186 3562 1244 nulla

1969 1278 2036 1332 ad
2065 1277 2298 1334 invicem
2329 1279 2634 1335 dissensio:
2665 1279 2739 1334 ita
2771 1289 2830 1335 ut
2882 1294 2989 1335 non
3037 1280 3310 1336 invenires
3359 1279 3428 1335 ad
3473 1293 3566 1334 eo-

1969 1384 2086 1422 rum
2125 1369 2385 1440 propositi
2428 1369 2826 1427 simulationem
2879 1368 2956 1440 (ἑά
2996 1380 3070 1426 est
3128 1368 3563 1442 similitudinem)

1967 1460 2098 1530 quid
2145 1461 2406 1528 adderes,
2449 1461 2704 1532 quoniam
2755 1476 2893 1519 unus
2939 1461 3164 1534 spiritus
3208 1468 3328 1516 erat
3379 1460 3437 1516 in
3483 1460 3565 1517 eis

1968 1561 2024 1609 et
2071 1569 2176 1608 una
2219 1553 2374 1620 ﬁdes,
2424 1569 2644 1625 unaque
2699 1555 2989 1611 concordia
3021 1555 3197 1626 pacis,
3229 1563 3288 1611 et
3318 1539 3449 1610 vera
3505 1553 3562 1608 in

1967 1645 2219 1702 omnibus
2255 1645 2442 1717 religio
2478 1645 2802 1704 sanctitatis.
2833 1648 2901 1702 Et
2927 1647 3048 1703 ideo
3087 1648 3230 1704 inter
3289 1661 3385 1704 eos
3427 1645 3562 1702 nihil

1968 1735 2113 1790 aliud
2137 1752 2298 1808 quam
2333 1745 2505 1793 totum
2533 1752 2654 1809 quae
2699 1737 2986 1793 cbaritatis
3033 1746 3161 1792 sunt
3207 1745 3263 1792 et
3316 1735 3558 1807 pietatis,

1893 1837 1941 1899 Β
1969 1825 2406 1898 deprehenderes
2433 1836 2494 1883 ut
2523 1843 2625 1884 nec
2652 1829 2799 1884 vices
2832 1836 3126 1895 mutarent,
3172 1842 3271 1883 nec
3297 1827 3365 1883 ad
3417 1826 3560 1882 invi-

1976 1931 2092 1972 cem
2120 1916 2264 1974 aliud
2289 1917 2429 1974 velle
2477 1933 2834 1988 cognosceres
2863 1935 2879 1973 :
2907 1933 3139 1989 quorum
3187 1927 3307 1974 erat
3334 1917 3564 1989 pulchra

1975 2023 2186 2063 morum
2226 2009 2558 2080 proprietas,
2581 2019 2641 2064 ut
2665 2009 2710 2065 si
2757 2024 2862 2080 qua
2906 2009 3046 2066 alter
3091 2009 3324 2065 alterum
3365 2010 3565 2064 virtute

1973 2100 2282 2166 excelleret,
2315 2117 2480 2157 unam
2508 2102 2561 2156 in
2590 2102 2672 2158 eis
2701 2101 2768 2158 ad
2791 2101 3024 2158 invicem
3054 2100 3385 2173 intelligeres
3435 2102 3567 2156 har-

1972 2190 2213 2246 moniam
2243 2190 2570 2256 honestatis,
2600 2207 2876 2263 unumque
2912 2192 3131 2248 virtutis
3172 2201 3568 2264 temperamen-

1974 2289 2108 2336 tum.
2141 2280 2272 2336 Erat
2293 2283 2436 2338 enim
2462 2283 2541 2338 sic
2559 2282 2842 2354 proprium
2869 2283 2927 2339 in
2953 2285 3035 2340 eis
3084 2285 3227 2354 quod
3275 2293 3397 2339 erat
3443 2285 3563 2353 uni,

1974 2381 2032 2428 ut
2077 2386 2362 2429 commune
2396 2373 2658 2445 probares
2701 2388 2822 2430 esse
2866 2374 3130 2431 ambobus
3179 2393 3192 2430 :
3249 2374 3326 2430 ita
3381 2382 3562 2443 tenus,

1973 2473 2034 2520 ut
2059 2479 2182 2520 vere
2208 2465 2309 2521 iste
2328 2465 2584 2521 dimidius
2609 2465 2832 2522 alterius
2861 2466 3156 2533 diceretur,
3207 2467 3351 2524 sicut
3391 2477 3450 2523 et
3474 2467 3565 2524 ille

1974 2560 2257 2632 integritas
2308 2561 2466 2618 istius
2516 2563 2828 2633 putabatur.
2892 2562 3030 2620 Hinc
3080 2572 3182 2632 est,
3227 2565 3561 2630 charissimi,

1973 2654 2115 2723 quod
2148 2652 2202 2707 in
2232 2651 2469 2709 Saxonia
2492 2660 2603 2708 tam
2629 2654 2936 2720 unanimes,
2963 2663 3183 2727 tamque
3207 2655 3384 2711 devoti
3406 2669 3562 2725 nova:

1971 2744 2326 2816 plantationis
2389 2745 2636 2817 germina
2695 2745 3112 2818 plantaverunt;
3177 2756 3234 2802 et
3275 2747 3558 2818 utriusque

1952 2849 2136 2891 sexus
2151 2847 2176 2876 α
2199 2851 2229 2891 a
2255 2836 2605 2894 fundamento
2626 2829 3406 2907 cmnobia,'faventeDomino,
3431 2854 3563 2898 con-

1973 2941 2308 2989 Sll'llXBl‘llﬂt.

2508 3031 2740 3090 CAPUT
2795 3016 2932 3089 xm.

2562 3141 2810 3182 ADEODAT
2818 3142 2900 3182 US.

277 3215 530 3272 omnibus
555 3217 980 3288 repraesentabat
1006 3225 1249 3289 patrem;
1272 3217 1376 3274 iste
1413 3225 1594 3273 autem
1627 3218 1864 3290 discipu-
1890 3209 1938 3274 C
2042 3213 2210 3270 Miror
2243 3230 2342 3270 cur
2370 3216 2505 3273 velis
2533 3232 2628 3272 eos
2663 3233 2972 3290 coaequare,
3007 3233 3129 3275 cum
3169 3234 3279 3276 non
3314 3220 3437 3288 iste,
3469 3221 3566 3278 sed

276 3309 386 3365 lum
415 3311 728 3366 monasticae
747 3311 1063 3381 disciplinze,
1087 3320 1144 3368 et
1171 3311 1556 3368 charissimum
1612 3311 1668 3366 in
1716 3311 1864 3368 omni

275 3400 614 3470 subiectione
639 3401 832 3456 ﬁlium.

937 3489 1190 3529 SEVERUS.

346 3562 424 3619 De
448 3563 534 3618 his
557 3576 687 3634 ergo
714 3576 876 3619 nemo
903 3563 1150 3634 ambigit,
1179 3562 1435 3633 quoniam
1467 3563 1594 3635 ipsi,
1644 3572 1704 3619 ut
1744 3579 1864 3620 om-

275 3661 374 3712 nes
403 3654 664 3720 fatentur,
691 3669 758 3709 ex
787 3653 933 3711 omni
967 3652 1132 3724 regali
1163 3653 1417 3725 prosapie
1444 3653 1748 3726 singulares
1774 3671 1863 3711 es.

274 3757 397 3805 sent
427 3748 482 3804 in
515 3748 806 3804 sanctitate
853 3761 916 3802 ac
966 3745 1250 3819 religione,
1304 3755 1466 3816 atque
1521 3747 1576 3802 in
1621 3747 1866 3804 bonitate

273 3840 680 3898 studiosissimi.
716 3840 923 3897 Idcirco
950 3855 1052 3897 nec
1081 3839 1305 3905 mirum,
1326 3839 1372 3895 si
1399 3854 1458 3895 se
1488 3840 1690 3896 mutuis
1716 3839 1865 3897 fove-

272 3935 408 3990 bant
434 3933 749 4000 virtutibus,
779 3933 871 4004 qui
899 3947 958 3989 sc
997 3932 1163 3987 etiam
1224 3930 1348 3987 aliis
1386 3931 1678 3988 imitabiles
1730 3947 1867 4004 prae-

271 4025 476 4082 bebant
502 4024 786 4095 exemplis.
823 4021 933 4080 Sed
962 4023 1218 4094 quoniam
1241 4015 1518 4078 Antonius
1541 4032 1728 4079 noster
1749 4021 1863 4093 jam

273 4125 554 4176 senectute
584 4116 762 4173 fessus
793 4114 1071 4172 laboribus
1100 4123 1156 4170 et
1199 4114 1346 4171 curis
1391 4113 1679 4170 videbatur
1731 4115 1867 4171 infe-

272 4211 419 4276 rior,
449 4217 569 4264 erat
590 4217 773 4264 tamen
805 4208 860 4264 in
881 4207 1150 4264 cbaritate
1174 4206 1428 4278 amplior.
1457 4203 1623 4275 Cujus
1651 4221 1866 4277 semper

272 4304 414 4358 latus
435 4301 718 4359 sollicitior
742 4300 847 4357 iste
889 4300 1084 4356 affectu
1118 4300 1222 4370 piae
1243 4299 1545 4356 devotionis
1590 4312 1689 4354 suo
1718 4296 1867 4355 fove-

271 4398 368 4454 bat
385 4394 584 4463 studio,
607 4402 663 4450 et
688 4409 848 4450 curas
870 4393 1150 4466 regiminis
1175 4391 1288 4448 suis
1323 4391 1605 4447 humiliter
1625 4391 1863 4463 comple-

266 4490 367 4546 bat
388 4489 599 4547 ofﬁciis.
628 4489 702 4546 Ita
729 4497 790 4544 ut
829 4489 1042 4544 videres
1068 4502 1192 4542 eum
1241 4485 1424 4541 omnia
1463 4499 1760 4556 procurare
1803 4492 1867 4540 ut

1971 3306 2262 3374 Antonius,
2293 3307 2421 3378 quia
2464 3307 2566 3364 loci
2612 3307 2774 3377 hujus
2819 3320 3010 3382 pastor
3042 3319 3179 3380 erat,
3217 3313 3305 3370 cui
3337 3313 3565 3371 facultas

1968 3399 2287 3471 suppetebat
2327 3398 2656 3467 aediﬁcandi,
2689 3416 2754 3458 ea
2799 3402 3181 3472 aedificaverit;
3243 3405 3333 3462 hic
3376 3414 3558 3462 autem

1970 3506 2035 3547 ac
2063 3491 2110 3547 si
2141 3506 2280 3547 unus
2305 3500 2424 3547 erat
2463 3506 2531 3548 ex
2550 3492 2799 3564 plurimis
2831 3512 2846 3550 :
2877 3493 3005 3551 licet
3033 3496 3309 3566 acceptior
3340 3497 3392 3552 in
3432 3514 3554 3569 gra~

1971 3583 2064 3648 tia,
2099 3581 2226 3654 quia
2252 3581 2452 3652 frater;
2485 3583 2808 3654 profundior
2838 3585 2894 3641 in
2920 3587 3169 3654 consilio;
3198 3587 3348 3660 prior
3378 3589 3433 3644 in
3463 3603 3560 3644 vo-

1969 3673 2199 3739 luntate,
2229 3674 2403 3744 major
2449 3674 2505 3729 in
2555 3673 2842 3744 adjutorio,
2879 3677 3162 3734 sollicitior
3203 3678 3259 3733 in
3305 3687 3452 3735 voto.
3496 3679 3563 3734 Et

1969 3763 2090 3819 ideo
2122 3764 2620 3838 quamvisgsemper
2644 3765 2936 3837 plurimum
2979 3784 3038 3823 se
3073 3769 3375 3844 diligerent,
3411 3770 3560 3828 labo-

1970 3871 2194 3928 remque
2225 3844 2555 3914 suum'alter
2584 3874 2775 3915 eorum
2815 3860 3043 3917 alterius
3071 3877 3193 3919 esse
3234 3861 3398 3920 vellet
3423 3879 3560 3936 pra:-

1968 3946 2161 4014 mium,
2195 3956 2375 4003 tamen
2417 3947 2494 4003 illi
2543 3950 2739 4006 merito
2781 3951 3065 4023 deputatur
3109 3967 3319 4010 merces
3356 3956 3559 4026 operis,

1969 4037 2024 4092 in
2053 4037 2210 4107 cujus
2257 4054 2380 4110 quae
2417 4049 2570 4112 gesta
2607 4051 2756 4109 sunt,
2785 4043 3110 4099 dedicantur
3157 4043 3343 4102 labore
3378 4063 3390 4099 :
3433 4045 3561 4116 quia

1970 4130 2075 4185 etsi
2105 4145 2382 4200 nunquam
2417 4130 2573 4187 alteri
2611 4146 2803 4189 eorum
2832 4135 2950 4190 sine
2982 4135 3152 4192 altero
3179 4134 3280 4191 fuit
3311 4135 3562 4193 voluntas

1968 4221 2160 4293 agendi
2206 4223 2349 4292 quod
2407 4223 2556 4294 pium
2609 4233 2666 4281 et
2709 4233 2958 4283 sanctum
3003 4236 3116 4296 est;
3165 4228 3307 4284 illius
3349 4229 3558 4294 interea

1962 4314 2085 4386 jure
2132 4315 2424 4386 deputatur
2461 4318 2663 4385 meriti,
2709 4319 2863 4389 cujus
2902 4321 3003 4376 fuit
3048 4330 3294 4393 potestas
3338 4323 3552 4394 agendi,

1965 4407 2219 4481 quamvis
2245 4423 2536 4464 commune
2564 4409 2729 4466 fuerit
2755 4426 2891 4481 opus
2922 4411 3142 4469 laboris.
3637 4405 3642 4410 ’

2597 4514 2935 4558 ΡΑεειιΑειυε.

270 4582 466 4674 ﬁlium,
493 4585 579 4640 cui
603 4579 1302 4674 exhibeba‘l‘revel‘enliam-
1327 4585 1389 4632 ιη
1432 4575 1637 4674 ,ἱιιιξίοτε
1689 4576 1864 4674 ξ’θῐῐιιι·
1888 4579 1942 4640 1)
2040 4591 2318 4660 Quantum
2357 4591 2600 4649 exterius
2646 4601 2928 4664 exspectat
2967 4593 3025 4649 in
3059 4594 3297 4652 humano
3325 4595 3553 4668 judicio,

266 4673 440 4729 latum
467 4682 529 4729 ut
553 4687 767 4738 servus,
813 4667 1148 4742 diligentiam
1189 4674 1249 4721 ut
1279 4664 1450 4722 frater
1479 4665 1854 4731 charissimus,

269 4765 650 4820 teneritudinis
673 4777 915 4819 amorem
940 4758 1230 4830 aliquando
1258 4767 1320 4813 ut
1371 4764 1555 4829 pater;
1606 4758 1860 4830 imperio-

263 4839 391 4914 Sum
413 4873 626 4928 quoque
659 4855 944 4914 consilium
967 4868 1090 4910 cum
1140 4851 1290 4908 omni
1313 4849 1618 4907 humilitate
1666 4861 1726 4906 ut
1774 4865 1859 4906 se-

268 4951 428 5018 nior;
488 4950 575 5005 cui
625 4957 743 5006 erat
771 4957 920 5004 tanta
970 4947 1023 5002 in
1054 4945 1266 5002 cunctis
1304 4943 1585 5016 patientia,
1614 4952 1673 5000 ut
1698 4943 1859 5000 nullis

267 5049 583 5100 moveretur
626 5039 994 5097 molestiarum
1025 5035 1257 5106 injuriis.

895 5165 1055 5206 PASCII
1062 5162 1232 5204 A8108.

257 5291 264 5298 .
344 5248 489 5304 Bene
526 5246 756 5314 recolis,
793 5245 984 5310 frater,
1017 5243 1090 5298 ita
1117 5249 1178 5297 ut
1229 5241 1389 5298 unius
1440 5239 1859 5298 necessitudinis

263 5343 446 5416 gratia
467 5341 829 5413 complurium
849 5337 1004 5397 nobis
1025 5335 1482 5392 necessitudinum
1502 5334 1679 5390 officia
1726 5347 1857 5387 con-

263 5447 560 5491 numerare
590 5432 868 5489 videaris:
896 5439 1164 5501 quatenus
1192 5428 1244 5483 in
1272 5443 1381 5484 uno
1420 5428 1718 5498 eodemque
1749 5440 1857 5481 non

260 5541 440 5581 unum
464 5539 563 5582 nos
593 5523 842 5580 amisisse
864 5521 1161 5586 doleamus,
1185 5519 1281 5575 sed
1311 5519 1515 5590 plures.
1549 5517 1858 5574 Praesertim

259 5634 397 5677 cum
422 5627 475 5675 et
496 5619 551 5674 in
575 5618 706 5686 isto,
736 5615 926 5688 etjam
969 5615 1024 5697 in
1070 5612 1304 5670 Antonio
1363 5611 1494 5686 quid
1552 5611 1854 5680 amisimus,

250 5755 258 5780 ί
347 5773 374 5802 α
410 5758 674 5829 Virorum,
705 5756 920 5829 quidem
966 5753 1252 5829 C_orbeiam
1304 5751 1859 5829 nov_am_:-virginui_n

267 5839 458 5888 autem
511 5823 948 5888 Herefof'diense.
990 5826 1068 5883 De
1123 5833 1356 5895 utroque
1409 5825 1465 5883 in
1511 5823 1742 5882 historia
1793 5825 1861 5882 de

1965 4687 2040 4742 ita
2077 4683 2224 4740 fama
2257 4699 2424 4756 quam
2473 4699 2616 4757 saepe
2663 4685 3011 4743 concelebrat
3049 4686 3238 4744 laudes
3272 4688 3327 4744 in
3370 4689 3551 4762 vulgo.

1966 4778 2075 4836 Sed
2104 4780 2318 4836 divinus
2347 4778 2569 4836 Arbiter
2596 4779 2744 4836 intus
2771 4779 3032 4837 discernit
3069 4781 3302 4852 gratiam
3337 4781 3552 4838 unicul-

1965 4890 2071 4946 que
2107 4889 2270 4944 quam
2304 4871 2472 4939 dedit,
2507 4879 2564 4928 et
2598 4872 2842 4929 laborem
2871 4873 3126 4944 deinceps
3160 4880 3286 4944 post
3317 4874 3552 4945 gratiam

1965 4965 2194 5038 quisque
2228 4978 2390 5037 quem
2431 4963 2718 5034 impendit.
2764 4963 2836 5018 At
2872 4977 3003 5019 vero
3041 4963 3270 5019 istorum
3305 4962 3556 5021 voluntas

1963 5058 2092 5130 quia
2120 5072 2225 5112 una
2252 5063 2394 5121 erat,
2421 5063 2476 5110 et
2508 5063 2739 5126 utraque
2776 5067 2966 5110 eorum
2997 5069 3066 5110 ex
3093 5053 3317 5111 alterius
3346 5054 3552 5124 pende-

1961 5151 2054 5207 bat
2088 5149 2388 5217 voluntate,
2416 5163 2596 5206 sermo
2626 5163 2750 5204 cum
2785 5148 2854 5204 ab
2896 5161 2991 5204 ore
3024 5147 3336 5219 prodiisset,
3369 5146 3548 5202 mani-

1962 5242 2162 5300 festum
2213 5248 2298 5298 est
2331 5241 2617 5308 omnibus,
2652 5239 2797 5310 quod
2836 5239 2962 5295 huic
3009 5239 3246 5311 primum
3289 5237 3554 5294 divinitus

1962 5337 2282 5410 inspiratum
2331 5343 2443 5400 est,
2486 5332 2774 5389 occasione
2821 5339 3042 5402 accepta
3087 5346 3186 5403 pro
3226 5330 3553 5402 quihusdam
3641 5325 3644 5327 λ

1966 5429 2048 5485 sui
2078 5427 2290 5500 generis
2316 5426 2368 5494 δ,
2395 5426 2487 5497 qui
2521 5425 2588 5480 ad
2625 5439 2724 5480 nos
2765 5423 3136 5480 conversionis
3174 5411 3362 5496 gratia.
3390 5436 3554 5483 vene-

1969 5530 2117 5588 runt,
2145 5529 2201 5576 et
2235 5519 2302 5575 de
2346 5519 2509 5575 rebus
2537 5517 2652 5574 suis
2680 5516 2838 5573 nobis
2875 5517 3235 5586 tradiderunt,
3257 5531 3366 5590 quo
3400 5516 3554 5575 locus

1968 5613 2331 5670 aediﬁcaretur
2365 5609 2622 5667 cmnobii.
2667 5608 2824 5667 Unde
2848 5617 2909 5666 ut
2935 5617 3056 5668 erat
3087 5610 3192 5668 iste
3224 5623 3410 5667 amore
3444 5605 3552 5664 fer-

1971 5746 2319 5809 translatione
2345 5745 2405 5802 S.
2436 5743 2566 5801 Viti.

2042 5821 2071 5862 δ
2110 5817 2166 5874 ld
2195 5826 2281 5875 est
2311 5817 2585 5885 Saxonici,
2616 5831 2778 5888 supra
2805 5832 2924 5889 cap.
2961 5819 3048 5874 η.
