4122 6324
592 317 620 371 'l
634 318 735 374 587

1402 320 1459 375 s.
1491 316 1848 376 mscuasu
1884 314 2231 372 aanusnrr
2269 314 2559 373 seems
2597 286 3047 378 conspicuas

3735 330 3883 389 1588

586 428 726 487 'vens
754 431 899 487 circa
930 430 1099 487 Deum
1126 442 1183 486 et
1207 432 1352 488 circa
1390 431 1705 504 religionem
1737 438 2001 495 sanctam,
2033 430 2177 486 circa
2204 429 2259 491 Α
2283 426 2496 482 videres
2537 442 2633 483 eos
2680 429 2916 484 recreari
2974 431 3044 486 ab
3100 432 3364 500 Invicem,
3408 441 3462 489 et
3503 436 3769 507 proiicere
3816 440 3877 496 in

584 524 923 596 propinquos
950 525 1033 580 sui
1059 526 1273 596 generis
1306 534 1361 580 et
1394 526 1658 596 patriam;
1691 524 1856 596 coepit
1885 523 2182 580 instantius

579 617 939 697 persuadere,
971 632 1038 673 ac
1076 616 1285 673 crebris
1322 615 1587 674 Abbatem
1628 618 1903 690 egregium
1944 618 2181 688 aequivo-

588 719 721 765 .cum
753 718 778 747 ι
816 707 983 773 senis,
1011 705 1170 778 huius
1208 708 1389 781 operis
1430 719 1488 763 ut
1529 708 1770 766 laborem
1816 710 2175 781 impenderet,

580 794 646 854 'et
675 807 922 871 sumptus
949 800 1407 873 praeberet;quia
1458 803 1570 874 ipse
1616 798 1732 871 jam
1779 808 1909 857 tunc
1951 811 2090 868 erat,
2124 802 2179 858 in

592 904 703 961 quo
727 890 1026 949 domestica
1058 893 1372 949 monasterii
1391 893 1585 955 ,nostri
1627 893 1934 951 sollicitudo
1960 904 2013 951 et
2043 910 2176 950 cura

587 982 839 1040 residens
887 983 1103 1056 publica
1156 984 1552 1056 requiescebat.
1609 986 1816 1057 Quibus
1867 986 2030 1043 Pater
2089 986 2178 1043 ille

587 1074 811 1142 auditis,
838 1074 1054 1132 Arsenii
1101 1078 1271 1133 nostri
1318 1087 1502 1133 votum
1546 1086 1602 1133 et
1641 1079 1969 1135 voluntatem
2020 1094 2173 1135 suam

574 1180 709 1249 .esse
732 1166 879 1223 fecit.
915 1166 1113 1239 Sicque
1148 1178 1386 1240 emptum
1419 1178 1503 1226 est
1530 1185 1665 1242 opus
1696 1169 1930 1236 virtutis,
1961 1178 2016 1226 et
2042 1184 2173 1241 pro-

584 1271 863 1331 speratum
902 1263 1190 1335 tantisper,
1217 1258 1390 1320 donec
1417 1277 1582 1319 senex
1619 1264 1883 1321 Antonius
1927 1264 1996 1320 ab
2031 1264 2175 1320 exsi-

582 1346 657 1407 lio
689 1368 985 1425 regressus,
1014 1355 1071 1409 in
1112 1355 1285 1426 gratia
1312 1364 1396 1411 est
1426 1356 1726 1412 restitutus.
1765 1355 1883 1425 Quo
1925 1371 2174 1429 regresso

582 1442 742 1502 istius
762 1445 1016 1505 voluntas
1044 1463 1167 1503 mox
1210 1447 1352 1504 facta
1397 1460 1482 1505 est
1524 1449 1713 1505 senis:
1748 1450 1821 1504 ita
1863 1458 1923 1506 ut
1956 1451 2173 1506 videres

585 1535 755 1594 ﬁlium
786 1538 839 1595 in
867 1540 972 1598 hac
993 1541 1168 1613 gratia
1196 1549 1404 1612 patrem
1437 1539 1695 1598 eximium
1721 1541 1991 1616 genuisse,
2019 1540 2172 1612 cujus

581 1629 826 1688 crebrior
856 1631 1166 1690 adhortatio
1204 1632 1257 1688 in
1298 1634 1401 1689 hac
1439 1642 1596 1704 parte
1634 1650 1797 1689 unam
1831 1633 2058 1689 duorum
2090 1633 2169 1689 in-

581 1723 878 1781 tentionem
910 1725 1058 1791 fecit,
1083 1742 1359 1797 unumque
1388 1726 1675 1799 vestigium
1703 1726 2019 1795 voluntatis,
2050 1727 2168 1798 qui-

574 1813 680 1885 bus
708 1813 851 1873 Deus
872 1818 1222 1885 unum~velle,
1243 1833 1518 1891 unumque
1540 1817 1684 1875 nolle
1709 1817 1886 1885 dedit;
1912 1819 2167 1889 quoniam

578 1915 630 1961 et
664 1906 766 1977 ipsi
801 1916 958 1966 antea
986 1911 1039 1966 in
1071 1908 1295 1980 reliquis
1325 1909 1537 1967 indivrsi
1568 1920 1745 1977 erant,
1774 1911 1991 1981 quando
2032 1910 2169 1965 alter

578 2013 738 2055 nemo
765 1999 887 2057 sine
913 2001 1085 2057 altero
1113 2002 1295 2061 vivere
1324 2003 1600 2076 cupiebat,
1623 2019 1851 2076 quorum
1879 2020 2020 2062 unus
2047 2014 2166 2060 erat

577 2087 805 2147 allectus
845 2092 1066 2161 mentis,
1097 2110 1374 2165 unumque
1405 2094 1756 2164 desiderium,
1786 2104 1842 2153 et
1868 2111 1974 2152 una
2018 2095 2166 2153 solli-

574 2182 758 2239 citudo
783 2193 987 2242 sancta:
1020 2186 1319 2260 religionis.
1358 2187 1700 2260 Quapropter
1729 2189 1908 2245 videat
1935 2191 2165 2260 pruden-

574 2276 648 2330 tia
684 2276 944 2344 ﬁliorum,
980 2280 1217 2336 maxime
1256 2297 1393 2353 quos
1436 2283 1643 2354 pariter
1678 2300 1864 2340 eorum
1905 2275 2038 2340 ﬁdes
2071 2300 2161 2357 ge-

569 2367 707 2431 nuit,
739 2377 797 2425 et
829 2369 1075 2428 charitas
1118 2372 1173 2427 in
1217 2373 1320 2430 hac
1366 2375 1541 2447 gratia
1584 2375 1813 2432 Domino
1856 2375 2157 2441 dedicavit;

572 2466 828 2519 utrumne
864 2461 957 2516 ulli
997 2463 1230 2535 amplior
1262 2481 1474 2524 merces
1502 2480 1623 2524 esse
1665 2467 1876 2533 debeat,
1906 2482 2066 2538 quam
2111 2468 2160 2523 ei

570 2550 661 2619 qui
693 2561 750 2606 et
774 2550 910 2609 alios
940 2552 1042 2610 hoc
1068 2564 1191 2627 post
1222 2555 1395 2612 Deum
1437 2557 1672 2630 primum
1703 2558 1838 2615 velle
1876 2558 2000 2614 fecit
2037 2575 2159 2614 cre-

568 2641 741 2700 briori
783 2647 1192 2717 exhortatione;
1234 2650 1426 2706 deinde
1473 2660 1533 2707 ut
1587 2651 1913 2724 perficerent
1960 2653 2156 2724 coegit.

571 2735 673 2800 Qui
704 2750 804 2795 suo
833 2736 1135 2796 fortissimo
1163 2740 1433 2811 adjutorio
1458 2741 1580 2813 plus
1608 2758 1769 2813 quam
1802 2743 2035 2814 propriis
2061 2742 2159 2799 hu-

569 2825 737 2881 meris
778 2826 1047 2894 subvexit,
1075 2838 1131 2884 et
1177 2830 1405 2887 consilio
1444 2831 1727 2889 sollicitius
1773 2833 2071 2900 roboravit,
2102 2842 2156 2890 et

568 2914 625 2968 in
675 2915 928 2971 omnibus
974 2919 1117 2988 apud
1163 2918 1469 2987 Cmsarem,
1520 2922 1661 2992 apud
1707 2923 1939 2979 eximios
1990 2924 2157 2980 totius

566 3006 743 3077 regni,
773 3014 829 3062 et
865 3008 1009 3079 apud
1055 3023 1246 3066 omnes
1290 3026 1641 3083 quoscunque
1676 3014 1871 3084 potuit,
1904 3015 2007 3069 hoc
2044 3017 2157 3088 egit

561 3097 714 3152 omni
752 3097 989 3169 ingenio,
1017 3101 1165 3156 omni
1202 3110 1339 3169 arte,
1373 3104 1630 3175 omnique
1676 3105 1877 3169 studio,
1908 3114 1966 3160 ut
2006 3124 2155 3164 com-

2284 521 2513 577 cunctis.
2545 521 2676 590 Quae
2712 524 2896 579 omnia
2932 523 3124 581 melius
3152 523 3386 583 fortasse
3408 525 3740 588 Paschasius
3771 549 3878 591 no-

2282 613 2380 680 vit,
2411 613 2558 670 intus
2604 615 2804 672 forisve
2850 625 3074 688 quasoet
3119 618 3357 689 qualiter
3385 632 3634 693 egerunt,
3665 626 3760 698 qui
3788 629 3876 685 eis

2281 719 2463 762 comes
2505 704 2607 761 fuit
2650 705 2704 761 in
2750 707 3001 762 omnibus
3043 709 3319 780 specialis,
3368 720 3424 767 et
3481 714 3640 784 quasi
3677 718 3878 776 tertius

2280 797 2425 853 inter
2451 812 2545 855 eos
2579 799 2633 854 in
2670 799 2817 855 omni
2851 800 3084 872 negotio.

2853 930 3103 989 CAPUT
3178 932 3298 991 XV.

2919 1037 3259 1082 PASCﬂAﬁﬂﬂL

2346 1133 2463 1191 Non
2493 1149 2675 1194 aonuo
2697 1149 2818 1207 quae
2842 1138 3063 1203 astruis,
3088 1139 3326 1195 maxime
3354 1141 3593 1213 qualiter
3618 1144 3673 1198 iu
3702 1154 3873 1214 gente

2274 1227 2366 1285 illa
2411 1227 2636 1301 praefata
2677 1230 3134 1288 corediﬁcaverint
3173 1235 3423 1291 emnohia
3455 1237 3734 1309 utriusque
3769 1254 3872 1296 se-

2273 1335 2407 1387 xus;
2454 1335 2578 1377 cum
2620 1330 2825 1391 quanta
2868 1322 3155 1380 devotione
3199 1334 3257 1381 et
3304 1325 3520 1383 fervore
3556 1329 3870 1400 charitatis,

2273 1427 2398 1468 cum
2437 1421 2640 1483 quanta
2676 1414 2981 1471 humilitate
3017 1426 3073 1471 et
3106 1416 3439 1475 sublimitate
3472 1421 3765 1489 virtutum,
3790 1424 3873 1479 ita

2268 1514 2332 1561 ut
2372 1506 2427 1560 in
2469 1521 2529 1563 se
2566 1515 2939 1565 monstrarent
2983 1507 3216 1565 formam
3256 1520 3459 1568 sanctas.
3498 1513 3787 1586 religionis
3815 1525 3875 1571 et

2270 1599 2516 1671 exempla
2565 1598 2947 1672 perfectionis,
2999 1610 3061 1655 ut
3111 1601 3377 1658 haberent
3432 1604 3625 1660 diebus
3680 1603 3868 1662 iaculi

2270 1704 2534 1761 sequaces
2574 1691 2823 1762 discipuli
2868 1691 2971 1747 sub
3010 1693 3310 1750 monastiea
3358 1693 3649 1765 disciplina
3686 1694 3745 1749 in
3784 1696 3869 1752 eis

2195 1788 2244 1852 β
2270 1796 2392 1854 quae
2432 1783 2633 1839 imitari
2676 1782 2957 1851 deberent,
2996 1783 3253 1856 quoniam
3287 1785 3431 1841 sicut
3462 1785 3725 1841 Dominus
3762 1787 3866 1853 ait,

2266 1880 2536 1950 magister
2570 1878 2816 1934 veritatis
2844 1893 2859 1932 :
2889 1878 3165 1949 Perfectus
3212 1880 3508 1934 crisantis
3550 1878 3864 1948 discipulus,

2268 1975 2318 2027 si
2341 1973 2409 2027 sit
2436 1974 2573 2027 sicut
2614 1972 2866 2043 magister
2900 1971 3017 2043 ejus
3051 1969 3206 2043 (Luc.
3238 1985 3314 2037 γι,
3498 1970 3594 2026 Et.
3609 1970 3733 2027 ideo
3775 1970 3869 2026 isti

2267 2077 2399 2119 vere
2446 2063 2750 2120 imitatores
2798 2062 2929 2119 facti
2983 2072 3113 2119 sunt
3157 2060 3383 2130 Christi,
3410 2071 3473 2118 ut
3513 2064 3775 2121 securius
3810 2080 3865 2120 tu

2267 2156 2621 2213 fundamento
2669 2157 2835 2229 positi
2883 2156 3099 2212 futurus
3149 2170 3285 2228 grex
3337 2164 3761 2213 construentur
3810 2157 3865 2214 is

2267 2250 2521 2317 Domino,
2545 2266 2614 2307 ne
2643 2258 2738 2306 aut
2771 2249 2986 2306 cuhnen
3013 2249 3318 2322 erigeretur
3358 2250 3478 2306 siue
3521 2249 3867 2322 quadratura

2265 2344 2528 2400 virtutum
2559 2352 2614 2400 et
2640 2342 2898 2400 ﬁrmitate
2928 2342 3072 2409 ﬁdei,
3106 2351 3205 2398 aut
3232 2341 3589 2399 fundamenta
3616 2341 3864 2398 locaret:-

2267 2448 2357 2495 tur
2400 2439 2520 2496 sine
2560 2439 2798 2497 culmine
2848 2453 3076 2495 summae
3110 2437 3482 2511 perfectionis.
3514 2437 3867 2510 Quapropter

2260 2532 2391 2603 quia
2439 2529 2732 2587 imitabiles
2774 2544 2837 2586 se
2882 2529 3251 2600 pmbuerunt,
3288 2542 3420 2585 vere
3451 2544 3569 2600 pra:
3602 2529 3866 2588 omnibus

2263 2623 2523 2695 sequendi
2550 2622 2697 2690 sunt,
2728 2630 2787 2679 et
2809 2636 2999 2678 eorum
3038 2621 3247 2678 monita
3273 2629 3327 2678 et
3354 2620 3609 2692 exempla
3633 2636 3866 2678 servan-

2263 2717 2331 2773 da
2358 2735 2373 2772 :
2406 2732 2477 2773 ne
2502 2715 2644 2773 male
2664 2714 2880 2771 vacillet
2917 2716 2973 2770 in
3013 2713 3272 2783 culmine,
3291 2713 3438 2784 quod
3465 2712 3610 2770 bene
3634 2722 3863 2771 consta-

2261 2809 2473 2866 bilitum
2500 2817 2584 2865 est
2613 2809 2669 2864 in
2701 2807 3084 2874 fundamento;
3115 2814 3172 2863 et
3194 2807 3351 2877 pejus
3376 2805 3609 2877 pullulet
3642 2807 3701 2862 in
3737 2821 3864 2879 ger»

2260 2903 2408 2960 mine
2455 2903 2602 2973 quod
2639 2901 2844 2972 optime
2879 2898 3147 2969 iactatum
3179 2907 3265 2955 est
3299 2898 3357 2954 in
3383 2898 3615 2955 semine.
3647 2897 3861 2956 Deinde

2258 2994 2564 3051 communis
2600 2993 2673 3050 sit
2708 3000 2897 3049 noster
2922 2990 3161 3065 gemitus
3186 3004 3288 3063 pro
3313 2989 3533 3047 amissis
3562 2990 3855 3062 patribus:

2258 3091 2386 3160 quia
2425 3100 2716 3144 commune
2758 3094 3006 3142 nostrum
3044 3084 3147 3140 fuit
3184 3083 3416 3150 lucrum,
3441 3083 3574 3155 quia
3610 3098 3740 3139 cum
3774 3083 3855 3140 eis

556 3188 804 3259 pleretur
828 3204 964 3263 Opus
990 3191 1213 3260 laborls,
1243 3193 1361 3266 ipso
1386 3172 1709 3252 exhortante
1737 3196 1881 3268 quod
1907 3207 2145 3270 emptum

2257 3181 2354 3236 sub
2417 3187 2565 3235 tanta
2605 3176 2889 3248 disciplina
2931 3175 3189 3231 viximus.
3232 3172 3375 3229 Nam
3420 3174 3479 3229 iu
3527 3172 3851 3244 repetendis

562 3290 699 3337 erat.

560 3385 568 3389 ‘
1152 3372 1383 3435 CAPUT
1418 3377 1560 3436 XIV.

1220 3484 1477 3528 SBVERUS.

556 3552 565 3561 '
633 3549 748 3607 Hoc
795 3567 898 3608 nos
946 3567 1054 3609 non
1102 3552 1253 3619 latet,
1296 3556 1422 3627 quia
1470 3555 1626 3612 valde
1660 3558 2032 3628 persensimus
2067 3560 2151 3618 bis

556 3642 848 3710 universa,
884 3653 940 3699 et
986 3645 1370 3714 conspeximus
1411 3645 1584 3702 oculis
1631 3663 1754 3719 quae
1790 3649 1899 3722 egit
1931 3668 1943 3705 :
1974 3648 2050 3706 ita
2093 3659 2152 3708 ut

558 3732 742 3804 plures
765 3733 1090 3803 clamarent,
1120 3737 1264 3809 quod
1294 3738 1434 3793 bona
1467 3740 1783 3796 monasterii
1813 3743 1987 3799 nostri
2017 3757 2151 3800 cun-

558 3832 648 3882 cta
697 3824 974 3898 diriperet,
1022 3832 1234 3883 tantum
1278 3838 1339 3883 ut
1388 3829 1503 3885 loca
1552 3828 1643 3886 illa
1697 3833 1899 3889 nostris
1947 3832 2149 3891 ditaret

554 3917 883 3989 sumptibus.
901 3914 1012 3975 Sed
1042 3919 1144 3977 hoc
1171 3919 1344 3976 laudis
1372 3920 1489 3993 ejus
1512 3923 1691 3995 portio
1728 3933 1835 3989 est,
1856 3924 2000 3996 quod
2028 3926 2147 3984 sine

561 4010 858 4068 offensione
889 4013 1177 4080 bonorum,
1210 4012 1297 4068 illa
1342 4027 1411 4069 ex
1453 4015 1704 4071 omnibus
1748 4017 1939 4073 ditavit
1965 4017 2143 4086 bonis,

556 4112 613 4159 et
659 4102 1008 4173 locupletavit
1051 4104 1260 4175 copiis;
1298 4119 1398 4161 nec
1442 4114 1622 4162 tamen
1674 4117 1860 4164 nostra
1915 4110 2144 4165 multum

558 4195 772 4251 minuit.
804 4194 1154 4251 Gubernabat
1182 4204 1363 4251 autem
1406 4196 1590 4253 fratris
1621 4198 1861 4267 domum,
1894 4210 1950 4256 et
1990 4216 2142 4257 com-

554 4286 847 4342 mendabat
866 4285 980 4355 jam
1013 4285 1066 4342 in
1105 4301 1164 4342 se
1190 4285 1424 4343 ofﬁcium
1454 4284 1684 4353 abbatis,
1718 4291 1862 4360 quod
1900 4286 2142 4349 futurum

554 4388 695 4446 erat,
727 4378 946 4450 quando
988 4379 1135 4433 intus
1178 4374 1472 4448 praastabat
1519 4378 1770 4436 solatium
1815 4388 1870 4438 et
1907 4380 2140 4441 formam

552 4479 756 4529 sanctae
795 4471 1088 4544 religionis,
1123 4470 1254 4527 foris
1289 4486 1417 4525 vero
1457 4481 1670 4528 scutum
1713 4472 2047 4533 defensionis
2087 4487 2143 4534 et

2256 3284 2445 3325 eorum
2473 3266 2686 3335 oiliciis,
2715 3264 3175 3336 recensendiqu
3202 3264 3491 3322 virtutibus
3512 3278 3625 3319 non
3662 3272 3856 3334 potest

2255 3378 2365 3419 non
2415 3360 2553 3417 allici
2606 3360 2858 3426 animus;
2910 3359 3006 3415 sed
3060 3367 3241 3415 tamen
3284 3358 3343 3415 in
3400 3357 3519 3430 ipsa
3554 3354 3860 3415 affectione

2255 3455 2421 3510 animi
2447 3462 2504 3509 et
2530 3466 2767 3509 mcerore
2805 3465 3139 3518 recreamur,
3168 3459 3224 3506 et
3264 3459 3556 3507 renovatur
3591 3447 3852 3515 allectus,

2254 3547 2490 3602 maxime
2533 3545 2628 3617 qui
2663 3560 2758 3602 eos
2786 3544 3039 3601 vidimus.
3071 3542 3348 3599 Prasterea
3388 3541 3548 3609 mihi,
3581 3541 3678 3613 qui
3725 3555 3854 3596 cum

2253 3638 2334 3695 eis
2388 3638 2497 3705 fui,
2539 3637 2756 3709 quando
2807 3635 2996 3693 eadem
3051 3634 3406 3700 inchoarent,
3440 3634 3600 3704 quasi
3650 3630 3850 3687 reﬂexa

2253 3730 2466 3787 cervice
2520 3730 2825 3787 absentiam
2869 3744 3058 3786 eorum
3111 3744 3331 3801 semper
3377 3734 3704 3800 praesentem
3768 3725 3852 3780 in-

2253 3832 2427 3892 tueor,
2460 3839 2584 3881 cum
2621 3825 2769 3881 irent
2808 3825 2863 3880 in
2907 3824 3017 3891 via,
3043 3839 3166 3881 cum
3218 3831 3403 3880 essent
3452 3823 3511 3878 in
3549 3822 3693 3888 loco,
3725 3835 3851 3877 cum

2251 3919 2603 3991 disponerent
2629 3918 2863 3992 singula,
2888 3934 3014 3975 cum
3043 3927 3225 3975 essent
3256 3916 3309 3972 in
3340 3915 3592 3981 consilio,
3614 3922 3670 3971 et
3696 3913 3849 3969 fabu-

2250 4013 2493 4069 larentur
2532 4015 2599 4071 ad
2650 4013 2924 4080 invicem;
2954 4026 3079 4068 cum
3126 4008 3402 4066 haurirem
3442 4008 3618 4067 oculis
3655 4022 3846 4064 eorum

2249 4106 2505 4179 gratiam,
2533 4115 2587 4162 et
2609 4106 2831 4162 auribus
2860 4105 3197 4177 perciperent
3226 4116 3508 4160 sermones
3547 4115 3687 4174 quos
3712 4114 3845 4173 pro-

2247 4199 2539 4269 ponebant,
2570 4207 2626 4255 et
2663 4197 2975 4269 exciperem
3018 4197 3182 4254 verba
3228 4210 3351 4266 qua:
3388 4194 3664 4250 dicebant.
3689 4191 3845 4259 Quod

2246 4290 2294 4347 si
2336 4291 2468 4346 mihi
2502 4306 2647 4347 nunc
2691 4288 3006 4360 iucunditas
3054 4299 3139 4347 est
3176 4288 3376 4345 mentis
3413 4302 3477 4344 ea
3528 4285 3843 4357 respicere,

2248 4384 2377 4454 quid
2426 4383 2650 4457 putatis,
2679 4383 3013 4451 charissimi,
3043 4392 3244 4455 quanta
3299 4391 3418 4439 erat
3461 4390 3595 4437 tunc
3645 4381 3845 4453 gratia,

2246 4484 2449 4548 quanta
2491 4475 2701 4543 laetitia,
2732 4490 2895 4547 quam
2926 4475 3083 4532 beata
3111 4483 3377 4546 tempora,
3410 4489 3536 4530 cum
3565 4486 3665 4528 eos
3692 4473 3849 4528 vide-

552 4564 830 4619 munimen
861 4564 1155 4635 praestabat
1183 4577 1247 4617 ac
1269 4562 1434 4619 decus
1465 4564 1626 4621 totius
1651 4565 1971 4623 honestatis.
2009 4564 2142 4625 Por-
2166 4578 2221 4642 ι)
2247 4585 2363 4625 rem
2396 4575 2543 4625 tanta
2569 4577 2626 4626 et
2655 4569 2787 4626 talia
2818 4567 3179 4625 meditantes?
3206 4567 3405 4624 Fateor
3426 4568 3555 4639 quia
3585 4581 3696 4622 non
3723 4580 3852 4637 pos-

552 4670 636 4722 ro,
669 4642 728 4711 ut
760 4655 892 4722 dixi,
915 4653 1029 4725 jam
1072 4664 1200 4710 tunc
1241 4670 1365 4711 cum
1392 4653 1557 4711 Patre
1592 4672 1780 4713 curant
1824 4662 2141 4719 monasterii

556 4764 771 4821 gerens,
803 4736 957 4822 quasi
988 4750 1193 4805 arbiter
1221 4749 1272 4803 in
1302 4750 1528 4808 consilio
1556 4762 1698 4819 erat,
1730 4764 1891 4824 atque
1918 4756 2140 4811 ordina-

556 4852 644 4899 tor
689 4856 900 4907 rerum,
950 4856 1136 4899 curant
1195 4842 1400 4899 habens
1444 4844 1512 4899 de
1563 4846 1834 4903 omnibus.
1886 4846 2142 4905 Provisor

554 4950 767 5007 quoque
806 4935 1067 4991 sollicitus
1109 4936 1430 5002 animarum,
1460 4952 1527 4993 ne
1567 4938 1880 5011 displiceret
1918 4952 2138 4999 sanctus

552 5020 719 5085 senex
764 5036 947 5084 uoster
991 5028 1044 5082 in
1091 5026 1272 5099 aliquo
1309 5026 1440 5095 Deo,
1473 5030 1659 5100 sicque
1701 5040 1759 5087 ut
1806 5033 2044 5102 placeret
2083 5036 2139 5092 in

547 5122 803 5196 omnibus
850 5122 1151 5178 laborabat.
1196 5121 1462 5193 Depulsor
1506 5122 1651 5179 enim
1703 5127 1953 5183 mmroris
1999 5139 2139 5197 erat,

552 5227 611 5273 et
649 5214 871 5273 baculus
925 5214 1222 5272 senectutis
1267 5215 1593 5271 sanctissimi
1636 5217 1803 5285 senis,
1834 5234 2044 5277 necnon
2086 5232 2143 5279 et

548 5304 794 5391 omnium
826 5319 1134 5366 nostrorum
1164 5309 1577 5365 incitamentum
1612 5312 1869 5368 virtutum
1902 5331 1916 5369 :
1949 5315 2003 5370 in
2032 5332 2141 5388 quo

541 5400 654 5474 sibi
685 5408 908 5456 sanctus
933 5415 1097 5455 senex
1133 5414 1233 5470 pro
1264 5400 1442 5455 virore
1470 5402 1658 5473 gratiae
1679 5404 1943 5474 gaudebat
1967 5406 2138 5477 pluri-

540 5482 699 5545 'inum
729 5499 785 5546 et
812 5489 1309 5561 cengratulabatur,
1334 5506 1492 5561 quem
1527 5492 1640 5565 ipse
1680 5496 1793 5551 suis
1832 5500 2035 5555 sanctis
2072 5501 2139 5556 il-

546 5570 821 5638 lustrabat
870 5581 1090 5637 monitis
1136 5590 1191 5638 et
1216 5582 1506 5641 virtutibus
1553 5604 1564 5639 :
1609 5587 1685 5642 ita
1734 5596 1792 5645 ut
1846 5591 1972 5649 hinc
2016 5593 2141 5652 inde

623 5708 647 5734 ιι
688 5695 1056 5750 Adalltardum
1110 5694 1318 5751 scilicet

548 5766 909 5822 Corbeiensis.

2253 4677 2374 4718 sum
2403 4668 2670 4728 retexere,
2701 4668 2967 4734 quantum
2997 4662 3225 4717 virtutes
3253 4674 3440 4717 eorum
3473 4657 3592 4731 ipse
3630 4672 3850 4716 meeum

2254 4758 2453 4815 tacitus
2484 4755 2817 4824 admirabar,
2845 4763 3220 4827 quantumque
3258 4755 3391 4810 mihi
3424 4752 3852 4825 applaudeham,

2250 4849 2394 4924 quod
2422 4849 2558 4906 tales
2588 4849 2721 4906 mihi
2751 4847 3013 4905 Dominus
3048 4848 3260 4905 dederit
3296 4855 3577 4919 patronos,
3608 4859 3857 4917 quorum

2252 4943 2306 4998 in
2333 4942 2629 5007 consortio,
2656 4940 2758 4998 etsi
2802 4940 3077 5013 indignus,
3107 4940 3303 4996 tertius
3326 4952 3501 4994 eram.
3531 4936 3651 4992 Non
3687 4936 3861 4992 meri-

2251 5034 2322 5089 tis
2350 5033 2593 5104 quidem,
2625 5048 2733 5089 non
2755 5030 2948 5105 gratia,
2987 5044 3095 5087 non
3122 5028 3284 5086 uilius
3307 5028 3591 5101 dignitatis
3613 5026 3858 5094 honore,

2247 5131 2345 5187 sed
2380 5144 2571 5185 eorum
2609 5127 2942 5200 dignatione,
2972 5130 3182 5182 tantum
3219 5140 3338 5180 VlSll
3372 5132 3428 5180 et
3452 5122 3643 5178 auditu
3679 5123 3863 5178 inter-

2247 5236 2396 5277 eram
2424 5234 2524 5291 pro
2548 5233 2815 5285 numero;
2847 5228 3030 5275 tamen
3055 5219 3135 5274 eis
3161 5215 3358 5288 pudice
3375 5215 3510 5271 satis
3529 5214 3864 5283 adhes-ens,

2246 5314 2611 5387 simplicitatis
2658 5324 2715 5371 et
2760 5312 3087 5369 innocentia:
3125 5310 3317 5367 saltem
3361 5307 3665 5365 efﬁcaciam
3714 5310 3867 5366 mihi

2244 5420 2352 5461 non
2399 5404 2772 5476 desperabam.
2814 5401 3059 5472 Quorum
3099 5414 3223 5458 cunt
3262 5398 3611 5473 prudentiam
3654 5414 3869 5457 cerne

2243 5515 2380 5568 rem,
2415 5496 2814 5574 simplicitatem
2860 5499 3127 5556 columbae
3182 5498 3239 5553 in
3261 5496 3343 5552 eis
3374 5494 3533 5549 valde
3563 5492 3865 5559 mirabar;

2241 5604 2297 5650 et
2343 5595 2389 5649 si
2430 5595 2498 5649 ad
2532 5588 2940 5663 simplicitatem
2984 5590 3335 5663 respicerent,
3364 5583 3681 5641 admirandi
3721 5599 3869 5647 pm-

1363 5697 1666 5767 juniorem,
1713 5706 1805 5772 qui
1842 5709 2138 5767 Adalltardi
2179 5707 2412 5769 senioris
2485 5707 2788 5766 exsulantis
2846 5707 2996 5766 vices
3049 5705 3162 5779 egit
3198 5706 3256 5764 in
3297 5699 3569 5774 regimine
3600 5699 3867 5757 cmnobii
