4122 6324
347 245 491 307 1589

1022 247 1111 302 ns
1152 243 1312 304 vm
1351 240 1610 314 mus,
1657 241 1788 302 seu
1832 241 2257 301 EPITAI‘HIUM
2290 241 2588 303 ARSENII.
2631 222 2724 288 -’
2739 242 2866 301 LIB.
2905 247 2946 300 l.

3489 246 3628 307 1890

347 363 548 422 dentis:
580 361 646 436 [f.
676 360 1041 434 prudentiam]
1089 362 1314 434 spiritus
1355 363 1408 417 in
1462 377 1547 418 me
1579 374 1716 433 pene
1758 359 1936 414 nullus
1964 365 2018 426 Α
2042 361 2156 432 ipse
2185 362 2300 417 haec
2343 370 2525 417 mente
2576 363 2918 432 conciperet;
2955 362 3169 428 deinde,
3197 370 3258 418 ut
3293 375 3383 418 res
3405 358 3626 433 claruit,

345 463 484 514 erat.
521 452 694 522 Quam
725 465 942 525 semper
985 452 1391 525 simplicitatem
1439 453 1593 509 miris
1631 450 1931 524 iungebant

343 546 665 612 virtutibus;
711 553 767 601 et
822 559 942 616 quae
989 544 1239 602 dicebant
1272 545 1450 602 verbis
1476 544 1772 616 prudenter
1796 555 1936 598 coae-

343 637 587 712 quabant
631 636 922 709 exemplis;
973 645 1027 694 et
1074 653 1137 694 ea
1182 653 1303 709 qua:
1347 637 1506 693 ambo
1548 637 1638 693 vix
1683 645 1934 708 poterant

343 730 520 802 prius,
562 737 690 784 tunc
721 743 861 783 unus
889 743 1076 784 eorum
1105 728 1410 800 complebat
1440 728 1585 784 solus
1612 743 1627 793 ;
1661 737 1716 783 et
1747 726 1793 783 si
1831 726 1931 781 ali-

343 821 560 893 quando
603 820 742 876 alter
787 821 982 893 agebat
1033 820 1234 891 aliquid
1279 820 1396 876 sine
1446 819 1636 886 altero,
1668 817 1780 891 jam
1833 832 1934 890 pro

342 914 738 970 consuetudine
782 913 945 971 simul
995 913 1187 986 agendi
1236 913 1388 984 quasi
1438 927 1693 970 cerneres
1721 913 1929 970 ambos.

343 1007 446 1076 Qui
481 1006 610 1063 licet
649 1007 921 1062 interdum
969 1021 1110 1064 unus
1154 1006 1414 1064 intectum
1445 1005 1592 1062 latus
1629 1005 1932 1073 exhiberet,

340 1099 569 1155 alterius
600 1107 780 1153 tamen
805 1097 1060 1155 allectum
1090 1099 1143 1153 in
1173 1099 1415 1155 moribus
1445 1109 1500 1154 et
1520 1099 1575 1155 in
1597 1097 1772 1155 ollicio
1796 1113 1934 1170 prae-

340 1189 690 1246 monstrabat
719 1206 732 1243 :
760 1188 834 1243 ita
872 1197 932 1242 ut
977 1188 1257 1244 mirareris
1288 1189 1340 1244 in
1371 1189 1450 1245 eis
1477 1204 1636 1244 unam
1669 1189 1932 1245 sollicitu-

341 1279 522 1335 dinem
553 1278 776 1344 mentis,
804 1293 968 1333 unam
999 1289 1242 1335 sanctam
1275 1289 1328 1336 et
1358 1278 1783 1352 irrel'ragabilem
1811 1295 1935 1352 gra-

340 1369 506 1435 tiam;
551 1368 655 1425 etsi
705 1384 812 1424 non
857 1371 1120 1440 corporis,
1171 1385 1338 1426 unum
1395 1373 1641 1445 vigorem
1707 1373 1928 1439 mentis,

338 1479 617 1535 unumque
652 1462 989 1537 propositum
1027 1471 1083 1520 et
1130 1481 1291 1520 unam
1341 1467 1660 1522 modestiam
1701 1452 1933 1522 medita-

340 1559 525 1616 tionis.
557 1557 660 1627 Qui
690 1573 811 1613 cum
864 1557 1034 1614 lineas
1075 1574 1238 1614 manu
1279 1560 1563 1616 tenderent
1597 1559 1666 1615 ad
1693 1564 1936 1630 opus,'et

338 1653 604 1709 arundine
654 1652 941 1720 metirent,
993 1667 1058 1708 ac
1100 1653 1448 1724 disponerent
1493 1662 1725 1725 utraque
1777 1652 1930 1722 loca,

2033 454 2089 511 in
2122 453 2225 511 hoc
2251 454 2374 526 plus
2399 453 2550 521 fecit,
2580 455 2708 526 quia
2745 470 2858 527 pra:
2903 457 3158 512 omnibus
3182 456 3302 528 plus
3330 455 3534 526 voluit;
3568 466 3627 516 et

2032 564 2128 606 sua
2175 549 2510 619 permaxime
2553 549 2705 620 prior
2748 549 3002 606 voluntas
3035 549 3278 606 omnium
3319 550 3627 608 voluntates

2034 643 2088 698 in
2119 643 2224 699 hoc
2260 643 2478 713 negotio
2507 644 2720 714 genuit,
2762 643 3051 708 excitavit,
3098 644 3321 715 suisque
3371 645 3628 716 precibus

2034 741 2196 805 atque
2245 733 2478 790 assiduis
2526 733 2967 806 persuasionibus
3025 747 3132 789 una
3200 750 3324 790 cum
3371 735 3628 805 prudenti

2034 823 2260 881 consilio
2289 825 2569 880 enutrivit.
2598 824 2676 880 Ac
2703 839 2800 896 per
2825 825 2947 890 hoc,
2980 823 3107 881 licet
3150 825 3202 880 in
3245 825 3484 882 Antonio
3513 825 3630 882 fue-

2033 917 2106 974 rit
2133 923 2392 989 potestas,
2419 923 2471 972 et
2499 915 2696 972 eximia
2731 915 2995 987 sapientia
3021 916 3340 987 peragendi,
3365 925 3422 972 et
3453 917 3630 973 virtus

2034 1023 2229 1082 magna
2258 1006 2608 1077 perﬁciendi;
2657 1007 2714 1062 in
2745 1006 2851 1062 isto
2889 1015 3072 1061 tamen
3115 1006 3513 1076 quodammodo
3551 1008 3630 1062 vi-

2034 1101 2195 1158 detur
2221 1098 2567 1156 excellentior
2586 1099 2792 1171 gratia,
2816 1098 3067 1170 quamvis
3090 1100 3399 1154 communis
3425 1099 3625 1167 fuerit;

2035 1193 2160 1264 quia
2198 1191 2460 1264 quidquid
2506 1192 2597 1248 ille
2644 1193 2774 1264 egit,
2813 1201 2906 1248 aut
2949 1192 3150 1260 voluit;
3185 1199 3362 1248 totum
3401 1192 3470 1247 ab
3521 1193 3629 1250 isto

2033 1301 2290 1344 exorsum
2340 1294 2427 1342 est
2467 1299 2574 1340 una
2622 1299 2746 1340 cum
2777 1285 2870 1341 Dei
2908 1283 3082 1352 gratia
3111 1292 3169 1342 et
3207 1283 3526 1340 enutritum.
3559 1282 3630 1339 Et

2035 1394 2143 1435 non
2185 1379 2358 1434 solum
2396 1377 2539 1448 quod
2586 1376 2678 1432 ille
2723 1377 2893 1433 voluit
2948 1385 3005 1432 et
3045 1376 3194 1443 fecit,
3226 1391 3415 1433 verum
3458 1377 3625 1432 etiam

2033 1471 2296 1543 quidquid
2333 1470 2425 1526 alii
2463 1469 2574 1526 suis
2594 1469 2965 1540 praestiterunt
2993 1467 3284 1542 sulfragiis,
3311 1478 3370 1524 ut
3392 1478 3522 1540 puta
3553 1469 3628 1526 si-

2037 1571 2122 1618 tus
2161 1562 2266 1618 loci
2308 1561 2714 1618 amcenissimus
2748 1570 2804 1618 et
2852 1561 3093 1633 locuples
3118 1561 3278 1617 valde
3312 1576 3378 1616 ac
3409 1560 3623 1626 fertilis,

2036 1667 2144 1723 quo
2197 1648 2504 1709 dedicatum
2562 1662 2900 1710 monstratur
2942 1653 3284 1721 emnobium,
3334 1664 3391 1710 et
3443 1653 3626 1708 omnia

337 1747 536 1819 quibus
564 1745 616 1801 in
652 1744 786 1802 locis
813 1743 1022 1816 singula
1057 1744 1280 1810 fierent;
1315 1746 1601 1802 videbatur
1627 1744 1770 1817 quod
1803 1745 1932 1802 aedi-
1961 1744 2011 1807 B
2035 1760 2265 1817 qumque
2307 1754 2465 1812 sunt,
2507 1748 2704 1817 quibus
2756 1749 2808 1824 in
2860 1759 2994 1820 gyro
3032 1748 3266 1804 vallatur
3318 1747 3407 1802 ille
3450 1746 3623 1803 locus.

337 1839 522 1896 licium
554 1839 810 1895 metirent
837 1845 1146 1905 structurae,
1163 1839 1318 1910 juxta
1337 1832 1678 1897 Ezechielem
1701 1839 1814 1912 (XL,
1846 1838 1927 1911 Ξ),

336 1934 612 2006 vergentis
661 1933 727 1987 ad
775 1941 1042 1998 austrum,
1072 1939 1131 1987 ut
1156 1931 1504 1989 fundamenta
1547 1942 1602 1989 et
1629 1933 1842 1990 culmen
1874 1932 1928 1988 in

335 2024 476 2082 coelo
495 2025 756 2079 locarent.
785 2023 885 2092 Qui
925 2039 1048 2079 cum
1089 2024 1402 2081 attollerent
1441 2025 1646 2098 pariter
1679 2041 1924 2098 gressus,

338 2114 467 2172 illuc
494 2107 700 2172 vultum
747 2117 1042 2189 oculosque
1087 2117 1358 2186 levabant,
1415 2125 1476 2174 ut
1517 2121 1781 2191 probares
1825 2119 1930 2175 illis

334 2210 675 2266 committere
700 2210 810 2267 Deo
839 2211 894 2267 in
917 2211 1092 2280 ccelis,
1117 2213 1477 2284 quodcunque
1517 2211 1632 2269 lieri
1676 2214 1928 2284 dispone-

338 2301 473 2355 bant
520 2299 573 2356 in
605 2301 798 2368 terris;
832 2310 888 2357 et
916 2301 1042 2358 illuc
1081 2301 1263 2358 locare
1291 2300 1542 2358 katabula
1573 2303 1928 2369 fundamenti,

337 2407 446 2464 quo
470 2391 558 2448 vix
584 2391 816 2448 aliorum
844 2392 1079 2448 culmina
1111 2401 1357 2464 surgunt.

965 2499 1302 2542 ADEODATUS.

409 2571 482 2631 Ut
503 2573 684 2643 video,
709 2588 861 2631 more
886 2573 1110 2631 Thomas
1133 2575 1385 2646 apostoli,
1416 2575 1502 2631 isti
1536 2573 1775 2632 locorum
1803 2575 1927 2632 fun-

336 2669 592 2726 damenta
641 2675 695 2725 et
744 2667 1025 2724 domorum
1082 2676 1411 2724 structuram
1466 2667 1769 2738 ponebant,
1808 2683 1928 2739 quae

336 2777 612 2834 nunquam
639 2769 1004 2818 veteresceret
1029 2777 1044 2827 ;
1070 2759 1414 2817 aedificabant
1440 2757 1701 2826 ol'llcinas,
1726 2767 1782 2814 et
1809 2759 1925 2814 cul-

336 2854 483 2910 mina
511 2854 812 2927 erigebant,
845 2868 966 2924 quae
997 2867 1276 2924 nunquam
1305 2861 1643 2907 corruerent.
1671 2851 1925 2922 Alioquin

333 2963 443 3004 non
478 2947 659 3010 credo,
685 2945 830 3017 quod
875 2945 928 3000 in
975 2954 1084 3001 tam
1132 2944 1423 3016 longinqua
1453 2944 1672 3016 regione
1700 2945 1816 3000 haec
1847 2941 1924 2999 illi

336 3047 629 3106 tentarent,
656 3038 778 3103 nisi,
811 3038 938 3110 quia
965 3052 1101 3093 nova
1123 3037 1212 3092 lux
1241 3034 1442 3092 Christi
1474 3036 1526 3091 in
1555 3037 1741 3092 eadem
1767 3043 1926 3108 gente

2033 1839 2201 1912 Igitur
2227 1853 2388 1895 nemo
2417 1848 2666 1897 nostrum
2694 1841 2932 1914 ignorat,
2955 1841 3110 1911 cujus
3135 1853 3162 1882 ι
3203 1839 3367 1894 fuerit
3389 1837 3624 1894 haeredi-

2035 1939 2140 1996 tas,
2164 1918 2326 2001 quam
2348 1929 2479 1985 nulli
2497 1929 2652 1986 alteri
2674 1932 2896 1987 omnino
2919 1930 3172 1987 cessisset
3195 1931 3248 1986 in
3272 1931 3406 1996 vita,
3430 1931 3621 1996 etiam,

2033 2030 2092 2077 ut
2145 2022 2219 2078 ita
2255 2021 2450 2087 fatear,
2491 2034 2593 2077 nec
2639 2023 2783 2093 regi;
2823 2021 2929 2077 nisi
2969 2021 3168 2077 divinis
3203 2021 3271 2075 ab
3301 2021 3406 2076 isto
3433 2019 3628 2076 fuisset

2033 2113 2342 2184 compulsus
2396 2112 2875 2182 persuasionibus,
2929 2111 3018 2168 cui
3065 2111 3200 2168 nihil
3249 2112 3626 2168 contradicere

2032 2210 2277 2274 poterat;
2331 2204 2457 2273 quia
2509 2204 2576 2258 ab
2634 2203 2854 2260 ineunte
2907 2211 3066 2258 aetate
3109 2203 3227 2274 ejus
3269 2203 3627 2260 charissimus

2031 2303 2195 2364 atque
2244 2293 2698 2349 familiarissimus
2754 2293 2931 2350 fuerat
2981 2308 3094 2364 prae
3142 2293 3414 2350 omnibus.
3458 2293 3625 2364 Cujus

2033 2386 2092 2460 [ι.
2121 2385 2304 2459 hujus]
2340 2387 2524 2456 itaque
2575 2386 2830 2457 precibus
2853 2394 2909 2440 et
2947 2384 3177 2442 consilio
3216 2386 3494 2456 appulsus,
3523 2399 3624 2455 pro

2030 2477 2146 2548 ejus
2167 2478 2390 2532 hortatu
2420 2476 2655 2532 libenter
2683 2476 2907 2532 tradidit
2947 2475 3060 2532 Deo
3099 2476 3362 2547 quidquid
3394 2476 3447 2530 in
3478 2485 3622 2530 terra

2030 2569 2250 2624 charius
2279 2569 2612 2640 possidebat.
2648 2568 2803 2625 Unde
2843 2566 2966 2638 jure
3002 2568 3079 2624 illi
3110 2569 3225 2624 haec
3257 2568 3430 2639 gratia
3462 2568 3624 2638 depu-

2030 2670 2194 2727 tatur,
2227 2661 2319 2732 qui
2361 2670 2417 2716 et
2467 2661 2642 2717 locum
2686 2660 2846 2717 talem
2889 2675 2920 2715 a
2962 2660 3192 2716 Domino
3229 2661 3461 2716 electum
3489 2659 3619 2716 olim

2032 2752 2159 2808 huic
2189 2752 2338 2824 operi
2385 2761 2569 2823 aptum
2613 2752 2775 2823 elegit
2813 2759 2870 2807 et
2906 2751 3202 2821 impetrare
3240 2750 3454 2822 potuit;
3487 2749 3616 2819 quia

2029 2843 2214 2900 nescio
2242 2844 2287 2898 si
2319 2841 2458 2898 ullus
2488 2841 2631 2898 alter
2655 2840 2962 2898 mortalium
2992 2841 3280 2912 potuisset.
3314 2840 3448 2898 Erat
3472 2840 3620 2897 enim

2029 2937 2084 2991 in
2145 2936 2336 2991 eadem
2385 2943 2548 3007 gente
2603 2935 2748 2991 idem
2792 2937 2950 2990 valde
3002 2934 3256 3000 dilectus,
3291 2943 3348 2990 et
3389 2934 3618 2990 nimium

2030 3026 2446 3084 famosissimus.
2485 3027 2638 3097 Quod
2683 3027 2900 3094 claruit,
2930 3042 3056 3083 cum
3099 3026 3168 3081 ad
3203 3026 3474 3098 quoddam
3507 3026 3622 3096 pla-

336 3147 510 3206 nuper
551 3129 842 3189 refulserat
876 3145 974 3202 per
1011 3129 1272 3202 Spiritum
1307 3139 1584 3196 sanctum,
1626 3129 1799 3184 visum
1840 3115 1995 3185 estC
2027 3122 2194 3179 citum
2235 3135 2340 3177 non
2391 3120 2622 3176 multum
2651 3120 2811 3190 longe
2855 3120 2923 3174 ab
2967 3119 3159 3175 eodem
3209 3117 3330 3174 loco
3352 3116 3622 3174 Antonius

333 3225 436 3294 eis,
465 3233 524 3281 ut
552 3225 792 3282 coelestia
839 3226 982 3281 inter
1025 3238 1118 3280 eos
1156 3223 1386 3279 aediﬁcia
1430 3221 1838 3280 constabilirent
1868 3221 1920 3276 in

333 3317 518 3384 terris,
535 3325 803 3389 quatenus
827 3325 883 3372 et
910 3316 1010 3386 ipsi
1033 3324 1254 3387 possent
1280 3316 1463 3372 dicere
1490 3313 1542 3370 in
1577 3314 1769 3384 spiritu
1795 3328 1918 3369 cum

331 3408 578 3479 Joanne:
607 3405 853 3464 Vidimus
882 3407 1217 3463 Hierusalem
1267 3406 1497 3462 feliciter
1535 3406 1736 3461 nostris
1763 3405 1817 3460 in
1848 3405 1923 3459 lo-

332 3501 413 3558 cis
448 3515 643 3556 novam
680 3498 1096 3555 descendentem
1137 3500 1203 3553 de
1236 3498 1410 3563 cmlis,
1439 3498 1494 3552 in
1525 3505 1757 3566 utroque
1793 3509 1922 3552 sexu

332 3601 583 3663 ornatam
616 3591 908 3648 monilibus
955 3589 1086 3646 suis.
1121 3588 1212 3645 Sic
1261 3602 1496 3658 namque
1539 3588 1608 3643 ab
1655 3588 1923 3643 universis

335 3687 402 3743 de
443 3682 647 3742 eisdem
688 3683 823 3740 locis
863 3680 1207 3754 prmdicatur,
1239 3687 1298 3734 ut
1333 3675 1534 3734 nemini
1575 3678 1819 3735 cunctari
1860 3678 1924 3732 li-

333 3787 477 3847 ceat,
507 3778 649 3851 quod
683 3779 736 3834 in
765 3778 954 3860 eadem
997 3783 1156 3848 gente
1203 3773 1318 3830 hac
1365 3772 1546 3829 divina
1585 3773 1695 3830 sint
1743 3775 1923 3828 castra

333 3887 459 3928 cum
481 3871 593 3928 suis
620 3869 863 3944 gemellis
891 3867 1091 3925 fetibus
1117 3865 1347 3922 Domino
1371 3864 1632 3921 dedicata.

929 4002 1160 4062 CAPUT
1200 4001 1341 4059 XVI.

1017 4109 1270 4152 SEVERUS.

403 4208 663 4278 Quamvis
695 4207 813 4265 hinc
836 4206 1021 4264 omnia
1056 4207 1132 4263 ita
1160 4205 1293 4272 sint,
1328 4213 1390 4262 ut
1425 4203 1691 4270 asseritis,
1729 4201 1923 4259 vellem

332 4310 514 4359 tamen
543 4303 687 4359 scire
739 4301 872 4374 quid
903 4300 1166 4358 Arsenius
1199 4307 1391 4357 noster
1415 4313 1483 4355 eo
1514 4299 1571 4354 in
1609 4296 1754 4354 facto
1807 4296 1928 4367 plus

333 4397 545 4466 iecerit,
572 4410 738 4468 quam
777 4410 920 4451 unus
946 4401 1158 4459 eorum,
1189 4393 1283 4464 qui
1311 4397 1696 4463 cooperatores
1722 4387 1925 4445 fuimus

332 4497 520 4552 saneto
540 4489 684 4556 seni,
708 4486 1014 4559 praesertim
1040 4491 1168 4542 eum
1193 4493 1324 4540 tunc
1347 4485 1608 4554 temporis
1635 4481 1779 4537 nulla
1804 4489 1922 4538 erat
1949 4482 2003 4545 ι)

331 4585 382 4641 ei
411 4590 672 4654 potestas,
705 4579 963 4650 nullaque
992 4577 1224 4634 facultas
1250 4576 1485 4647 amplius
1523 4575 1716 4645 agendi
1755 4590 1919 4644 quam

333 4676 542 4732 caeteris
590 4674 704 4731 suis
759 4668 1236 4730 commilitonibus.
1285 4667 1580 4739 Propterea
1619 4664 1920 4757 cavendum

331 4781 402 4823 ne
446 4764 651 4837 aliquid
679 4763 731 4820 ei
754 4761 876 4836 plus
905 4759 1210 4817 tribuamus
1247 4771 1412 4829 quam
1448 4762 1685 4827 oportet,
1716 4762 1772 4810 et
1800 4754 1917 4825 ipsa

331 4860 537 4917 veritas
561 4873 621 4915 se
649 4858 834 4914 habet.
861 4854 1138 4911 Fortassis
1171 4863 1322 4924 ergo,
1345 4859 1404 4906 ut
1437 4847 1776 4919 praamissum
1812 4854 1916 4912 est,

333 4953 391 5009 in
415 4965 482 5008 eo
509 4947 768 5006 divinitus
799 4946 1035 5018 aspirata
1061 4951 1147 4999 est
1175 4941 1299 4998 talis
1335 4947 1593 5010 tantaque
1628 4937 1910 5002 voluntas;

334 5043 592 5114 deinceps
626 5055 759 5096 vero
800 5051 1090 5096 commune
1137 5033 1328 5092 habuit
1354 5031 1492 5088 velle
1541 5046 1665 5088 cum
1711 5029 1920 5085 ueteris

333 5137 598 5195 fratribus
636 5134 781 5202 suis;
813 5124 1100 5189 commune
1127 5141 1307 5201 posse,
1337 5125 1423 5183 vel
1452 5140 1560 5180 non
1589 5139 1777 5196 posse;
1818 5121 1918 5178 ali-

333 5228 466 5302 quid
488 5239 780 5300 eommuue
803 5237 984 5296 agere,
1009 5228 1064 5276 et
1091 5219 1314 5277 obedire
1338 5217 1395 5274 in
1426 5215 1668 5288 singulis.

966 5351 1129 5394 PASCII
1136 5349 1305 5393 A8108.

404 5437 647 5495 Primum
678 5434 1116 5508 .prazrogativam
1173 5429 1521 5493 meritorum,
1581 5433 1639 5481 ut
1686 5425 1920 5490 asseris,

332 5527 478 5587 hanc
503 5528 694 5585 habuit
719 5528 774 5584 in
802 5526 907 5584 hoc
937 5537 1103 5597 opere
1126 5522 1380 5594 gratiam,
1409 5529 1470 5576 ut
1498 5519 1647 5591 prior
1671 5517 1923 5574 omnibus

407 5659 432 5689 ι
470 5644 747 5703 Gerardus
793 5643 848 5700 in
889 5640 1014 5699 Vita
1057 5642 1232 5700 sancti
1267 5637 1562 5697 Adalbardi
1601 5635 1814 5702 scribit,
1842 5635 1923 5692 lo-

332 5719 461 5777 cum
483 5717 635 5776 illum
665 5729 983 5774 concessum
1011 5713 1180 5773 luisse
1205 5728 1236 5768 a
1263 5709 1584 5786 parentibus
1610 5707 1919 5766 Tbeodradi

2026 3215 2286 3278 venisset,
2308 3211 2398 3266 ubi
2429 3211 2721 3268 multitudo
2751 3225 2942 3266 eorum
2971 3217 3194 3282 propter
3219 3224 3313 3264 eos
3337 3207 3616 3265 conﬂuxe-

2028 3316 2132 3359 rat.
2171 3303 2215 3357 A
2251 3302 2450 3372 quibus
2491 3316 2612 3358 cum
2660 3302 2894 3373 suscepti
2933 3315 3178 3358 essemus
3212 3298 3620 3365 venerabiliter,

2026 3400 2308 3465 coeperunt
2345 3406 2539 3449 omnes
2575 3401 2698 3464 post
2735 3391 3027 3448 Arseuium
3056 3400 3302 3447 nostrum
3330 3387 3512 3446 vultus
3537 3389 3620 3445 in-

2028 3481 2269 3550 tendere,
2293 3495 2527 3552 eumque
2566 3497 2666 3554 pro
2713 3482 2882 3538 nimio
2932 3489 3122 3538 amore
3159 3488 3216 3536 ct
3258 3479 3620 3536 admiratione

2025 3573 2268 3642 pressius
2316 3573 2758 3635 circumvallare;
2792 3573 2866 3628 ita
2905 3582 2964 3627 ut
3003 3585 3117 3642 prae
3148 3570 3344 3642 gaudio
3373 3579 3432 3627 et
3473 3569 3622 3627 desi-

2025 3668 2179 3724 derio
2212 3669 2546 3725 abducerent
2575 3668 2724 3724 illum
2763 3684 2795 3723 a
2830 3667 2987 3724 nobis
3016 3686 3028 3722 :
3061 3664 3402 3737 quia-nullus
3429 3679 3620 3722 eorum

2025 3760 2345 3826 Antonium,
2375 3760 2530 3832 cujus
2574 3768 2693 3815 erat
2737 3767 3008 3830 potestas,-
3057 3757 3414 3829 respiciebat,
3455 3770 3616 3828 quem

2027 3867 2218 3908 omnes
2258 3851 2618 3909 l‘ulciebamus
2656 3851 2785 3909 hinc
2823 3853 2970 3918 inde,
2997 3859 3053 3908 et
3083 3851 3481 3909 venerabamur
3517 3864 3620 3921 pro

2027 3945 2234 4002 viribus
2272 3945 2564 4016 constipati
2614 3953 2672 3999 ut
2717 3945 3042 4000 dominum:
3079 3943 3174 4000 sed
3220 3955 3379 3998 nemo
3426 3955 3616 3998 eorum

2026 4053 2146 4104 nos,
2171 4052 2274 4094 nec
2303 4037 2474 4103 illum,
2497 4037 2721 4108 quinam
2753 4045 2916 4102 esset,
2945 4035 3340 4092 considerabat.
3366 4033 3503 4090 Tum
3527 4032 3618 4090 ille

2027 4129 2245 4202 gavisus
2282 4145 2382 4201 pro
2435 4143 2532 4184 sua
2561 4127 2884 4195 humilitate,
2919 4131 3045 4198 quia
3082 4142 3179 4184 nos
3210 4141 3400 4184 omnes
3426 4125 3616 4182 exclu-

2027 4229 2233 4290 serant,
2262 4231 2320 4278 et
2344 4215 2623 4278 exsultans
2649 4236 2748 4292 pro
2775 4219 2964 4278 fratris
2993 4220 3356 4293 susceptione,
3391 4231 3619 4275 convero

2027 4331 2120 4371 sus
2143 4315 2210 4371 ad
2235 4330 2324 4372 me
2365 4314 2652 4371 subridens
2691 4313 2767 4369 ait
2798 4331 2812 4368 :
2841 4313 2984 4370 Bene
3017 4327 3306 4383 possumus
3335 4325 3437 4367 nos
3465 4310 3614 4372 hinc,

2027 4405 2219 4474 frater,
2245 4408 2416 4474 abire,
2445 4407 2568 4476 quia
2601 4420 2760 4461 nemo
2806 4413 3052 4460 nostrum
3081 4404 3148 4477 [f.
3169 4403 3291 4477 nos]
3317 4404 3406 4460 hic
3438 4411 3614 4465 curat,

2028 4515 2203 4570 neque
2229 4497 2430 4568 aliquid
2459 4512 2579 4553 esse
2607 4497 2858 4554 attendit.
2889 4495 3089 4566 Sicque
3122 4496 3358 4566 acceptis
3383 4496 3614 4561 duobus,

2027 4593 2147 4647 aliis
2176 4591 2380 4647 relictis
2405 4590 2681 4656 omnibus,
2705 4604 2772 4645 ac
2793 4589 2840 4646 si
2871 4589 2994 4655 soli,
3018 4589 3316 4662 gaudentes
3343 4596 3402 4644 et
3420 4588 3618 4659 jucun-

2027 4687 2218 4742 dantes
2254 4684 2488 4756 regressi
2533 4699 2722 4740 sumus
2756 4684 2826 4740 ad
2853 4684 2968 4755 jam
2999 4685 3384 4757 praesignatum
3413 4681 3615 4740 locum.

2028 4779 2152 4834 Haec
2206 4777 2408 4834 idcirco
2459 4777 2721 4846 dixerim,
2769 4784 2831 4833 ut
2875 4776 3014 4833 sciat
3074 4776 3327 4833 nobilitas
3383 4773 3617 4831 filiorum

2026 4872 2213 4942 quales
2238 4870 2530 4928 habuerint
2552 4869 2871 4927 fundatorea
2897 4886 2911 4924 :
2943 4870 3069 4940 quia
3109 4876 3164 4924 et
3203 4866 3427 4923 humilia
3459 4866 3525 4922 de
3558 4879 3618 4921 se

2031 4963 2338 5020 sentiebant
2383 4961 2438 5018 in
2489 4962 2770 5028 omnibus,
2804 4970 2862 5018 et
2906 4960 3085 5024 nullis,
3117 4968 3176 5013 ut
3218 4958 3307 5012 alii
3355 4956 3614 5022 assolent,

2029 5053 2387 5109 movebantur
2431 5051 2618 5108 mundi
2662 5051 2958 5108 favoribus.
2991 5049 3060 5105 Et
3085 5048 3206 5105 ideo
3236 5063 3337 5104 nec
3385 5046 3473 5103 ille
3510 5061 3615 5118 pu-

2029 5148 2162 5204 dore
2186 5145 2444 5204 confusus
2469 5153 2573 5212 est,
2597 5160 2698 5202 nec
2725 5145 2826 5202 iste
2854 5144 3060 5201 honore
3083 5142 3322 5200 insolens
3347 5138 3572 5195 effectus
3598 5152 3616 5192 :

2031 5241 2157 5311 quia
2199 5239 2356 5296 istius
2391 5238 2637 5308 acceptio
2667 5245 2722 5293 et
2757 5236 2903 5294 fama
2944 5237 3000 5293 in
3050 5235 3266 5307 populo,
3309 5233 3454 5290 illius
3497 5239 3620 5288 erat

2030 5331 2286 5405 gaudium
2339 5340 2394 5387 et
2445 5329 2771 5395 exsultatio;
2827 5343 2936 5386 non
2993 5335 3204 5384 tantum
3260 5326 3384 5396 quia
3430 5330 3620 5397 gratus

2027 5432 2168 5492 erat,
2191 5432 2249 5479 et
2269 5421 2552 5478 amabatur
2577 5423 2646 5476 ah
2675 5420 2947 5485 omnibus,
2988 5421 3084 5476 sed
3121 5418 3245 5488 quia
3275 5417 3468 5489 dignus
3498 5421 3619 5470 erat

2029 5532 2218 5574 amore
2263 5525 2426 5587 atque
2465 5513 2804 5586 acceptione,
2835 5523 2896 5569 ut
2936 5512 3076 5570 bene
3121 5511 3416 5568 secundum
3448 5507 3618 5564 Deum

2030 5629 2320 5758 Santonici,
2353 5627 2450 5701 qui
2493 5626 2738 5686 Corbeiae
2784 5628 2840 5684 in
2878 5625 3053 5684 Gallia
3101 5625 3402 5683 monachus
3438 5619 3617 5678 factus

2030 5718 2090 5758 es
