4122 6324
509 213 530 267 1
544 213 642 270 591

1317 211 1374 266 S.
1416 207 1772 266 PASCIIASII
1809 205 2158 266 RADBERTI
2190 208 2484 268 ABBA‘I‘IS
2521 209 2970 269 CORBEIENSIS

3651 217 3802 274 1592

501 335 918 402 prosperaretur
945 326 1000 382 in
1031 326 1261 383 cunctis.
1294 326 1443 382 Alias
1471 334 1651 381 autem
1695 325 1749 381 in
1789 324 2090 381 humilitate
2117 325 2169 386 Α
2196 323 2538 381 solummodo
2563 325 2616 380 in
2639 325 2744 382 hoc
2768 324 2914 382 facto
2935 340 2996 382 se
3042 325 3360 386 imitabilem
3411 329 3641 400 praebuit
3680 340 3796 386 tam

506 421 706 479 nescio
736 421 861 493 quis
907 429 1054 477 esset
1099 418 1402 485 sublimior,
1434 417 1778 496 nisipaliquis
1825 418 1881 474 in
1933 414 2093 472 factis

505 527 694 569 eorum
725 512 830 568 hoc
868 512 1098 568 voluerit
1140 510 1563 582 deprehendere.
1609 509 1742 566 Nam
1783 525 1905 566 cum
1951 517 2098 566 esset

504 613 735 676 uterque
763 603 1058 660 secundum
1087 603 1269 660 saeculi
1305 603 1620 675 dignitatem
1649 603 1899 667 eximius,
1929 601 2094 657 vicis-

507 695 609 750 sim
646 704 825 750 tamen
866 694 1219 750 decertabant
1264 701 1324 748 ut
1353 693 1687 749 inveniretur
1733 691 1961 763 quilibet
1997 705 2093 747 eo-

506 803 627 842 rum
661 786 932 865 humilior.
962 787 1088 843 Inde
1116 786 1280 857 igitur
1305 796 1388 842 est
1414 785 1557 857 quod
1584 784 1873 849 Antonius,
1901 798 2094 855 quam-

502 878 587 934 vis
613 886 765 948 pater
790 885 936 934 esset
961 887 1016 932 et
1051 876 1322 943 dominus,
1349 884 1553 932 tantam
1585 874 1949 931 reverentiam
1978 890 2097 930 mo-

504 969 657 1025 deste
683 968 818 1024 satis
847 969 1192 1040 impendebat
1217 968 1330 1024 ﬁlio
1366 978 1420 1024 et
1458 966 1614 1023 fratri
1645 967 1881 1039 juniori,
1911 969 2097 1038 'quan-

409 1135 413 1139 Ι
505 1067 616 1114 tam
658 1060 844 1115 nescio
887 1060 934 1115 si
974 1058 1116 1114 ullus
1163 1057 1474 1130 impendere
1514 1057 1645 1113 velit
1685 1066 1777 1112 aut
1806 1059 1977 1128 possit
2005 1074 2096 1115 co-

505 1152 718 1224 azquali.
759 1153 828 1207 At
864 1166 994 1208 vero
1045 1160 1266 1208 econtra
1318 1161 1577 1224 quantam
1616 1151 1720 1207 iste
1758 1151 2094 1223 diligentiam

504 1245 832 1310 adhibuerit,
864 1259 931 1301 ne
975 1244 1044 1300 ab
1074 1245 1184 1300 ullo
1224 1245 1614 1316 praeveniretur
1647 1245 1700 1299 in
1731 1245 2012 1317 obsequio,
2038 1246 2094 1301 in

495 1340 808 1395 reverentia
859 1337 1025 1395 debiti
1076 1339 1320 1402 honoris,
1352 1339 1406 1394 in
1444 1352 1573 1393 cura
1608 1347 1663 1394 et
1706 1337 2094 1404 sollicitudine,

503 1444 665 1504 atque
702 1435 755 1490 in
794 1434 941 1490 omni
989 1431 1252 1490 famulatu
1301 1432 1495 1488 debitae
1541 1431 1841 1498 servitutis,
1876 1431 1932 1486 in
1980 1445 2095 1486 ser-

445 1537 450 1542 ‘
504 1543 664 1584 moue
694 1536 748 1582 et
778 1528 993 1593 habitu,
1017 1541 1227 1583 necnon
1256 1534 1311 1582 et
1339 1527 1392 1581 in
1424 1527 1637 1582 incessu
1655 1517 1887 1592 {nescio
1917 1525 1962 1581 si
1991 1525 2093 1580 ali-

502 1621 624 1688 quis
671 1621 853 1676 dicere
894 1619 1143 1688 sufﬁciat,
1169 1635 1292 1676 cum
1324 1635 1484 1676 nemo
1524 1620 1726 1676 imitari
1755 1628 1938 1690 queat.
1980 1617 2095 1674 Ca:-

2197 427 2419 473 sanctus
2440 418 2636 485 Pater;
2669 433 2858 476 verum
2887 419 3052 474 etiam
3083 418 3138 475 in
3162 421 3440 487 omnibus,
3465 421 3520 476 in
3558 422 3797 494 quibus-

2195 521 2410 579 cunque
2442 507 2645 563 Christi
2675 507 2863 579 religio
2894 509 3322 565 commendatur.
3364 509 3472 567 Sed
3503 511 3642 569 forte
3663 514 3798 584 quia

2198 599 2318 663 rari
2336 607 2465 655 sunt
2499 599 2591 670 qui
2615 599 2684 656 de
2706 615 2766 656 se
2791 600 2900 656 tale
2927 600 3133 672 aliquid
3167 601 3481 672 exhibeant,
3531 606 3796 675 quoniam

2197 705 2390 748 omnes
2413 707 2639 763 pompas
2665 691 2848 748 saeculi
2874 701 3174 759 sectantur,
3205 701 3264 749 tu
3313 694 3434 752 ideo
3481 696 3585 752 ista
3633 698 3796 754 dicis.

2199 779 2308 837 Sed
2333 781 2437 851 iste
2463 783 2529 838 de
2556 797 2615 839 se
2655 783 2919 855 ampliora
2967 784 3288 841 ostendebat
3351 785 3478 844 ﬁliis
3527 790 3801 849 virtutum

2196 874 2465 947 exempla,
2501 875 2628 933 licet
2653 891 2722 934 ex
2753 877 3038 932 occasione
3060 877 3275 935 itineris
3296 878 3400 936 ista
3423 879 3646 938 dixeris.

2776 1005 3006 1064 CAPUT
3050 1006 3206 1064 XVII.

2837 1133 3173 1176 PASCIILSIUS.

2273 1235 2414 1306 Quid
2439 1236 2486 1293 si
2509 1236 2732 1294 omnino
2757 1237 2812 1293 in
2836 1238 3148 1309 repetendis
3166 1253 3354 1297 eorum
3379 1239 3592 1308 ofﬁciis,
3613 1257 3802 1300 recen-

2201 1329 2492 1400 sendisque
2517 1330 2810 1386 virtutibus
2837 1330 3079 1386 animum
3108 1331 3404 1402 appulero?
3443 1332 3563 1405 Ipsa
3611 1349 3800 1390 recor-

2203 1422 2370 1486 datio,
2401 1430 2461 1478 ut
2487 1422 2689 1489 sentio,
2720 1423 3006 1479 renovabit
3045 1423 3261 1482 dolores
3287 1435 3522 1489 nostros,
3568 1442 3809 1498 quorum

2201 1515 2464 1571 memoria
2493 1514 2744 1587 voluptas
2768 1525 2854 1573 est
2882 1517 3051 1572 animi
3078 1527 3134 1572 et
3169 1518 3585 1575 incitamentum
3629 1520 3812 1574 virtu-

2201 1615 2339 1661 tum.
2369 1605 2437 1662 Et
2462 1607 2584 1662 ideo
2605 1621 2794 1664 eorum
2816 1608 3132 1664 meminisse
3154 1609 3326 1681 gratia
3361 1618 3445 1669 est
3471 1609 3766 1666 suavitatis
3793 1628 3807 1664 :
3849 1593 3864 1636 ί

504 1720 678 1766 rerum
707 1711 776 1767 ad
798 1711 1104 1783 exemplum
1131 1711 1362 1767 aliorum
1392 1719 1648 1782 quamam
1677 1712 1744 1768 de
1771 1725 1828 1767 se
1856 1713 2098 1782 praebui}.
2125 1694 2177 1756 Β
2203 1698 2462 1772 quoniam
2487 1698 2780 1771 jucundior
2809 1701 2862 1756 in
2886 1710 3068 1757 mente
3095 1709 3180 1756 est
3226 1711 3390 1774 atque
3432 1702 3673 1758 alacrior
3721 1717 3811 1757 eo-

503 1801 613 1856 rint
667 1799 1057 1870 abjectionem,
1109 1803 1193 1859 vel
1237 1820 1401 1859 unam
1441 1804 1510 1859 de
1548 1803 1794 1875 pluribus
1837 1803 2091 1874 pandam.

501 1891 608 1947 Iste
633 1907 756 1946 cum
789 1893 843 1947 in
879 1893 1001 1948 cibo
1029 1893 1290 1950 vilissimo
1319 1903 1462 1950 esset
1492 1895 1711 1963 parcior
1739 1894 1969 1961 cunctis,
2004 1909 2094 1948 vo-

502 1983 602 2037 luit
650 1991 705 2037 et
743 1984 933 2040 usibus
981 1985 1171 2055 patriae
1214 1999 1336 2041 esse
1381 1993 1693 2052 contentus,
1725 1986 1911 2042 dicens
1953 1986 2098 2058 quod

502 2091 613 2131 non
639 2084 790 2132 esset
819 2077 1061 2148 dignum,
1095 2086 1154 2132 ut
1184 2077 1482 2133 monachus
1512 2078 1605 2148 qui
1635 2077 1918 2133 vilioribus
1941 2078 2096 2149 juxta

501 2183 663 2224 usum
691 2168 986 2239 provincia:
1012 2169 1066 2224 in
1104 2185 1210 2241 qua
1240 2171 1460 2240 degunt,
1491 2169 1552 2243 [ι.
1585 2172 1765 2242 degit,
1807 2180 2099 2230 contentus

503 2275 625 2317 esse
675 2261 857 2334 debet]
893 2261 1213 2319 cultioribus
1263 2264 1556 2320 vestiretur
1605 2264 1966 2333 indumentis,
2012 2265 2098 2322 vel

503 2354 825 2410 lautioribus
892 2363 1136 2411 uteretur
1208 2357 1344 2412 cibis
1400 2372 1565 2429 quam
1612 2357 2100 2430 eomprovinciales

503 2443 647 2501 inter
689 2461 827 2516 quos
865 2446 1068 2518 degunt
1107 2447 1169 2520 [ι.
1209 2446 1403 2521 degit].
1437 2446 1592 2505 Unde
1640 2458 1697 2504 et
1741 2449 2099 2507 calciamenta

503 2537 605 2595 sibi
635 2553 831 2609 parare
864 2537 1028 2608 jussit
1062 2540 1214 2611 juxta
1255 2541 1419 2596 ritum
1445 2541 1656 2611 patriae,
1684 2555 1820 2612 quos
1849 2540 2101 2596 Ruhilin-

501 2647 598 2704 gos
642 2633 851 2698 dicunt,
880 2641 935 2689 et
977 2642 1198 2704 portare
1237 2633 1440 2700 voluit;
1483 2634 1589 2690 nisi
1618 2649 1649 2689 a
1680 2633 1844 2690 Patre
1885 2635 2097 2691 discre-

503 2725 668 2781 tionis
699 2739 862 2782 causa
898 2726 1231 2796 prohibitum
1259 2734 1422 2782 esset.
1457 2724 1564 2783 Sed
1597 2727 1768 2782 miror
1793 2742 1893 2783 cur
1922 2726 2011 2782 ille
2043 2727 2099 2783 in

502 2817 606 2872 hoc
643 2815 786 2874 facto
831 2825 939 2872 tam
991 2817 1262 2873 discretus
1306 2831 1426 2873 esse
1469 2817 1658 2884 voluit,
1692 2818 1784 2888 qui
1816 2818 1870 2873 in
1903 2833 2001 2874 suo
2031 2817 2101 2882 (si

502 2909 608 2965 dici
639 2909 722 2965 fas
752 2910 858 2980 est)
888 2909 1301 2980 superstitiosus
1345 2918 1526 2980 potest
1555 2909 1809 2980 judicari.
1855 2909 1990 2966 Nam
2031 2925 2100 2966 eo

521 3010 560 3055 ’τι
609 3009 857 3072 tempore
907 3001 960 3057 in
1008 3001 1204 3058 itinere
1244 3002 1471 3072 positus,
1511 3003 1715 3059 nullum
1748 3004 1802 3059 in
1847 3004 2100 3061 noctibus

2167 1806 2327 1847 'rum
2357 1800 2549 1847 sancta
2589 1791 2894 1849 recordatio
2914 1833 2930 1860 ,
2969 1807 3132 1864 quam
3161 1792 3269 1848 ulla
3311 1793 3802 1866 impraesentiarum

2203 1882 2498 1939 oblectatio
2547 1882 2904 1950 deliciarum;
2935 1885 3180 1954 profecto
3211 1883 3337 1954 quia
3385 1883 3610 1938 instanti
3665 1891 3805 1938 tem-

2202 1994 2334 2049 pore
2356 1976 2478 2047 jure
2503 1979 2650 2034 nulla
2674 1977 2858 2034 laetitia
2887 1987 2970 2034 est
2989 1977 3106 2034 sine
3127 1991 3381 2043 mmrore,
3408 1977 3553 2032 nulla
3579 1976 3809 2032 dulcedo

2205 2068 2324 2126 sine
2353 2067 2740 2134 amaritudine,
2778 2066 2921 2122 nulla
2982 2067 3243 2123 honestas
3295 2067 3412 2123 sine
3463 2066 3810 2133 confusione,

2204 2160 2353 2217 nulla
2375 2159 2689 2232 jucunditas
2716 2158 2915 2215 mentis
2943 2158 3064 2214 sine
3119 2157 3366 2214 tristitia.
3419 2156 3558 2213 Nam
3608 2158 3813 2229 ubique

2205 2251 2406 2318 luctus,
2435 2250 2638 2320 ubique
2676 2248 2829 2305 dolor
2849 2258 2903 2305 et
2928 2249 3206 2321 gemitus;
3238 2249 3520 2320 quoniam,
3553 2263 3664 2303 non
3688 2248 3811 2304 dico

2206 2343 2470 2414 quotidie,
2497 2357 2687 2398 verum
2716 2341 2865 2397 omni
2904 2341 3039 2397 hora
3084 2341 3283 2412 ubique
3316 2340 3458 2396 mala
3487 2341 3810 2408 audiuntur,

2207 2449 2382 2508 neque
2413 2434 2561 2490 aliud
2609 2448 2774 2505 quam
2823 2434 3073 2490 confusio
3123 2433 3424 2490 nuntiatur.
3477 2433 3654 2490 Porro
3704 2434 3812 2491 duo

2204 2528 2316 2595 isti,
2341 2525 2722 2599 quamvisjam
2748 2526 2889 2582 mala
2918 2528 3349 2592 crebrescerent,
3377 2527 3506 2598 quia
3539 2526 3646 2581 viri
3695 2527 3810 2581 vir-

2205 2621 2338 2678 tutis
2362 2629 2544 2687 erant,
2566 2635 2676 2676 non
2697 2627 2948 2692 poterant
2983 2634 3082 2676 nos
3108 2619 3397 2675 admodum
3442 2627 3677 2675 mmstos
3726 2633 3812 2674 re-

2207 2713 2474 2784 linquere,
2500 2713 2593 2784 qui
2621 2727 2720 2768 nos
2744 2712 2859 2769 suis
2881 2711 3307 2769 consolabantur
3326 2711 3531 2777 verbis,
3561 2711 3808 2766 instrue-

2204 2806 2340 2863 bant
2365 2807 2646 2880 exemplis,
2676 2807 3010 2864 roborabant
3035 2805 3296 2873 consiliis,
3342 2817 3401 2862 et
3441 2808 3548 2878 piis
3595 2808 3812 2864 nutrie-

2204 2900 2338 2958 bant
2363 2900 2687 2972 disciplinis.
2716 2899 2785 2956 Et
2814 2900 2934 2956 ideo
2957 2900 3120 2957 hodie
3138 2900 3317 2956 adhuc
3355 2911 3581 2957 manent
3620 2900 3812 2958 nobis-

2206 3013 2350 3062 cum,
2376 3005 2432 3052 et
2461 3011 2679 3069 semper
2708 2997 3025 3062 manebunt,
3076 2998 3123 3054 si
3150 2997 3265 3053 veri
3311 3011 3502 3054 eorum
3563 2995 3812 3052 imitato-

511 3101 824 3166 opparatum
881 3093 984 3150 sibi
1033 3095 1247 3151 sinebat
1288 3095 1431 3161 ﬁeri,
1468 3096 1610 3151 sicut
1659 3096 1836 3153 solent
1885 3098 2098 3156 viantes

2208 3105 2296 3148 res
2331 3090 2595 3148 fuerimus
2633 3100 2690 3147 et
2738 3099 3013 3148 amatores
3061 3092 3364 3158 virtutum;
3397 3106 3536 3163 quas
3581 3091 3628 3147 si
3673 3104 3812 3147 vere

502 3182 714 3250 facere,
757 3198 867 3254 quo
920 3192 1227 3256 tegeremur
1264 3186 1559 3252 imbribus;
1592 3202 1766 3257 neque
1803 3189 2095 3246 tentorium

500 3274 718 3346 aliquod
755 3275 855 3331 sibi
892 3275 1242 3346 permittebat
1281 3279 1502 3349 exigere
1534 3280 1622 3336 die
1660 3289 1718 3336 et
1756 3289 1944 3349 nocte;
2001 3283 2099 3339 sed

502 3368 608 3424 fusi
646 3384 810 3440 super
839 3377 1042 3424 terram
1073 3370 1504 3441 quiescebamus,
1534 3382 1589 3428 et
1610 3372 1767 3445 juxta
1796 3373 1927 3430 illud
1951 3373 2098 3445 quod

499 3460 721 3530 quidam
769 3461 934 3525 canit,
969 3461 1214 3518 salubres
1240 3464 1398 3520 nobis
1430 3465 1596 3520 herba
1631 3465 1796 3521 dabat
1831 3481 2093 3523 somnos:

501 3553 607 3608 nisi
630 3554 776 3624 quod
798 3555 989 3610 beatus
1016 3554 1177 3612 Pater
1200 3556 1303 3612 sibi
1333 3571 1398 3612 ac
1424 3557 1555 3612 mihi
1590 3559 1914 3629 providebat
1941 3575 2099 3631 egre-

501 3648 587 3719 gie
629 3649 766 3703 satis
809 3649 1106 3719 profundos
1145 3658 1308 3721 atque
1342 3650 1705 3721 amplissimos
1741 3652 1824 3725 (ut
1857 3653 2100 3710 assolent

499 3740 619 3796 ﬁeri
649 3740 738 3797 illa
769 3741 823 3797 in
857 3741 1022 3814 terra)
1054 3743 1169 3814 agri
1213 3741 1424 3808 sulcos,
1471 3743 1562 3798 ubi
1582 3741 1810 3812 jubebat
1837 3745 1971 3800 mihi
2003 3760 2100 3800 no-

503 3842 680 3890 strum
730 3844 977 3892 sternere
1025 3836 1258 3903 lectum,
1298 3851 1528 3908 quorum
1576 3838 1744 3894 latera
1794 3838 1923 3895 hinc
1971 3838 2098 3896 inde

499 3927 740 3997 pulchris
781 3943 879 3984 nos
921 3929 1207 3984 ambiendo
1238 3929 1493 3986 fovebant
1535 3929 1754 3998 fulcris,
1803 3931 1931 3986 dum
1969 3931 2096 4002 equi

501 4020 633 4076 sella
664 4021 719 4075 in
752 4022 932 4077 medio
968 4023 1166 4093 posita,
1189 4038 1309 4093 qua:
1330 4039 1493 4100 unam
1526 4023 1659 4080 mihi
1689 4010 1875 4095 alpetn'
1899 4024 1969 4080 ad
2001 4041 2096 4081 ca-

500 4122 600 4184 put
625 4113 920 4182 praebebat,
946 4113 1172 4169 alteram
1209 4113 1307 4168 illi.
1337 4113 1446 4170 Nec
1480 4114 1626 4170 aliud
1662 4115 1794 4184 quid
1833 4115 2098 4172 habentes

502 4205 558 4259 lu
584 4219 670 4269 eo,
695 4204 798 4258 nisi
837 4204 982 4273 quod
1009 4205 1062 4259 in
1089 4205 1176 4260 die
1218 4220 1381 4275 supra
1414 4213 1469 4260 et
1491 4194 1743 4262 deorsum
1785 4207 2094 4264 habuimus.

500 4297 629 4352 Haec
670 4304 782 4352 tota
829 4295 1087 4354 mollities
1135 4297 1262 4354 lecti
1309 4306 1451 4365 erat,
1481 4306 1539 4354 et
1570 4297 1793 4355 ambitio
1822 4301 1956 4358 satis
1995 4301 2095 4358 ho-

500 4397 678 4446 uesta.

1173 4500 1430 4544 SEVERUB.

572 4573 684 4632 Nec
707 4575 812 4633 hoc
841 4577 1276 4648 superstitiosum
1312 4578 1552 4645 videtur,
1576 4585 1637 4634 ut
1663 4579 1930 4646 aestimas,
1959 4593 2097 4650 pra-

501 4666 689 4722 sertim
720 4682 844 4722 cum
865 4665 1034 4724 Jacob
1053 4667 1180 4724 dum
1210 4669 1313 4724 iret
1359 4669 1531 4725 multo
1574 4668 1758 4727 labore
1807 4669 2095 4740 coniugem

499 4771 706 4825 emere,
733 4759 788 4814 in
813 4759 901 4813 via
928 4758 1062 4814 nihil
1091 4760 1235 4816 aliud
1255 4760 1324 4817 ad
1347 4769 1511 4833 caput
1535 4776 1698 4833 quam
1727 4761 1962 4833 lapidem
1991 4763 2090 4818 ba-

499 4849 682 4904 huisse
712 4848 932 4921 legitur,
967 4864 1070 4906 nec
1093 4850 1230 4906 ullas
1253 4865 1437 4908 secum
1460 4850 1683 4908 delicias
1712 4851 1927 4908 vexisse
1953 4867 2094 4924 prae-

501 4957 588 5004 ter
611 4947 884 5002 baculum.
916 4946 1054 5016 Quid
1096 4948 1262 5018 igitur
1293 4947 1517 5013 mirum,
1548 4948 1653 5003 iste
1673 4947 1801 5003 dum
1823 4949 1972 5004 vadit
2001 4949 2094 5006 uni

491 5037 619 5092 viro
640 5037 904 5110 virginem
931 5041 1269 5111 despondere
1289 5038 1508 5095 Christo
1527 5037 1778 5107 Domino,
1810 5049 1864 5096 et
1884 5049 2092 5098 castam

499 5129 756 5185 exhibere
778 5146 1004 5188 uxorem
1023 5172 1039 5199 ,
1065 5133 1111 5188 si
1135 5130 1296 5188 nullis
1333 5130 1591 5188 fulciatur
1619 5131 1935 5200 honoribus,
1969 5134 2091 5190 nul-

499 5220 658 5293 loque
686 5234 914 5279 ornetur
945 5232 1226 5296 apparatu,
1259 5225 1387 5282 dum
1416 5234 1591 5282 totum
1622 5226 1678 5282 in
1721 5242 1780 5283 se
1824 5242 2094 5300 praemon-

499 5323 676 5368 strare
694 5315 880 5370 debuit
906 5325 959 5372 et
984 5317 1038 5372 in
1067 5317 1244 5384 nobis,
1271 5317 1535 5389 quidquid
1569 5333 1825 5390 sponsam
1869 5334 2090 5375 servare

499 5403 691 5472 voluit,
714 5422 877 5477 quam
906 5408 1139 5464 ducebat
1172 5407 1428 5466 Christo?
1454 5417 1516 5466 ut
1537 5411 1938 5468 sanctissimam
1960 5427 2093 5482 pau-

498 5507 765 5569 pertatem
821 5502 994 5573 magis
1040 5517 1256 5573 semper
1303 5511 1604 5560 sectaretur
1657 5520 1822 5576 quam
1871 5505 2092 5564 delicias

498 5591 801 5656 mundi;ct
825 5593 1242 5662 amplecteretur
1264 5595 1397 5653 dura
1455 5603 1512 5651 et
1559 5610 1771 5668 aspera,
1823 5610 1922 5669 per
1968 5613 2091 5671 qua;

499 5687 721 5740 omnino
746 5687 856 5739 itur
879 5684 947 5741 ad
973 5684 1270 5745 Christum.
1296 5687 1557 5746 Novimus
1596 5690 1743 5748 enim
1785 5692 1931 5762 quod
1977 5706 2088 5750 non

2121 4442 2177 4505 D

2203 3197 2474 3250 amamus,
2495 3183 2610 3255 jam
2639 3183 2730 3239 hic
2751 3199 2859 3240 non
2890 3197 3012 3241 esse
3033 3183 3320 3254 coepimus,
3342 3180 3432 3239 sed
3477 3179 3807 3254 peregrinae

2204 3291 2348 3342 mur,
2388 3275 2579 3332 saltem
2603 3291 2670 3331 ex
2693 3275 2980 3342 desiderio,
3025 3292 3134 3348 quo
3165 3275 3358 3332 melior
3388 3283 3568 3331 nostra
3606 3274 3802 3344 portio

2204 3378 2307 3426 est.
2366 3367 2656 3439 Nunquam
2683 3370 2829 3425 enim
2853 3369 2906 3425 in
2939 3369 3098 3426 nobis
3123 3369 3219 3426 toti
3249 3383 3455 3434 sumus,
3475 3368 3524 3423 si
3551 3381 3648 3424 eos
3664 3381 3808 3422 \ere

2204 3461 2521 3527 dileximus;
2554 3460 2648 3517 sed
2675 3462 2731 3516 in
2761 3461 2891 3528 illis,
2922 3462 3052 3534 quia
3086 3470 3250 3533 caput
3275 3469 3453 3526 erant,
3513 3459 3569 3514 in
3601 3457 3805 3528 quibus

2203 3552 2376 3610 nostri
2404 3567 2532 3624 pars
2557 3549 2732 3622 major
2760 3551 2882 3608 fuit.
2939 3552 3008 3608 Et
3052 3552 3188 3631 quia.
3230 3559 3460 3621 uterque
3501 3563 3693 3605 eorum
3749 3548 3805 3602 in

2202 3645 2422 3704 Christo
2454 3646 2608 3714 vivit,
2649 3656 2939 3718 propterea
2960 3645 3155 3702 melius
3183 3643 3292 3701 illic
3320 3659 3420 3700 nos
3467 3643 3664 3699 devote
3706 3655 3806 3712 pe-

2204 3741 2474 3813 regrinari
2511 3748 2754 3812 oportet,
2784 3740 2840 3796 in
2879 3755 2988 3813 quo
3025 3754 3240 3796 summa
3286 3735 3667 3793 universitatis
3718 3742 3805 3789 est

2201 3843 2256 3891 et
2284 3834 2461 3906 portio
2499 3833 2855 3907 singulorum.
2887 3833 3025 3892 Hinc
3053 3838 3243 3892 eorum
3279 3831 3585 3890 recordatio
3606 3828 3806 3899 jucun-

2203 3929 2322 3985 dior
2346 3929 2558 3986 cunctis
2583 3929 2794 3999 opibus,
2841 3936 2897 3985 et
2925 3929 3132 4002 gratior
3163 3927 3656 4000 impraesentiarum
3682 3923 3805 3995 qui-

2200 4021 2439 4078 buslibet
2476 4021 2652 4088 bonis,
2681 4022 2734 4077 in
2756 4037 2863 4094 quo
2892 4031 3206 4078 nostrorum
3243 4021 3536 4076 universus
3572 4027 3658 4074 est
3687 4018 3804 4072 fru-

2201 4123 2342 4169 ctus.
2377 4113 2507 4169 Illuc
2529 4128 2760 4184 namque
2786 4122 2842 4168 et
2871 4114 2974 4184 ipsi
3012 4122 3305 4185 antequam
3338 4113 3502 4177 irent,
3537 4125 3634 4166 sua
3684 4125 3806 4166 om-

2202 4207 2290 4262 nia
2315 4207 2804 4278 transplantarunt,
2828 4215 2888 4263 ut
2913 4221 3016 4264 nos
3042 4222 3257 4264 sursum
3283 4205 3622 4272 attollerent,
3662 4218 3802 4275 quos

2200 4299 2456 4371 parvulos
2487 4300 2541 4355 in
2569 4298 2788 4356 Christo
2816 4299 3153 4356 nutriebant.
3199 4299 3412 4366 Quanto
3474 4297 3650 4369 magis
3703 4311 3804 4353 eos

2205 4390 2334 4447 illuc
2358 4391 2674 4448 conversari
2725 4399 2941 4462 oportet
2967 4389 3128 4459 ﬁlios,
3177 4389 3405 4462 quosad
3443 4390 3549 4447 hoc
3595 4403 3806 4460 genue-

2203 4493 2354 4552 runt,
2379 4494 2441 4541 ut
2469 4486 2524 4542 in
2547 4485 2862 4544 cmlestibus
2885 4485 3043 4558 quasi
3065 4485 3177 4542 lilia
3211 4483 3491 4553 ﬂorerent,
3546 4493 3603 4542 et
3641 4484 3807 4556 quasi

2200 4579 2348 4636 cedri
2376 4578 2568 4636 Libani
2596 4583 2650 4635 in
2677 4580 2957 4637 altissimis
2983 4580 3341 4637 crescerent?

2769 4725 2998 4785 CAPUT
3036 4725 3220 4783 XVIII.

2861 4856 3113 4898 SEVERUS.

2272 4951 2346 5009 Ut
2369 4950 2553 5020 audio,
2586 4952 2747 5010 aliter
2772 4953 3036 5011 aedificata
3059 4963 3144 5012 est
3174 4954 3349 5012 Rolna
3371 4971 3402 5013 a
3424 4955 3639 5014 duobus
3687 4955 3804 5014 fra-

2200 5045 2391 5111 tribus,
2421 5054 2476 5101 et
2499 5045 2658 5103 aliter
2678 5061 2817 5103 nova
2847 5055 3034 5103 nostro
3083 5048 3152 5103 de
3199 5049 3437 5106 nomine.
3485 5049 3580 5105 llla
3625 5051 3800 5122 siqui-

2198 5137 2318 5193 dem
2347 5138 2639 5195 carnaliter
2662 5139 2718 5195 in
2741 5139 2924 5206 terris,
2959 5141 3064 5196 ista
3095 5142 3434 5212 spiritaliter,
3490 5152 3553 5199 ut
3599 5144 3800 5201 dilata-

2197 5240 2350 5287 retur
2386 5231 2443 5287 in
2471 5232 2625 5289 caelis
2652 5248 2668 5300 ;
2703 5231 2794 5288 illa
2816 5244 2877 5289 ut
2903 5233 3184 5292 edomaret
3209 5244 3396 5308 gentes
3435 5237 3538 5293 sub
3564 5251 3670 5293 suo
3686 5237 3798 5294 im-

2202 5324 2375 5396 perio,
2410 5323 2512 5379 ista
2550 5333 2610 5380 ut
2647 5325 2961 5386 extraheret
3012 5341 3142 5384 suos
3202 5328 3272 5384 de
3323 5328 3563 5395 mundo;
3594 5327 3687 5384 illa
3734 5336 3802 5384 ut

2202 5426 2476 5474 cresceret
2512 5417 2695 5486 rebus,
2718 5427 2774 5476 et
2795 5419 3062 5476 ditaretur
3089 5435 3275 5478 rerum
3303 5422 3503 5493 copiis;
3529 5421 3632 5479 ista
3661 5437 3800 5480 vero

2201 5518 2264 5566 ut
2287 5511 2445 5566 beata
2475 5520 2794 5583 paupertate
2813 5512 3076 5585 locuples,
3106 5513 3518 5572 fundamentum
3567 5515 3804 5574 haberet

2200 5603 2256 5660 iu
2283 5603 2459 5660 caelis.
2497 5604 2594 5660 Illa
2624 5605 2861 5680 itaquea
2889 5607 3154 5679 sanguine
3198 5609 3367 5680 carpit
3418 5607 3700 5674 aediﬁcari,
3740 5620 3805 5667 et

2200 5707 2327 5749 cum
2348 5695 2612 5765 sanguine
2641 5696 2803 5754 rebus
2829 5695 3042 5754 bellicis
3076 5700 3290 5768 erevit;
3319 5700 3427 5756 ista
3452 5708 3512 5756 ut
3555 5714 3799 5772 pauper.
