4122 6324
292 271 430 330 1593

967 269 1055 326 DE
1097 269 1254 326 VITA
1289 267 1547 337 WALJE,
1590 269 1725 330 SEU
1770 267 2189 331 EPI'I‘APIIIUM
2224 273 2525 332 ARSENII.
2563 307 2633 318 —
2669 275 2798 333 LIB.
2841 277 2880 334 Ι.

3424 277 3566 338 159‘

291 399 457 448 tatem
492 395 703 444 amaret
719 387 1003 460 praesentis
1029 387 1154 444 vitae
1176 387 1227 442 in
1257 387 1471 460 spiritu,
1514 395 1570 444 et
1603 387 1874 444 ditaretur
1898 389 1952 451 Δ
1976 400 2082 457 est,
2112 390 2382 449 ditescere
2411 392 2574 449 rebus
2612 391 2786 465 magis
2823 391 3104 465 magisque
3143 406 3252 449 non
3301 391 3453 462 velit,
3500 402 3564 452 ut

289 483 344 540 in
368 478 702 540 caelestibus.

922 564 1258 609 PASCIIASIUS.

359 644 634 714 Quantum
654 641 835 712 video,
885 650 978 699 tuo
1005 659 1160 700 more
1187 644 1324 716 agis,
1376 644 1467 716 qui
1511 659 1702 704 severe
1739 645 1875 705 alios

285 746 574 808 antequam
628 736 892 806 corrigas,
935 735 1141 806 culpas.
1194 735 1360 794 Forte
1418 752 1708 808 percenses
1757 753 1872 807 eos,

285 843 420 903 quos
447 827 537 885 isti
559 827 894 884 unanimiter
921 827 1027 885 duo
1049 827 1365 899 plantarunt
1390 830 1610 898 fratres,
1645 839 1705 887 ut
1749 847 1871 888 cre-

284 928 496 980 scerent
521 928 579 976 et
600 919 963 977 dilatarentur
989 921 1047 978 in
1074 921 1247 978 cce-lis.
1286 921 1407 979 Jam
1440 924 1536 980 tibi
1561 933 1753 982 contra
1780 940 1873 984 eo-

281 1031 401 1072 rum
431 1023 702 1087 praecepta
737 1023 794 1072 et
845 1015 1121 1084 instituta,
1169 1027 1362 1076 contra
1408 1034 1597 1077 eorum
1645 1023 1871 1095 provida

281 1111 412 1168 satis
434 1111 639 1167 monita
667 1109 926 1167 videntur
945 1111 1045 1178 ire,
1071 1120 1128 1168 et
1154 1114 1317 1170 rebus
1343 1129 1615 1184 crescere,
1661 1117 1872 1177 deliciis

279 1204 515 1273 afﬂuere,
557 1212 614 1260 et
663 1203 960 1261 honoribus
1010 1220 1074 1262 ac
1128 1208 1343 1280 pompis
1396 1209 1576 1266 saeculi
1633 1210 1867 1268 dilatari.

278 1297 424 1354 Alias
453 1305 636 1352 autem
672 1295 1004 1368 superﬂuum
1038 1313 1161 1356 esse
1188 1309 1323 1372 puto
1349 1303 1682 1361 mentionem
1731 1304 1867 1361 duo-

279 1405 396 1445 rum
418 1387 774 1445 aedificiorum
804 1389 1024 1458 fecisse,
1051 1392 1156 1449 nisi
1182 1395 1310 1466 quia
1338 1395 1429 1452 illa
1472 1398 1550 1468 in,
1585 1399 1866 1476 sanguini:

277 1482 374 1538 bus
407 1492 620 1538 terrena
643 1483 910 1541 aediﬁcata
932 1495 1047 1554 est;
1079 1487 1222 1544 istud
1245 1503 1374 1546 vero
1427 1492 1572 1563 quod
1622 1493 1690 1550 ab
1746 1494 1868 1552 istis

277 1574 502 1630 Domino
530 1574 837 1631 dedicatum
862 1584 969 1644 est,
1000 1580 1335 1636 construitur
1373 1580 1529 1651 juxta
1579 1583 1707 1640 illud
1733 1585 1866 1642 Eze—

275 1670 481 1739 chielis,
509 1672 664 1744 quasi
689 1671 978 1730 aedilicium
1005 1677 1280 1750 vergentis
1317 1679 1386 1735 ad
1417 1693 1685 1739 austrum.
1740 1683 1862 1741 Eis-

1981 483 2157 540 valeat
2190 485 2420 558 amplius
2449 485 2716 543 dominari
2743 495 2797 542 et
2825 486 3060 555 dilatari,
3093 486 3248 558 quasi
3286 503 3385 559 pro
3429 486 3560 544 relic

1978 580 2158 653 gione,
2194 577 2337 636 fastu
2367 580 2640 652 potentia.
2666 579 2759 637 Isti
2790 589 2972 638 autem
2997 597 3028 638 e
3051 581 3325 638 contrario
3350 595 3457 637 non
3473 596 3562 638 so-

1977 671 2088 728 lum
2119 670 2318 739 locum,
2350 673 2435 730 cui
2457 657 2753 745 praeerant,
2786 672 3053 730 ditescere
3075 673 3258 740 rebus,
3288 688 3410 728 cum
3437 687 3562 744 pos-

1976 774 2120 832 sent,
2142 765 2466 833 noluerunt,
2497 780 2684 821 verum
2715 763 2942 822 collatas
2970 765 3358 832 distraxerunt,
3388 773 3447 834 et
3479 780 3566 822 re-

1974 858 2239 931 degerunt
2260 859 2314 915 in
2336 859 2587 917 libertate
2619 858 2806 916 usibus
2833 857 3085 928 fratrum,
3110 872 3179 916 ne
3202 859 3270 915 ad
3299 873 3399 916 nos
3436 873 3560 931 per-

1973 951 2227 1009 tinerent.

2613 1060 2806 1103 PASCHA
2813 1060 2946 1103 sws.
3329 1095 3333 1099 .

1970 1181 1982 1194 .
2043 1136 2160 1195 Hoc
2205 1138 2369 1211 igitur
2421 1138 2565 1217 quod
2613 1140 2883 1196 docebant
2934 1136 3135 1206 verbis,
3184 1136 3456 1194 faciebant
3504 1145 3565 1195 ut

1970 1229 2356 1287 confirmarent
2375 1231 2658 1309 exemplis.
2683 1229 2974 1303 Monebant
2999 1231 3170 1298 enim,
3193 1244 3264 1286 ne
3305 1239 3397 1287 aut
3420 1232 3560 1300 "nos,

1969 1329 2064 1378 aut
2094 1321 2171 1378 illi
2216 1338 2308 1380 res
2356 1339 2465 1380 non
2522 1324 2862 1380 necessarias
2911 1323 3331 1394 susciperemus,
3385 1336 3564 1394 neque

1969 1411 2280 1470 facultatem
2304 1414 2506 1470 habere
2534 1414 2770 1486 amplam
2797 1415 3132 1471 ambiremus
3161 1426 3188 1456 α
3216 1415 3418 1498 ,‘quasi
3459 1427 3560 1485 pro

1967 1505 2064 1562 Dei
2087 1506 2349 1580 religione
2381 1527 2393 1562 :
2425 1507 2519 1564 sed
2542 1507 2702 1564 rebus
2721 1516 2777 1564 et
2803 1507 3137 1578 possessioni
3165 1506 3421 1562 Ecclesiae
3442 1521 3559 1564 mo-

1967 1600 2094 1656 dum
2124 1601 2545 1673 imponeremus,
2598 1617 2668 1658 ne
2720 1602 2945 1676 digitum
2984 1601 3062 1657 illi
3106 1601 3250 1658 ultra
3296 1600 3555 1658 extendev

1966 1700 2107 1758 rent,
2137 1702 2390 1751 monente
2422 1695 2709 1766 propheta,
2740 1705 2833 1750 aut
2861 1709 3051 1766 agrum
3083 1709 3214 1765 agro
3263 1709 3436 1764 usque
3483 1693 3556 1772 ad

273 1763 393 1858 dem
416 1762 602 1858 itaque
617 1766 900 1858 mensuris
930 1781 1095 1838 super
1123 1769 1316 1826 eadem
1347 1770 1724 1840 fundamenta.
1773 1791 1865 1832 ea-
1890 1771 1940 1832 Β
1969 1785 2260 1841 terminum
2290 1785 2394 1842 loci
2422 1762 2628 1858 absque
2669 1762 3142 1858 concupiscentiae.
3175 1785 3282 1842 ﬂne
3340 1762 3560 1858 copula?

272 1854 392 1914 dem
415 1855 702 1934 latitudine
725 1865 782 1916 et
813 1859 1170 1938 longitudine,
1201 1864 1426 1921 totidem
1470 1866 1676 1924 habens
1739 1885 1865 1941 por-

271 1955 374 2016 tas,
403 1953 730 2022 easdemque
749 1951 1040 2022 fenestras,
1065 1963 1119 2012 et
1146 1955 1350 2036 nullam
1377 1961 1658 2017 crescendi
1702 1961 1863 2017 aliam

271 2057 450 2099 rerum
473 2044 922 2116 magnitudinem.
953 2048 1035 2103 Ad
1058 2049 1163 2105 hoc
1194 2051 1391 2121 quippe
1421 2053 1528 2109 duo
1550 2053 1641 2110 isti
1677 2054 1864 2112 eximii

270 2132 616 2190 fundamenta
647 2135 702 2190 in
723 2138 976 2208 gentibus
997 2139 1064 2195 ad
1090 2139 1314 2196 boream
1340 2142 1578 2199 civitatis
1606 2159 1729 2200 eum
1761 2161 1862 2216 po-

269 2236 462 2283 nerent
516 2244 626 2284 una
689 2245 812 2287 cum
862 2231 1103 2288 turribus
1148 2239 1203 2288 et
1267 2235 1686 2307 propugnaculis
1727 2238 1859 2304 suis,

270 2319 370 2374 tria
402 2319 504 2376 ista
531 2321 757 2379 omnino
787 2323 1114 2380 monebant:
1154 2339 1223 2381 ne
1250 2327 1417 2383 rebus
1439 2327 1674 2404 multum
1720 2331 1862 2388 dite-

269 2425 420 2466 scere
446 2412 766 2483 gauderent,
818 2428 995 2485 neque
1038 2415 1256 2473 divitias
1300 2417 1486 2474 saeculi
1525 2427 1860 2491 appeterent,

268 2500 339 2556 ita
365 2509 424 2556 ut
445 2501 498 2556 in
521 2503 604 2559 eis
632 2519 729 2561 cor
747 2515 1083 2578 apponerent
1107 2547 1123 2575 ,
1147 2508 1244 2564 sed
1266 2509 1489 2566 omnino
1539 2511 1760 2568 delicias
1807 2521 1862 2570 et

268 2589 596 2663 voluptates,
632 2608 697 2651 ac
725 2595 772 2652 si
813 2611 1023 2653 venena
1059 2597 1326 2669 fugerent.
1366 2599 1449 2656 Ad
1490 2601 1742 2659 ultimum
1793 2619 1864 2662 ne

269 2683 413 2753 ullis,
441 2700 505 2742 ac
525 2686 571 2742 si
592 2702 693 2758 pro
715 2687 998 2761 religione,
1021 2689 1322 2749 honoribus
1354 2701 1411 2749 et
1441 2693 1583 2750 fastu
1626 2695 1861 2754 delecta-

270 2785 458 2834 rentur
483 2779 774 2851 superbiaa,
805 2796 873 2837 ne
899 2782 1042 2839 forte
1066 2798 1134 2839 ex
1165 2792 1277 2840 toto
1299 2784 1654 2855 fatescerent,
1701 2796 1756 2845 et
1806 2789 1862 2845 in

268 2885 498 2928 vacuum
525 2873 853 2944 deperirent,
879 2875 1024 2931 sicut
1049 2875 1102 2931 in
1129 2875 1323 2933 Galliis
1351 2878 1552 2935 multas
1585 2879 1864 2951 deperisse

271 2979 300 3020 a
325 2965 584 3038 religione
613 2967 871 3024 ecclesias
899 2968 1039 3025 bene
1068 2968 1199 3025 olim
1247 2968 1502 3027 fundatas
1537 3029 1540 3032 ,
1565 2973 1857 3030 cernimus.

268 3057 607 3130 Quapropter
641 3059 730 3116 isti
775 3060 960 3118 multis
1002 3061 1115 3133 jam
1165 3062 1342 3119 edocti
1391 3065 1676 3137 exemplis,
1734 3083 1864 3124 suos

1970 1887 2109 1934 rent.
2144 1877 2250 1935 Sed
2273 1895 2342 1935 ne
2368 1878 2568 1948 injusta
2596 1880 2749 1936 vobis
2784 1879 3032 1935 videatur
3070 1877 3294 1948 hujusce
3336 1877 3561 1935 libertas

1968 1968 2134 2037 facti,
2181 1971 2443 2026 noveritis
2471 2011 2487 2038 ,
2525 1971 2654 2042 quia
2706 1970 3036 2027 fructuosius
3073 1979 3235 2040 atque
3277 1970 3562 2028 honestius

1966 2070 2072 2130 est,
2109 2077 2178 2142 eo
2209 2063 2353 2143 quod
2377 2063 2579 2134 justius
2608 2073 2662 2119 et
2690 2062 2876 2120 utilius
2925 2070 3090 2130 esset,
3121 2077 3216 2118 eas
3262 2076 3363 2133 per
3407 2076 3466 2120 se
3497 2061 3555 2119 in

1966 2157 2155 2213 usibus
2209 2155 2449 2213 cmnobii
2497 2155 2728 2213 Domino
2773 2156 2874 2212 sub
2950 2153 3201 2212 libertate
3265 2155 3560 2222 deservire,

1963 2264 2128 2320 quam
2168 2256 2355 2305 nostro
2389 2261 2484 2304 eas
2524 2248 2885 2329 inopportune
2911 2247 3242 2329 satisatque
3288 2245 3558 2328 superflue

1965 2342 2235 2400 dominari
2260 2341 2592 2398 haereditatls
2611 2340 2767 2410 jure;
2795 2327 2921 2414 quia
2946 2339 3036 2396 ubi
3057 2327 3152 2395 vel
3185 2338 3278 2394 ubi
3328 2338 3560 2395 Domino

1964 2453 2061 2496 seu
2099 2436 2355 2493 Ecclesiae
2384 2450 2496 2492 suae
2526 2435 2816 2493 haereditas
2845 2435 3122 2492 deservire
3148 2435 3555 2505 comprobatur,

1961 2546 2087 2588 cum
2115 2530 2173 2586 in
2207 2529 2393 2586 usibus
2413 2543 2698 2606 servorth
2723 2543 2945 2585 suorum
2985 2527 3239 2600 religiose
3269 2528 3403 2586 satis
3431 2543 3556 2585 cum

1964 2622 2231 2680 cbaritate
2255 2621 2593 2693 expenditur.
2623 2619 2775 2678 Unde
2797 2619 2952 2677 valde
2977 2619 3335 2692 locupletatur
3354 2620 3554 2676 donum

1965 2715 2175 2788 gratim,
2201 2730 2325 2772 cum
2346 2729 2410 2771 ex
2437 2729 2544 2770 una
2575 2715 2760 2772 radice
2808 2713 3063 2786 perfecta
3110 2713 3416 2772 dilectionis
3450 2714 3558 2771 duo

1967 2803 2214 2861 ccenobia
2237 2805 2552 2862 monasticae
2575 2804 2873 2877 disciplinae
2899 2807 3264 2876 geminantur.

2562 2937 2793 2997 CAPUT
2830 2937 2949 2997 XX.

2600 3070 2936 3114 ADEODATUS.

267 3154 676 3246 praemonebant
711 3153 871 3223 ﬂlios,
921 3171 993 3212 ne
1045 3155 1208 3214 rebus
1254 3155 1604 3216 aﬂluerentur
1657 3154 1935 3234 [afﬂuc-C
2039 3167 2186 3226 Satis
2229 3169 2301 3226 sit
2347 3168 2493 3241 quod
2530 3169 2812 3246 hactenus
2859 3184 3011 3241 aeque
3062 3171 3253 3228 ambos
3302 3172 3556 3244 replicas,

267 3243 408 3318 rent]
435 3245 702 3312 humanis,
737 3263 837 3320 pro
864 3249 1064 3321 quibus
1105 3250 1304 3307 sarculo
1352 3252 1690 3309 deservirent
1717 3296 1733 3322 ,
1767 3258 1862 3312 sed

268 3342 324 3389 ut
350 3344 820 3407 essentpauperes
849 3340 1067 3411 Spiritu,
1104 3341 1338 3399 humiles
1359 3353 1415 3400 et
1441 3346 1730 3412 mansueti,
1761 3347 1864 3402 mi-

265 3433 347 3479 tes
376 3439 440 3479 ac
473 3426 877 3495 misericordes,
901 3439 958 3487 et
975 3428 1245 3498 justitiam
1269 3449 1484 3509 semper
1509 3437 1562 3491 in
1603 3439 1864 3497 omnibus

263 3518 584 3584 esurientes,
610 3529 879 3600 quatenus
902 3522 969 3578 de
990 3523 1096 3588 illis
1115 3539 1305 3583 omnes
1330 3528 1468 3584 bene
1508 3529 1707 3588 vellent
1737 3547 1865 3604 pro-

264 3618 385 3682 pter
436 3611 760 3668 munditiam
797 3614 978 3671 cordis
1012 3630 1234 3686 eorum;
1290 3619 1429 3676 bene
1471 3628 1752 3692 optarent,
1793 3639 1863 3682 ne

262 3711 484 3776 propter
504 3705 764 3761 invidiam
796 3721 979 3762 rerum
1009 3717 1065 3765 et
1088 3707 1403 3768 felicitatem
1430 3712 1514 3769 eis
1537 3713 1859 3786 inviderent,

262 3805 317 3852 et
339 3798 711 3868 opprimerent
736 3813 831 3857 cos
854 3801 1038 3858 saeculi
1063 3803 1342 3861 servitute.
1368 3803 1445 3862 De
1466 3807 1663 3878 quibus
1687 3810 1864 3868 adhuc

262 3888 477 3945 favente
505 3890 616 3946 Deo
649 3907 840 3949 omnes
859 3894 1000 3950 bona
1024 3895 1297 3964 nuntiant,
1323 3897 1464 3954 bene
1512 3900 1860 3970 existimant;

262 3993 317 4040 et
329 3992 456 4040 sunt
470 3984 646 4041 adhuc
658 3985 948 4043 virtutibus
962 3987 1202 4045 illustres
1231 3996 1285 4044 et
1307 3989 1583 4047 mirabiles
1594 3992 1863 4064 probitate

263 4077 385 4132 vitae
415 4095 428 4131 :
456 4077 712 4146 quoniam
738 4078 916 4134 adhuc
944 4079 998 4134 in
1026 4079 1104 4136 eis
1125 4094 1314 4136 eorum
1352 4081 1488 4138 odor
1509 4083 1859 4155 respergitur,

261 4168 560 4224 etvirtutes
575 4169 779 4240 vigent,
800 4168 1099 4226 eﬂ'eruntur
1114 4170 1321 4240 laudes,
1336 4173 1718 4246 magnificatur
1742 4175 1866 4232 reli-

262 4259 352 4331 gio
373 4266 430 4316 et
468 4259 796 4330 praedicatur
830 4263 1103 4319 excellens
1121 4263 1374 4321 nobilitas
1403 4283 1418 4321 :
1443 4281 1672 4338 quorum
1689 4267 1866 4327 adhuc

261 4351 567 4408 benedictio
589 4351 643 4408 in
681 4353 762 4409 eis
779 4353 1046 4422 ﬂoret;et
1065 4355 1398 4427 amplissima
1455 4357 1583 4413 vitae
1631 4358 1865 4432 dignitas

1964 3278 2197 3334 quorum
2238 3279 2345 3318 una
2369 3262 2470 3318 fuit
2502 3262 2676 3320 virtus
2702 3265 2906 3336 operis,
2935 3281 3044 3322 una
3082 3267 3282 3324 mentis
3307 3268 3554 3325 intentio.

1966 3353 2074 3411 Sed
2103 3353 2229 3424 quia
2272 3353 2567 3409 Arsenium
2600 3354 2654 3410 in
2681 3355 2786 3412 hoc
2812 3371 2978 3427 opere
3007 3355 3264 3415 lamentis
3301 3359 3559 3430 prosequi

1963 3447 2343 3514 decrevimus,
2371 3445 2462 3517 qui
2508 3446 2565 3522 in
2617 3447 2737 3504 istis
2781 3449 2951 3506 etiam
2985 3449 3218 3522 amplius
3257 3450 3549 3519 laboravit,

1964 3540 2111 3597 solus
2138 3539 2356 3596 ﬂetibus
2380 3542 2845 3600 commendandus
2867 3553 2991 3600 est:
3023 3545 3282 3616 quoniam
3308 3545 3558 3604 uisitam

1963 3632 2074 3688 cito
2104 3632 2232 3688 hinc
2258 3633 2485 3700 abisset,
2517 3633 2659 3691 forte
2703 3633 2904 3692 fratres
2929 3636 2996 3692 de
3033 3638 3234 3708 quibus
3263 3623 3555 3710 loquimur,

1958 3713 2088 3782 coeli
2137 3727 2284 3783 cives
2325 3726 2618 3796 effecisset,
2657 3729 2750 3801 qui
2780 3738 3151 3802 contemptum
3184 3731 3365 3788 saeculi
3388 3732 3467 3789 eis
3500 3733 3557 3789 in

1963 3818 2217 3876 omnibus
2256 3819 2569 3876 exhibebat.
2610 3820 2855 3878 Fecisset
2882 3836 3014 3878 sane
3041 3822 3207 3880 etiam
3235 3837 3331 3880 eos
3351 3832 3555 3881 semet-

1965 3911 2112 3982 ipsos
2133 3918 2485 3966 contemnere
2512 3926 2611 3983 pro
2641 3910 2766 3980 fide,
2799 3913 2941 3968 sicut
2963 3920 3016 3969 et
3047 3914 3162 3985 ipse
3186 3913 3339 3986 prius
3360 3923 3558 3971 semet-

1965 4004 2141 4076 ipsum
2168 4012 2585 4073 contempserat.
2621 4005 2939 4079 Redegisset
2959 4022 3090 4080 ergo
3115 4008 3356 4065 omnium
3385 4008 3553 4068 corda

1965 4098 2020 4154 in
2046 4115 2212 4155 unum
2243 4099 2418 4171 gratia
2445 4100 2750 4167 charitatis,
2779 4115 2849 4156 ne
2878 4101 3021 4158 ullus
3044 4103 3183 4159 ultra
3225 4105 3474 4160 normam
3498 4112 3556 4162 et

1965 4206 2276 4248 mensuram
2322 4193 2638 4248 monasticae
2686 4192 2983 4265 disciplinae
3026 4195 3094 4251 ad
3129 4210 3224 4252 eas
3263 4211 3384 4268 qua:
3422 4195 3557 4252 foris

1966 4294 2111 4352 sunt,
2143 4299 2202 4342 se
2228 4286 2564 4354 extenderet,
2585 4285 2730 4358 quod
2752 4287 2885 4343 satis
2909 4288 3148 4344 ostendit
3169 4288 3222 4344 in
3251 4287 3474 4360 praelato
3495 4289 3546 4354 ι’,

1966 4394 2128 4450 quem
2159 4377 2231 4435 ibi
2261 4393 2498 4450 praeesse
2524 4377 2864 4446 maluerant,
2911 4394 3038 4435 cum
3086 4379 3338 4445 redisset,
3374 4379 3420 4435 si
3446 4394 3554 4436 non

264 4445 704 4544 ςοιιιωθῐιάδιυνὶ
743 4448 942 4544 (fremit
964 4464 1188 4544 fluflque
1209 4451 1520 4544 υδθτξίῖιηυε
1542 4445 1865 4512 meritorum
1891 4535 1934 4544 _
1969 4445 2079 4528 tam
2107 4472 2218 4528 cito
2239 4445 2428 4527 rursus
2453 4471 2740 4542 propulsus
2768 4445 2974 4526 Italiam
3002 4471 3245 4544 petisset.
3269 4470 3376 4527 Pro
3402 4480 3555 4529 certo

261 4535 492 4606 fructus,
517 4553 582 4596 ac
606 4537 869 4612 praeclara
889 4540 1119 4610 pullulat
1143 4548 1199 4596 et
1219 4541 1496 4598 extollitur
1517 4545 1710 4614 gratia.

811 4650 1040 4709 CAPUT
1073 4651 1218 4709 XIX.

932 4759 1186 4806 SEVERUS.

279 4907 286 4911 Α
336 4835 498 4895 Esset
523 4836 815 4906 laudabile,
846 4835 1072 4907 fratres,
1097 4837 1364 4911 quidquid
1395 4839 1462 4897 de
1505 4839 1586 4899 eis
1635 4842 1857 4914 amplis-

260 4930 405 4988 sima
430 4930 694 4986 virtutum
723 4929 868 4987 fama
893 4931 1093 5004 ubique
1124 4932 1494 5001 concelebrat,
1544 4933 1647 4991 nisi
1703 4936 1858 5008 prius

261 5037 357 5080 res
385 5023 701 5081 solemniter
726 5025 1058 5082 monasterio
1091 5033 1281 5082 nostro
1311 5025 1606 5100 delegatas,
1661 5037 1717 5084 et
1742 5045 1859 5086 om-

260 5115 359 5170 nia
397 5112 505 5170 illis
544 5114 597 5169 in
634 5115 883 5184 partibus
907 5131 1028 5186 qua:
1055 5116 1212 5172 nobis
1236 5116 1430 5173 collata
1456 5125 1602 5187 sunt,
1648 5119 1714 5175 de
1735 5120 1860 5193 jure

261 5209 614 5281 proprietatis
637 5210 875 5266 cmnobii
904 5209 1064 5282 hujus
1093 5209 1259 5284 (quod
1281 5211 1436 5268 valde
1477 5213 1724 5271 mirabile
1752 5215 1858 5287 est)

261 5298 649 5369 alienaverint,
685 5310 742 5358 et
770 5302 824 5357 in
858 5316 954 5359 sua
975 5315 1070 5357 eos
1096 5302 1432 5374 proprietate
1462 5317 1560 5374 per
1583 5319 1703 5362 sese
1737 5319 1860 5362 esse

258 5393 555 5451 voluerint.
577 5393 889 5454 Praesertim
917 5411 1043 5453 cum
1065 5411 1222 5454 rarus
1245 5398 1338 5471 qui
1364 5397 1545 5455 locum
1575 5399 1662 5455 cui
1717 5415 1861 5472 pra:-

281 5571 286 5576 '
340 5569 368 5600 ι
397 5557 1162 5634 Eadem_Adalhardi__monita
1184 5576 1285 5634 pro
1309 5560 1540 5634 Corbeia
1570 5560 1718 5618 Nova
1746 5576 1860 5618 me-

259 5630 874 5705 ntoratPasehasiusin
917 5631 1041 5705 Vita
1086 5630 1253 5702 ipsius
1297 5631 1614 5705 Adalhardi,
1665 5649 1852 5705 supra.

275 5731 308 5777 -_
342 5701 800 5777 b_Warinum,_ut
825 5712 976 5774 puto,
999 5701 1266 5777 intelligit,
1293 5703 1586 5760 Adalhardi
1618 5705 1672 5777 in
1702 5701 1858 5777 nova

263 5771 514 5831 Corbeiae
549 5771 1323 5838 regimine—successorem“
1371 5791 1543 5833 annos
1590 5775 1855 5843 triginta,

1888 4535 1944 4598 Β
1970 4579 2204 4635 namque
2254 4562 2656 4635 comperimus,
2708 4562 2832 4632 quia
2890 4560 3033 4618 ultra
3081 4577 3422 4635 nequaquam
3479 4564 3554 4619 ibi

1966 4662 2242 4727 praeesset,
2288 4654 2602 4726 priusquam
2629 4653 2696 4708 de
2723 4668 2783 4710 se
2828 4652 3054 4710 humilia
3088 4653 3292 4711 sentire
3335 4654 3554 4711 didicis-

1963 4754 2079 4814 set;
2113 4753 2170 4802 et
2197 4760 2306 4801 non
2339 4741 2512 4799 inﬂari
2536 4758 2637 4814 pro
2658 4758 2882 4816 genere,
2903 4760 3011 4801 non
3039 4744 3260 4802 delicias
3279 4744 3549 4817 amplecti,

1961 4853 2070 4895 non
2099 4837 2353 4894 lascivire
2376 4835 2536 4907 nugis
2556 4835 2740 4891 saeculi
2766 4845 2821 4892 et
2848 4835 3200 4900 vanitatibus,
3230 4850 3406 4906 neque
3431 4851 3552 4906 quae

1961 4928 2149 4986 mundi
2173 4934 2317 4995 sunt,
2333 4926 2552 4982 sectari.
2571 4924 2812 4982 Vidisses
2832 4924 3077 4997 profecto
3101 4925 3229 4981 hinc
3249 4925 3375 4981 inde
3396 4927 3551 4996 quasi

1964 5021 2192 5078 aedilicia
2219 5019 2456 5080 caelestis
2481 5021 2672 5090 patriae
2695 5033 3020 5091 consurgere
3043 5019 3112 5076 ad
3135 5033 3382 5075 normam
3406 5019 3550 5076 illius

1964 5114 2220 5182 civitatis,
2265 5129 2428 5186 quam
2473 5129 2632 5185 supra
2681 5113 3137 5169 commemoravi:
3172 5127 3291 5184 qua:
3336 5127 3552 5186 semper

1964 5208 2140 5280 vergit
2171 5206 2240 5263 ad
2283 5215 2557 5273 austrum,
2585 5213 2642 5261 et
2675 5205 2947 5262 mensuris
2972 5205 3286 5263 cmlestibus
3306 5206 3546 5274 metitur,

1962 5311 2018 5358 et
2045 5316 2154 5358 non
2180 5301 2436 5357 humanis
2475 5301 2530 5356 in
2561 5298 2760 5355 saeculo
2800 5298 3076 5356 dilatatur.
3119 5298 3362 5356 Vidisses
3389 5297 3548 5354 hodie

1961 5401 2142 5451 turres
2175 5393 2374 5450 ibidem
2412 5400 2469 5450 et
2509 5391 2913 5465 propugnacula
2939 5391 3063 5448 ﬂdei
3089 5380 3263 5464 usque
3287 5392 3356 5450 ad
3380 5391 3550 5449 caelos

1961 5555 2048 5612 cui
2076 5551 2474 5624 superbiam_et
2503 5558 2771 5624 tumorem
2797 5558 2989 5624 auctor
3020 5549 3111 5606 hic
3128 5549 3548 5624 videtur-impu-

1960 5636 2098 5692 tare,
2137 5620 2356 5695 tametsi
2386 5620 2924 5695 Warinutnegregie
2953 5631 3296 5680 commendat
3337 5620 3548 5680 libellus

1956 5698 2024 5755 de
2057 5694 2408 5755 translatione
2431 5693 2608 5754 sancti
2634 5693 2780 5758 Viti.
