4122 6324
322 321 454 378 1597

988 321 1076 376 DE
1117 318 1273 376 VITA
1312 317 1563 388 WALE,
1606 318 1737 376 SEU
1782 320 2207 378 EPITAPHIUM
2247 318 2547 380 ARSENII.
2583 350 2655 364 --
2688 318 2817 378 LIB.
2858 325 2897 379 l.

3443 329 3467 384 1
3480 316 3584 386 398

324 456 340 487 ι
376 434 650 505 Alioquin,
675 432 1163 505 aiebat,quomodo
1178 436 1439 491 rationem
1462 449 1563 505 pro
1580 433 1763 506 aliquo
1787 433 1901 490 red-
1927 438 1980 500 Α
2006 438 2257 511 luptatis;
2291 440 2421 496 nulli
2467 439 2664 496 ledere
2713 452 2806 495 reo
2845 452 3010 495 ausus
3047 454 3147 510 pro
3175 440 3426 509 veritate,
3456 445 3587 500 nulli

317 530 527 587 diturus
557 545 671 595 ero,
704 529 809 586 nisi
830 538 885 585 et
905 538 1227 601 potestatem
1253 529 1336 586 sui
1361 528 1627 600 corporis,
1651 538 1705 587 et
1723 529 1910 586 volun-

315 635 482 682 tatem
496 624 699 697 proprii
721 622 928 687 arbitrii
947 626 1077 680 mihi
1100 625 1403 696 relinquat?
1428 624 1573 695 quod
1603 625 1651 681 si
1669 624 1784 696 ipse
1805 624 1905 680 sibi

315 721 370 776 in
401 734 498 776 sua
524 733 584 774 se
612 718 899 774 retinuerit
942 726 1209 788 potestate
1234 717 1321 773 vel
1358 716 1655 783 voluntate,
1693 715 1907 772 noverit

315 812 578 870 rationem
596 825 653 867 se
668 810 1027 877 redditurum,
1047 824 1151 865 non
1168 808 1341 865 solum
1364 824 1463 879 pro
1490 809 1603 865 suis
1617 809 1905 864 verborum

316 913 411 959 aut
440 902 829 973 cogitationum
865 900 950 955 vel
995 908 1267 972 gestorum
1311 897 1500 967 factis,
1526 915 1714 956 verum
1741 899 1905 954 etiam

314 996 439 1068 quia
469 1006 657 1051 contra
685 991 1079 1064 professionem
1112 992 1429 1048 monasticae
1468 991 1600 1064 legis
1638 992 1691 1047 in
1720 1007 1816 1047 sua
1848 1007 1905 1048 se

314 1086 543 1142 retinuit
570 1092 837 1156 potestate
863 1084 946 1138 vel
971 1083 1251 1139 voluntate
1278 1083 1474 1139 cordis.
1525 1080 1699 1138 Tanto
1725 1081 1904 1153 profe-

315 1189 423 1245 cto,
462 1178 733 1248 inquiens,
780 1176 921 1231 liber
961 1189 1085 1241 ero,
1134 1185 1340 1245 quanto
1388 1191 1495 1231 non
1546 1174 1678 1231 mihi
1721 1174 1905 1231 debita

313 1278 557 1342 potestas
581 1282 842 1325 concessa
876 1273 1079 1330 manet,
1108 1281 1285 1337 neque
1310 1265 1559 1322 voluntas
1585 1265 1666 1321 sui
1695 1265 1905 1321 relaxa-

315 1375 407 1417 tur
433 1361 664 1416 arbitrii.
694 1361 948 1415 Attamen
978 1373 1313 1428 quaecunque
1341 1367 1551 1430 potero,
1577 1358 1903 1414 charitative

312 1452 807 1522 superimpendam,
840 1460 900 1506 ut
944 1451 1013 1507 de
1041 1459 1310 1522 potestate
1352 1460 1407 1507 et
1447 1451 1721 1506 voluntate
1767 1450 1904 1506 liber

313 1543 582 1609 inveniar,
613 1558 684 1598 ne
733 1551 827 1597 aut
867 1540 1235 1612 perfunctoria
1286 1542 1443 1596 fallar
1489 1550 1776 1611 potestate,
1810 1549 1904 1596 aut

310 1637 588 1692 voluntate
620 1650 753 1692 mea:
780 1635 1204 1691 consectationis
1235 1634 1495 1704 decipiar.
1519 1654 1539 1687 ι
1570 1634 1720 1690 Bone
1749 1630 1898 1700 Jesu,

310 1740 512 1803 quanta
540 1731 719 1786 ovium
750 1744 880 1785 cura
927 1737 983 1783 et
1020 1726 1385 1783 sollicitudine
1412 1726 1718 1787 animarum
1750 1726 1901 1781 inde-

2011 530 2390 588 contradicere'
2420 539 2742 597 consuetus;
2778 529 3020 585 arridere
3048 532 3319 599 omnibus,
3348 534 3586 592 nullum-

2009 640 2117 696 que
2162 624 2515 694 redarguere;
2545 622 2649 680 sibi
2697 623 2915 693 quidem
2943 620 3145 689 vivere,
3190 626 3293 681 sibi
3342 637 3590 698 sumptus

2009 715 2191 773 facere
2214 735 2228 771 :
2252 726 2307 772 et
2340 731 2466 773 ecce
2507 717 2653 771 hunc
2697 730 2887 772 omnes
2936 714 3296 784 benedicunt,
3325 728 3512 775 amant
3535 729 3602 777 et

2008 808 2328 880 glorificant.
2358 806 2466 863 Nos
2510 816 2693 862 autem
2740 807 3001 863 denotare
3029 823 3190 878 quam
3236 810 3407 866 simus
3436 824 3607 882 agrea

2008 908 2118 956 Stes
2139 908 2490 964 consuerunt,
2519 914 2682 970 quam
2704 899 2853 965 saevi,
2877 913 3038 968 quam
3065 902 3268 965 tristes,
3292 915 3454 971 quam
3485 912 3599 957 truo

2005 993 2227 1058 culenti,
2248 1008 2410 1063 quam
2432 999 2671 1057 tenaces,
2689 1005 2850 1061 quam
2871 999 3189 1048 caeterorum
3216 986 3589 1051 infamatores.

2005 1083 2150 1156 Ergo
2180 1083 2378 1139 talibus
2405 1085 2531 1139 dum
2559 1082 3237 1148 studemusb‘satislacere,
3256 1086 3588 1142 conterimus

2004 1177 2061 1234 in
2103 1177 2396 1247 quaerendo
2442 1176 2642 1243 vitam,
2696 1184 2941 1243 aetatem;
2993 1183 3049 1232 et
3100 1177 3345 1248 capimus
3391 1178 3460 1234 ab
3504 1180 3591 1236 his

2003 1270 2189 1326 odium
2217 1270 2485 1325 interdum
2512 1283 2613 1341 pro
2634 1268 3067 1333 fructu-laboris,
3083 1269 3210 1324 dum
3238 1269 3353 1325 suis
3372 1271 3592 1340 potiun-

2005 1368 2096 1416 tur
2118 1362 2418 1417 commodis
2440 1377 2456 1414 :
2483 1375 2684 1431 eosque
2704 1371 2893 1415 amant
2913 1360 3095 1415 ceteri
3121 1374 3186 1416 ac
3207 1360 3460 1433 diligunt,
3487 1377 3592 1419 nos

2004 1469 2219 1527 quoque
2266 1455 2515 1527 fugitant,
2566 1455 2809 1526 talesque
2855 1463 2917 1510 ut
2955 1455 3171 1521 vivant,
3220 1463 3431 1526 optant.
3480 1455 3591 1512 illis

2002 1549 2219 1621 quidem
2250 1564 2345 1606 sua
2368 1550 2595 1607 credunt
2621 1548 2867 1615 consilia,
2898 1549 3041 1621 apud
3063 1564 3158 1605 eos
3186 1564 3285 1606 sua
3310 1563 3589 1607 commen-

2004 1637 2134 1699 dant
2180 1652 2610 1700 votaznostram
2657 1652 2838 1699 autem
2892 1653 3208 1716 exspectant
3248 1652 3502 1709 mortem,
3534 1652 3591 1700 et

2002 1734 2205 1793 liberos
2258 1751 2317 1792 se
2372 1738 2699 1807 promittunt
2754 1736 2987 1803 futuros,
3021 1736 3067 1792 si
3111 1736 3433 1792 desierimus
3484 1736 3587 1792 ista

310 1826 551 1881 sinenter
576 1821 928 1887 afﬁciebatur,
957 1836 1101 1876 nunc
1141 1819 1469 1892 generaliter
1498 1818 1755 1874 erudiens
1783 1832 1901 1874 om-
1927 1808 1978 1870 Β
2003 1828 2239 1899 culpare,
2264 1844 2328 1885 ac
2350 1828 2512 1886 nullis
2531 1844 2626 1885 eos
2655 1828 2984 1900 redarguere,
3010 1843 3170 1901 posse
3197 1826 3405 1884 ofﬁciis,
3437 1824 3591 1884 Unde

309 1932 426 1979 nes,
455 1931 597 1971 nunc
628 1913 940 1985 specialiter
973 1927 1203 1968 monens
1231 1911 1505 1983 singulos;
1537 1911 1681 1966 hune
1714 1909 1898 1976 minis,

308 2009 453 2064 hunc
500 2005 869 2063 doctrinarum
919 2003 1185 2060 deliniens
1239 2003 1655 2058 blandimentis!
1714 2002 1897 2069 istum,

302 2086 458 2173 juxta
486 2101 628 2172 quod
665 2098 934 2169 Propheta
973 2097 1148 2154 dicit:
1177 2094 1465 2167 Infrenabo
1503 2106 1552 2152 te
1590 2097 1752 2153 laude
1784 2116 1901 2155 mea

309 2192 444 2265 (lsa.
473 2207 659 2255 vam,
683 2190 771 2260 9);
800 2189 956 2260 quasi
977 2188 1280 2243 adniaterie
1302 2188 1551 2243 laudibus
1573 2189 1892 2255 revocabat;

308 2266 461 2340 illum
492 2280 821 2352 reprimebat
846 2280 1109 2337 conviciis
1135 2297 1149 2334 :
1173 2294 1362 2335 omnes
1393 2282 1575 2334 tamen
1620 2279 1735 2336 suis
1760 2294 1901 2336 sem-

306 2392 405 2448 per
447 2374 778 2447 provocabat
807 2372 1092 2444 exemplis.
1138 2372 1308 2427 Eraut
1337 2380 1527 2427 autem
1553 2371 1721 2427 verba
1759 2372 1899 2441 ejus,

306 2478 367 2524 ut
396 2467 533 2534 dixi,
562 2466 715 2536 quasi
745 2465 881 2521 clavi
913 2464 1078 2520 defixi
1101 2464 1157 2519 in
1181 2464 1348 2518 altum
1375 2472 1473 2519 :et
1492 2463 1621 2519 dum
1650 2463 1902 2520 omnibus

307 2564 635 2630 proponeret
661 2556 717 2611 in
756 2564 1052 2621 conventu,
1074 2555 1362 2610 videbatur
1407 2554 1704 2625 unicuique
1742 2556 1895 2625 quasi

307 2648 598 2722 specialius
619 2647 799 2703 aﬂ‘ari.
822 2645 973 2701 Nihil
994 2648 1141 2702 enim
1162 2662 1230 2702 ex
1250 2647 1397 2702 omni
1422 2654 1681 2702 contextu
1704 2647 1900 2719 regulae

306 2741 619 2812 relinquens
662 2739 954 2801 intactum,
1000 2736 1139 2792 nihil
1184 2736 1585 2803 indiscussum;
1615 2737 1718 2793 etsi
1770 2737 1898 2806 quid

307 2846 497 2890 omnes
537 2830 681 2902 quod
718 2829 903 2885 minus
927 2835 1170 2901 agerent,
1204 2828 1525 2895 invenisset,
1556 2828 1686 2884 illud
1711 2844 1899 2886 coram

307 2927 492 2983 multis
513 2941 790 2998 apponens
812 2923 1177 2989 suasionibus,
1199 2924 1419 2990 divinis,
1437 2924 1685 2995 quamvis
1707 2938 1898 2995 parum

307 3020 605 3084 videretur,
651 3033 762 3073 non
816 3015 1092 3088 negligere
1139 3016 1553 3073 commendabat
1604 3017 1895 3073 mandatis.

308 3112 462 3179 Quod
489 3113 535 3168 si
562 3110 831 3183 quispiam
857 3124 921 3165 ex
955 3109 1207 3166 omnibus
1232 3118 1433 3166 sancta:
1475 3110 1677 3180 regula:
1705 3110 1889 3166 verbis

2004 1917 2050 1974 si
2077 1917 2304 1974 velimus
2344 1918 2507 1974 istum
2543 1918 2788 1984 laudare,
2813 1933 2873 1973 se
2896 1932 3112 1988 quoque
3141 1917 3465 1988 reprehendi
3490 1933 3581 1989 pu~

2004 2016 2140 2064 tant.

2576 2099 2806 2158 CAPUT
2856 2099 3020 2156 XXII.

2632 2209 2964 2252 ρΑεοηΔειῠε.

2073 2284 2222 2350 Age,
2258 2299 2393 2356 age,
2444 2299 2588 2341 nunc
2640 2286 2990 2356 experiamur
3040 2292 3264 2341 econtra
3315 2285 3590 2357 quidpiam

2000 2373 2197 2431 blande
2240 2374 2285 2430 si
2314 2375 2587 2446 possimus
2615 2375 2817 2442 dicere,
2847 2384 2943 2430 aut
2968 2376 3200 2447 benigne
3246 2375 3459 2444 facere;
3504 2378 3589 2433 sin

2001 2473 2218 2532 autem,
2254 2480 2562 2537 quaaramus
2605 2482 2706 2546 nos
2742 2483 2775 2523 a
2814 2467 3015 2523 nostris
3059 2468 3324 2533 reamari;
3371 2476 3426 2525 et
3469 2484 3590 2539 qua!

2002 2559 2161 2630 digna
2209 2567 2335 2615 sunt
2385 2558 2564 2626 laude,
2610 2560 2995 2616 commendare
3034 2561 3289 2631 posteris,
3320 2562 3485 2617 etiam
3532 2570 3589 2617 et

2001 2650 2107 2706 ista
2144 2648 2343 2716 dando,
2370 2651 2752 2721 obsequendo,
2782 2651 3081 2716 suadendo,
3114 2650 3386 2718 diligendo
3414 2659 3587 2707 tente—

2000 2756 2123 2797 mus
2148 2740 2408 2808 emollire,
2433 2751 2493 2797 ut
2515 2751 2572 2799 et
2602 2742 2743 2799 bona
2766 2742 3013 2813 diligant.
3034 2742 3284 2812 quamvis
3312 2750 3587 2813 nequeant

1998 2831 2238 2900 imitari,
2268 2841 2363 2889 aut
2408 2832 2615 2900 nolint;
2645 2842 2702 2889 et
2748 2849 2869 2904 quae
2910 2833 3268 2905 proponimus
3314 2833 3582 2897 veritatis.

2000 2938 2109 2980 non
2140 2934 2418 2995 spernant.
2452 2926 2535 2981 An
2564 2942 2673 2983 non
2716 2926 2914 2983 recolis
2938 2934 3015 2992 tu,
3048 2926 3178 2997 quid
3202 2926 3465 2984 Arrenius
3490 2942 3586 2983 no-

1999 3022 2113 3073 ster
2140 3018 2333 3088 egerit,
2361 3019 2578 3088 quando
2606 3019 2829 3089 quidam
2858 3033 2890 3074 e
2916 3018 3123 3075 nostris
3154 3016 3376 3073 alterius
3401 3018 3589 3089 praela-

1998 3109 2201 3165 tionem
2235 3109 2481 3167 invidens
2510 3112 2784 3177 tumebat,
2818 3112 2946 3167 dum
2981 3126 3041 3167 se
3064 3110 3322 3167 vilissima
3350 3111 3587 3173 obsitum

307 3203 509 3274 aliquid
530 3202 801 3259 excedens
819 3216 927 3257 non
949 3200 1327 3271 satisfaceret,
1351 3203 1498 3259 hunc
1518 3217 1727 3271 coram,
1750 3205 1895 3259 hunc
1919 3183 1969 3249 ο
1999 3201 2210 3257 cuculla
2280 3201 2496 3258 hiemali
2570 3203 2942 3274 conspiceret,
3017 3214 3248 3273 eumque
3318 3203 3587 3272 anteposi-

308 3301 571 3357 secretius
598 3300 878 3370 arguebat,
909 3307 965 3354 et
992 3298 1107 3353 sale
1132 3298 1420 3354 condiebat
1441 3298 1721 3353 doctrinae.
1752 3297 1897 3352 Nihil

308 3392 457 3446 enim
500 3389 941 3458 parvipendebat,
993 3388 1090 3444 sed
1140 3388 1368 3443 salutem
1415 3388 1722 3441 animarum
1773 3394 1899 3443 ante

309 3479 491 3537 omnia
512 3486 568 3533 et
590 3491 754 3549 super
778 3478 960 3532 omnia
983 3492 1204 3550 gerens,
1227 3476 1391 3531 etiam
1417 3474 1640 3529 minima
1672 3489 1900 3545 quaeque

309 3585 520 3629 summa
563 3585 629 3624 ac
669 3569 938 3639 praecipua
977 3569 1277 3639 judicabat.
1323 3567 1514 3623 Omnis
1546 3582 1676 3639 ergo
1718 3581 1898 3624 sermo

309 3662 426 3732 ejus
450 3660 562 3717 sale
588 3660 839 3716 conditus
861 3665 982 3715 erat
1006 3677 1019 3713 :
1045 3658 1252 3714 idcirco
1276 3665 1371 3713 aut
1394 3656 1623 3713 curabat
1653 3657 1895 3727 vulnera,

309 3771 379 3812 ne
429 3753 691 3810 morbidis
742 3752 952 3809 actibus
999 3767 1133 3822 grex
1179 3753 1415 3824 periret;
1469 3760 1564 3806 aut
1608 3750 1897 3806 sanitatem

309 3845 621 3902 custodiens
665 3844 990 3907 animarum,
1024 3843 1281 3899 virtutem
1332 3842 1532 3898 animis
1579 3843 1893 3898 inserebat:

307 3946 370 3991 ut
407 3950 623 4006 semper
647 3949 778 3991 oves
807 3932 910 3990 sibi
939 3934 1245 3990 commissae
1275 3936 1328 3989 in
1362 3935 1549 3990 herbis
1596 3935 1899 3991 virentibus

308 4030 694 4085 accumberent
728 4026 882 4097 juxta
913 4043 1178 4099 aquarum
1204 4028 1400 4094 fontes,
1431 4037 1488 4085 et
1525 4030 1653 4084 inde
1680 4029 1900 4083 uberius

307 4120 753 4190 pinguescerent;
785 4135 1031 4190 quosque
1058 4120 1338 4191 corporeis
1361 4120 1698 4192 provocabat
1733 4120 1899 4176 etiam

308 4210 607 4275 beneﬁciis,
636 4219 697 4267 ut
728 4212 1068 4268 custodirent
1094 4212 1269 4283 legem
1306 4212 1529 4284 reguke,
1560 4221 1614 4269 et
1645 4214 1898 4268 mandata

307 4302 510 4359 Christi
539 4303 910 4374 exquirerent.

970 4410 1227 4453 εεγκιιυε.

378 4490 606 4558 Quidam
636 4490 714 4545 ait
735 4502 785 4553 ει,
817 4490 962 4558 quod
997 4504 1271 4558 nunquam
1324 4490 1399 4544 ita
1426 4489 1717 4559 quisquam
1762 4490 1899 4545 bene

309 4582 571 4639 subducta
600 4582 815 4637 ratione
857 4580 925 4634 ad
971 4581 1139 4635 vitam
1186 4579 1308 4645 fuit,
1338 4582 1424 4637 cui
1454 4597 1561 4636 non
1599 4596 1712 4647 res,
1742 4590 1896 4647 aetas,

308 4692 438 4733 usus
463 4692 679 4746 semper
704 4682 954 4746 apportet
988 4674 1111 4729 novi
1140 4671 1369 4742 aliquid,
1401 4680 1455 4728 et
1480 4683 1699 4729 moneat
1725 4680 1785 4728 ut
1811 4672 1899 4729 illa

307 4786 427 4841 quae
472 4778 527 4825 te
570 4769 711 4825 scire
754 4769 964 4832 credas,
996 4767 1243 4832 nescias;
1278 4774 1329 4821 et
1368 4781 1490 4836 quae
1530 4766 1627 4821 tibi
1676 4775 1900 4837 putaras

306 4862 504 4931 prima,
529 4860 583 4915 in
609 4859 936 4930 experiendo
958 4858 1232 4930 repudies,
1255 4859 1398 4928 quod
1420 4858 1579 4914 nobis
1600 4859 1733 4914 satis
1754 4874 1901 4915 nunc

309 4950 597 5006 dolendum
636 4950 835 5005 evenit.
888 4948 1022 5004 Nam
1053 4964 1154 5005 nos
1184 4950 1351 5004 vitam
1397 4949 1591 5005 duram
1620 4949 1750 5007 olim
1791 4967 1897 5021 qua

307 5043 542 5097 viximus
585 5056 709 5097 cum
753 5057 850 5106 eo,
880 5055 1050 5111 prope
1090 5041 1203 5113 jam
1245 5056 1477 5097 excurso
1507 5044 1684 5113 spatio
1715 5043 1901 5098 amisi-

309 5151 449 5191 mus.
499 5134 860 5202 Quamobrem
891 5150 1006 5190 rem
1038 5134 1213 5206 ipsam
1251 5136 1365 5207 jam
1408 5151 1696 5191 censemus
1726 5135 1892 5194 facili~

311 5237 538 5284 tate:et
589 5222 724 5283 nihil
770 5244 892 5284 esse
917 5227 1123 5283 homini
1170 5229 1385 5293 melius,
1402 5228 1560 5297 juxta
1608 5231 1900 5300 proverbia

310 5321 643 5388 Salomonis,
674 5339 840 5394 quam
892 5322 1099 5378 deliciis
1146 5320 1288 5377 alllui
1343 5322 1608 5395 [afﬂuere]
1633 5365 1647 5388 ,
1681 5331 1736 5380 et
1788 5325 1901 5381 suis

309 5414 601 5484 unicuique
626 5412 732 5468 frui
763 5414 1057 5469 laboribus.
1101 5412 1257 5480 Quod
1281 5428 1427 5470 nunc
1456 5429 1617 5470 nosse
1640 5413 1898 5485 perfacile

309 5514 414 5571 cst,
442 5508 657 5576 quando
684 5505 879 5577 aliquis
916 5521 1070 5561 suam
1101 5520 1315 5577 semper
1341 5507 1454 5579 agit
1480 5507 1646 5562 vitam
1679 5508 1730 5563 in
1760 5508 1895 5576 otio,

309 5596 365 5651 in
400 5597 686 5664 conviviis,
720 5596 961 5652 clemens
992 5595 1095 5651 sibi
1136 5603 1188 5652 et
1233 5596 1480 5668 placidus
1520 5607 1605 5654 est
1640 5598 1766 5654 luxu
1799 5614 1897 5654 vo-

384 5721 412 5752 α
442 5709 661 5765 Terent.
696 5710 749 5764 in
781 5709 1032 5781 Adelph.,
1064 5716 1172 5765 act.
1206 5726 1281 5777 iV,
1314 5727 1389 5766 sc.
1418 5711 1473 5767 4.

382 5781 413 5822 ὶ)
441 5781 521 5836 Ex
550 5781 635 5838 his
663 5781 893 5855 aliisque
919 5781 1102 5838 verbis
1129 5782 1408 5857 coniector
1433 5783 1692 5861 Severum
1725 5781 1896 5841 fuisse

1926 4549 1978 4609 D

2002 3302 2118 3350 tum
2138 3295 2161 3347 ?

2662 3400 2914 3445 SEVERUS.

2075 3477 2275 3534 Recolo
2321 3478 2501 3549 plane,
2526 3486 2582 3534 et
2616 3480 2751 3534 satis
2784 3478 3125 3544 reminiscor,
3161 3476 3417 3548 quoniam
3459 3493 3585 3534 mox

2001 3568 2070 3625 de
2104 3584 2199 3625 sua
2229 3570 2464 3626 utilitate
2506 3571 2715 3626 invenit
2744 3571 3092 3625 antidotum.‘
3117 3569 3350 3625 lnduens
3374 3584 3504 3641 ergo
3528 3584 3586 3626 se

2003 3662 2211 3719 cuculla
2240 3663 2429 3733 optimi
2462 3663 2819 3735 subtegminis
2862 3663 3133 3734 praecipua
3154 3702 3169 3727 ,
3200 3669 3321 3732 post
3346 3662 3584 3718 triduum

1995 3754 2110 3825 jam
2139 3753 2230 3809 illo
2254 3755 2566 3810 vaniscente
2592 3762 2804 3810 tumore
2822 3794 2837 3819 ,
2868 3753 3022 3809 fratri
3055 3754 3213 3809 Pater
3241 3755 3433 3809 obvius
3481 3770 3576 3811 ve-

2002 3847 2112 3905 nit.
2143 3847 2463 3917 irruensque
2508 3861 2673 3917 super
2720 3846 2917 3902 collum
2970 3845 3087 3916 ejus
3134 3845 3584 3914 deosculabatur;

2002 3939 2383 4011 accipiensque
2411 3947 2607 3995 exutus
2638 3938 2814 3994 induit
2858 3952 2982 3993 eum
3023 3937 3232 3993 cuculla
3268 3952 3381 4000 sua,
3419 3935 3589 3994 illius-

2003 4046 2107 4100 que
2162 4031 2397 4086 vestivit.
2460 4028 2718 4100 Tuncque
2782 4028 2954 4085 frater
3001 4028 3275 4084 blanditiis
3334 4027 3589 4085 delinitur

2003 4123 2219 4187 alacris,
2246 4136 2520 4191 sanusque
2550 4120 2793 4177 recessit.
2833 4118 2968 4174 Tum
3000 4134 3165 4190 porro
3197 4120 3358 4174 Pater
3380 4118 3580 4190 gloria-

2003 4215 2166 4271 batur
2192 4215 2299 4278 sui,
2320 4212 2721 4282 jucundabatur
2760 4212 2936 4279 illius;
2968 4226 3034 4266 eo
3060 4211 3204 4282 quod
3236 4210 3397 4266 talem
3431 4209 3585 4284 [tale]

2005 4306 2296 4376 reperisset
2325 4305 2566 4361 vulneris
2594 4304 3071 4369 medicamentum,
3095 4318 3205 4373 quo
3244 4310 3298 4359 et
3334 4302 3438 4358 sibi
3474 4317 3587 4358 me-

2008 4402 2193 4466 ritum,
2225 4400 2300 4454 illi
2335 4413 2550 4469 quoque
2582 4400 2792 4454 sanitas
2818 4406 3128 4468 augeretur.
3181 4397 3359 4453 Multis
3404 4399 3591 4470 itaque

2004 4493 2193 4546 diebus
2232 4491 2320 4545 illa
2369 4492 2587 4545 indutus
2632 4497 2805 4556 veste,
2832 4499 3072 4545 nostram
3105 4490 3457 4546 conveniebat
3498 4506 3597 4547 su-.

2003 4583 2267 4653 perbiam,
2316 4582 2409 4651 qui
2455 4581 2522 4635 de
2577 4581 2765 4636 habitu
2820 4580 3128 4652 pretiosiori
3179 4594 3581 4650 nonnunquam,

2007 4674 2147 4728 unde
2180 4688 2278 4727 nos
2309 4673 2582 4727 humiliari
2609 4682 2955 4747 congrueret,
2984 4672 3314 4729 extollimur.
3341 4674 3589 4731 Imitatus

2002 4776 2086 4821 est
2114 4780 2242 4838 ergo
2268 4780 2541 4821 summum
2589 4764 3058 4836 patremfamilias,
3087 4765 3177 4836 qui
3209 4766 3454 4821 redeunti
3478 4764 3588 4822 lilio

2000 4857 2152 4927 prior
2176 4855 2433 4921 occurrit,
2464 4870 2697 4925 eumque
2744 4856 2880 4910 stola
2922 4855 3096 4925 prima
3128 4854 3313 4911 vestiri
3339 4853 3499 4922 fecit;
3528 4863 3591 4911 ut

2000 4947 2240 5003 charitas
2266 4945 2523 5001 invitaret
2546 4947 2612 5002 ad
2641 4961 2904 5012 amorem,
2936 4960 3095 5017 quem
3123 4945 3281 5000 luxus
3310 4944 3590 5017 expulerat

2006 5039 2070 5093 ad
2114 5038 2384 5094 exsilium.
2418 5038 2559 5094 Ecce
2591 5038 2644 5093 in
2678 5054 2785 5094 uno
2825 5038 3123 5108 eodemque
3152 5037 3296 5094 facto
3330 5037 3431 5093 tria
3461 5052 3590 5093 con-

2004 5131 2299 5202 sPeximus,
2334 5131 2655 5186 medicinam
2701 5129 2904 5196 fratris,
2930 5128 3106 5185 Patris
3134 5138 3502 5202 augmentum,
3530 5137 3589 5184 et

2005 5224 2245 5279 omnium
2275 5232 2520 5278 nostrum
2552 5221 2831 5295 religionis
2862 5221 3190 5294 exemplum.
3219 5221 3325 5278 Sed
3356 5223 3479 5292 quia
3509 5232 3589 5277 ta-

2004 5315 2082 5370 les
2108 5330 2215 5371 non
2245 5328 2451 5377 sumus,
2482 5311 2638 5368 valde
2666 5312 2823 5368 nobis
2850 5312 3337 5383 iugemiscendum,
3367 5313 3491 5383 quia
3519 5312 3588 5368 de

2006 5410 2327 5468 cultioribus
2348 5411 2475 5465 dum
2497 5407 2830 5464 delectamur
2854 5409 3036 5475 rebus,
3064 5408 3231 5465 etiam
3257 5424 3288 5463 a
3314 5405 3588 5463 saeculari-

2003 5504 2107 5559 bus
2155 5503 2515 5575 despicimur.
2546 5501 2791 5573 profecto
2821 5502 2949 5575 quia
2976 5501 3156 5558 sciunt
3184 5501 3313 5573 quid
3341 5515 3461 5556 esse
3488 5500 3584 5554 tle-

2004 5596 2239 5651 buimus.

2002 5713 2278 5840 watem,
2327 5725 2397 5767 an
2448 5709 2784 5777 Heddouem,
2824 5709 2915 5781 qui
2949 5709 3236 5767 Corbeiam
3285 5705 3421 5765 rexit
3465 5713 3587 5777 post

2077 5798 2107 5839 a
2131 5798 2241 5839 am.

2077 5798 2160 5839 ala
2168 5798 2241 5839 Ill.
