4122 6324
504 295 642 357 1609

1062 403 1290 463 CAPUT
1339 399 1525 467 XXIII.

1128 509 1464 554 Αυεοωτυδ.

1323 291 1384 349 S.
1411 285 1778 347 .PASCHASII
1819 279 2163 340 BADBERTI
2200 278 2493 337 ABBATIS
2525 277 2976 336 CORBEIENSIS

3648 285 3792 342 lGOO

2115 389 2474 463 Aprodigum
2521 389 2692 445 ﬁlium
2734 397 3118 457 revertentem,
3164 391 3637 465 exsultantemque
3684 411 3790 468 pa-

2195 493 2353 540 trem.
2404 481 2595 539 Flebat
2623 498 2754 555 ergo
2782 482 3029 562 illegprze
3077 485 3300 556 gaudio,
3331 485 3495 543 ﬂebat
3536 499 3594 544 et
3645 489 3795 548 ﬁlius

573 597 763 662 Mirer,
788 608 914 653 cum
950 597 1114 649 tanta:
1141 587 1427 646 charitatis
1467 583 1635 641 fuerit
1662 589 1934 652 tantasque
1959 592 2089 636 san-
2187 576 2300 648 jam
2328 574 2749 632 mansuefactus.
2798 575 2934 631 Nam
2983 584 3040 632 et
3069 591 3170 648 ego
3203 579 3341 633 cum
3389 579 3648 654 vidissem
3694 596 3794 638 eos

503 688 742 755 ctitatis,
770 701 870 742 cur
897 684 1061 740 etiam
1089 679 1381 752 aliquando
1418 678 1574 749 quasi
1622 675 1988 733 summitatem
2015 673 2094 730 la-

503 779 632 837 cinii
663 776 1020 849 praecidentes
1059 773 1126 830 de
1157 787 1254 827 ora
1303 768 1627 843 chlamydis,
1658 775 1935 824 austerum
1967 779 2092 821 eum

505 871 675 929 fuisse
717 883 813 926 seu
841 867 1040 924 durum
1085 864 1364 922 inculcant
1391 881 1404 918 :
1430 860 1736 934 prtesertim
1766 873 1890 915 cum
1921 858 1975 913 in
2007 872 2093 913 re-

505 964 668 1038 liquis
696 963 820 1019 vitae
848 959 1142 1018 virtutibus
1170 957 1356 1014 multis
1385 954 1634 1012 attollant
1664 951 1951 1010 laudibus?

1133 1064 1381 1108 PASCKASI
1389 1064 1474 1106 US.

577 1149 656 1208 Ne
680 1149 918 1216 mireris,
948 1161 1155 1219 quaeso,
1182 1143 1329 1217 quod
1378 1158 1446 1199 ex
1491 1141 1782 1214 Evangelio
1828 1157 2094 1216 recogno-

505 1245 633 1303 scis.
661 1243 817 1319 .Nam
841 1243 996 1316 piger
1021 1256 1214 1299 servus
1242 1239 1525 1296 dominum
1555 1240 1750 1296 durum
1778 1250 1956 1308 vocat,
1986 1256 2095 1297 non

505 1343 631 1415 quia
659 1342 826 1398 durus
855 1341 956 1407 sit;
983 1339 1079 1396 sed
1105 1339 1261 1412 piger
1299 1352 1512 1405 servus,
1543 1337 1671 1408 quia
1710 1346 1890 1408 torpet
1921 1337 2096 1409 culpis

505 1435 844 1506 exigentibus
870 1434 1004 1500 suis,
1036 1433 1315 1489 dominum
1363 1431 1630 1488 infamare
1676 1432 1907 1489 laborat.
1957 1431 2097 1490 Hinc

505 1527 726 1582 redeant
771 1525 908 1581 tales
937 1525 1003 1581 ad
1030 1524 1444 1591 conscientiam,
1475 1539 1545 1580 ne
1571 1524 1713 1580 forte
1742 1524 1868 1581 dum
1897 1525 2095 1580 durum

506 1617 670 1673 istum
715 1615 1034 1686 praedicant,
1086 1615 1361 1672 atrociora
1403 1615 1508 1672 sibi
1554 1623 1785 1688 augeant
1826 1615 2012 1688 ﬂagra,
2043 1616 2107 1671 ei‘

505 1710 798 1766 vindictam
843 1709 1139 1767 cumulent.
1193 1708 1330 1766 Nam
1380 1709 1484 1766 etsi
1534 1709 1796 1766 Dominus
1839 1708 2096 1780 colligere

2192 669 2484 741 plurimum
2513 668 2724 735 ﬁentes,
2770 667 3044 735 infremui,
3096 670 3369 742 simulque
3419 671 3621 728 multas
3668 687 3798 743 per-

2195 763 2387 819 miscui
2415 761 2704 834 lacrymas,
2733 761 2846 819 Deo
2873 763 3079 834 gratias
3100 773 3346 836 agentes,
3371 779 3437 820 ac
3461 765 3510 821 si
3555 767 3622 821 de
3647 781 3796 821 mor-

2197 855 2302 910 tuis
2359 867 2482 908 eum
2546 854 2936 924 reciperemus.
2989 853 3139 910 Talis
3191 855 3393 927 quippe
3446 855 3624 912 Patris
3671 865 3800 912 erat

2145 961 2154 968 '
2195 946 2508 1009 austeritas,
2543 945 2671 1000 talia
2701 945 2915 1002 viscera
2959 947 3174 1019 rigoris,
3211 948 3336 1004 talis
3384 947 3658 1014 voluntas,
3709 958 3796 1005 ta-

2097 1073 2100 1114 ;
2194 1038 2366 1109 lisque
2393 1035 2637 1093 allectus.
2671 1037 2779 1093 Sed
2815 1053 2962 1094 nunc
2987 1053 3151 1109 quam
3195 1039 3383 1094 miseri
3427 1055 3636 1107 sumus,
3669 1042 3796 1112 qui-

2194 1132 2296 1188 bus
2329 1131 2587 1202 peccandi
2629 1130 2854 1187 libertas
2879 1133 3074 1187 datur!
3105 1132 3349 1203 alioquin
3383 1133 3425 1189 si
3454 1141 3582 1189 tunc
3628 1150 3796 1190 nemo

2195 1227 2414 1297 impune
2439 1226 2722 1296 peccabat,
2750 1235 2805 1282 et
2831 1235 3009 1283 tamen
3034 1227 3257 1284 recidivi
3281 1229 3575 1301 surgebant
3595 1245 3793 1296 casus;

2183 1329 2399 1394 ‘quanto
2428 1321 2603 1392 magis
2636 1336 2760 1377 cum
2792 1337 2938 1377 nunc
2962 1321 3118 1378 malis
3146 1321 3462 1378 blandimur
3492 1324 3716 1380 nostris.

2764 1460 2995 1518 CAPUT
3040 1460 3190 1516 XXV

2827 1589 3164 1630 ADEODATUS.

2267 1687 2338 1744 Ut
2383 1687 2564 1753 video,
2616 1686 2720 1743 iste
2769 1685 3025 1758 perfecta:
3062 1685 3349 1743 charitatis
3396 1686 3519 1753 fuit,
3575 1687 3668 1759 qui
3731 1689 3804 1744 ad

491 1793 732 1870 'dicitur,
785 1819 893 1875 quo
921 1820 1030 1861 non
1059 1804 1288 1877 sparsit,
1318 1804 1486 1874 exigit
1509 1819 1630 1861 cum
1661 1804 1845 1861 usuris
1871 1777 2097 1860 ubi—non

2201 1781 2346 1852 quod
2390 1778 2642 1836 Christus
2687 1777 2898 1845 dilexit,
2953 1777 3211 1849 diligebat
3240 1792 3396 1844 suos;
3450 1787 3506 1833 et
3551 1779 3695 1848 quod
3739 1778 3798 1834 in

504 1897 814 1954 seminavit.
867 1896 1010 1966 Quid
1056 1904 1217 1968 putas
1258 1906 1536 1952 austerum
1584 1911 1709 1953 eum
1753 1895 1944 1963 fuisSe,
1975 1910 2098 1951 cum

504 1987 625 2060 pius
653 2002 718 2043 ac
740 1987 890 2044 mitis
920 1987 1202 2057 probatur,
1231 1987 1335 2043 nisi
1369 1987 1497 2058 quia
1525 1987 1858 2058 torpentium
1884 1985 2100 2057 ignavia

505 2078 559 2134 id
581 2077 713 2134 facit
741 2080 1027 2135 severum?
1047 2077 1289 2134 Probant
1314 2078 1482 2150 igitur
1504 2092 1564 2134 se
1589 2077 1796 2150 pigros,
1819 2077 1912 2148 qui
1941 2077 2101 2148 sequi

505 2172 698 2229 nolunt
720 2191 734 2228 :
759 2189 991 2245 eumque
1028 2173 1223 2230 durum
1252 2182 1470 2240 vocant,
1501 2172 1594 2244 qui
1619 2172 1749 2228 vitia
1783 2171 1981 2228 leniter
2005 2173 2099 2228 vix

505 2263 850 2334 compressit,
880 2273 935 2320 et
980 2264 1048 2320 ad
1079 2264 1310 2320 virtutes
1338 2277 1438 2319 suo
1466 2262 1783 2334 provocavit
1826 2262 2095 2334 exemplo.

506 2356 758 2428 Alioquin
795 2357 844 2413 si
880 2357 1049 2414 durus
1093 2357 1340 2423 videtur,
1369 2357 1590 2414 duriora
1629 2365 1790 2412 erunt
1829 2364 2100 2413 tormenta

508 2449 815 2518 deceptoris
839 2466 853 2502 :
879 2449 1138 2521 quoniam
1158 2449 1295 2504 nihil
1321 2449 1428 2504 nisi
1454 2448 1585 2504 vitia
1616 2448 1874 2519 culpavit,
1906 2457 1963 2505 et
1988 2450 2102 2505 vir-

508 2549 652 2597 tutes
696 2539 898 2608 coluit,
926 2557 995 2597 ne
1037 2541 1294 2598 talentum
1333 2541 1434 2598 sibi
1481 2541 1737 2599 collatum
1777 2558 1981 2599 vacuus
2014 2559 2101 2600 re-

505 2642 768 2705 portaret.
817 2633 972 2702 Quod
1019 2634 1066 2690 si
1113 2632 1376 2690 Jeremias
1430 2635 1628 2690 talibus
1676 2644 1967 2706 pricesset,
1999 2651 2102 2693 nec

509 2723 730 2780 dubium
777 2723 908 2796 quin
961 2724 1149 2781 durior
1176 2725 1510 2796 culparetur,
1554 2727 1813 2797 quoniam
1859 2727 2098 2785 frontem

446 2839 454 2850 -
506 2813 625 2883 ejus
668 2814 928 2872 Dominus
963 2830 1150 2873 eorum
1195 2815 1464 2873 frontibus
1493 2817 1767 2874 duriorem
1817 2831 2096 2890 posuerat.

509 2903 694 2962 Luxus
718 2906 917 2978 quippe
959 2907 1222 2963 virtutum
1268 2909 1417 2965 viros
1445 2909 1610 2966 duros
1642 2909 1850 2981 judicat
1882 2928 2100 2984 semper

507 3007 565 3055 et
591 3008 853 3071 agrestes.
891 3000 1278 3057 Verumtamen
1306 3010 1411 3058 iste
1442 3002 1709 3076 benignus
1739 3020 1804 3060 ac
1827 3005 1948 3075 pius
1975 3006 2096 3075 fuit,

505 3091 599 3162 qui
646 3090 769 3162 plus
808 3090 930 3148 aliis
974 3108 1213 3165 unquam
1243 3109 1404 3164 quam
1435 3095 1540 3150 sibi
1569 3095 1812 3161 indulsit,
1843 3098 1938 3153 sed
1965 3099 2094 3154 vitia

506 3157 602 3242 aut
627 3157 905 3257 repressit,
934 3194 1028 3243 aut
1068 3157 1310 3245 funditus
1339 3203 1407 3244 ex
1437 3188 1594 3246 initio
1623 3157 1909 3248 resecavit.
1941 3193 2096 3252 Unde
2125 3157 2172 3222 θ

505 3277 551 3335 si
596 3279 763 3335 durus
801 3278 922 3346 fuit,
957 3279 1062 3336 illis
1104 3282 1312 3354 utique,
1353 3281 1445 3354 qui
1481 3297 1583 3340 nec
1618 3285 1896 3356 suppliciis
1925 3304 1954 3342 a
1982 3289 2097 3344 suis

507 3369 921 3428 reﬁectebantur
962 3373 1271 3442 conatibus,
1300 3389 1400 3431 nec
1425 3376 1666 3446 praemiis
1714 3377 2093 3446 moliebantur,

508 3477 740 3534 quorum
777 3464 1022 3535 profecto
1065 3481 1161 3522 cor
1205 3466 1669 3542 obtorpuerat,ut
1699 3483 1801 3526 nec
1825 3471 1964 3542 ejus,
1996 3488 2097 3528 nec

505 3552 710 3610 Christi
753 3555 840 3626 pia
869 3557 1072 3611 monita
1115 3557 1402 3623 sentirent,
1431 3559 1559 3629 quia
1594 3541 1901 3631 quibusque
1930 3561 2099 3616 inter-

509 3645 635 3702 dum
672 3645 792 3717 plus
825 3647 1043 3718 proficit
1081 3648 1242 3725 timor
1279 3664 1443 3720 quam
1480 3665 1655 3706 amor.
1704 3650 1843 3708 Hinc
1883 3668 2099 3725 quoque

508 3735 772 3808 scriptum
801 3749 884 3794 est
909 3756 922 3793 :
951 3724 1172 3794 Initium
1195 3740 1470 3808 sapientia:
1493 3742 1652 3796 timor
1680 3741 1897 3798 Domini
1921 3724 2094 3815 (Psal.

507 3827 620 3897 cx).
650 3828 717 3882 Et
744 3829 865 3885 ideo
889 3829 1153 3886 Arsenius
1180 3845 1324 3887 nunc
1351 3832 1536 3900 minis,
1563 3849 1708 3891 nunc
1733 3835 1928 3908 plagis,
1957 3855 2099 3896 nunc

509 3933 689 3976 rerum
737 3921 1038 3989 beneﬁciis,
1064 3938 1209 3979 nunc
1254 3923 1467 3980 blandis
1497 3927 1945 3996 persuasionibus
1974 3946 2099 4003 age-

507 4011 616 4075 bat,
647 4020 706 4067 ut
749 4012 886 4068 ﬁlios
920 4028 1020 4069 nos
1063 4013 1371 4086 adoptionis
1419 4015 1620 4072 Christi
1664 4017 1888 4076 faceret.
1940 4021 2100 4079 Omni

508 4120 745 4176 namque
781 4104 1045 4162 industria
1075 4116 1130 4162 et
1162 4109 1460 4179 sagacitate
1487 4111 1715 4165 curabat
1739 4114 1884 4168 circa
1912 4115 2100 4188 singu-

509 4195 613 4259 los,
643 4209 713 4250 ne
749 4195 1007 4266 deceptus
1045 4196 1246 4254 diaboli
1283 4198 1481 4253 astutia
1527 4199 1725 4270 aliquis
1762 4204 1987 4273 periret.
2018 4205 2102 4262 An

510 4303 619 4344 non
651 4285 865 4342 vidistis
894 4287 1041 4346 circa
1071 4287 1298 4345 fratrem
1323 4288 1475 4345 illum
1505 4291 1636 4361 quid
1661 4293 1856 4364 egerit,
1887 4295 1979 4367 qui
2005 4310 2101 4352 ve-

510 4396 634 4437 cors
659 4382 926 4438 recedere'
946 4382 1212 4454 gestiebat
1245 4384 1442 4441 nolens
1474 4384 1605 4457 pati,
1636 4385 1808 4459 culpis
1831 4388 2100 4463 exigenti-

511 4474 613 4532 bus
641 4474 754 4532 suis
778 4477 923 4546 quod
951 4478 1332 4536 commiserat?

1077 4590 1306 4650 CAPUT
1344 4591 1536 4650 XXIV.

1173 4699 1432 4742 SEVERUS.

582 4774 827 4834 Vidimus
852 4777 1034 4851 plane,
1061 4787 1119 4836 et
1149 4795 1273 4836 cum
1309 4795 1374 4837 eo
1416 4782 1646 4854 egimus,
1692 4783 1739 4840 is
1767 4799 1836 4841 ne
1864 4787 1943 4843 sic
1972 4787 2103 4845 effe-

513 4881 662 4928 ratus
680 4873 810 4928 hinc
836 4874 1032 4943 abiret,
1056 4887 1324 4948 ponentes
1363 4875 1431 4932 ad
1474 4886 1688 4948 portam
1732 4881 1952 4950 milites,
2007 4887 2099 4957 qui

511 4979 636 5022 eum
667 4965 1022 5023 deterrerent.
1058 4966 1211 5024 Unde
1234 4967 1323 5024 ille
1353 4969 1550 5025 timore
1570 4971 1880 5041 compulsus
1903 4975 2102 5033 intror-

512 5073 604 5114 sus
633 5059 814 5126 rediit,
835 5069 996 5134 atque
1016 5069 1325 5136 prostratus
1351 5061 1419 5120 ad
1444 5063 1612 5134 pedes
1641 5064 1836 5122 cecidit
1866 5068 2101 5129 suffusus

512 5152 788 5228 lacrymis.

1139 5244 1300 5287 PASCH
1308 5245 1384 5287 ASI
1391 5245 1474 5288 UB.

581 5318 802 5377 Gaudeo
844 5334 974 5377 vere
1002 5321 1147 5392 quod
1189 5323 1406 5391 recolis,
1437 5332 1494 5382 et
1513 5323 1786 5396 jucundor
1822 5326 2050 5383 nimium
2081 5345 2096 5383 :

510 5414 638 5486 quia
662 5413 728 5469 de
755 5429 862 5484 quo
904 5413 1196 5486 loquimur,
1239 5417 1581 5489 perfectioris
1606 5420 1734 5476 vita:
1775 5421 2098 5477 modestiam

511 5515 724 5575 tenens,
742 5505 1057 5578 plurimum,
1084 5517 1148 5564 ut
1166 5523 1312 5578 reor,
1339 5509 1556 5582 proﬁcit
1579 5513 1648 5568 ad
1668 5511 1917 5570 virtutes.
1953 5513 2102 5571 Bone

509 5595 656 5666 Iesu,
678 5608 878 5671 quanta
907 5607 1034 5657 tunc
1059 5599 1246 5658 lzetitia
1266 5602 1399 5660 fuit!
1446 5603 1660 5660 Etenim
1685 5604 1841 5676 quasi
1869 5604 2102 5663 vidisses

583 5723 610 5752 -
650 5711 852 5790 Sic_it_i_
873 5715 1190 5790 ms.__codice
1245 5716 1459 5790 legitur.
1489 5717 1696 5776 Auctor
1723 5719 1964 5777 alludere
2013 5697 2132 5777 vi;

511 5783 670 5841 detur
709 5785 778 5842 ad
799 5785 932 5844 illud
954 5783 1330 5860 Virgilianum',
1363 5789 1508 5849 facto
1542 5807 1612 5851 ex
1641 5792 1849 5850 duobus
1876 5808 1984 5851 uno
2007 5807 2104 5850 vo-

2126 4529 2182 4591 D

2202 1875 2398 1931 divinis
2423 1873 2698 1930 invenitur
2727 1873 3051 1944 disciplinis,
3077 1875 3334 1946 Operibus
3369 1874 3636 1945 exigebat.
3682 1871 3797 1929 Sed

2201 1968 2370 2033 aiunt,
2396 1966 2540 2037 quod
2561 1981 2668 2022 non
2695 1967 2830 2022 satis
2853 1964 3153 2023 conformis
3183 1975 3342 2032 erat;
3376 1966 3586 2022 idcirco
3617 1966 3800 2021 minus

2200 2053 2608 2120 redamabatur,
2630 2053 2918 2124 minusque
2946 2052 3397 2124 frequentabatur
3426 2069 3458 2110 a
3484 2053 3695 2111 multis.

2832 2184 3168 2227 Ριεοωδιυδ.

2219 2299 2222 2302 ~
2273 2261 2475 2319 Fateor
2503 2261 2649 2334 quod
2675 2261 2726 2318 ei
2755 2276 2902 2334 saepe
2942 2262 3048 2318 ista
3078 2263 3239 2318 intuli
3279 2263 3467 2331 verba,
3496 2263 3628 2322 licet
3656 2266 3804 2323 scis-

2200 2369 2339 2421 sem,
2389 2355 2534 2426 quod
2582 2369 2722 2427 pene
2754 2355 3009 2412 omnibus
3044 2357 3228 2412 omnia
3259 2355 3438 2414 factus
3481 2368 3653 2416 esset.
3689 2360 3805 2417 Sed

2201 2448 2340 2517 ipse,
2364 2463 2472 2503 non
2495 2455 2556 2503 ut
2587 2447 2828 2506 assolent
2859 2450 3103 2520 quidam,
3152 2453 3521 2519 excusatorie,
3549 2453 3664 2510 imo
3699 2453 3805 2510 hu-

2201 2538 2404 2594 militer
2434 2538 2819 2611 respondebat,
2844 2555 2952 2596 non
2979 2548 3184 2596 tantam
3217 2556 3279 2597 se
3301 2541 3647 2600 latitudinem
3675 2560 3803 2602 cor-

2203 2631 2283 2687 dis
2314 2631 2534 2699 habere,
2563 2641 2768 2704 quanta
2790 2643 2877 2688 est
2902 2647 3068 2688 arena
3097 2634 3284 2700 maris,
3310 2645 3372 2690 ut
3389 2637 3575 2691 omnia
3589 2647 3800 2708 posset.

2200 2724 2281 2781 Ac
2310 2725 2503 2782 deinde
2528 2745 2541 2780 :
2569 2725 2775 2793 Quibus
2800 2739 2888 2782 me
2911 2723 3266 2794 conformari,
3295 2727 3572 2799 inquiens,
3605 2731 3807 2802 optas?

2203 2815 2447 2886 nunquid
2474 2815 2688 2884 ignavis
2708 2822 2804 2870 aut
2824 2815 3070 2872 vitiosis?
3113 2817 3359 2888 nunquid
3401 2818 3712 2892 vaniloquis
3744 2830 3808 2878 et

2197 2907 2646 2978 jocosis‘lAnnon
2672 2907 2848 2979 legisti
2871 2908 3005 2978 quid
3030 2907 3322 2979 Apostolus
3348 2909 3588 2966 clamet:
3618 2911 3806 2970 Nolite

2202 3000 2525 3069 conformari
2561 3000 2683 3055 huic
2713 3001 2933 3069 swculo,
2978 3003 3070 3057 sed
3101 3002 3468 3073 reformamini
3490 3005 3547 3060 in
3572 3007 3808 3062 novitate

2204 3109 2385 3148 sensus
2424 3095 2579 3149 vestri
2613 3091 2786 3163 (Rom.
2819 3109 2921 3160 xu,
2948 3093 3005 3165 2)
3029 3095 3053 3149 ?
3080 3094 3303 3152 Talibus
3357 3111 3486 3168 ergo
3525 3107 3582 3152 et
3611 3098 3807 3167 hujus-

2203 3185 2412 3240 cemodi
2443 3184 2705 3254 exemplis
2743 3184 2906 3240 altius
2947 3200 3008 3241 se
3050 3185 3166 3258 jugi
3197 3195 3396 3242 conatu
3438 3188 3676 3258 erigebat
3723 3191 3803 3245 ad

2198 3276 2446 3340 virtutes,
2474 3289 2542 3330 ne
2581 3275 2772 3332 levitas
2796 3275 3117 3333 dissolveret
3147 3282 3366 3344 mentis,
3391 3291 3508 3347 qua:
3535 3277 3793 3346 gravitas

2203 3367 2430 3424 Domino
2458 3368 2743 3424 charitatis
2782 3366 3045 3425 offerebat
3075 3369 3365 3426 introrsus.
3400 3368 3589 3434 Miror,
3619 3370 3803 3427 frater

2201 3469 2256 3516 et
2283 3459 2381 3527 fili,
2427 3460 2559 3530 quid
2598 3459 2768 3516 velint
2815 3460 3055 3518 lasciviis
3102 3470 3159 3517 et
3196 3462 3565 3534 voluptatibus
3605 3462 3805 3531 dediti,

2201 3551 2554 3625 perfectiores
2579 3567 2822 3624 quosque
2853 3553 2958 3609 sibi
2987 3554 3298 3612 conformes
3349 3553 3489 3622 ﬁeri,
3521 3571 3648 3610 cum
3696 3555 3808 3626 ipsi

2201 3646 2382 3716 potius
2423 3645 2657 3701 transire
2682 3645 2949 3701 deberent
2973 3647 3042 3702 ad
3074 3646 3306 3702 formam
3351 3647 3574 3703 virtutis
3604 3662 3620 3702 :
3668 3647 3807 3703 alio-

2203 3739 2333 3810 quin
2362 3738 2670 3809 adoptionis
2695 3737 2792 3794 ﬁlii
2813 3753 2922 3794 non
2946 3750 3129 3805 erunt,
3162 3740 3270 3796 nisi
3295 3740 3534 3811 prasciti
3562 3750 3619 3797 et
3656 3757 3808 3812 pne-

2203 3831 2458 3886 destinati
2486 3829 2619 3885 ﬁant
2644 3830 2954 3887 conformes
2983 3832 3239 3904 imaginis
3259 3831 3386 3887 Filii
3418 3833 3535 3888 Dei.
3560 3833 3641 3887 Ad
3662 3833 3811 3888 hanc

2205 3923 2368 3995 igitur
2394 3920 2626 3977 formam
2671 3923 2958 3992 praescitus
2993 3931 3050 3978 et
3089 3923 3509 3994 praidestinatus
3533 3924 3809 3978 Arsenius

2205 4016 2329 4080 iste,
2382 4015 2588 4070 idcirco
2637 4015 2936 4085 puerilibus
2981 4030 3090 4071 non
3143 4031 3205 4072 se
3237 4015 3463 4072 multum
3512 4017 3809 4088 coaptabat

2205 4109 2464 4166 ludicris:
2499 4109 2626 4166 licet
2665 4110 2935 4166 interdum
2966 4110 3111 4167 celsa
3152 4111 3206 4166 in
3249 4119 3407 4181 petra
3459 4119 3632 4174 stans,
3683 4111 3804 4166 rari

2205 4211 2397 4258 nantes
2423 4214 2450 4245 ι
2486 4217 2730 4273 quosque
2768 4217 2966 4274 pueros
3011 4203 3126 4259 suis
3171 4202 3240 4257 ad
3292 4201 3448 4257 littus
3478 4201 3807 4257 hortabatur

2204 4295 2419 4355 facetiis
2479 4299 2727 4355 cominus
2780 4299 3000 4366 venire;
3057 4300 3254 4370 quibus
3300 4298 3429 4355 licet
3482 4299 3655 4354 risun
3684 4313 3808 4355 mo-

2206 4392 2391 4448 ventia
2432 4407 2626 4464 parum
2670 4392 2898 4459 diceret,
2949 4391 3220 4464 gravitate
3271 4400 3454 4447 tamen
3481 4391 3703 4463 agebat,
3736 4405 3812 4448 ne

2207 4483 2594 4540 dissolveretur
2631 4483 2807 4539 virtus
2855 4493 3278 4555 argumentosa:
3329 4481 3426 4540 sed
3481 4492 3543 4537 ut
3591 4483 3814 4539 lactans

2206 4576 2456 4642 infantia,
2489 4575 2602 4631 suis
2642 4583 2803 4630 exuta
2846 4575 3178 4646 crepundiis,
3213 4574 3457 4645 paternis
3491 4574 3698 4629 laetata
3726 4575 3818 4629 vi-

2207 4669 2475 4734 secribus,
2501 4668 2830 4740 perfectoria
2862 4675 3163 4740 appeteret.
3187 4667 3378 4724 Nullus
3397 4677 3578 4724 tamen
3607 4681 3815 4724 eorum

2205 4761 2378 4818 vultui
2405 4759 2665 4818 credebat
2708 4759 2906 4816 risibili
2936 4775 3122 4816 coram
3152 4775 3240 4827 eo,
3289 4760 3395 4817 nisi
3445 4760 3716 4832 gravitate
3749 4775 3818 4816 se

2205 4854 2502 4926 reciperet;
2533 4853 2660 4925 quia
2683 4853 2841 4921 juxta
2870 4853 3014 4924 quod
3056 4851 3159 4908 Job
3182 4852 3254 4908 ait
3281 4869 3296 4908 :
3328 4851 3445 4908 Etsi
3489 4852 3701 4907 ridebat
3735 4853 3815 4906 ad

2206 4963 2312 5014 eos,
2346 4963 2448 5001 non
2483 4945 2764 5000 credebant
2810 4945 2859 5000 ei
2908 4943 3052 5018 (Job.
3077 4960 3231 5010 xxxx,
3255 4943 3373 5014 ει).
3397 4944 3669 5011 Quoniam
3697 4945 3818 5001 etsi

2208 5037 2515 5096 resolvebat
2550 5037 2874 5109 gravitatem
2917 5036 3141 5107 eloquii,
3199 5035 3290 5092 lux
3338 5035 3517 5092 vultus
3541 5034 3663 5106 ejus
3691 5051 3816 5093 non

2207 5128 2436 5185 cadebat
2465 5128 2520 5183 in
2537 5136 2762 5194 terram,
2790 5142 2958 5200 agens
2972 5136 3184 5199 argute,
3215 5137 3278 5183 ut
3299 5128 3405 5184 sibi
3428 5126 3819 5198 colloquentes

2209 5223 2277 5279 ad
2298 5223 2560 5278 virtutum
2593 5222 2771 5279 studia
2798 5233 3143 5293 provocaret.
3172 5221 3344 5279 Porro
3385 5237 3510 5278 eum
3553 5238 3680 5278 cum
3706 5239 3821 5278 au-

2207 5317 2406 5382 dirent,
2461 5317 2854 5387 expectabant
2913 5314 3239 5372 sententiam
3293 5314 3433 5385 ejus,
3499 5322 3559 5370 et
3607 5314 3822 5371 intenti

2210 5412 2460 5468 tacebant
2508 5411 2576 5466 ad
2615 5409 2923 5466 consilium.
2977 5407 3132 5464 Licet
3167 5407 3268 5465 Job
3294 5407 3591 5464 virtutibus
3645 5407 3822 5479 longe

2207 5509 2433 5567 inferior
2460 5517 2625 5576 esset,
2643 5509 2791 5565 auris
2815 5517 2996 5566 tamen
3028 5509 3257 5565 audiens
3275 5508 3627 5566 beatificabat
3650 5523 3816 5574 eum,

2205 5613 2263 5662 et
2291 5603 2480 5660 oculus
2499 5601 2691 5660 videns
2733 5602 3106 5660 testimonium
3138 5602 3399 5659 reddebat
3425 5602 3476 5658 ei
3501 5601 3649 5672 quod
3667 5601 3822 5657 lihe-

2204 5717 2398 5778 cabulo
2422 5762 2436 5775 .
2461 5800 2714 5856 tonarent
2736 5801 2836 5853 rari
2858 5808 3034 5855 nantes
3055 5801 3104 5853 in
3129 5801 3330 5865 gurgite
3354 5799 3507 5853 vasto.‘
