4122 6324
339 379 478 439 1601

1019 381 1109 438 DE
1147 383 1307 441 VlTA
1346 382 1604 452 WALAE,
1645 381 1778 441 SEU
1819 380 2244 443 EPITAPHIUM
2279 384 2578 443 ARSENII.
2619 416 2689 430 -—
2727 386 2857 444 LIB.
2895 386 2937 443 1.

3474 382 3616 442 1602

341 505 520 556 rasset
545 511 837 569 pauperem
864 495 1270 566 vociferantem,
1318 509 1374 556 et
1405 499 1666 571 pupillum
1689 499 1776 556 cui
1810 514 1920 555 non
1946 501 2000 564 Α
2023 497 2141 554 dias
2168 499 2226 555 in
2255 509 2432 557 morte
2476 501 2732 558 feminae:
2773 501 2904 573 quia
2937 499 3196 558 cernebat
3219 499 3425 568 venire,
3449 516 3616 572 quem

339 599 460 650 erat
486 589 716 660 adiutor.
742 591 1056 649 Benedictio
1085 609 1321 665 namque
1353 593 1580 665 perituri
1607 609 1770 665 super
1799 609 1926 649 eum

337 682 616 752 veniebat,
653 683 780 754 quia
815 683 1060 754 profecto
1089 699 1121 738 a
1157 698 1326 756 puero
1359 684 1567 756 iustitia
1593 685 1735 742 sicut
1757 685 1926 742 vesti-

339 783 529 832 mento
561 783 645 833 est
662 775 900 833 indutus.
933 775 1088 833 Unde
1110 785 1167 834 et
1189 793 1413 835 causam
1439 794 1604 850 quam
1625 777 1923 845 nesciebat,

341 867 752 939 diligentissime
792 867 1172 941 investigabat.
1204 868 1547 943 Quapropter
1595 886 1718 927 cum
1749 870 1928 942 paeda-

338 975 512 1032 gogus
544 968 692 1017 esset
736 961 966 1032 Augusti
987 961 1220 1018 Caesaris
1249 974 1276 1003 ει
1321 961 1460 1018 ultra
1493 962 1783 1020 'Penninos
1806 961 1927 1035 (sic)

338 1055 524 1126 Alpes,
546 1055 676 1126 quid
697 1057 870 1128 egerit
907 1055 961 1111 in
983 1055 1228 1126 iudiciis,
1250 1055 1447 1126 quidve
1487 1056 1541 1112 in
1572 1055 1929 1128 dispositione

337 1163 527 1205 rerum
578 1156 634 1206 et
683 1146 907 1220 iustitiae
957 1149 1240 1221 disciplina
1269 1190 1285 1218 ,
1333 1149 1624 1208 Chremem
1691 1151 1928 1207 interro-

339 1254 548 1311 gemus.

903 1335 1129 1393 CAPUT
1167 1335 1356 1394 XXVI.

1002 1446 1262 1487 CHREIBS.

411 1518 616 1577 Vereor
646 1520 865 1577 laudare
908 1522 1109 1590 virum,
1169 1539 1237 1580 ne
1293 1524 1348 1581 id
1393 1524 1708 1581 assentandi
1752 1521 1926 1594 magis

337 1627 503 1682 quam
531 1612 675 1683 quod
707 1613 936 1668 habeam
987 1629 1055 1669 ex
1094 1613 1204 1680 illo,
1237 1621 1292 1670 et
1322 1623 1533 1686 gratum
1565 1614 1746 1671 facere
1785 1613 1929 1669 exis-

339 1708 520 1764 timer.
547 1708 749 1764 Tamen
773 1723 841 1764 ex
869 1717 980 1764 toto
1017 1722 1084 1763 ne
1114 1709 1394 1776 reticeam,
1425 1709 1601 1780 qualis
1627 1717 1928 1779 quantusve

339 1801 694 1873 investigator
731 1803 980 1859 veritatis
1005 1803 1190 1871 fuerit,
1239 1819 1402 1874 quam
1434 1813 1689 1861 strenuus
1716 1804 1770 1859 in
1798 1819 1924 1859 sen-

337 1869 723 1966 tentia,vquam
767 1896 924 1953 fortis
970 1869 1445 1955 contraisu-mmos
1466 1897 1680 1968 iudices
1725 1897 1926 1968 iniqui—
1953 1869 2002 1931 Β

337 1988 485 2054 tatis,
518 2003 680 2058 quam
725 1987 915 2045 eiiicax
939 1989 1157 2060 ingenio
1186 1997 1376 2045 contra
1425 2005 1520 2046 eos
1557 1990 1650 2060 qui
1683 2003 1928 2045 corrum-

335 2085 540 2146 puntur
565 2079 912 2144 muneribus;
954 2095 1120 2134 unum
1158 2095 1190 2134 e
1237 2078 1485 2149 pluribus
1516 2081 1767 2150 pandam,
1818 2095 1926 2150 quo

335 2164 480 2222 facto
500 2167 636 2222 nihil
665 2168 904 2238 iniquius
929 2169 1030 2224 hoc
1071 2169 1126 2224 in
1157 2176 1402 2239 tempore
1434 2168 1616 2226 didici.
1650 2169 1784 2224 Nam
1811 2169 1926 2223 cui-

336 2258 460 2314 dam
503 2258 794 2329 judiciario
830 2260 948 2316 viro
983 2260 1147 2316 vidua
1197 2260 1447 2331 quaedam
1497 2259 1716 2323 nobilis,
1771 2259 1925 2328 quasi

334 2347 628 2415 defensori,
659 2365 758 2406 sua
783 2364 948 2421 seque
988 2351 1278 2417 commisit,
1309 2351 1396 2406 cui
1426 2359 1482 2406 et
1506 2366 1604 2421 per
1635 2358 1926 2406 testamen-

336 2445 450 2493 tum
483 2439 809 2506 traditionis,
841 2442 1003 2496 etiam
1052 2457 1190 2513 pene
1241 2441 1523 2498 dimidium
1569 2457 1753 2497 rerum
1801 2457 1927 2496 sua-

333 2545 456 2586 rum
485 2531 808 2602 assignavit,
859 2542 918 2588 ut
945 2542 1142 2588 caetera
1180 2533 1284 2588 sibi
1332 2539 1446 2588 tuta
1485 2540 1789 2588 manerent.
1831 2530 1925 2586 ille

334 2637 466 2678 vero
491 2639 617 2680 mox
647 2624 843 2681 callide
879 2625 948 2680 ad
984 2625 1253 2696 integrum
1282 2625 1464 2681 omnia
1507 2625 1562 2679 in
1608 2623 1796 2680 eodem
1848 2631 1926 2679 te-

335 2724 607 2774 stamenta
646 2717 1024 2789 apprehendit,
1045 2727 1100 2774 et
1125 2727 1292 2774 testes
1317 2718 1584 2774 adhibuit.
1615 2718 1768 2775 Unde
1789 2733 1926 2788 pra:-

335 2807 450 2864 fata
475 2809 672 2866 mulier
701 2811 767 2867 ad
790 2826 888 2867 sua
910 2811 1111 2867 reverti
1138 2811 1326 2866 volens
1351 2811 1571 2881 suisque
1599 2810 1763 2866 rebus
1811 2810 1888 2865 uti
1906 2850 1922 2877 ,

337 2900 535 2958 adsunt
580 2901 930 2973 prohibentes
981 2919 1050 2959 ne
1081 2903 1149 2957 ad
1197 2917 1294 2958 sua
1327 2901 1728 2974 ingrederetur,
1765 2902 1946 2972 quasi'

336 2992 607 3052 defensori
637 3011 736 3052 suo
761 2996 943 3052 omnia
985 2995 1299 3052 tradidisset
1332 3014 1346 3050 :
1390 3004 1445 3052 et
1475 2997 1613 3051 bene
1643 2999 1744 3067 (ut'
1771 2995 1925 3050 aiunt

330 3085 540 3159 iocose)
586 3089 768 3145 omnia
811 3087 1072 3155 defendit,
1119 3088 1214 3160 qui
1251 3088 1555 3159 possessori
1584 3088 1720 3143 nihil
1767 3087 1924 3144 relin-

333 3177 473 3249 quit.
502 3176 640 3235 Tum
664 3180 753 3235 illa
788 3179 972 3237 infelix
1007 3180 1170 3236 vidua
1199 3180 1312 3236 suis
1353 3180 1572 3236 viduata
1608 3180 1791 3246 rebus,
1816 3179 1921 3234 im-

331 3280 641 3342 peratorem
689 3275 864 3330 adiit:
900 3275 1096 3345 illeque
1145 3275 1258 3330 suis
1305 3289 1425 3331 eam
1456 3273 1671 3331 cuidam
1713 3273 1922 3343 episco-

331 3379 528 3434 porum
549 3381 657 3421 una
686 3382 810 3422 cum
838 3367 1059 3437 reliquis
1076 3367 1353 3438 judicibus
1386 3375 1545 3422 terra:
1582 3365 1755 3420 sacris
1780 3378 1922 3419 com-

331 3455 607 3511 mendavit
635 3456 854 3526 scriptis
881 3498 896 3524 ,
935 3466 994 3513 ut
1023 3473 1242 3514 causam
1267 3458 1436 3527 ipsius
1462 3457 1748 3527 diligenter
1775 3471 1923 3527 qua:-

331 3555 538 3615 rerent,
561 3546 932 3620 iudiciumque
960 3557 1173 3606 rectum
1202 3557 1448 3621 agerent.
1474 3548 1584 3604 Sed
1609 3549 1736 3618 quia
1763 3546 1923 3602 decli-

329 3651 555 3695 naverat
591 3643 962 3715 unusquisque
1018 3651 1143 3714 post
1186 3641 1474 3697 avaritiam
1530 3656 1708 3706 suam,
1756 3655 1920 3696 causa

329 3731 616 3789 viduarum
636 3750 742 3790 non
770 3734 1174 3806 ingrediebatur
1205 3735 1273 3791 ad
1296 3749 1410 3790 eos.
1443 3732 1582 3789 Hinc
1610 3733 1712 3790 sibi
1753 3731 1922 3788 fabri-

327 3834 515 3882 cantes
543 3829 908 3896 mendacium,
935 3828 1325 3900 applauserunt
1350 3842 1455 3882 una
1497 3842 1622 3882 cum
1667 3826 1914 3887 testibus,

327 3929 389 3975 ut
413 3922 647 3992 populus
691 3938 798 3979 non
831 3923 1158 3996 intelligeret
1186 3923 1335 3989 talia,
1366 3933 1422 3978 et
1463 3920 1703 3978 universi
1747 3934 1920 3989 usque

325 4016 398 4071 ad
445 4017 756 4074 sacerdotes
797 4016 998 4073 Christi
1045 4018 1288 4072 facerent
1333 4015 1534 4072 dolum.
1581 4014 1788 4081 Quibus
1845 4015 1918 4068 ita

325 4109 580 4180 patratis,
611 4110 726 4166 suis
749 4109 840 4165 illa
870 4112 1033 4167 rebus
1055 4111 1171 4182 iam
1199 4109 1445 4180 eXplosa,
1480 4107 1732 4164 defensor
1775 4107 1866 4162 ille
1887 4121 1916 4159 a

303 4199 633 4256 senioribus
660 4202 842 4274 populi
865 4202 1094 4258 relatum
1122 4202 1355 4274 accepit,
1387 4217 1454 4258 ne
1480 4200 1709 4256 ulterius
1740 4199 1807 4254 de
1833 4198 1918 4254 his

323 4288 432 4345 ulla
479 4305 664 4346 rerum
729 4293 1102 4350 controversia
1163 4294 1338 4348 fieret.
1383 4292 1771 4349 Verumtamen
1826 4289 1915 4344 illa

325 4379 512 4436 multis
535 4389 728 4438 vexata
757 4383 916 4438 malis
967 4391 1023 4438 et
1071 4381 1442 4439 molestiarum
1471 4381 1770 4446 doloribus,
1799 4387 1918 4433 tan—

2029 595 2348 652 muneribus
2374 609 2533 666 posse
2561 597 2838 667 corrumpi
2882 611 2989 653 non
3029 597 3273 667 putabat.
3306 596 3404 654 His
3451 598 3618 672 igitur

2030 685 2199 742 armis
2239 687 2485 744 omnium
2529 688 2811 744 consuevit
2837 687 3136 761 infringere
3182 698 3414 758 mentes,
3461 699 3518 747 et
3543 689 3615 749 ad

2029 797 2158 840 suos
2219 783 2426 842 illicere
2491 784 3052 855 concupiscentiarum
3119 785 3444 858 amplexus:
3485 797 3616 858 ‘quo

2031 874 2094 949 [ι.
2122 877 2401 950 quoniam]
2429 892 2566 949 pene
2584 891 2774 934 omnes
2798 887 3102 948 sequuntur
3124 878 3534 946 retributiones,
3552 887 3617 944 et

2030 965 2261 1036 diligunt
2284 981 2528 1023 munera.
2558 965 2665 1022 Sed
2692 981 2815 1022 cum
2836 967 2890 1022 in
2911 967 3016 1022 isto
3029 967 3164 1024 nihil
3183 968 3254 1022 ad
3281 967 3616 1040 impietatem

2029 1058 2293 1132 proficere
2312 1067 2514 1130 posset,
2543 1059 2708 1116 vertit
2740 1073 2801 1116 se
2838 1059 2906 1116 ad
2931 1058 3150 1115 fraudes
3182 1058 3328 1117 facto
3353 1060 3614 1132 iniquitas-

2030 1151 2121 1207 tis.
2146 1149 2246 1207 Cui
2273 1150 2673 1220 cumjussisset
2711 1150 2902 1207 saltem
2952 1158 3168 1222 partem
3209 1151 3448 1222 aliquam
3493 1152 3616 1208 red-

2029 1242 2160 1300 dere
2204 1243 2272 1301 de
2301 1245 2484 1311 rebus,
2535 1259 2671 1315 quas
2703 1242 2903 1313 iniuste
2949 1258 3047 1314 per
3090 1243 3274 1300 dolum
3327 1244 3617 1315 subripue-

2031 1347 2147 1403 rat;
2203 1336 2402 1393 sciens.
2429 1351 2490 1392 se
2531 1334 2989 1402 circumclusum,
3045 1350 3172 1392 mox
3223 1334 3422 1414 immisi
3472 1334 3619 1390 clauo

2029 1429 2152 1486 culo
2181 1429 2415 1500 quadam
2462 1428 2520 1484 in
2560 1429 2649 1485 via
2699 1437 2808 1484 tres
2836 1427 2903 1484 de
2943 1426 3056 1483 suis
3108 1426 3202 1498 qui
3241 1439 3364 1483 eam
3409 1425 3620 1482 occulte

2029 1524 2379 1594 perimerent.
2413 1523 2521 1580 Sed
2549 1523 2834 1606 quiatres
2871 1530 3029 1578 erant
3073 1522 3127 1577 in
3178 1520 3426 1592 negotio,
3469 1519 3621 1587 vide-

2029 1620 2190 1676 batur
2216 1635 2321 1676 non
2359 1620 2497 1675 satis
2521 1627 2699 1674 tutum
2741 1617 2811 1673 ad
2858 1616 3154 1673 silentium.
3207 1614 3399 1672 Junxit
3441 1613 3621 1669 scelus

2030 1710 2248 1777 sceleri,
2274 1727 2341 1767 ne
2365 1711 2506 1768 forte
2535 1709 2855 1780 interrogati
2900 1708 3111 1766 facinus
3145 1707 3477 1780 detegerem.
3521 1705 3621 1761 Se-

2029 1803 2223 1874 positis
2269 1803 2428 1876 longe
2453 1802 2523 1858 ab
2555 1802 2814 1867 invicem,
2861 1800 2957 1857 uni
3001 1815 3190 1856 eorum
3239 1799 3373 1857 duos
3411 1796 3621 1854 interﬁ-

2029 1909 2154 1952 cere
2180 1894 2362 1966 iussit,
2393 1903 2452 1950 ut
2485 1893 2598 1964 iam
2626 1893 2805 1949 nullus
2853 1900 3001 1950 esset
3029 1892 3086 1947 in
3117 1890 3402 1963 superﬁcie
3433 1897 3615 1956 terrae,

2028 1988 2122 2059 qui
2149 1988 2470 2057 sanguinem
2492 1987 2846 2042 innocentem
2871 1985 2994 2041 dolo
3018 1986 3299 2056 perfusum
3325 1991 3616 2050 reserarat,

2026 2079 2425 2150 parvipendens
2470 2079 2659 2145 miser,
2715 2077 2846 2148 quid
2876 2077 3095 2133 divinus
3136 2077 3343 2149 arbiter
3367 2077 3618 2142 sentiret,

2026 2177 2236 2224 tantum
2263 2177 2326 2224 ut
2351 2169 2649 2224 humanum
2694 2166 2965 2237 iudicium
3013 2167 3287 2225 evaderet.
3325 2165 3621 2234 SedArse-

2026 2260 2152 2316 nius
2183 2268 2371 2316 noster
2396 2259 2495 2316 Dei
2524 2274 2822 2315 succensus
2869 2258 2985 2315 zelo
3032 2258 3226 2316 multis,
3261 2273 3396 2314 usus
3421 2266 3506 2314 est
3532 2272 3622 2314 ar-

2025 2353 2319 2426 gumentis,
2375 2368 2445 2408 ne
2473 2353 2670 2410 lateret
2715 2353 3014 2419 occultum,
3067 2353 3214 2424 quod
3264 2352 3615 2409 manifestum

2025 2446 2340 2502 constabat:
2371 2461 2685 2517 quanquam
2708 2460 2808 2502 nec
2837 2444 3064 2516 iudicio,
3084 2460 3186 2501 nec
3209 2444 3618 2516 testibuscom-

2025 2540 2286 2610 prehendi
2303 2549 2555 2611 posset,a
2572 2554 2682 2610 quo
2706 2546 2858 2596 esset
2878 2538 3104 2594 factum.
3134 2538 3424 2608 Reperitur
3451 2537 3620 2594 inter-

2025 2632 2154 2688 dum
2185 2640 2370 2688 tamen
2396 2648 2539 2688 unus
2567 2645 2758 2689 eorum
2789 2621 2846 2688 in
2892 2629 3173 2700 cujusdam
3209 2645 3377 2703 specu
3404 2631 3620 2688 subter-

2027 2740 2195 2782 raneo
2247 2724 2529 2791 defossus,
2582 2733 2638 2782 et
2692 2723 2756 2780 fit
2787 2723 2912 2779 inde
2955 2723 3271 2795 coniectura
3317 2723 3616 2782 dissimilis.

2027 2814 2266 2873 Tenetur
2308 2817 2356 2872 is
2400 2815 2619 2887 quidem
2651 2829 2798 2882 reus,
2839 2815 2894 2870 in
2924 2815 3080 2887 cuius
3100 2814 3378 2871 invenitur
3401 2828 3562 2886 specu
3595 2832 3610 2869 :

2026 2907 2122 2963 sed
2172 2907 2497 2962 criminatur
2518 2906 2689 2974 alter,
2731 2904 2884 2976 cuius
2925 2915 3139 2978 gestum
3189 2906 3500 2978 suspicatur
3543 2905 3622 2962 in-

2027 2999 2259 3066 stinctu;
2308 2999 2488 3054 nullus
2546 3009 2732 3055 tamen
2779 3013 2968 3054 eorum
3023 2998 3270 3056 convinci
3317 3007 3500 3070 potest
3551 2999 3621 3056 ab

2027 3089 2232 3162 aliquo.
2254 3091 2380 3158 Qui,
2408 3098 2590 3162 putas,
2611 3090 2768 3146 dolor
2794 3098 2924 3145 tunc
2943 3099 3066 3146 erat
3083 3090 3139 3146 in
3168 3098 3351 3148 mente
3377 3088 3620 3157 Arsenii,

2028 3182 2189 3253 quive
2215 3181 2485 3253 gemitus?
2519 3179 2736 3248 Vidisti,
2755 3180 2984 3237 Domine
3007 3180 3158 3248 Jesu,
3179 3190 3413 3252 quantas
3433 3196 3620 3258 coram

2028 3284 2080 3330 te
2126 3273 2430 3345 profuderit
2476 3286 2704 3343 preces,
2736 3329 2744 3342 ,
2771 3282 3111 3344 quantasque
3165 3273 3476 3346 lacrymas,
3523 3275 3619 3346 qui

2023 3366 2340 3437 sanguinem
2394 3363 2530 3421 Abel
2573 3363 2710 3433 iusti
2773 3365 2840 3420 de
2905 3373 3053 3420 terra
3103 3363 3431 3421 clamantem
3486 3363 3618 3421 olim

2006 3457 2295 3524 audieras,
2323 3455 2489 3511 etiam
2516 3463 2578 3511 ut
2601 3457 2796 3511 horum
2833 3470 2866 3510 a
2905 3469 3015 3527 quo
3051 3455 3206 3512 fusus
3231 3463 3406 3520 esset,
3439 3455 3619 3527 aperi-

2022 3563 2130 3605 res.
2157 3548 2358 3604 Contra
2381 3563 2544 3619 quem
2576 3555 2692 3604 tota
2723 3547 2971 3604 Auxonia
3004 3562 3111 3602 una
3161 3563 3285 3603 cum
3317 3546 3433 3604 suis
3457 3561 3616 3603 sena-

2021 3641 2232 3697 toribus
2283 3648 2539 3712 corrupta
2592 3639 2914 3695 muneribus
2963 3638 3250 3694 decertans
3305 3635 3518 3708 agebat,
3549 3652 3619 3693 ne

2022 3735 2360 3792 inveniretur
2385 3749 2511 3791 reus
2541 3734 2611 3790 ab
2624 3733 2862 3804 uno,qui
2886 3733 3138 3789 omnibus
3157 3732 3474 3789 notissimus
3502 3739 3620 3788 erat

2024 3838 2209 3899 raptor
2247 3838 2300 3885 et
2346 3827 2637 3884 homicida.
2690 3827 2771 3882 Tu
2820 3835 3004 3882 autem
3053 3836 3304 3884 scrutans
3342 3826 3510 3884 corda
3557 3835 3616 3884 et

2022 3937 2203 3990 renes,
2261 3921 2429 3988 Deus,
2462 3919 2646 3976 omnia
2698 3932 2932 3975 noveras
2959 3959 2974 3980 .
3017 3926 3074 3975 et
3100 3983 3104 3988 _
3129 3927 3309 3974 tamen
3355 3917 3619 3974 athletam

2024 4009 2194 4070 tuum
2220 4013 2390 4070 multo
2419 4011 2741 4070 alliciebaris
2773 4011 2835 4084 [ι.
2865 4009 3170 4085 alliciebas]
3201 4015 3340 4079 zelo,
3391 4025 3495 4069 nec
3539 4011 3616 4068 illi

2021 4106 2434 4162 demonstrabas
2477 4103 2622 4174 quod
2673 4103 2896 4175 patebat
2944 4102 3218 4174 plurimis,
3249 4103 3345 4160 sed
3393 4117 3618 4160 suorum

2019 4195 2393 4267 complicibus.
2449 4193 2813 4251 Moliebantur
2881 4209 3074 4252 omnes
3126 4209 3268 4266 pene
3320 4208 3495 4267 usque
3549 4193 3618 4251 ad

2021 4307 2216 4357 unum,
2247 4305 2318 4346 ne
2348 4289 2686 4346 inveniretur
2709 4303 2838 4346 reus
2870 4307 2883 4344 :
2918 4289 3046 4359 quia
3076 4288 3132 4344 in
3153 4303 3264 4345 uno
3281 4287 3398 4359 iam
3427 4303 3615 4345 coram

2022 4394 2093 4453 te,
2121 4387 2288 4450 Deus,
2310 4392 2469 4440 erant
2493 4383 2678 4455 plures
2696 4383 2778 4439 rei
2800 4381 2955 4438 facti.
2981 4381 3212 4449 Quantis
3240 4389 3370 4439 tunc
3390 4380 3616 4438 militem

324 4471 446 4526 dem
465 4486 563 4543 per
583 4473 800 4544 Alpium
827 4489 1019 4545 aspera
1037 4473 1168 4546 iuga
1196 4475 1462 4530 montium
1483 4473 1644 4544 longo
1665 4471 1914 4528 confecta
2023 4487 2173 4533 tuum
2201 4475 2374 4546 iniqui
2418 4475 2732 4530 lacerabant
2773 4473 3031 4540 infamiis,
3059 4472 3346 4544 quantisve
3385 4473 3616 4530 demde-

322 4562 538 4633 itinere,
569 4567 851 4637 repedavit
869 4567 938 4622 ad
967 4566 1191 4634 Gallias,
1217 4582 1511 4639 regemque
1541 4566 1655 4622 suis
1696 4564 1914 4635 pulsare
1941 4631 1984 4639 _
2018 4569 2153 4624 bant
2181 4565 2496 4631 calumniis,
2535 4564 2693 4635 quasi
2739 4563 2886 4620 solus
2909 4579 3022 4635 prae
3056 4563 3482 4621 omnibus'esset
3532 4563 3614 4621 in-

319 4655 538 4715 ﬂetibus
559 4660 746 4732 coepit.
775 4660 912 4716 Tum
933 4675 1029 4716 rex
1061 4661 1230 4715 tantis
1257 4659 1601 4714 miseriarum
1624 4657 1915 4730 gemitibus
1941 4631 1994 4691 D
2020 4661 2295 4728 credulus,
2329 4660 2478 4716 solus
2510 4659 2877 4716 innocentium
2907 4668 3099 4716 contra
3147 4657 3321 4732 legem
3353 4656 3609 4715 amictor!

321 4761 620 4822 permotus,
663 4754 894 4811 Arsenio
937 4761 1124 4810 nostro
1171 4768 1295 4810 eam
1320 4752 1615 4818 commisit,
1663 4750 1754 4822 qui
1786 4758 1914 4806 tunc
2016 4755 2216 4828 Legem
2239 4737 2414 4828 igitur
2438 4753 2835 4826 proponebant,
2865 4752 3241 4825 quiiustitiam
3272 4767 3380 4808 non
3407 4759 3613 4808 metue-
3691 4752 3696 4756 ’

281 4856 300 4921 λ’
321 4861 430 4903 una
458 4865 583 4906 cum
619 4850 868 4922 Augusto
909 4851 1021 4907 filio
1059 4851 1178 4922 eius
1201 4850 1274 4907 ob
1300 4850 1694 4906 institutionem
1721 4856 1776 4903 et
1802 4848 1912 4904 dis—
2015 4849 2148 4905 bant
2169 4846 2464 4920 infringere
2494 4865 2506 4902 :
2540 4846 2635 4904 sed
2666 4845 2886 4919 sanguis
2916 4845 3171 4901 innoxius
3205 4843 3272 4900 de
3309 4851 3453 4900 terra
3503 4842 3615 4898 cla.

320 4941 645 5010 positionem
673 4945 827 5016 regni
857 4961 889 5000 a
917 4956 1073 5016 patre
1100 4946 1257 5015 quasi
1286 4944 1583 5000 fidissimus
1596 4943 1914 4999 mittebatur
2016 4941 2203 4999 mabat
2231 4961 2244 4996 :
2277 4941 2443 4998 etiam
2473 4952 2529 4998 et
2555 4940 2853 5014 perempti,
2889 4926 3032 5011 quOd
3069 4955 3192 4996 eum
3219 4938 3417 5011 iniuste
3443 4936 3612 4995 fudis-

319 5040 379 5089 et
418 5036 772 5106 propinquus.
829 5036 1003 5103 Quam
1065 5037 1154 5092 ille
1195 5037 1551 5108 praemittens,
1605 5036 1674 5092 ad
1723 5051 1824 5091 sua
1853 5043 1914 5091 ut
1987 5045 2162 5110 .sent,
2206 5037 2322 5108 iam
2371 5037 2514 5107 apud
2563 5033 2766 5091 inferos
2811 5031 3017 5105 recepti
3051 5031 3416 5104 publicabant.
3470 5029 3611 5100 Quid

293 5151 295 5154 ‘
321 5129 528 5187 rediret
544 5129 728 5200 iussit,
759 5131 934 5188 donec
959 5131 1170 5189 veniret
1203 5132 1346 5188 idem
1374 5133 1429 5187 in
1465 5132 1665 5203 patria,
1694 5139 1756 5187 ut
1779 5139 1909 5187 tunc

321 5237 506 5279 coram
533 5240 656 5280 eum
680 5224 795 5281 suis
819 5239 879 5282 se
902 5234 1259 5296 praesentaret
1287 5226 1535 5282 testibus.
1576 5224 1784 5293 Quibus
1816 5240 1910 5282 au-

289 5349 292 5352 ~
321 5318 470 5385 ditis,
491 5317 642 5374 Italia
671 5318 852 5377 omnis
892 5318 1241 5386 contremuit,
1274 5327 1332 5374 et
1377 5319 1445 5374 ad
1497 5334 1596 5374 sua
1627 5317 1819 5374 callida
1851 5333 1910 5374 se

297 5411 588 5469 convertit
620 5411 830 5470 fraudis
858 5421 1211 5487 argumenta;
1244 5412 1518 5484 capitque
1565 5410 1740 5467 moliri
1777 5410 1910 5467 insi-

285 5529 288 5532 ’
390 5540 416 5570 ιι
458 5527 662 5601 Nempe
687 5531 952 5594 Lotharii,
1003 5529 1098 5584 filii
1151 5528 1410 5584 Ludovici
1443 5525 1817 5601 imperatoris,
1841 5527 1910 5582 de

314 5615 426 5671 quo
466 5597 760 5672 Egitfhardi
790 5601 1028 5657 Annales
1078 5601 1148 5656 ad
1193 5616 1394 5672 annum
1423 5599 1546 5656 822.
1601 5597 1908 5672 Lat/{arium

316 5667 436 5728 iero
479 5667 649 5742 ﬂium
675 5690 826 5729 suum
857 5676 914 5728 in
944 5673 1162 5728 Italiam
1214 5670 1377 5736 misit,
1409 5687 1527 5742 cum
1571 5685 1672 5740 quo
1710 5667 1910 5742 Πρια-

317 5739 816 5818 εῂῃιῃήιοηαεὴαηῑ
841 5746 1191 5818 propinquum
1220 5759 1398 5807 suum,
1425 5739 1641 5818 [mtrem
1672 5739 1908 5818 videlicet

316 5815 608 5870 Adelhardi
637 5813 862 5881 abbatis,
903 5813 953 5872 et
1009 5813 1312 5885 Geritnqum
1345 5813 1699 5885 ostiariorimt
1732 5813 1905 5885 mugi-

314 5896 485 5941 urum
506 5904 608 5942 una
636 5889 799 5956 misit,
829 5905 1052 5960 quorum
1074 5882 1292 5952 consilio
1323 5894 1371 5941 et
1400 5885 1454 5939 in
1472 5899 1524 5936 re
1552 5882 1826 5954 familiari,
1856 5893 1903 5938 cz

2011 5128 2212 5200 plura?
2250 5128 2416 5184 etiam
2444 5115 2922 5196 omnes'proceres
2951 5123 3142 5196 palatii
3180 5139 3326 5180 nunc
3374 5123 3607 5195 legibus,

2011 5237 2158 5279 nunc
2187 5221 2450 5289 testibus,
2497 5233 2642 5276 nunc
2683 5233 2816 5275 vero
2840 5217 3027 5274 multis
3055 5213 3495 5289 argumentorum
3523 5214 3608 5270 in-

2012 5316 2187 5391 geniis
2213 5315 2466 5390 agebant,
2497 5322 2556 5369 ut
2583 5312 2837 5369 eumdem
2881 5326 3036 5369 reum
3064 5310 3222 5382 quasi
3264 5310 3606 5366 innocentem

2011 5410 2345 5468 dimitteret:
2365 5397 2638 5464 interdum
2661 5413 2845 5461 autem
2862 5404 3117 5475 precibus
3138 5418 3263 5460 eum
3288 5400 3606 5474 fatigabant.

2015 5525 2072 5577 in
2102 5521 2320 5593 negotiis
2350 5519 2623 5593 (πᾷ-γριφιίΔ
2641 5517 2918 5593 commode
2943 5516 3319 5593 pertinentibus
3347 5523 3603 5593 uteretur.

2015 5593 2133 5648 l-luc
2162 5584 2371 5664 spectat
2397 5589 2453 5644 id
2481 5584 2962 5664 quod‘Am’alarius
2997 5587 3417 5664 inupraafatione
3445 5584 3603 5664 Anti-

1982 5655 2258 5734 'phonarii
2299 5655 2564 5716 memorat
2610 5659 2994 5786 delegatione
3027 5655 3197 5714 walae
3240 5657 3450 5712 abbatis
3497 5655 3605 5711 Bo-

2013 5750 2180 5786 mam.
2228 5733 2320 5786 nui
2379 5732 2574 5786 exinde
2626 5731 2793 5786 Antin
2833 5729 3005 5786 onarii
3053 5729 3282 5786 Romani
3337 5729 3501 5785 libros
3549 5729 3605 5782 in

2013 5729 2180 5800 inam,
2228 5733 2320 5803 qui
2379 5732 2574 5789 exinde
2626 5729 3005 5802 Antiphonarii
3053 5729 3282 5803 Romani
3337 5729 3501 5785 libros
3549 5729 3605 5782 in

2013 5805 2323 5934 I'Lrgnciam,
2373 5805 2478 5864 hoc
2528 5811 2612 5861 est
2657 5803 2711 5860 in
2769 5802 3155 5861 monasterium
3205 5817 3386 5869 suum,
3431 5817 3604 5855 secum

2014 5897 2042 5933 (ι
2121 5886 2252 5932 uxtl.
2646 5933 2651 5934 γ
2731 5923 2760 5929 ..
