4122 6324
527 500 651 573 Ipse
676 514 808 556 vero
834 498 997 555 nullis
1029 496 1400 555 infatuahatur
1420 493 1673 562 fallaciis,
1704 496 1870 553 nullis
1899 496 2120 568 frange-
2152 500 2205 563 Α

526 595 692 652 batur
724 592 1029 664 opprobriis
1060 608 1073 644 :
1107 590 1205 646 sed
1251 589 1484 649 invictus
1525 589 1725 660 agebat
1753 590 2118 660 quodcunque

528 696 763 761 poterat,
786 686 833 742 si
860 699 970 757 quo
1010 684 1172 741 modo
1198 683 1413 738 tandem
1450 683 1744 754 aliquando
1770 683 1975 739 veritas
1988 698 2118 739 ma-

528 780 897 839 nifbstaretur.
947 776 1102 833 Tunc
1140 777 1215 833 ad
1251 776 1504 831 ultimum
1541 776 1789 831 videntes
1830 775 1948 847 ejus
1987 790 2121 831 cono

527 872 808 937 stantiam,
840 871 1155 935 decrevere,
1180 870 1328 939 quod
1355 868 1460 924 nisi
1484 867 1749 937 judicium
1772 868 1840 924 de
1867 882 1935 923 eo
1976 868 2121 923 acci-

529 974 701 1038 peret,
752 963 891 1021 nihil
919 960 1184 1034 amplius,
1239 961 1366 1017 licet
1389 960 1474 1017 lex
1508 975 1608 1031 pro
1631 968 1787 1030 parte
1829 957 2119 1014 manifesta

529 1064 703 1121 esset,
750 1054 809 1110 in
857 1053 964 1110 hac
1006 1051 1381 1109 controversia
1436 1050 1698 1107 facerent.
1744 1048 2122 1120 Applaudebat

530 1156 711 1205 autem
755 1147 1019 1219 pepulus,
1062 1146 1219 1216 quasi
1264 1144 1422 1200 miles
1465 1142 1670 1201 Christi
1720 1159 1823 1199 nec
1855 1142 2121 1212 judicium

527 1240 692 1297 vellet
732 1240 995 1311 recipere.
1039 1238 1253 1307 Quibus
1298 1238 1391 1296 ille
1442 1237 1665 1304 auditis,
1713 1238 1874 1296 solita
1926 1238 2125 1310 repetit

532 1348 707 1399 arma,
734 1331 945 1403 sibique
966 1330 1236 1401 jejunium
1265 1331 1462 1386 indixit
1494 1340 1552 1387 et
1588 1331 1747 1388 nobis
1772 1330 1869 1401 qui
1902 1345 2033 1386 cum
2055 1345 2123 1387 eo

528 1438 765 1490 eramus,
795 1439 863 1480 ne
887 1423 1049 1491 forte,
1080 1431 1141 1478 ut
1166 1422 1388 1489 assolet,
1410 1423 1466 1479 in
1492 1424 1683 1480 eodem
1709 1421 1916 1492 judicio
1936 1422 2123 1493 aliqua

527 1516 679 1573 fraus
709 1517 913 1573 inimici
942 1515 1283 1588 praevaleret.
1322 1514 1517 1598 Totam
1558 1516 1726 1587 igitur
1756 1522 1971 1571 uectem
1998 1530 2123 1585 per-

526 1609 745 1681 vigilem
800 1609 1058 1665 duximus
1101 1607 1157 1664 in
1202 1607 1452 1665 oratione
1499 1615 1812 1678 precantes,
1862 1615 1924 1663 ut
1972 1606 2123 1677 prius

528 1700 791 1758 Dominus
820 1701 956 1756 tanti
982 1699 1205 1757 sceleris
1224 1716 1378 1756 reum
1412 1700 1710 1769 detegeret.
1741 1698 1899 1756 Mane
1939 1706 2121 1755 autem

525 1791 677 1849 facto
698 1834 713 1858 ,
758 1792 947 1850 confisi
992 1793 1063 1848 de
1110 1791 1205 1847 Dei
1242 1793 1443 1862 pietate
1472 1792 1839 1863 processimus
1866 1791 2023 1862 quasi
2054 1789 2123 1846 ad

1298 377 1365 437 8.
1382 376 1757 438 .PASCIASII
1782 376 2144 439 -ΕΔΜΕΚΪΙ
2180 380 2473 440 ABBA'I‘IS
2506 376 2957 439 CORBEIENSIS

3678 378 3827 446 ιωι

2768 492 2997 551 CAPUT
3036 492 3247 550 XXVII.

2890 602 3147 644 ssvsaus.
3849 652 3859 658 _

2289 684 2516 754 Quidae
2568 682 2635 739 de
2690 681 2777 736 his
2811 695 2995 737 rerum
3045 679 3279 750 negotiis
3312 678 3577 739 Chremes
3604 688 3822 749 tantm

2219 777 2539 848 permovet?
2584 792 2707 833 cum
2735 785 2792 830 et
2832 775 2977 845 apud
3007 789 3109 831 nos
3145 775 3349 845 degens
3381 788 3525 844 pene
3568 776 3823 847 quotidie

2218 872 2287 927 de
2330 871 2527 929 abditis
2552 871 2799 926 cordium
2832 868 3193 940 receptaculis
3231 878 3443 925 secreta
3474 868 3815 940 iudiciorum

2219 964 2557 1035 conjiciendo
2602 964 2963 1035 protrahebat
3001 964 3071 1020 ad
3110 964 3386 1035 publicum
3410 1004 3426 1029 ,
3460 974 3523 1020 ut
3561 964 3677 1033 jam
3728 964 3823 1033 vix

2217 1066 2366 1113 esset
2391 1057 2482 1128 qui
2504 1056 2555 1111 ei
2582 1072 2679 1111 sua
2708 1055 2889 1113 celare
2916 1055 3141 1113 auderet
3162 1056 3376 1114 occulta
3406 1057 3540 1115 :sed
3564 1070 3823 1129 [terserit-.-

2222 1148 2349 1204 tatis
2373 1148 2693 1203 delictorum
2718 1147 2995 1211 admissis,
3030 1146 3367 1206 leuissimam
3395 1147 3599 1223 Christi
3640 1147 3821 1211 mili.-

2220 1241 2399 1296 cinam
2427 1256 2553 1298 mox
2584 1240 2987 1312 superponebat
3015 1242 3254 1313 aegrotis.

2876 1347 3142 1391 maxum.

2296 1422 2436 1481 Vere
2466 1425 2540 1479 ita
2567 1434 2671 1491 est,
2703 1432 2762 1479 ut
2791 1425 2988 1482 recolis
3014 1438 3030 1480 :
3056 1424 3156 1481 sed
3178 1424 3271 1479 hic
3308 1422 3495 1494 plures
3517 1432 3700 1491 erant.
3725 1424 3823 1495 qui

2220 1532 2349 1573 cum
2378 1532 2446 1573 eo
2492 1517 2618 1573 talia
2675 1516 3056 1587 perquirerent
3106 1515 3174 1571 ad
3216 1514 3486 1572 salutem:
3519 1515 3648 1572 illuc
3692 1529 3829 1571 vero

2218 1608 2399 1664 nullus
2416 1617 2515 1663 aut
2555 1624 2714 1665 rarus
2760 1608 3015 1667 inventus
3042 1616 3150 1673 est,
3184 1623 3291 1664 non
3339 1607 3501 1665 modo
3538 1608 3635 1678 qui
3666 1606 3823 1664 veri-

2222 1708 2392 1756 talem
2424 1700 2509 1757 vel
2531 1698 2803 1770 justitiam
2856 1716 2964 1757 non
2992 1708 3395 1771 corrumperet,
3426 1715 3622 1756 verum
3646 1700 3823 1756 etiam

2222 1791 2456 1849 exsertis
2484 1792 2726 1849 brachiis
2754 1802 2944 1849 contra
2982 1807 3106 1848 eum
3144 1794 3237 1864 qui
3269 1793 3480 1850 scelera
3514 1793 3821 1864 iniquitatis

526 1885 919 1957 spectaculum,
956 1885 1049 1940 ubi
1096 1860 1280 1940 omnis
1331 1860 1565 1955 populus
1598 1883 1714 1953 jam
1766 1860 2117 1941 convenerat.
2151 1860 2198 1922 Β
2224 1898 2333 1940 non
2379 1883 2711 1940 defenderet.
2771 1883 2912 1940 Hinc
2959 1860 3179 1957 quoque
3220 1885 3445 1955 quidam
3486 1860 3823 1943 cum—testa.

526 1976 657 2033 Erat
674 1978 878 2049 quippe
902 1985 1036 2033 tunc
1070 1989 1394 2046 magnorum
1411 1974 1581 2029 multa
1600 1973 1884 2031 insultatio
1905 2014 1920 2038 ,
1962 1974 2037 2028 ita
2063 1979 2123 2028 ut

522 2067 709 2138 plures
729 2068 969 2138 episcopi
1006 2067 1336 2123 ducerentur
1366 2066 1421 2121 in
1453 2067 1556 2122 hac
1577 2065 1928 2122 infestatione
1953 2083 1966 2119 :
1996 2065 2122 2134 quia

522 2160 773 2232 profecto
800 2175 964 2217 causa
998 2160 1134 2215 tanti
1178 2158 1517 2216 discriminis
1552 2174 1662 2215 non
1714 2158 2124 2230 ingrediebatur

526 2252 597 2307 ad
630 2267 747 2309 eos.
778 2252 935 2309 Tune
957 2267 1121 2309 verus
1149 2252 1353 2308 athleta
1385 2250 1592 2308 Christi
1620 2251 1789 2322 erepit
1816 2250 2119 2322 impellere,

527 2353 587 2400 ut
604 2343 717 2415 jam
734 2344 998 2417 judicium
1025 2353 1311 2415 pararent;
1346 2358 1577 2416 quorum
1599 2344 1811 2415 positus
1834 2343 1888 2399 in
1916 2342 2120 2410 medio,

526 2436 784 2508 expansis
816 2436 1085 2501 manibus,
1118 2450 1311 2507 preces
1363 2435 1433 2491 ad
1474 2434 1645 2490 Deum
1672 2433 1963 2497 ,fundebat
1998 2449 2122 2490 cum

526 2526 817 2600 lacrymis,
866 2543 936 2583 ne
984 2536 1136 2583 tanta
1182 2527 1404 2583 fatuitas
1447 2527 1637 2598 judicii
1700 2528 1869 2583 etiam
1922 2527 2123 2597 probos

438 2646 447 2650 -
526 2633 771 2689 quosque
810 2618 1040 2675 maculis
1066 2617 1326 2674 afficeret.
1355 2617 1562 2685 Quibus
1592 2617 1669 2675 ita
1706 2616 1954 2688 profusis
1994 2631 2123 2673 mox

526 2711 597 2768 de
646 2712 893 2779 maxilla,
944 2712 1142 2769 celum
1197 2718 1487 2783 penetrant
1534 2730 1548 2766 :
1600 2721 1656 2768 et
1710 2711 1842 2782 quia
1884 2709 2125 2767 tribunal

524 2803 751 2861 humani
774 2804 960 2876 judicii
997 2819 1195 2860 munus
1228 2804 1568 2860 subverterat
1590 2844 1607 2868 ,
1648 2804 1909 2860 thronum
1932 2802 2124 2875 gratiae

526 2896 728 2953 Christi
778 2898 1043 2955 assistunt
1072 2897 1350 2969 lacrymae,
1379 2913 1506 2955 cum
1555 2897 1752 2967 quibus
1797 2898 2010 2969 pariter
2057 2896 2123 2952 de

530 2998 677 3045 terra
694 2987 919 3059 sanguis
936 2989 1192 3043 innoxius
1230 2988 1521 3045 clamabat.
1552 2988 1834 3059 Siquidem
1873 2989 2124 3046 internus

531 3079 755 3144 arbiter,
786 3078 944 3149 quasi
970 3077 1106 3134 Cain
1148 3094 1341 3135 rursus
1367 3087 1641 3137 vetustam
1676 3082 1969 3152 increpans
1991 3096 2123 3138 con-

528 3170 854 3236 scientiam,
909 3171 1091 3243 coegit
1136 3169 1386 3227 conﬁteri
1449 3172 1595 3242 quod
1644 3170 1787 3227 male
1834 3172 2123 3243 tegebatur

529 3263 839 3330 occultum;
870 3270 929 3318 et
946 3262 1156 3318 corruit
1178 3278 1301 3318 mox
1328 3262 1399 3319 ad
1428 3264 1602 3334 pedes
1622 3262 1844 3320 Arsenii
1878 3271 2121 3321 tremens

530 3370 597 3410 ac
620 3367 847 3426 gemens
874 3373 889 3408 :
919 3355 1047 3425 quia
1078 3352 1244 3423 judex
1275 3355 1489 3412 divinus
1534 3356 1795 3412 miseram
1835 3356 2121 3414 conscien-

531 3448 1025 3504 tiamintrinsecus
1058 3448 1341 3518 puniebat.
1392 3448 1546 3505 Unde
1573 3464 1717 3506 novo
1754 3450 1952 3507 timore
1996 3464 2122 3521 per-

529 3538 734 3603 culsus,
746 3539 917 3609 cepit
928 3538 1095 3594 etiam
1110 3552 1302 3595 omnes
1318 3542 1601 3606 denotare,
1613 3555 1845 3611 quorum
1868 3540 2121 3611 praesidio

531 3641 617 3687 est
647 3646 799 3697 usus,
842 3631 945 3687 ista
986 3640 1049 3686 ut
1076 3631 1341 3687 auderet:
1365 3631 1609 3703 nihilque
1628 3633 1735 3689 sibi
1769 3648 1838 3689 ex
1866 3632 2122 3689 omnibus

529 3740 654 3796 qum
700 3723 904 3781 habere
950 3733 1185 3796 poterat,
1226 3724 1335 3781 nisi
1376 3734 1435 3779 ut
1488 3725 1732 3792 astabat,
1778 3726 2120 3783 solummodo

532 3815 887 3882 remansisse,
923 3816 1227 3887 praesrtim
1269 3816 1747 3874 circumstantibus
1773 3818 1957 3873 omnia
1990 3832 2118 3875 con-

530 3909 766 3966 tulisset.
802 3908 957 3966 Unde
1007 3908 1252 3981 profecto
1298 3908 1377 3965 illi
1426 3912 1686 3967 excmcati
1732 3911 2123 3982 pervertebant

526 4000 793 4071 judicium
819 4041 837 4067 ,
886 4001 1155 4057 intentum
1207 4010 1270 4057 ut
1325 4000 1616 4059 Arsenium
1681 4002 1798 4059 suis
1848 4000 2124 4060 adicerent

531 4094 692 4159 odiis,
714 4102 773 4149 et
812 4093 1099 4151 taediacent
1126 4092 1340 4149 insidiis
1362 4110 1377 4147 :
1398 4094 1496 4149 sed
1532 4092 1647 4163 jam
1676 4092 1859 4150 divino
1882 4090 2124 4150 convicti

530 4183 753 4253 judicio,
783 4182 994 4238 confusi
1023 4198 1213 4239 omnes
1239 4183 1572 4253 discessere;
1599 4198 1664 4240 ac
1702 4183 1870 4241 miser
1888 4183 2125 4240 clemen-

534 4283 619 4331 ter
658 4273 900 4331 redditus
930 4281 1016 4329 est
1050 4274 1403 4344 paenitentiae.

1157 4404 1492 4447 PASCIASIUS.

605 4504 795 4562 Infelix
835 4503 1062 4559 nimium
1101 4510 1336 4575 tempus,
1385 4502 1602 4574 quando
1638 4502 1854 4575 aliquis,
1899 4504 1942 4559 si
1993 4504 2123 4575 quid

2218 1984 2407 2032 menta
2441 1976 2775 2032 haereditatis
2824 1975 3052 2033 alterius
3101 1974 3296 2033 fraude
3322 1976 3626 2044 detulisset,
3656 1986 3828 2035 testes

2220 2068 2494 2134 adhibuit,
2543 2078 2599 2124 et
2630 2070 2684 2124 in
2711 2070 2949 2139 quadam
2975 2069 3139 2141 gladii
3182 2071 3339 2127 theca
3369 2083 3437 2125 ea
3479 2070 3700 2127 occulte
3726 2086 3829 2140 po-

2212 2160 2368 2225 suit;
2402 2161 2590 2230 sicque
2609 2161 2886 2217 causatori
2917 2176 3019 2217 suo
3054 2161 3245 2218 dolose
3272 2162 3530 2217 reddidit.
3572 2161 3667 2217 llle
3697 2177 3831 2226 vero

2224 2250 2474 2306 nesciens
2505 2251 2636 2321 quid
2668 2252 2961 2321 acciperet,
3003 2267 3126 2308 mox
3174 2254 3375 2309 ibidem
3421 2268 3553 2317 casu
3600 2263 3833 2325 prater-

2226 2340 2464 2407 mittens,
2503 2342 2786 2412 repetebat
2825 2343 3076 2413 paginam
3105 2343 3443 2401 hereditatis
3466 2359 3583 2401 sua:
3610 2354 3673 2400 ut
3706 2344 3832 2401 red-

2223 2431 2395 2488 deret.
2427 2431 2499 2486 At
2524 2446 2656 2488 vero
2683 2448 2716 2489 e
2735 2434 3013 2490 contrario
3034 2450 3156 2491 cum
3194 2436 3423 2492 testibus
3446 2436 3591 2492 alter
3610 2437 3827 2509 agebat.

2223 2524 2371 2594 quod
2395 2524 2449 2581 ei
2493 2525 2675 2581 omnia
2724 2526 2807 2581 sui
2850 2524 2992 2595 juris
3040 2528 3404 2584 instrumenta
3448 2528 3826 2599 reddidisset-

2225 2614 2335 2673 Sed
2355 2618 2483 2688 quia
2503 2617 2683 2674 omnis
2705 2620 3089 2677 controversiae
3114 2620 3238 2677 fluis
3256 2630 3669 2681 sacramentum
3696 2631 3787 2677 est
3807 2661 3826 2687 ,

2221 2709 2535 2780 jurantibus
2589 2709 2693 2766 illis
2726 2711 2894 2767 miser
2941 2726 3050 2768 non
3103 2711 3292 2768 habuit
3320 2712 3452 2782 quid
3499 2720 3824 2783 repeteret:

2228 2812 2409 2860 tamen
2444 2804 2668 2861 veniens
2714 2813 2841 2861 ante
2867 2805 3211 2877 praiseutiam
3233 2846 3250 2873 ,
3300 2805 3608 2878 querelesis
3645 2806 3831 2861 aiebat

2226 2897 2358 2969 quid
2383 2907 2595 2970 gestum
2627 2906 2775 2954 esset
2801 2898 3046 2954 vocibus.
3092 2897 3246 2955 Tunc
3288 2908 3481 2955 noster
3531 2898 3829 2959 subridens

2225 2988 2508 3054 Arsenius,
2560 2986 2727 3057 jussit
2757 2989 2944 3045 venire
2970 3002 3147 3055 reum,
3194 3004 3260 3045 ac
3304 2989 3352 3046 si
3394 2990 3647 3051 conscius
3680 2997 3832 3046 esset

2225 3082 2471 3138 ordinem
2504 3083 2636 3138 tanti
2686 3083 2933 3140 criminis
2984 3098 3000 3137 :
3049 3082 3263 3149 infelix,
3295 3082 3496 3154 inquit,
3548 3084 3782 3139 nimium
3810 3123 3825 3147 ,

2226 3175 2497 3246 quomodo
2543 3174 2919 3245 hujuscemodi
2948 3175 3261 3233 calliditatis
3288 3177 3563 3246 stropham
3608 3184 3826 3237 multam

2227 3265 2476 3323 taliterve
2509 3268 2867 3339 excogitasti?
2915 3268 2989 3323 At
3038 3266 3129 3323 ille
3174 3268 3363 3323 videns
3396 3282 3456 3327 se
3500 3266 3658 3337 quasi
3710 3266 3820 3320 ἀθρ-

2224 3363 2553 3433 prehensum
2581 3401 2597 3428 ,
2641 3361 2851 3418 corruit
2877 3361 2945 3425 ad
2975 3361 3161 3432 pedes,
3194 3370 3251 3419 et
3271 3360 3411 3432 quod
3446 3358 3649 3425 latebat
3681 3372 3823 3429 ape-

2225 3455 2354 3511 ruit.

2851 3540 3183 3583 Αυεοωτυε.

2300 3618 2365 3675 Ut
2396 3618 2568 3685 video,
2608 3617 2873 3691 sapientia
2905 3615 3211 3673 Salomonis
3238 3616 3291 3670 in
3325 3616 3428 3671 isto
3458 3612 3583 3679 fuit,
3616 3622 3673 3668 et
3702 3612 3824 3670 ideo

2224 3717 2295 3774 ad
2321 3717 2695 3790 investiganda
2720 3715 2916 3773 secreti
2943 3716 3158 3788 negotia
3188 3722 3297 3770 tam
3324 3728 3495 3786 sagax
3535 3718 3676 3768 erat.

2752 3851 2981 3909 CAPUT
3020 3850 3258 3906 XXVIII.

2853 3960 3195 4001 PASCHASIUS.

2300 4044 2456 4116 Saepe
2479 4041 2725 4113 contigit,
2750 4041 2892 4112 quod
2913 4040 3212 4095 Parmenus
3239 4038 3314 4093 ait
3344 4050 3396 4105 ι,
3425 4045 3488 4091 ut
3510 4036 3678 4092 homo
3705 4036 3825 4105 qui—

2226 4136 2359 4191 libet
2390 4134 2702 4206 imprudens
2725 4131 2847 4204 plus
2894 4131 3021 4187 boni
3051 4130 3322 4186 interdum
3354 4128 3624 4191 nesciens,
3657 4140 3822 4196 quam

2229 4229 2380 4303 prius
2432 4226 2613 4282 sciens
2659 4240 2898 4294 unquam
2951 4231 3096 4293 agat.
3153 4222 3259 4277 Sed
3324 4221 3414 4277 hic
3461 4228 3649 4275 noster
3688 4216 3823 4273 nihil

2228 4322 2603 4391 imprudenter
2630 4320 2740 4392 egit
2766 4334 2795 4373 a
2835 4317 3176 4390 professione
3201 4330 3317 4379 sua,
3352 4315 3448 4385 qui
3477 4328 3619 4385 sape
3646 4313 3825 4366 laten-

2231 4415 2307 4470 tia
2342 4414 2456 4469 suis
2483 4413 2896 4485 comprehendit
2944 4410 3377 4481 conjecturarum
3404 4409 3614 4465 retibus
3632 4449 3649 4473 ,
3675 4404 3827 4477 quod

2231 4515 2286 4561 et
2312 4505 2413 4577 ipsi
2441 4520 2605 4575 quam
2642 4518 2785 4574 smpe
2807 4504 3056 4559 videmus
3089 4503 3143 4557 in
3169 4500 3529 4571 quorumdam
3564 4497 3826 4553 Fratrum

534 4596 675 4653 bene
700 4594 832 4650 velit
861 4602 952 4649 aut
972 4594 1204 4666 judicat,
1232 4608 1394 4650 nemo
1436 4595 1815 4666 obtemperare
1843 4595 2079 4667 disponit
2106 4612 2121 4662 ;
2152 4614 2208 4676 ι)
2231 4597 2636 4669 delinquentiis.
2664 4595 2747 4651 Ab
2771 4595 2928 4651 initio
2956 4594 3102 4651 enim
3126 4608 3340 4665 semper
3368 4600 3661 4662 peccantes
3698 4605 3829 4645 um-

536 4690 632 4746 sed
675 4686 1045 4759 unusquisque
1086 4702 1244 4742 suum
1296 4687 1449 4752 velle,
1485 4696 1540 4743 et
1586 4703 1694 4743 non
1734 4688 1829 4744 Dei
1874 4689 2122 4744 intendit.

535 4779 737 4838 Omnes
771 4778 1000 4853 diligunt
1046 4794 1295 4847 munera,
1349 4788 1651 4851 sequuntur
1702 4779 2126 4847 retributiones;

536 4891 690 4946 atque
720 4876 931 4931 cunctis
977 4873 1235 4940 studium,
1281 4873 1474 4930 similis
1501 4874 1818 4944 pertinacia.
1866 4874 1986 4932 Uno
2033 4889 2130 4931 eo-

539 4969 771 5038 demque
816 4966 1070 5022 videntur
1114 4966 1242 5022 ludo
1272 4967 1339 5022 ad
1391 4965 1654 5021 malitiam
1708 4966 2038 5039 prospicere,
2070 4974 2128 5023 et

502 5062 582 5117 'si
628 5062 938 5133 bujusmodi
991 5060 1132 5116 ullus
1175 5068 1259 5116 est
1300 5060 1472 5116 lusus.
1526 5059 1663 5116 Hinc
1709 5076 1839 5118 sane
1900 5061 2126 5131 forsitan

536 5170 759 5226 parvam
808 5153 1101 5210 adhibeant
1141 5152 1323 5220 ﬁdem,
1342 5153 1468 5224 quia
1521 5168 1584 5208 ex
1627 5153 1739 5209 suis
1783 5154 1979 5210 studiis
2023 5169 2124 5211 no-

536 5255 710 5304 strum
748 5246 995 5318 judicant
1042 5246 1355 5314 Arsenium,
1391 5248 1547 5318 quasi
1594 5249 1727 5303 nihil
1756 5248 1901 5304 aliud
1955 5250 2127 5321 possit

535 5355 657 5397 esse
699 5339 894 5413 aliquis
917 5381 933 5406 ,
970 5339 1074 5395 nisi
1127 5340 1270 5411 quod
1318 5340 1420 5410 ipsi
1461 5350 1623 5409 sunt,
1662 5342 1964 5412 praesertim
2000 5356 2124 5397 cum

539 5433 681 5504 apud
708 5448 802 5489 eos
829 5431 975 5486 nulla
1022 5432 1094 5487 sit
1119 5433 1324 5487 veritas
1346 5473 1363 5500 ,
1410 5433 1535 5503 quia
1566 5433 1773 5490 corruit
1798 5432 1854 5488 in
1906 5433 2123 5504 plateis,

500 5538 507 5549 '
537 5536 594 5585 et
621 5527 848 5599 aequitas
881 5540 987 5581 non
1033 5526 1210 5595 potuit
1234 5525 1464 5595 ingredi.
1498 5524 1650 5581 Unde
1690 5524 1918 5596 sanguis
1950 5524 2126 5581 vidua:

539 5635 645 5675 non
692 5616 1098 5691 ingrediebatur
1123 5617 1191 5673 ad
1222 5631 1318 5673 eos
1349 5634 1361 5671 :
1397 5615 1492 5673 sed
1520 5617 1647 5688 quia
1676 5617 1940 5674 innocens
1982 5623 2123 5685 erat,

510 5698 729 5785 ipmdae
763 5711 960 5782 patuit.

611 5880 635 5908 α
679 5868 830 5933 Apud
861 5867 1077 5922 Terent.
1111 5869 1162 5921 iu
1195 5868 1299 5923 line
1330 5867 1574 5941 Hecyra.
1634 5850 1637 5851 ν

2230 4693 2359 4747 bras
2380 4690 2603 4755 adeunt,
2649 4698 2704 4744 et
2732 4688 2973 4759 gestiunt
3021 4684 3419 4755 subterfugere,
3464 4699 3534 4738 ne
3559 4689 3831 4753 appareat

2229 4782 2596 4853 culpantibus,
2623 4780 2767 4850 quod
2805 4779 3002 4835 divinis
3024 4786 3175 4849 patet
3198 4776 3528 4847 aspectibus.
3552 4774 3666 4831 Sed
3696 4775 3831 4844 quia

2228 4880 2390 4952 longe
2409 4878 2498 4934 diu
2521 4877 2731 4933 Italiam
2755 4876 3012 4947 ingressi,
3027 4874 3108 4931 eis
3126 4873 3399 4929 Penninas
3411 4870 3577 4941 Alpes
3589 4868 3833 4924 exsulati

2229 4988 2438 5038 sumus,
2478 4972 2567 5028 ubi
2598 4986 2762 5027 aurea
2789 4970 3026 5026 vidimus
3059 4968 3315 5023 Saturnia
3347 4980 3513 5037 regna
3565 4972 3833 5030 artesque

2232 5065 2521 5137 malignas,
2553 5078 2647 5119 seu
2693 5062 2748 5116 in
2794 5060 3209 5132 quibuscunque
3257 5055 3486 5113 mundus
3534 5062 3727 5124 regnat
3774 5058 3836 5105 et

2231 5156 2616 5213 meretricatur
2645 5150 2897 5208 Auxonia
2929 5165 3150 5222 cespes;
3184 5147 3389 5205 Gallias
3420 5147 3663 5209 tandem,
3683 5156 3835 5212 pene

2229 5249 2484 5307 omnibus
2532 5246 2792 5304 correctis
2844 5245 3008 5302 rebus
3031 5284 3047 5311 ,
3096 5251 3152 5301 et
3180 5243 3425 5315 Eugenio
3475 5238 3838 5295 sanctissimo

2228 5342 2541 5414 apostolicae
2579 5340 2724 5397 sedis
2778 5338 3032 5394 ordinato
3061 5337 3322 5401 antistite,
3354 5336 3411 5390 in
3456 5332 3613 5404 cujus
3656 5330 3839 5387 nimi-

2229 5452 2351 5492 rum
2403 5433 2745 5491 ordinatione
2776 5431 3134 5503 plurimocum
3187 5429 3462 5484 laborasse
3510 5424 3749 5489 dicitur,
3783 5422 3838 5479 si

2231 5545 2341 5604 quo
2392 5528 2555 5585 modo
2606 5542 2706 5599 per
2752 5540 2878 5583 eum
2925 5525 3179 5596 deinceps
3226 5520 3655 5588 corrigerentur,
3701 5529 3845 5586 qua

2230 5621 2325 5680 diu
2360 5621 2721 5697 negligentius
2761 5634 2790 5675 a
2840 5617 3088 5678 plurimis
3134 5613 3354 5672 fuerant
3386 5613 3700 5683 depravata,
3748 5624 3845 5666 re-

2231 5715 2559 5788 grediamur.
