4122 6324
326 376 476 439 1608

776 508 778 510 ’
818 551 820 558 ι
886 501 1115 560 CAPUT
1159 503 1355 562 XXIX.

971 612 1302 654 ADBODA'I'US.

389 685 664 744 Fortassis
683 701 837 760 ergo,
864 688 1141 757 Paschasi,
1163 707 1271 748 non
1295 693 1476 748 minus
1493 693 1723 759 occulte,
1746 706 1912 764 quam

318 777 516 834 callide
567 793 663 836 seu
708 780 987 850 ingeniose
1006 824 1022 848 ,
1079 798 1241 855 quem
1298 784 1522 841 laudare
1565 786 1912 850 decreveras,
1951 791 1954 795 λ

319 871 525 936 acriter
571 874 761 946 culpas
781 889 803 931 v:
835 875 990 945 quasi
1015 876 1218 933 videris
1257 893 1381 949 qua:
1409 878 1600 935 detulit
1647 878 1912 934 fratribus

318 970 500 1027 oblata
529 968 873 1035 munuscula,
904 968 1159 1025 universa
1199 983 1336 1040 pene
1357 969 1558 1039 quibus
1597 969 1909 1026 divitiarum

319 1061 621 1136 genera-vei
639 1062 1339 1128 omamentorumlmundus
1359 1071 1550 1134 regnat
1566 1061 1914 1132 ;|talia,na.m-

318 1161 424 1224 qtte
462 1153 547 1209 vel
581 1159 733 1208 tanta
751 1193 766 1219 ,
822 1151 1004 1222 qualia
1029 1152 1210 1209 nullus
1227 1162 1477 1212 nostrum
1519 1168 1582 1212 se
1610 1154 1809 1212 vidisse
1837 1155 1913 1210 si-

318 1241 431 1298 mul
457 1250 762 1300 testantur.

329 1371 336 1374 -
935 1351 1276 1394 ηεθωειω.

377 1428 674 1501 Nunquam
695 1429 887 1500 itaque
909 1431 1233 1488 crediderim
1261 1433 1406 1503 quod
1434 1443 1544 1489 tam
1573 1433 1906 1504 suspiciosus

314 1527 688 1590 esse-tantque
747 1535 1069 1578 nemorosus
1101 1522 1162 1596 [ι.
1208 1525 1500 1597 morosus],
1532 1525 1802 1582 intentum
1848 1534 1910 1581 ut

312 1623 376 1667 ea
391 1625 526 1683 qua
550 1611 839 1668 sinuoer
863 1613 1012 1670 dicta
1037 1624 1186 1682 sunt,
1213 1615 1416 1672 mei~ad
1439 1617 1764 1673 calumniam
1789 1633 1906 1674 ver-

313 1712 419 1761 tas.
445 1704 596 1763 Nam
623 1706 691 1762 de
716 1705 808 1761 his.
829 1716 886 1762 tu
909 1705 1060 1763 forte
1078 1709 1315 1765 moveris
1331 1725 1487 1766 more
1517 1710 1901 1780 quorumdam,

312 1813 381 1855 ex
410 1799 606 1870 quibus
641 1799 810 1860 alium
845 1809 1032 1857 notas.
1093 1801 1297 1858 Tamen
1333 1803 1422 1858 illa
1449 1804 1632 1858 omnia
1680 1802 1904 1860 benedi~

1004 385 1093 442 DE
1132 385 1293 444 ViTA
1328 387 1586 452 vim.
1631 387 1761 450 seu
1807 385 2230 456 EPl'ngPiilUtt
2265 384 2565 464 Aesis-nu.
2604 419 2677 436 .-
2708 384 2841 448 us.
2881 386 2948 448 ιι.

1951 507 1998 586 ᾼ
2024 519 2055 559 a
2086 505 2266 572 nobis,
2314 520 2490 578 neque
2533 522 2632 578 pro
2662 506 2784 564 aliis
2827 505 3158 580 quibuslibet
3206 502 3505 573 beneﬁciis,
3533 504 3608 581 ab

3464 374 3628 492 re

2020 597 2295 654 extraneis
2336 577 2622 655 inhoneste
2650 577 2857 656 saltem?
2887 601 3116 671 gratiam
3165 597 3467 671 requisivit,
3506 577 3621 672 seti

2019 690 2268 757 conscius
2291 691 2396 747 sibi
2453 706 2668 764 semper
2695 693 2752 748 in
2787 694 3040 752 omnibus
3096 694 3205 752 Deo
3243 691 3460 766 placere
3485 677 3622 751 stu-i

2018 783 2158 839 duit.
3455 787 3460 793 ’

2646 895 2893 936 Ριεοιυιει
2903 896 2982 936 US.

2085 972 2165 1030 ita
2209 981 2315 1039 est,
2350 974 2423 1028 mi
2467 973 2658 1039 frater,
2687 983 2748 1028 ut
2792 975 3012 1040 asseris,
3071 975 3339 1030 intentum
3380 985 3439 1031 ut
3479 977 3604 1050 qui-

2015 1064 2138 1120 dam
2169 1079 2236 1120 ex
2275 1065 2476 1121 nostris
2507 1080 2614 1121 non
2657 1065 3026 1124 intellexerint
3072 1075 3200 1122 tunc
3242 1069 3502 1139 temporis
3537 1085 3605 1128 ea

2015 1157 2088 1212 illi
2121 1174 2220 1230 pro
2243 1173 2468 1216 munere
2490 1161 2638 1227 data,
2666 1161 2761 1217 sed
2791 1162 2948 1216 nobis
2980 1178 3010 1216 a
3047 1161 3462 1233 quamplurimis
3491 1145 3617 1234 ma-_i

2014 1264 2264 1320 gnorum,
2314 1260 2409 1305 aut
2439 1266 2470 1304 a
2519 1267 2739 1308 summo
2787 1251 3053 1308 Pontiﬁce
3089 1251 3238 1310 sedis
3275 1251 3614 1326 apostolicae,

2013 1341 2099 1410 qui
2138 1341 2189 1396 ei
2219 1341 2616 1413 quamplurima
2643 1343 2870 1414 largitus
2921 1351 3021 1410 est,
3061 1344 3403 1399 transmissa.
3447 1343 3612 1401 Undc‘

2011 1432 2241 1504 contigit
2292 1434 2527 1504 quadam
2570 1448 2637 1489 ex
2673 1435 2783 1501 die,
2831 1451 2951 1491 cum
2993 1436 3212 1506 quidam
3273 1451 3303 1492 e
3345 1435 3611 1493 fratribus

2009 1535 2132 1578 eum
2161 1539 2261 1596 pro
2281 1523 2476 1580 talibus
2502 1533 2558 1580 et
2585 1523 2954 1595 hujuscemodi
2988 1521 3146 1581 factis
3177 1525 3442 1593 laudaret,
3468 1515 3614 1584 alius

2009 1617 2351 1687 respondisse
2384 1617 2557 1673 fertur
2587 1635 2597 1672 :
2641 1616 2781 1684 Quid
2804 1619 2868 1674 de
2902 1616 2992 1673 illo
3033 1616 3160 1672 talia
3205 1617 3258 1672 in
3297 1617 3454 1674 laude
3485 1616 3599 1672 fer-

2008 1706 2122 1763 tis?
2145 1723 2328 1764 nonne
2360 1709 2517 1766 nobis
2557 1725 2622 1766 ea
2652 1726 2771 1780 quae
2819 1709 3032 1777 detulit,
3072 1709 3224 1766 fuere
3252 1710 3456 1766 directa
3481 1710 3507 1766 Ἰ
3534 1709 3607 1765 ad

2007 1797 2168 1869 quod,
2201 1813 2325 1855 cum
2353 1799 2596 1866 dixisset,
2631 1800 2852 1856 risimus
2879 1816 3089 1856 omnes.
3130 1799 3283 1860 Tunc
3309 1799 3446 1855 alius
3476 1815 3490 1854 :
3524 1799 3603 1854 Te

315 1892 527 1947 ctiones
556 1892 634 1964 (id
663 1901 742 1947 est
782 1894 1030 1965 munera)
1058 1892 1227 1950 fuisse
1256 1902 1423 1951 casta:
1451 1893 1779 1960 dilectionis,
1806 1902 1902 1949 aut
1928 1879 1976 1940 Β
2004 1889 2143 1947 forte
2192 1892 2369 1958 decet,
2405 1894 2601 1964 inquit,
2655 1893 2751 1949 tibi
2801 1894 2928 1948 talia
2979 1901 3238 1964 tantaque
3289 1894 3597 1950 mittantur.

309 1982 568 2054 obsequia
595 1995 996 2059 magnatorum,
1021 1988 1148 2058 quia
1177 1998 1502 2060 procurator
1531 1989 1683 2061 regni
1713 1997 1770 2046 ct
1789 2005 1901 2045 ma-

309 2061 480 2149 gister
517 2077 864 2149 imperatoris
889 2089 1035 2143 erat,
1081 2081 1276 2136 debita:
1319 2081 1709 2148 venerationis,
1739 2097 1899 2140 nemo

242 2173 246 2176 ’
307 2167 400 2236 qui
435 2168 668 2235 dubitet,
708 2172 836 2228 dum
865 2179 1016 2227 recte
1049 2171 1118 2226 de
1145 2171 1379 2242 proximi
1405 2171 1740 2230 conscientia
1765 2187 1894 2228 cen-

307 2268 444 2314 seat.
479 2259 594 2329 Qua
619 2261 869 2333 profecto
898 2264 1226 2322 conscientia
1261 2272 1408 2321 tutus
1430 2280 1618 2322 coram
1645 2265 1898 2322 omnibus

307 2352 467 2408 nobis
495 2353 662 2420 :lsta,
693 2355 886 2426 inquit,
915 2357 1096 2413 omnia
1127 2373 1246 2428 quae
1273 2357 1517 2424 cernitis,
1548 2365 1661 2414 tam
1707 2372 1897 2418 secure

305 2442 428 2501 sine
453 2443 686 2516 alicuius
711 2448 1028 2506 discrimine
1056 2450 1282 2519 potestis
1310 2451 1574 2522 accipere,
1600 2466 1767 2522 quam
1793 2465 1898 2523 ego

308 2535 426 2591 sine
452 2539 1016 2609 concupiscentiarum
1041 2542 1239 2614 elogio,
1271 2544 1356 2599 vel
1379 2543 1498 2599 sine
1519 2543 1681 2600 ullius
1711 2559 1894 2600 rerum

306 2625 590 2697 dispendio
622 2631 795 2702 gratis
838 2633 951 2688 Deo
977 2642 1035 2689 et
1077 2635 1234 2692 vobis
1261 2635 1317 2691 in
1351 2650 1438 2690 me
1466 2635 1682 2705 suscepi
1710 2635 1894 2692 oblata

305 2732 473 2775 causa
505 2721 750 2780 honestat
793 2726 1145 2797 acceptionis,
1177 2735 1233 2783 et
1277 2729 1487 2785 honore
1524 2728 1776 2800 Augusti,
1803 2743 1894 2786 ve-

305 2818 544 2882 straeque
574 2815 848 2873 utilitatis.
902 2818 1155 2890 Alioquin
1204 2834 1304 2889 pro
1351 2821 1437 2876 bis
1483 2821 1664 2882 nullus
1690 2819 1892 2888 injuste

313 2901 518 2973 aliquid
545 2914 640 2960 aut
681 2909 988 2978 acquisivit,
1033 2918 1127 2965 aut
1153 2911 1417 2982 perdidit;
1449 2928 1626 2983 neque
1671 2921 1890 2984 accepta

309 2995 395 3050 vel
426 2997 551 3052 data
577 2998 749 3056 doluit
775 3019 787 3055 :
820 3002 948 3066 imo,
979 3013 1039 3057 ut
1068 3017 1260 3058 verum
1291 3012 1397 3080 est,
1428 3020 1459 3060 a
1484 3005 1732 3076 plurimis
1765 3016 1925 3064 cum'.

310 3084 507 3141 nollem
554 3090 822 3160 accipere,
856 3091 1010 3148 vobis
1043 3091 1256 3149 deferri
1295 3096 1449 3165 quasi
1484 3095 1540 3150 in
1588 3095 1891 3167 eleemosy—

303 3180 434 3231 nam
459 3182 664 3250 precati
692 3192 839 3239 sunt.
869 3183 1212 3257 Quapropter
1233 3187 1318 3244 his
1353 3188 1428 3244 ita
1455 3189 1745 3259 susceptis,
1787 3203 1886 3258 pa-

2003 1981 2221 2051 llisera,
2256 1985 2499 2055 inquam,
2545 1985 2704 2055 plane
2752 1987 2989 2039 humana
3025 1985 3283 2051 conditio,
3325 1998 3444 2055 qua:
3488 1994 3598 2040 tam

2000 2081 2087 2130 est
2120 2074 2313 2142 hebes,
2343 2075 2540 2139 invida,
2574 2075 2659 2131 vel
2685 2075 2929 2148 ingrata;
2962 2074 3098 2132 alias
3128 2085 3309 2131 autem
3331 2089 3520 2131 eorum
3550 2077 3596 2132 is

2001 2165 2104 2220 nisi
2161 2166 2216 2220 in
2269 2165 2452 2236 aliquo
2504 2166 2830 2232 laborasset,
2894 2181 3250 2238 nequaquam
3295 2167 3368 2222 ita
3417 2165 3608 2222 fassus

2000 2265 2165 2312 esset.
2196 2255 2585 2312 Verumtamen
2611 2265 2825 2312 constat
2863 2266 3108 2312 nostrum
3136 2258 3429 2314 Arsenium
3471 2267 3598 2313 tanw

2001 2356 2115 2404 tum
2146 2355 2277 2404 tunc
2309 2347 2567 2420 temporis
2591 2348 2850 2405 dilectum
2896 2348 3065 2404 fuisse
3091 2357 3254 2418 atque
3299 2346 3595 2416 famosum,

1996 2450 2256 2513 quantum
2294 2441 2471 2498 nullus
2500 2456 2566 2497 eo
2595 2441 2651 2496 in
2681 2457 2875 2514 regno.
2918 2440 3129 2496 idcirco
3179 2439 3374 2495 talibus
3403 2440 3598 2496 tantis-

1997 2551 2103 2608 que
2151 2535 2529 2593 oblectabatur
2575 2535 2917 2601 muneribus,
2990 2534 3261 2589 intantum
3307 2542 3366 2587 ιιι
3408 2532 3600 2589 nolens

1997 2637 2285 2699 cogeretur
2329 2628 2580 2697 accipere
2609 2626 2802 2698 gratis,
2846 2638 2912 2680 ne
2944 2624 3231 2680 laederetur
3279 2637 3434 2678 amor
3456 2622 3591 2678 dile-~

1995 2721 2209 2778 ctionis.
2241 2720 2416 2792 Agant
2444 2721 2535 2776 alii
2572 2719 2714 2790 quod
2756 2726 3012 2788 possunt;
3046 2716 3370 2773 insidientur
3397 2723 3454 2772 et
3482 2709 3596 2770 ιρι-ἐ

1993 2823 2149 2869 reant
2173 2822 2432 2884 quantum
2460 2820 2718 2883 possunt;
2747 2811 2984 2866 vendant
2994 2807 3384 2880 justitiam’pro
3405 2821 3596 2863 mune-

1994 2905 2178 2971 ribus;
2204 2905 2428 2962 saeviant
2475 2903 2666 2959 fraude
2715 2903 2801 2958 vel
2847 2901 3009 2965 dolis,
3043 2909 3101 2956 et
3139 2899 3327 2958 omnia.
3369 2898 3592 2960 cunctis

1993 2998 2204 3055 venalia
2225 3005 2515 3070 praestant:
2541 2995 2672 3051 nulli
2703 3005 2882 3050 tamen
2901 3007 3093 3050 eorum
3117 3000 3229 3048 tam
3247 2991 3592 3064 nmi-tiplicia,

1993 3099 2218 3165 tamque
2241 3093 2534 3166 praecipua,
2574 3106 2736 3162 quam
2785 3090 2875 3146 isti
2903 3089 3244 3146 solummodo
3264 3103 3366 3159 pro
3395 3101 3589 3143 amore

1996 3199 2062 3240 ac
2085 3184 2433 3241 veneratione
2461 3183 2631 3255 gratis
2653 3179 3041 3237 atterebantur.
3067 3181 3277 3248 Quibus
3302 3180 3377 3234 ita
3402 3179 3588 3246 dictis,

307 3273 407 3334 tet,
446 3284 576 3350 non,
603 3279 666 3327 ut
691 3275 956 3344 opinaris,
989 3293 1022 3332 a
1055 3292 1144 3333 me
1170 3277 1378 3334 dictum
1417 3277 1606 3343 fuisse,
1636 3281 1732 3336 sed
1760 3295 1892 3337 usus
1918 3267 1966 3334 Β
1997 3280 2123 3354 quia
2176 3278 2390 3333 tandem
2437 3277 2503 3331 ad
2543 3275 2746 3331 Gallias
2798 3289 2988 3330 rursus
3043 3273 3247 3346 styium
3306 3273 3592 3340 vertimus,

303 3359 499 3428 patria
533 3369 589 3414 et
631 3364 784 3432 regni
829 3365 1050 3422 delicias
1097 3377 1463 3437 praenotasse;
1496 3370 1626 3438 quia
1669 3370 1891 3429 omnino

298 3451 457 3506 hunc
481 3458 594 3507 tam
621 3452 897 3512 liberalem
916 3465 972 3512 et
993 3459 1178 3513 mundi
1197 3467 1629 3531 contemptorem
1648 3461 1702 3516 in
1721 3462 1892 3518 omni-

303 3542 408 3600 bus
431 3559 715 3613 noveram,
749 3556 812 3603 ut
837 3550 1186 3620 semetipsum
1219 3549 1376 3620 juxta
1423 3551 1648 3610 Domini
1699 3567 1890 3610 vocem

303 3635 611 3708 reliquerit.
663 3637 806 3710 Ergo
833 3641 927 3711 qui
976 3641 1328 3712 semetipsum
1359 3651 1471 3698 tam
1519 3641 1780 3713 perfecte,
1829 3652 1891 3700 ut

297 3739 494 3784 omnes
521 3729 664 3786 scire
690 3729 862 3798 licuit,
892 3731 1213 3802 dereliquit;
1263 3735 1394 3804 quid
1449 3733 1578 3800 sibi,
1622 3749 1732 3791 non
1760 3734 1884 3793 dico

301 3817 490 3889 inique
510 3829 608 3876 aut
638 3823 847 3892 cupide,
877 3837 1066 3879 verum
1088 3825 1254 3881 etiam
1285 3825 1430 3898 licite
1456 3825 1557 3883 sibi
1603 3827 1891 3898 acquirere

300 3911 515 3981 potuit?
549 3912 686 3979 imo,
717 3921 778 3969 ut
823 3913 1006 3972 fassus
1031 3932 1176 3984 sum,
1209 3927 1264 3974 et
1297 3933 1387 3974 res
1415 3919 1592 3989 patuit
1618 3918 1796 3986 nobis,
1825 3935 1890 3976 ea

299 4003 476 4075 magis
502 4005 762 4076 suscepit,
788 4021 858 4062 ne
886 4009 1027 4064 forte
1050 4017 1145 4064 aut
1179 4009 1256 4066 illi
1283 4011 1367 4082 (ut
1387 4010 1610 4082 assolet)
1643 4011 1734 4081 qui
1757 4012 1888 4068 dare

296 4093 574 4162 volebant,
621 4096 945 4155 laederentur
991 4100 1208 4167 offensi,
1257 4110 1354 4160 aut
1395 4117 1516 4168 nos,
1549 4102 1750 4160 nostris
1787 4118 1886 4158 ex-

296 4189 483 4259 pensis
503 4205 706 4248 vacuus
730 4191 778 4248 si
803 4192 1027 4259 rediret,
1059 4194 1145 4250 his
1169 4195 1387 4261 auditis,
1420 4195 1565 4266 quod
1590 4195 1889 4266 sprevisset

298 4296 422 4352 qua:
452 4284 609 4340 nobis
637 4286 1014 4354 mittebantur,
1046 4288 1526 4348 calumniaremur.

915 4393 1254 4438 Αυιοωτυδ.

370 4463 553 4523 Placet
581 4469 726 4539 quod
759 4469 1061 4540 obiecerim
1092 4486 1217 4528 eum
1248 4481 1299 4531 te
1324 4474 1598 4545 culpasse,
1629 4473 1756 4544 quia
1784 4465 1884 4530 au;-

299 4559 471 4615 ditum
497 4569 616 4616 erat
641 4562 710 4617 de
761 4561 848 4618 bis
874 4578 993 4633 qua:
1036 4564 1292 4621 attulerat
1323 4582 1339 4620 :
1370 4573 1432 4621 ut
1456 4578 1648 4622 omnes
1689 4565 1887 4620 intelli-

1997 3371 2158 3424 fmem
2187 3368 2306 3424 libri
2340 3380 2638 3438 ponamus:
2669 3366 2925 3438 quoniam
2951 3381 3014 3421 ea
3036 3380 3157 3438 qure
3181 3363 3442 3436 deinceps
3461 3379 3589 3420 cum

1997 3459 2200 3531 gemitu
2245 3458 2622 3530 prosequenda
2662 3467 2807 3523 sunt,
2851 3465 2962 3512 tam
2991 3457 3114 3512 dira
3163 3463 3312 3522 sunt,
3357 3464 3592 3525 tamque

1996 3552 2277 3618 immania,
2313 3560 2373 3607 ut
2398 3553 2484 3607 vix
2524 3551 2827 3607 autnutlus
2851 3551 2948 3622 qui
2977 3558 3174 3606 .mente
3211 3548 3391 3604 valeat
3442 3562 3589 3603 com-

1989 3631 2353 3716 prehendere,
2399 3643 2526 3714 quia
2554 3641 2905 3698 formidolosa
2936 3648 3064 3698 sunt
3111 3639 3341 3698 nimium
3367 3647 3425 3694 et
3454 3652 3589 3706 cou-

1995 3735 2133 3791 fusa.
2166 3735 2297 3803 Quae
2323 3749 2447 3789 cum
2469 3733 2711 3805 attigerit
2735 3732 3002 3799 calamus,
3031 3718 3581 3802 quamvisiapideum

1994 3844 2090 3884 cor
2113 3837 2264 3901 gerat
2304 3828 2537 3897 scriptor
2563 3826 2775 3882 illarum
2817 3841 3026 3892 rerum,
3071 3825 3258 3882 nescio
3301 3825 3345 3880 si
3390 3825 3586 3879 littera:

1991 3936 2104 3993 prae
2133 3919 2387 3991 lacrymis
2414 3918 2627 3990 possint
2651 3918 2896 3984 formari,
2925 3933 2994 3974 ne
3011 3917 3306 3984 abluantur
3325 3916 3574 3972 ﬂetibus:

1992 4023 2198 4084 quanto
2222 4012 2399 4086 magis
2423 4023 2482 4067 ut
2501 4013 2766 4069 formetur
2785 4012 3117 4068 narrationis
3135 4011 3271 4070 ordo
3285 4018 3349 4068 ,et
3369 4009 3579 4066 status!

1985 4107 2132 4164 iiinc
2181 4108 2528 4164 consolemur
2591 4106 2865 4162 interdum
2916 4103 3181 4179 [interim]
3205 4117 3326 4162 nos
3389 4101 3588 4175 gaudio

1991 4200 2364 4266 conscientiae,
2391 4199 2538 4271 quod
2575 4198 2744 4256 talem
2791 4212 2916 4255 eum
2970 4206 3296 4267 mutumque
3329 4192 3586 4265 cognovi-

1993 4307 2113 4349 mus
2142 4302 2198 4349 et
2226 4291 2535 4357 habuimus,
2570 4291 2638 4346 de
2667 4305 2793 4360 quo
2827 4289 3070 4362 gaudere
3105 4289 3162 4344 in
3196 4286 3428 4345 Domino
3476 4299 3582 4349 non

1980 4399 2267 4440 veremur.
2299 4381 2368 4436 Et
2408 4395 2478 4437 ne
2501 4381 2626 4440 uilis
2655 4380 2972 4449 frangamur
3011 4379 3258 4452 ἐπιμιξία
3285 4375 3584 4458 praeviden-

1990 4477 2118 4531 dum
2147 4494 2160 4530 :
2192 4474 2317 4544 quia
2340 4488 2484 4528 nunc
2504 4472 2828 4562 in‘tetnpore
2852 4470 3070 4541 plurimi
3303 4468 3580 4539 honestio-

1990 4579 2079 4620 res
2104 4560 2691 4640 obloquuntur’bouos,
2715 4560 2792 4616 ita
2839 4568 2899 4616 ut
2943 4560 3123 4616 nullus
3153 4560 3305 4616 exire
3345 4560 3582 4614 intactus

299 4661 447 4721 gant,
477 4667 643 4724 quam
671 4653 910 4710 liberalis
946 4652 1131 4721 fuerit,
1161 4670 1325 4726 quam
1375 4655 1586 4718 alienus
1613 4671 1642 4711 a
1667 4655 1887 4724 saeculo,
1915 4649 1969 4710 D
1993 4655 2186 4726 possit.

295 4759 571 4817 quamque
595 4747 799 4805 mundo
828 4755 1095 4816 mortuus,
1124 4749 1220 4820 qui
1266 4764 1370 4807 nec
1394 4764 1492 4822 pro
1517 4749 1604 4806 liis
1627 4749 1881 4806 omnibus

1470 5067 1772 5147 LIBER
1847 5060 2410 5144 SECUNDUS.

896 5247 1319 5309 lnterlocutores
1357 5268 1371 5306 ε
1413 5248 1862 5314 ΡΑεοιιΑδιυδ,
1899 5242 2338 5310 saccones,
2383 5217 2963 5310 runornnasrus.

842 5469 1332 5529 lNTRODUCTlO.

918 5580 1251 5622 Αυεοωιτυε.
1341 5551 1344 5553 Δ

361 5655 495 5718 Post
542 5659 858 5716 innumeras
904 5658 1052 5715 intus
1090 5658 1251 5714 oliicii
1282 5670 1464 5724 curas,
1497 5665 1618 5727 post
1650 5651 1880 5711 immen-

268 5739 386 5821 "itas
421 5751 666 5810 exterius
703 5750 1121 5824 occupationum
1171 5763 1386 5816 causas,
1424 5756 1547 5819 post
1581 5747 1764 5802 varios
1795 5760 1884 5802 re-

267 5829 415 5900 iru'm
444 5839 888 5917 negotiorumque
917 5851 1139 5900 eventus
1169 5851 1222 5898 et
1251 5842 1374 5899 vitae
1408 5839 1709 5913 dispendia,
1760 5846 1882 5911 post

1987 5472 2145 5540 longa
2175 5467 2281 5523 huc
2309 5463 2541 5535 illucque
2568 5462 2766 5520 diversi
2811 5460 3021 5516 itineris
3045 5459 3232 5532 fatigia
3264 5469 3322 5517 et
3345 5475 3572 5519 concur-

1985 5577 2079 5618 sus
2107 5559 2318 5629 ubique,
2351 5565 2475 5628 post
2507 5553 2805 5611 indefessas
2831 5554 3073 5610 omnium
3107 5569 3423 5625 pressuras;
3457 5564 3573 5610 tan.

1984 5653 2109 5707 dem
2138 5636 2317 5707 divino
2367 5648 2715 5719 dispensante
2753 5645 2984 5717 judicio,
3041 5645 3246 5706 relictis
3296 5646 3567 5712 omnibus,

1984 5744 2108 5815 Quia
2147 5741 2262 5809 tibi.
2318 5740 2598 5811 Paschasi,
2649 5739 2860 5812 reddita
2899 5747 2983 5796 est
3035 5739 3192 5808 quies
3241 5747 3296 5795 et
3345 5738 3572 5794 libertas

1986 5837 2172 5903 animi,
2193 5834 2488 5896 πυθιάδι-ἱ
2511 5842 2732 5905 oportet
2773 5834 2919 5904 quod
2949 5833 3232 5894 omisimus
3258 5832 3408 5900 olim,
3437 5848 3570 5904 qua-
