4122 6324
569 341 716 436 1607'

1360 369 1430 434 S.
1461 376 1818 435 PASCHASII
1851 373 2202 434 RADBERTI
2243 375 2536 435 ABBATIS
2571 375 3025 436 CORBEIENSIS

3710 381 3854 438 £608

561 463 722 557 tenus
757 495 1012 567 deinceps
1059 494 1350 568 aliquando
1405 495 1664 566 epitaphii
1703 495 1881 552 Patris
1919 493 2150 551 formam
2179 503 2233 567 Α
2258 493 2312 551 bi
2335 495 2564 552 verbum
2592 495 2842 553 veritatis
2869 495 3042 553 libere
3086 491 3439 570 loquebatur.
3498 493 3574 549 Ex
3625 511 3736 567 quo
3767 497 3853 563 fit,

561 590 897 663 expleamus,
929 603 1093 660 quam
1120 587 1503 644 commendare
1530 587 1727 644 litteris
1751 587 2016 658 ccepimus
2039 587 2153 659 pri-

563 682 687 740 dem
717 700 732 738 :
765 680 1003 754 alioquin
1033 687 1180 738 esset
1203 680 1486 737 honestius
1519 694 1626 737 non
1656 679 1965 748 inchoasse,
1987 693 2152 752 quam

563 773 816 832 inchoata
841 786 951 830 non
981 771 1221 845 explere.

1182 882 1520 925 PASCIIASIUS.

632 961 907 1022 Conﬁteor
957 963 1031 1018 ita
1077 976 1221 1030 esse,
1272 962 1346 1018 mi
1396 961 1586 1017 frater.
1636 959 1746 1018 Sed
1794 976 1987 1018 vereor
2030 967 2155 1033 post

556 1055 722 1114 surda
760 1053 888 1110 vitae
918 1053 1155 1121 silentia,
1201 1061 1325 1124 post
1369 1051 1572 1108 omissa
1602 1051 1913 1109 litterarum
1950 1051 2148 1116 studia,

560 1157 806 1223 repetere
839 1148 984 1220 quod
1034 1159 1128 1204 aut
1152 1147 1350 1204 oblivio
1377 1146 1620 1215 abduxit,
1666 1156 1761 1204 aut
1801 1147 1994 1204 levitas
2038 1160 2153 1202 mo-

557 1255 678 1297 rum
701 1240 815 1314 jam
843 1239 1030 1296 audire
1065 1238 1292 1296 fastidit.
1342 1237 1570 1310 Insuper
1611 1239 1715 1295 etsi
1748 1247 1893 1295 esset
1936 1239 2003 1295 de
2035 1237 2154 1294 tali-

556 1331 658 1388 bus
685 1340 895 1404 tempus
929 1330 1216 1403 loquendi,
1250 1331 1555 1402 prmscrtim
1577 1330 1691 1402 jam
1719 1330 1864 1386 nulla
1884 1340 1968 1388 est
1995 1330 2151 1398 mihi,

552 1424 656 1480 etsi
679 1423 1005 1496 quandoque
1032 1424 1197 1480 fuerit
1224 1424 1532 1482 litterarum
1563 1424 1814 1481 facundia
1848 1423 2148 1482 scribendi.

555 1516 761 1574 Tamen
800 1532 869 1574 ne
914 1517 1060 1590 quod
1089 1518 1376 1590 coepimus,
1425 1517 1690 1576 infectum
1740 1519 1924 1574 veniat
1971 1521 2026 1574 in
2056 1533 2155 1588 op-

554 1611 858 1684 probrium,
876 1611 1111 1669 inimicis
1132 1611 1187 1668 in
1208 1613 1484 1685 gaudium,
1502 1622 1558 1670 et
1568 1613 1866 1670 desidiosis
1890 1613 1945 1669 in
1966 1628 2155 1669 exem-

555 1707 704 1778 plum
725 1748 740 1774 ,
773 1706 1025 1778 experiar
1049 1706 1192 1778 quod
1227 1707 1488 1774 hortaris,
1515 1715 1571 1764 et
1595 1707 1876 1778 incipiam,
1907 1707 2036 1763 licet
2071 1707 2154 1762 in-

553 1799 840 1872 explebilia
859 1801 979 1858 sint
991 1812 1268 1874 gestarum
1298 1820 1481 1860 rerum
1502 1803 1744 1860 lamenta
1769 1820 1888 1874 qua:
1917 1810 2147 1859 restant.

2253 596 2546 660 antequam
2578 588 2694 645 haec
2720 587 2864 644 mala
2887 589 3054 644 totius
3099 585 3315 658 imperii
3343 595 3693 658 apparerent,
3726 604 3855 645 cre-

2251 677 2630 736 brescentibus
2657 679 2772 751 jam
2793 681 3020 752 jamque
3062 678 3305 750 quotidie
3349 679 3446 735 Dei
3469 677 3620 750 justo
3641 679 3856 752 judicio

2252 770 2308 828 in
2338 770 2535 842 popqu
2563 771 2796 828 diversis
2823 769 3228 828 calamitatibus
3257 779 3315 827 et
3347 769 3598 845 ﬂagellis,
3641 782 3704 830 ut
3750 775 3858 833 im-

2253 872 2474 936 perator
2503 879 2615 920 una
2634 879 2760 921 cum
2790 864 2904 922 suis
2926 865 3274 922 senatoribus
3297 874 3354 921 et
3377 865 3697 937 proceribus
3739 877 3859 926 ter-

2253 973 2327 1012 rae
2350 958 2672 1029 requireret,
2696 958 2827 1030 quid
2847 968 2996 1016 esset
3022 959 3166 1030 quod
3197 958 3380 1015 divina
3397 959 3656 1031 maiestas
3679 961 3859 1020 οπεο-

2253 1065 2314 1107 sa
2339 1058 2420 1106 tot
2449 1050 2688 1122 taliaque
2719 1050 2881 1124 longo
2908 1051 2963 1106 in
2985 1059 3229 1123 tempore
3258 1051 3365 1107 isto
3399 1061 3858 1122 pramonstraret

2254 1143 2310 1199 in
2329 1143 2529 1216 populo
2554 1162 2568 1199 :
2587 1147 2716 1217 quia
2738 1146 2874 1218 jam,
2897 1144 3182 1216 Scriptura
3207 1154 3348 1202 teste
3365 1143 3507 1218 (ιω.
3523 1162 3711 1215 xxvnt,
3727 1149 3850 1221 l9),

2253 1236 2366 1292 sola
2396 1237 2612 1293 vexatio
2635 1237 2973 1296 intellectum
2995 1238 3162 1294 dabat
3181 1238 3410 1294 auditni.
3443 1239 3689 1311 Tumque
3706 1256 3852 1312 pra-

2252 1329 2470 1401 cipitur,
2522 1338 2582 1385 ut
2632 1330 2828 1404 singuli
2892 1331 2961 1388 de
3007 1331 3113 1389 hoc
3159 1331 3473 1403 diligentius
3542 1343 3856 1404 quaererent

2253 1436 2426 1492 usque
2449 1421 2517 1478 ad
2545 1421 2710 1478 alium
2735 1422 3004 1480 Placitum
3032 1425 3084 1491 b,
3107 1424 3238 1496 quid
3279 1433 3426 1482 esset
3470 1425 3529 1482 in
3558 1441 3668 1498 quo
3707 1428 3856 1486 Deus

2253 1510 2491 1568 offensus
2519 1520 2684 1580 esset,
2716 1511 2804 1569 vel
2833 1514 3032 1584 quibus
3073 1513 3284 1586 placari
3325 1525 3510 1586 posset
3561 1517 3853 1587 operibus.

2255 1602 2349 1658 llis
2381 1603 2456 1658 ita
2484 1603 2705 1675 quidem
2728 1603 2916 1674 jussis,
2965 1606 3161 1662 statuit
3197 1619 3325 1664 mox
3357 1608 3623 1666 Arsenius
3665 1619 3856 1667 noster

2253 1713 2440 1755 coram
2466 1699 2642 1757 oculis
2681 1701 2941 1758 miserum
2970 1702 3181 1770 orbem,
3207 1711 3264 1760 et
3307 1703 3520 1761 divinas
3559 1703 3731 1777 leges,
3780 1702 3855 1760 si-

2254 1798 2474 1870 mulque
2495 1797 2719 1854 Patrum
2746 1799 2964 1854 decreta
2989 1816 3003 1852 :
3045 1797 3099 1853 in
3127 1798 3326 1868 quibus
3369 1797 3656 1870 conspexit
3679 1795 3848 1862 illico,

559 1893 820 1966 Sed-quia
849 1872 1123 1953 interdum
1153 1898 1389 1954 Severus
1415 1899 1694 1970 ingressus
1721 1872 1806 1958 est
1831 1895 1960 1953 felix
2006 1895 2150 1950 viam
2181 1879 2228 1940 Β
2256 1889 2476 1976 quantis
2504 1887 2767 1946 Ecclesiae
2793 1888 3000 1946 Christi
3045 1889 3354 1960 depravata
3407 1872 3593 1944 forent
3642 1887 3846 1953 modis,

551 1987 817 2044 universa:
842 1995 1024 2055 terrm,
1046 1997 1102 2044 et
1122 1988 1382 2046 Chremes
1411 1991 1554 2048 inter
1576 1977 1891 2048 discrimina
1913 2003 1939 2032 ι
1963 1998 2150 2046 nostra

544 2079 661 2150 jam
685 2080 952 2148 discessit,
981 2097 1205 2140 necesse
1217 2092 1314 2142 .est
1336 2101 1502 2139 unum
1527 2085 1792 2158 eligamus
1812 2087 1877 2140 de
1899 2083 1981 2141 his
1999 2099 2150 2140 more

552 2181 867 2232 sanctorum
905 2174 1152 2244 Patrum,
1200 2177 1295 2248 qui
1343 2163 1626 2235 nobiscum
1655 2194 1780 2235 cum
1826 2193 1893 2235 eo
1945 2166 2148 2234 versati

552 2273 718 2320 sunt:
745 2274 1014 2338 quatenus
1047 2282 1144 2338 per
1166 2283 1291 2324 eum
1320 2279 1375 2325 et
1401 2270 1627 2336 veritas,
1651 2269 1825 2356 .quasi
1851 2271 1951 2327 sub
1977 2269 2150 2326 tribus

552 2356 802 2425 testibus,
848 2359 1044 2418 melius
1090 2361 1533 2428 commendetur;
1562 2370 1617 2418 ct
1666 2371 1853 2419 noster
1897 2362 2149 2434 planctus

549 2463 658 2504 non
680 2450 925 2508 diversus
949 2453 1036 2510 vel
1055 2469 1279 2511 numero
1309 2454 1636 2511 inveniatur.
1665 2455 1874 2513 Idcirco
1894 2498 1907 2522 ,
1940 2455 2144 2523 frater,

549 2540 674 2610 quia
706 2550 858 2602 tuum
891 2544 995 2601 fuit
1019 2563 1141 2619 quae
1186 2548 1452 2620 coepimus
1500 2549 1826 2623 reincipere,
1878 2559 2028 2606 tuum
2074 2550 2147 2608 sit

545 2642 858 2695 consortem
896 2636 952 2694 in
981 2637 1084 2696 hac
1109 2649 1259 2710 parte
1293 2639 1515 2713 eligere.

1162 2763 1500 2806 Αυεοωτυε.

621 2839 881 2910 Quamvis
906 2855 1034 2914 ergo
1063 2841 1246 2898 minus
1286 2844 1515 2901 idoneus
1555 2844 1657 2901 sim
1685 2844 2000 2918 praejudicio
2027 2845 2140 2902 dis-

545 2931 841 2999 cernendi;
863 2933 991 3004 quia
1023 2932 1252 2990 devotus
1287 2935 1396 2991 tuis
1419 2935 1595 2992 existo
1616 2935 1804 3008 jussis,
1832 2951 1940 2993 non
1964 2935 2143 2991 abnuo

545 3025 691 3097 quod
725 3024 920 3096 exigis.
979 3023 1099 3082 Non
1130 3026 1276 3083 enim
1323 3026 1704 3098 philosophum
1732 3027 1801 3083 ad
1847 3027 2140 3083 lamentum

547 3114 651 3171 rite
684 3115 1000 3187 quaerimus,
1039 3116 1135 3173 sed
1177 3131 1370 3173 eorum
1405 3117 1662 3189 aliquem,
1692 3115 1848 3189 cujus
1884 3127 1980 3173 aut
2019 3133 2136 3174 me-

545 3209 718 3266 moria
771 3209 875 3281 piaa
912 3209 1329 3278 recordationis,
1372 3219 1467 3267 aut
1509 3209 1706 3267 affectu
1758 3210 1830 3267 ad
1865 3210 2139 3282 lacrymas

2255 1980 2613 2054 qnalibusqne
2678 1982 2911 2054 populus
2965 1981 3253 2039 universus
3301 1980 3604 2038 carnalium
3663 1993 3854 2038 rerum

2253 2067 2512 2146 operibus
2560 2082 2871 2147 corruptus.
2925 2073 3045 2142 Qua
3092 2076 3160 2131 de
3207 2088 3374 2131 causa
3401 2089 3644 2146 .parvam
3680 2072 3856 2130 edidit

2253 2158 2568 2225 schédulam
2621 2169 2840 2240 quidem
2869 2169 2972 2226 sibi
2998 2169 3066 2225 ad
3092 2170 3438 2237 memoriam,
3470 2170 3526 2226 in
3564 2185 3672 2242 qua
3713 2169 3854 2226 litte-

2253 2261 2332 2318 ris
2377 2262 2626 2333 depinxit
2671 2263 2927 2320 universa
2977 2263 3132 2336 regni
3166 2263 3328 2336 hujus
3368 2261 3664 2326 efﬁcaciter
3695 2263 3850 2331 vitia,

2251 2355 2440 2427 sicque
2484 2355 2902 2427 circumspecte,
2938 2365 2998 2413 ut
3031 2355 3211 2413 nullus
3260 2357 3703 2414 adversariorum
3727 2371 3851 2414 om-

2248 2448 2341 2504 nia
2368 2449 2443 2505 ita
2465 2465 2575 2505 non
2603 2465 2727 2507 esse
2752 2465 2952 2522 negare
2994 2459 3197 2522 posset.
3239 2451 3371 2507 Inde
3411 2449 3481 2506 ad
3525 2451 3851 2508 comitatum

2249 2540 2485 2607 rediens,
2513 2543 2697 2597 omnia
2719 2557 2903 2598 coram
2931 2543 3176 2614 Augusto
3191 2550 3247 2600 et
3271 2558 3458 2599 coram
3487 2543 3705 2600 cunctis
3749 2558 3846 2600 ec-

2247 2633 2538 2690 clesiarum
2561 2635 2884 2707 praesulibus
2923 2647 2979 2693 et
3003 2638 3348 2695 senatoribus
3402 2640 3691 2710 proposuit
3737 2637 3850 2695 sin—

2245 2724 2473 2797 gillatim
2502 2726 2842 2784 diversorum
2870 2728 3126 2786 ordinum
3156 2729 3356 2797 cilicia,
3398 2729 3852 2787 excrescentibus

2247 2815 2426 2885 malis,
2455 2825 2511 2874 et
2543 2819 2785 2876 ostendit
2804 2827 3001 2877 cuncta
3047 2835 3170 2878 esse
3214 2831 3472 2894 corrupta
3515 2820 3604 2878 vel
3650 2821 3850 2894 depra-

2243 2920 2391 2969 vata.

2835 3065 3270 3113 THEOPHRASTUS.

2315 3180 2655 3253 Obstupesco
2694 3155 2872 3252 valde,
2925 3199 3049 3242 cum
3090 3187 3209 3258 ejus
3259 3186 3424 3242 tantis
3474 3200 3848 3258 provocamur

542 3253 1040 3360 ῐιὲἕίοωιῖἑῗυιῖἇξ
1063 3253 2040 3377 ἆ“ἱέἷί’ξίάὲἶιὶτ,“ιίὲἐῗεῶἑῖἒῖι,
2069 3253 2139 3362 ἐξ
2166 3253 2212 3320 ο
2242 3271 2526 3377 ἐπὲωνηξν
2555 3273 2701 3377 Si?“
2724 3289 2885 3377 "3"“?
2905 3283 3151 3377 "WE?"
3193 3277 3302 3348 ειυί-
3331 3277 3394 3332 ad
3422 3276 3636 3377 ι’ἔτεηίξω
3685 3275 3845 3377 ’Ῥτίῖ

542 3391 794 3450 omnibus
820 3390 1083 3464 eligamus
1111 3391 1564 3467 Theophrastum.

1128 3522 1563 3567 THEOPIMSTUS.

620 3597 968 3672 Nequaquam
1015 3600 1182 3673 igitur
1217 3601 1594 3672 cogitaverim,
1636 3602 1784 3675 quod
1811 3599 1967 3674 jocos
2007 3601 2137 3661 ludo

544 3691 722 3750 velitis
751 3707 957 3762 serere,
997 3702 1091 3751 aut
1112 3695 1338 3767 puerilia
1373 3696 1593 3752 sectari.

1165 3800 1506 3842 PASCIILSIUB.

614 3873 733 3932 Noli
760 3875 970 3945 mirari,
998 3875 1188 3942 frater,
1217 3877 1263 3933 si
1289 3885 1341 3932 te
1367 3875 1618 3950 glabrum
1656 3877 1724 3934 ad
1753 3877 1858 3935 hoc
1881 3877 2134 3936 Adeoda-

543 3976 630 4024 tus
651 3967 832 4042 elegit,
861 3984 985 4025 cum
1008 3982 1097 4024 me
1121 3967 1458 4041 decrepitum
1482 3967 1640 4041 longe
1671 3968 1762 4028 diu
1792 3968 1993 4026 talibus
2032 3969 2132 4025 ob-

540 4058 839 4116 litteratum
865 4060 1058 4117 studiis
1082 4075 1193 4117 non
1220 4061 1469 4118 omiserit
1497 4079 1510 4116 :
1541 4061 1799 4134 quoniam
1827 4063 2052 4120 threnos
2075 4069 2134 4118 et

539 4151 828 4208 veritatem
854 4152 1202 4210 audientibus
1230 4153 1467 4210 maxime
1487 4153 1644 4224 probi
1673 4160 1731 4209 et
1764 4155 1904 4213 bene
1922 4153 2131 4211 conscii

539 4250 790 4300 amantes
813 4243 1196 4301 commendare
1225 4245 1446 4301 debent.
1478 4242 1604 4302 Ideo
1634 4258 1736 4302 nos
1763 4245 1870 4302 duo
1907 4245 1962 4302 in
1994 4244 2133 4301 mul-

540 4333 613 4393 tis
657 4350 946 4408 possumus
982 4336 1098 4410 jam
1134 4337 1225 4394 diu
1274 4337 1454 4395 vexati
1507 4351 1672 4410 quam
1718 4335 1858 4396 bene
1905 4336 2031 4395 filiis
2073 4347 2132 4396 et

538 4429 731 4491 amicis
757 4440 974 4493 nostros
995 4433 1236 4508 pandere
1257 4433 1436 4492 ﬂetus.

1056 4566 1286 4626 CAPUT
1331 4564 1625 4627 PRIMUM.

1135 4680 1477 4722 ADEODATUS.

606 4757 714 4816 Sed
757 4768 1050 4832 antequam
1090 4759 1374 4816 veniamus
1407 4759 1476 4815 ad
1510 4747 1830 4823 lamentum,
1856 4769 2009 4828 rogo,
2033 4755 2120 4811 in-

2245 3370 2415 3418 tatem
2457 3364 2525 3418 de
2552 3362 2645 3420 illo
2666 3365 2864 3422 audeat
2893 3365 3127 3436 posteris
3169 3381 3415 3433 narrare,
3455 3365 3585 3422 licet
3630 3366 3846 3421 audeat

2245 3458 2499 3530 detegere
2518 3467 2740 3530 peccata
2756 3459 2938 3532 populi
2965 3459 3125 3532 longe
3137 3459 3229 3516 diu
3244 3459 3607 3524 accumulata,
3630 3457 3840 3524 clades,

2240 3547 2606 3618 pestilentias,
2647 3549 2848 3618 fames,
2892 3551 3289 3622 inaequalitates
3333 3565 3543 3616 aerum,
3573 3538 3844 3607 terrores-

2239 3652 2346 3708 que
2373 3639 2543 3694 etiam
2564 3638 2858 3696 visionum.
2888 3640 3098 3709 Quibus
3124 3641 3371 3712 profecto
3410 3641 3571 3698 malis
3602 3653 3843 3711 praeces-

2238 3729 2311 3785 sit
2335 3731 2486 3802 prior
2512 3731 2796 3802 pulverum
2824 3732 2989 3789 fallax
3032 3735 3370 3803 adinventio,
3417 3734 3518 3791 sub
3546 3749 3653 3806 qua
3683 3741 3839 3789 tanta

2238 3819 2342 3876 fuit
2365 3823 2583 3878 vexatio
2611 3832 2668 3879 et
2696 3824 3003 3898 prodigium
3033 3827 3322 3895 mendacii,
3369 3835 3431 3883 ut
3479 3827 3841 3900 prudentibus

2238 3915 2462 3972 daretur
2481 3917 2732 3991 intelligi,
2754 3919 2899 3990 quod
2929 3920 3216 3978 universus
3240 3919 3389 3977 orbis
3413 3920 3483 3976 ad
3510 3921 3836 3976 tentandum

2236 4015 2384 4064 esset
2406 4008 2687 4081 expositus
2732 4009 2787 4064 in
2831 4011 3086 4068 manibus
3132 4010 3358 4068 inimici.
3389 4010 3472 4067 Ex
3499 4026 3610 4082 quo
3640 4011 3835 4083 liquet,

2232 4116 2335 4174 pro
2357 4101 2556 4159 talibus
2585 4111 2642 4159 et
2659 4100 3030 4174 hujuscemodi
3058 4103 3240 4160 causis
3260 4112 3484 4174 peccata
3507 4104 3684 4176 regni,
3709 4117 3834 4175 qua

2235 4195 2466 4251 necdum
2495 4195 2762 4268 completa
2794 4205 2942 4264 sunt,
2964 4197 3110 4268 quod
3139 4196 3383 4270 quotidie
3437 4195 3494 4254 in
3542 4194 3702 4268 pejus
3739 4210 3832 4250 cn-

2234 4287 2524 4344 mulentur.
2558 4288 2757 4360 Sicque
2777 4299 2972 4360 restat,
2995 4291 3139 4362 quod
3164 4291 3218 4348 in
3246 4290 3433 4347 multis
3457 4288 3663 4346 factum
3683 4303 3835 4344 com-

2231 4381 2493 4453 perimus,
2520 4389 2581 4437 ut
2619 4382 2950 4440 destruatur.
2986 4383 3142 4442 Unde
3197 4385 3495 4441 timendum
3520 4398 3589 4440 ne
3639 4381 3736 4437 fiat
3775 4382 3833 4438 in

2231 4475 2411 4546 nobis,
2443 4478 2589 4548 quod
2613 4477 2668 4533 in
2695 4477 3006 4548 multisjam
3035 4479 3290 4552 gentibus
3336 4459 3519 4535 actum
3565 4476 3830 4549 legimus.

2231 4565 2589 4640 Nequaquam
2616 4567 2784 4640 igitur
2805 4569 3036 4626 dixerim
3060 4569 3178 4627 sine
3197 4584 3364 4626 causa
3392 4567 3660 4625 miracula
3703 4583 3832 4624 san-

2151 4631 2210 4697 D
2232 4631 2627 4734 ctorum.longe
2639 4631 2746 4717 vdiu
2768 4662 2824 4718 in
2853 4661 3072 4720 Christo
3099 4662 3493 4735 quiescentium
3523 4677 3704 4736 nuper
3733 4677 3832 4718 co-

2231 4768 2501 4818 ruscasse,
2533 4762 2739 4825 quanta
2759 4761 2815 4810 et
2839 4753 3022 4825 qualia
3070 4770 3345 4826 nunquam
3370 4762 3512 4825 sunt
3552 4753 3748 4810 audita
3803 4769 3830 4806 a

535 4849 684 4908 dices
721 4852 878 4908 nobis
921 4851 1138 4907 initium
1184 4849 1320 4905 tanti
1357 4847 1692 4906 discriminis
1725 4864 1738 4902 :
1771 4845 1900 4917 quia
1947 4844 2127 4902 nullus
2166 4885 2174 4892 .
2230 4844 2425 4900 sarculo
2451 4843 2594 4900 facta
2611 4860 2720 4902 uno
2742 4845 2797 4901 in
2822 4854 3065 4919 tempore
3093 4850 3160 4904 ad
3182 4847 3439 4918 reliquias
3459 4854 3828 4902 sanctorum:

531 4953 618 4998 est
653 4942 771 5000 sani
801 4942 1014 5013 capitis,
1039 4942 1134 5014 qui
1166 4939 1355 4999 credat
1391 4941 1509 4997 haec
1548 4939 1668 4996 sine
1703 4936 1908 4996 offensa
1941 4937 2037 4994 Dei
2067 4937 2122 4992 in
2229 4937 2355 5008 quia
2383 4938 2626 5006 omnino,
2653 4940 2809 5010 quasi
2833 4940 2887 4996 in
2927 4941 3222 5012 gallicinio,
3245 4941 3417 4999 sancti
3439 4941 3543 4997 hoc
3567 4939 3628 4996 in
3654 4954 3832 5012 regno

528 5033 728 5106 populo
747 5034 1058 5107 contigisse.
1933 5101 1943 5107 _
2229 5027 2336 5085 huc
2363 5029 2599 5100 illucque
2627 5030 2814 5097 delati,
2842 5046 2902 5086 se
2924 5032 3157 5089 invicem
3182 5034 3494 5090 excitarunt
3541 5032 3706 5104 quasi
3759 5033 3830 5087 ad

1161 5143 1494 5186 rascnssws.
2226 5133 2552 5180 concentum
2573 5132 2787 5179 cantus.
2819 5122 2892 5179 Ut
2912 5125 3133 5181 daretur
3166 5125 3413 5197 intelligi,
3443 5125 3591 5196 quod
3631 5134 3828 5182 nostra

602 5221 819 5288 Verum,
846 5220 1087 5290 hercule,
1117 5222 1260 5293 quod
1290 5223 1411 5280 ais:
1444 5222 1539 5280 sed
1564 5222 1796 5280 necdum
1835 5220 2018 5278 omnia
2057 5219 2122 5276 li-
2223 5216 2709 5287 infidelitas,juxta
2731 5218 3072 5290 Apostolum,
3100 5218 3154 5274 id
3194 5219 3456 5291 exigeret,
3498 5219 3630 5289 quia
3664 5219 3828 5290 signa

530 5321 617 5370 cet
639 5314 888 5370 omnibus
913 5327 1180 5380 reserare,
1227 5316 1468 5372 maxime
1517 5315 1719 5387 quibus
1748 5314 1952 5371 veritas
1993 5313 2120 5369 odio
2222 5325 2330 5367 non
2356 5309 2624 5380 fidelibus,
2653 5311 2748 5367 sed
2771 5307 3103 5379 infidelibus,
3147 5312 3263 5383 ipso
3324 5319 3485 5380 teste,
3531 5313 3834 5368 verissime

527 5413 631 5471 est,
660 5415 715 5461 et
743 5406 952 5462 scelera
981 5406 1216 5477 placent.
1249 5407 1453 5464 Tamen
1475 5408 1578 5464 etsi
1605 5408 1788 5464 minus
1832 5407 1975 5464 bona
2004 5406 2116 5463 eis-
2221 5403 2459 5459 dantur:
2490 5405 2536 5461 si
2587 5420 2696 5476 quo
2750 5406 2912 5462 modo
2958 5415 3086 5478 post
3135 5407 3388 5464 tenebras
3431 5406 3699 5463 caecitatis
3726 5423 3831 5464 no-

528 5496 651 5552 detn
672 5495 956 5568 placeant,‘
970 5512 1159 5555 verum
1187 5512 1297 5554 non
1338 5512 1554 5570 semper
1580 5498 1942 5556 occulendum
1988 5506 2110 5555 est:
2223 5503 2350 5553 stra:
2391 5497 2459 5553 ad
2500 5512 2688 5555 veram
2727 5497 2926 5566 lucem,
2971 5513 3091 5570 quae
3127 5498 3376 5556 Christus
3432 5509 3538 5568 est,
3598 5499 3832 5557 tandem

526 5586 656 5658 quia
685 5587 776 5646 hic
803 5589 872 5645 de
893 5604 1002 5660 quo
1031 5589 1328 5663 loquimur,
1353 5588 1523 5646 etiam
1558 5591 2017 5664 exprobrantibus
2035 5590 2110 5648 si-
2223 5589 2590 5663 expergefacti
2620 5607 2989 5665 resurgamus.

600 5732 624 5763 α
650 5719 715 5808 ld‘
744 5731 830 5804 est
864 5722 1006 5779 inter
1019 5721 1228 5808 turbas
1243 5721 1677 5808 quaspaschasio
1704 5726 1900 5808 abbate
1937 5724 2114 5808 conti-
2293 5728 2325 5808 ξι
2363 5726 2627 5808 Placitum
2657 5727 2763 5808 hoc
2796 5742 2940 5808 anno
2969 5725 3072 5808 8:29
3091 5727 3338 5808 habitum
3381 5723 3554 5808 fuisse
3584 5724 3711 5808 lego
3765 5729 3830 5808 ira

527 5801 724 5920 ﬁet-unt
744 5794 803 5876 in
825 5794 1156 5877 monasterio
1170 5794 1526 5876 .Corbeiensi,
1542 5799 1610 5856 de
1649 5797 1846 5871 quibus
1865 5797 1923 5857 in
1946 5797 2117 5871 ipsius

571 5863 807 5921 aschasn
843 5864 1031 5934 Elogto
1074 5865 1309 5924 diximus
1335 5881 1521 5938 supra.

2243 5799 2450 5871 :pistola
2505 5798 2763 5856 Ludovici
2790 5799 3044 5872 Augusti,
3073 5815 3191 5872 qua
3230 5798 3471 5857 Concilio
3511 5794 3827 5856 Parisiensi

2243 5880 2380 5929 sexto
2414 5870 2633 5938 praefixa
2662 5879 2763 5928 est.

635 5886 807 5921 υιιιδιι
843 5886 1031 5934 ωοιςιο
1074 5886 1309 5924 annulus
1335 5886 1521 5938 supra.

2243 5886 2380 5929 sexto
2414 5886 2633 5942 prazuxa
2662 5886 2763 5928 εει.

1641 5997 1672 6000 --
1729 5991 1843 6019 ι-Δ.
