4122 6324
893 290 982 346 DE
1024 287 1182 343 VITA
1217 285 1476 354 WAL/E,
1518 283 1649 340 SEU
1690 280 2110 338 EPITAPIHUM
2148 279 2444 336 ARSENII.
2483 310 2553 322 —-
2590 281 2716 335 LIB.
2755 279 2817 334 ll.
3333 279 3472 336 1610

1815 400 1864 459 Α
1892 396 2224 461 suetudines,
2271 395 2432 452 officii
2462 395 2546 452 sui
2577 397 2810 466 negotia,
2843 411 2965 451 cum
3011 405 3155 452 esset
3201 410 3471 467 praeoccu-

1889 494 2048 556 patus
2074 500 2227 540 vanis
2253 487 2434 553 rebus,
2461 486 2894 556 praetermisisse.

222 300 244 355 Ι
256 298 360 354 609

829 418 1161 459 ADEODATCS.
1189 430 1206 439 ⁸

281 497 551 554 Fortassis
572 510 701 566 ergo
732 494 831 550 iste
855 493 1006 564 prius
1032 493 1076 548 si
1100 499 1322 546 vocatus
1347 497 1490 544 esset
1514 488 1583 543 ad
1627 486 1789 542 collo-

215 590 323 661 quii
381 588 698 650 lamentum,
741 584 894 654 quasi
941 582 1184 654 proditor
1212 595 1310 635 nos
1342 581 1637 648 detegeret.
1680 591 1788 630 non

216 683 397 738 valens
417 678 670 736 cohibere
725 677 975 746 spiritum
1012 675 1065 728 in
1107 671 1392 742 loquendo.
1452 670 1659 724 ldctrco
1688 666 1790 721 etsi

216 786 340 827 vera
366 770 475 826 sint
489 783 607 838 qua:
626 767 816 836 tangit,
835 779 934 819 suo
957 765 1008 816 in
1029 763 1147 816 loco
1162 763 1339 816 dicere
1360 774 1466 814 non
1492 765 1787 828 exspectat.

796 865 1223 907 THEOPHRASTUS.

285 947 635 1017 Nequaquam
667 943 834 1014 igitur
861 957 981 1011 qua:
1008 937 1282 1010 pr0posui,
1315 937 1420 993 alio
1449 937 1502 992 in
1542 935 1661 991 loco
1708 950 1795 989 re-

219 1040 356 1095 ctius
392 1037 788 1107 proferuntur:
834 1031 1090 1102 quoniam
1140 1028 1281 1083 mala
1321 1043 1440 1097 quae
1476 1042 1573 1098 per
1614 1034 1795 1096 partes

220 1139 520 1192 creverant,
553 1126 786 1195 primum
829 1125 934 1177 isto
985 1122 1038 1175 in
1071 1131 1310 1190 tempore
1341 1118 1630 1172 feriuntur.
1672 1114 1798 1170 Cre-

220 1222 291 1276 vit
312 1220 459 1275 enim
491 1219 592 1272 hoc
634 1215 916 1285 imperium
947 1211 1220 1282 prosperis
1258 1208 1599 1265 successibus
1627 1223 1796 1276 usque

223 1313 285 1365 ad
331 1324 586 1380 prmsens,
629 1309 780 1376 quasi
813 1306 1107 1376 perlectam
1147 1312 1360 1357 (etatem
1407 1299 1792 1371 plenitudinis:

224 1401 311 1454 sed
350 1397 481 1452 vitia
511 1413 630 1468 qua!
657 1411 752 1465 per
774 1402 971 1462 partes,
1001 1402 1061 1444 ut
1089 1391 1308 1455 assolet,
1355 1391 1408 1444 in
1439 1388 1799 1459 prosperitate

225 1489 513 1545 commissa
555 1497 701 1550 sunt,
741 1490 1059 1538 coacervata
1108 1479 1479 1546 inoleverant;
1521 1476 1672 1548 justo
1701 1476 1797 1532 Dei

223 1581 450 1651 judicio,
484 1593 590 1632 non
617 1578 798 1631 minus
825 1575 1050 1644 ﬂagellis
1075 1587 1234 1641 quam
1259 1579 1313 1626 et
1352 1569 1506 1625 novis
1537 1569 1797 1623 virtutum

225 1670 498 1727 miraculis
545 1677 864 1738 arguuntur.
917 1667 1210 1734 Propterea
1263 1663 1447 1732 igitur,
1501 1659 1556 1714 ni
1617 1658 1797 1724 fallor,

2509 591 2840 631 PASCUASIUS.

1961 669 2188 724 Acriora
2216 674 2360 733 sunt,
2402 666 2588 734 frater,
2636 683 2754 737 quae
2791 676 2915 723 tunc
2969 669 3178 739 prolata
3222 679 3370 738 sunt,
3403 672 3472 729 de

1893 759 2089 830 quibus
2118 774 2286 830 pauca
2314 759 2568 827 pandam.
2601 757 2691 812 Ait
2734 773 2968 830 namque
3019 759 3220 816 Caesari
3249 779 3263 815 :
3309 781 3328 814 ι
3365 762 3475 818 Ve-

1894 851 2012 917 lim,
2041 851 2481 907 reverentissime
2510 851 2808 921 imperator
2834 851 3096 919 Auguste,
3124 853 3272 909 dicas
3295 855 3473 920 nobis,

1895 943 2004 999 tuis
2031 944 2158 1012 quid
2191 952 2276 1000 est
2301 945 2444 1014 quod
2471 952 2680 998 tantum
2710 944 2940 1014 propriis
2970 944 3239 1001 interdum
3271 947 3478 1004 relictis

1896 1033 2210 1100 ofliciis,’ad
2238 1034 2417 1089 divina
2447 1045 2498 1089 te
2528 1034 2851 1089 transmittis
2873 1035 2895 1088 ?
2916 1035 3000 1088 vel
3025 1035 3152 1104 quid
3199 1045 3285 1092 est
3333 1038 3479 1105 quod

1896 1123 2013 1188 das,
2037 1123 2254 1193 quando
2296 1123 2528 1178 honores
2567 1123 2940 1190 ecclesiarum,
2989 1124 3122 1190 imo,
3172 1135 3230 1179 ut
3279 1128 3474 1189 sentio,

1896 1227 2062 1269 onera
2088 1230 2209 1284 qua:
2248 1214 2500 1282 largiris?
2531 1214 2684 1281 Quod
2732 1214 2777 1269 si
2805 1229 2892 1269 res
2922 1214 3150 1270 Domino
3173 1216 3296 1286 jure
3337 1216 3479 1271 elec-

1897 1305 2508 1377 mosynarumlegitime
2549 1313 2878 1361 consecratae
2924 1315 3072 1372 sunt,
3122 1307 3474 1363 ecclesiarum

1899 1395 2015 1466 ejus
2042 1403 2168 1449 sunt
2201 1411 2213 1448 :
2245 1395 2372 1463 quia
2409 1395 2522 1450 suis
2566 1393 2893 1465 pauperibus
2923 1403 2976 1450 et
3021 1396 3328 1469 specialiter
3373 1397 3475 1451 sibi

1899 1484 2256 1540 servientibus
2279 1483 2524 1553 legaliter
2551 1485 2690 1539 datae
2719 1492 2862 1539 sunt.
2892 1483 2949 1539 Si
2994 1493 3174 1540 autem
3218 1486 3475 1542 benedic-

1901 1574 2075 1628 tiones
2107 1583 2162 1628 et
2187 1573 2447 1644 Spiritum
2485 1584 2755 1640 sanctum,
2781 1590 2941 1644 quem
2981 1575 3138 1646 digne
3171 1577 3280 1632 Deo
3318 1576 3476 1632 electi
3550 1565 3555 1572 ’

1901 1664 2156 1734 deinceps
2181 1679 2210 1717 a
2235 1663 2462 1720 Domino
2485 1673 2539 1719 et
2563 1681 2593 1718 a
2617 1666 2786 1720 sacris
2802 1667 3134 1722 consecratis
3149 1667 3472 1737 praesulibus

225 1762 324 1816 isto
359 1758 656 1814 denotanda
680 1767 732 1809 et
753 1755 1050 1826 plangenda
1080 1763 1203 1807 sunt
1225 1752 1343 1805 loco
1367 1768 1380 1802 :
1401 1757 1458 1804 ut
1483 1749 1527 1803 si
1575 1765 1676 1802 non
1703 1763 1799 1802 no-
1826 1747 1873 1807 B
1901 1759 2206 1828 percepturi
2231 1768 2377 1824 sum,
2404 1759 2729 1814 θυειοιιίιαιο
2777 1759 2956 1814 divina
3004 1761 3134 1816 dare
3189 1770 3242 1816 ιθ
3293 1762 3477 1816 exim

225 1851 324 1916 bis,
345 1848 531 1905 saltem
545 1846 775 1915 posteris
791 1841 1366 1914 veniantcorrectionis
1379 1840 1444 1893 ad
1467 1837 1790 1908 exen‘iplum.

854 1955 1081 2012 CAPUT
1122 1953 1185 2008 ll.

810 2039 1243 2082 PASCHASIUS.

293 2127 367 2181 lla
393 2141 511 2181 esse
538 2138 735 2195 negare
766 2137 870 2177 non
896 2133 1183 2190 possumus
1210 2134 1223 2168 :
1253 2125 1431 2169 tamen
1461 2128 1580 2182 quae
1608 2121 1792 2167 noster

229 2217 483 2273 Arsenius
508 2231 690 2271 coram
716 2212 967 2268 omnibus
996 2217 1051 2263 et
1081 2205 1310 2262 summis
1331 2203 1648 2274 proceribus
1680 2213 1791 2257 tum

229 2308 521 2378 proposuit,
545 2306 796 2361 omittere
821 2317 925 2357 non
953 2300 1240 2360 debemus;
1288 2295 1540 2366 quoniam
1588 2293 1691 2347 ista
1741 2300 1798 2346 et

227 2395 591 2466 hujuscemodi
607 2394 709 2448 alia
725 2407 844 2447 eum
868 2391 934 2444 ad
956 2389 1055 2443 hoc
1079 2385 1420 2456 impulerant,
1439 2391 1496 2437 ut
1510 2382 1716 2437 cunctis
1730 2396 1794 2436 ex

233 2487 406 2541 divina
427 2485 768 2548 auctoritate,
792 2497 855 2536 ac
870 2481 914 2535 si
941 2479 1204 2535 Jeremias
1231 2475 1369 2530 alter
1388 2473 1715 2538 ostenderet,
1742 2472 1795 2526 in

227 2579 418 2647 quibus
459 2577 624 2631 Deum
667 2589 856 2630 omnes
915 2569 1286 2626 offenderant:
1324 2575 1380 2620 et
1420 2567 1628 2620 monuit
1670 2580 1799 2619 con-

230 2683 433 2728 stanter
453 2671 735 2728 charitatis
781 2669 974 2733 oflicio,
1007 2677 1066 2723 ut
1105 2667 1248 2720 mala
1274 2679 1394 2734 quae
1443 2662 1797 2727 admiserant,

230 2765 589 2827 destruerent,
631 2763 956 2832 dissiparent
1003 2767 1058 2814 et
1112 2757 1439 2822 evellercnt;
1489 2755 1627 2809 bona
1672 2769 1800 2808 vero

230 2852 587 2922 przetermissa
618 2851 871 2918 deinceps
912 2847 1261 2912 aedificarent,
1296 2861 1361 2900 ac
1400 2843 1708 2914 plantarent
1745 2843 1802 2897 in

231 2935 455 3010 reliquo.
496 2960 514 2992 ι
546 2942 754 2996 Interea
788 2940 980 3004 nostis,
1033 2937 1224 3006 inquit,
1275 2937 1472 3006 quibus
1523 2934 1804 2989 ordinibus

231 3029 423 3084 Christi
451 3038 664 3086 constat
685 3029 948 3084 Ecclesia.
989 3027 1206 3082 Certum
1229 3026 1424 3096 quippe
1445 3023 1586 3094 quod
1606 3039 1799 3079 secun-

1899 1863 2051 1913 mas,
2091 1849 2327 1913 noveris,
2363 1849 2506 1918 quod
2556 1859 2708 1903 extra
2742 1846 2901 1904 ofﬁcii
2942 1850 3018 1905 tui
3047 1859 3131 1907 est
3158 1852 3299 1920 quod
3340 1866 3478 1922 pra:-

1900 1937 2088 1992 sumis.
2121 1937 2389 1993 Czcterum
2413 1940 2736 1994 auctoritate
2791 1949 3100 1998 sanctorum
3156 1943 3376 1997 Patrum
3427 1945 3472 1998 si
3571 1931 3588 1946 ⁸

1898 2029 2340 2098 circumspectius
2366 2037 2450 2084 est
2487 2043 2645 2099 agere
2668 2029 2962 2084 secundum
2989 2031 3157 2086 Deum
3187 2031 3330 2102 quod
3361 2032 3479 2102 agis

1897 2129 1952 2173 et
1979 2105 2305 2175 fructuosius
2354 2121 2496 2190 quod
2549 2120 2797 2190 largiris,
2855 2121 2929 2175 ita
2983 2124 3365 2192 temperandus
3392 2131 3480 2178 est

1899 2210 2092 2266 modus
2118 2227 2224 2265 una
2251 2227 2374 2266 cum
2401 2212 2568 2276 clero,
2603 2221 2658 2266 et
2683 2211 2838 2281 plebe
2870 2214 2986 2278 Dei,
3020 2223 3076 2269 et
3105 2216 3308 2271 sanctis
3336 2231 3476 2285 pon-

1901 2301 2136 2358 tificibus
2167 2319 2180 2356 :
2211 2317 2279 2358 ne
2327 2312 2422 2357 aut
2471 2313 2528 2357 tu
2565 2303 2660 2358 tibi
2694 2312 2782 2358 tua
2809 2305 2994 2375 eligas,
3045 2306 3247 2378 tibique
3289 2307 3472 2363 divina

1899 2408 2148 2463 usurpes,
2185 2401 2280 2448 aut
2315 2394 2508 2462 vulgus
2559 2402 2762 2448 tantam
2802 2396 3050 2464 gratiam,
3104 2411 3199 2451 seu
3246 2397 3478 2467 quilibet

1898 2495 2253 2551 personarum
2284 2481 2338 2535 in
2379 2481 2560 2552 aliquo
2608 2483 2903 2538 confundat
2942 2501 2954 2537 :
2988 2485 3242 2555 quoniam
3291 2486 3346 2540 in
3395 2487 3482 2542 his

1901 2587 2008 2627 non
2036 2572 2139 2626 nisi
2183 2573 2361 2627 divina
2392 2572 2784 2628 consideranda
2803 2583 2949 2640 sunt,
2974 2584 3030 2630 et
3055 2575 3244 2631 salutis
3281 2586 3485 2633 nostra:

1904 2663 2241 2718 documenta.
2269 2661 2392 2716 Ideo
2419 2662 2675 2718 identitas
2702 2671 2787 2718 est
2812 2679 2949 2734 pene
2970 2675 3025 2720 et
3055 2666 3104 2719 in
3123 2667 3286 2723 rebus
3303 2667 3482 2724 eccle-

1905 2753 2108 2808 siarum
2143 2771 2155 2806 :
2187 2753 2311 2823 quia
2337 2753 2566 2808 facultas
2597 2767 2784 2808 earum
2812 2755 2946 2809 nihil
2989 2755 3132 2810 aliud
3184 2765 3288 2824 est,
3317 2773 3480 2829 quam

1905 2844 2076 2915 pretia
2103 2853 2473 2914 peccatorum,
2503 2851 2627 2899 vota
2664 2844 2924 2910 fidelium,
2973 2846 3297 2916 patrimonia
3343 2863 3482 2919 pau-

1905 2949 2115 3003 perum.
2149 2933 2356 2990 Idcirco
2383 2935 2524 3004 quod
2546 2934 2712 2990 semel
2732 2934 2970 3006 legitime
2995 2920 3369 2993 consecratum
3398 2949 3486 2994 est

1907 3025 2036 3091 Deo,
2070 3024 2121 3078 in
2151 3025 2263 3080 suis
2289 3025 2550 3081 militibus
2573 3035 2630 3080 et
2663 3027 2985 3096 pauperibus
3023 3027 3091 3082 ad
3121 3043 3250 3084 usus
3275 3029 3484 3086 militia:

233 3121 352 3175 dum
383 3121 714 3190 singulorum
741 3119 916 3174 ofﬁcia
961 3117 1316 3187 requirendus
1355 3124 1440 3170 est
1481 3114 1613 3169 ordo
1642 3113 1803 3170 disci-
1831 3097 1874 3159 (ἶ
1905 3131 2018 3172 suae
2060 3115 2227 3171 libere
2283 3116 2628 3172 concedatur.
2688 3116 2898 3172 Habeat
2925 3131 2933 3139 '
2957 3117 3121 3187 igitur
3178 3135 3273 3175 rex
3339 3137 3485 3176 rem-

231 3211 406 3282 plinae,
438 3223 492 3267 et
516 3222 688 3267 status
719 3211 1065 3282 Reipublicae.
1091 3209 1244 3265 Unde
1288 3209 1522 3280 primum
1551 3208 1804 3264 conside-

233 3305 339 3357 rari
391 3313 605 3372 oportet
650 3304 794 3357 intus
826 3304 1028 3368 divina,
1077 3309 1191 3356 tum
1245 3301 1487 3356 exterius
1524 3300 1798 3354 humana:

231 3394 354 3464 quia
380 3393 565 3462 procul
595 3393 756 3448 dubio
778 3394 862 3447 his
891 3394 1098 3448 duobus
1129 3392 1294 3446 totius
1331 3390 1585 3445 Ecclesiae
1631 3397 1806 3444 status

231 3483 642 3538 administratur
685 3482 986 3536 ordinibus.
1035 3481 1102 3535 Ut
1151 3482 1221 3534 sit
1269 3481 1562 3549 imperator
1604 3486 1661 3532 et
1709 3492 1804 3532 rex

231 3588 329 3629 suo
355 3572 693 3641 mancipatus
713 3569 924 3626 oflicio:
957 3585 1056 3624 nec
1079 3569 1252 3624 aliena
1276 3562 1446 3640 gerat,
1477 3567 1573 3622 sed
1599 3582 1660 3622 ea
1684 3583 1804 3638 qua:

231 3665 314 3719 sui
332 3663 473 3733 juris
493 3671 804 3732 competunt
824 3661 1038 3733 propria
1059 3678 1074 3727 ;
1098 3676 1274 3730 neque
1313 3659 1692 3730 praztermittat
1715 3675 1802 3724 ea,

231 3753 357 3822 quia
384 3768 480 3823 pro
503 3753 587 3808 his
607 3753 856 3808 omnibus
881 3752 1111 3807 adducet
1153 3764 1276 3804 eum
1323 3751 1583 3806 Dominus
1630 3751 1682 3804 in
1722 3751 1806 3821 ju-

1904 3209 2174 3280 publicam
2232 3207 2400 3264 libere
2455 3210 2508 3262 in
2577 3209 2763 3264 usibus
2837 3209 3044 3264 militiae
3100 3226 3210 3266 suae
3265 3213 3332 3268 ad
3402 3213 3486 3268 di-

1903 3300 2268 3368 spensandum
2329 3317 2341 3352 :
2403 3298 2599 3353 habeat
2663 3308 2719 3354 et
2781 3293 3029 3356 Chiistus
3091 3316 3180 3357 res
3226 3302 3487 3359 ecclesia-

1907 3406 2051 3456 rum,
2103 3390 2260 3460 quasi
2298 3389 2526 3445 alteram
2577 3391 2984 3460 rempublicam,
3041 3392 3283 3447 omnium
3336 3393 3482 3450 indi-

1907 3481 2148 3552 gentium
2195 3489 2252 3534 et
2297 3480 2398 3534 sibi
2437 3479 2790 3535 servientium
2828 3481 3038 3546 usibus,
3078 3483 3190 3536 suis
3230 3483 3485 3538 commis-

1905 3584 2020 3624 sam
2047 3568 2315 3624 ministris
2347 3568 2594 3624 fidelibus
2622 3585 2636 3623 :
2663 3569 2842 3624 ethoc
2873 3569 2944 3624 sit
2969 3570 3110 3639 regis
3139 3559 3393 3637 ofﬁcium,
3425 3583 3487 3627 ut

1907 3652 2105 3715 talibus
2157 3659 2550 3727 committatur,
2579 3661 2672 3731 qui
2700 3667 2752 3715 et
2806 3660 3038 3716 fideliter
3065 3662 3401 3734 dispensent,
3433 3673 3489 3720 et

1905 3750 2180 3820 sapienter
2232 3749 2890 3821 provideantzquatenus
2932 3768 3122 3808 omnes
3184 3754 3489 3825 glorificent

231 3845 394 3899 dicio.
421 3844 715 3915 Episcopus
744 3859 872 3899 vero
909 3855 965 3898 et
1004 3843 1238 3898 ministri
1266 3842 1654 3907 Ecclesiarum,
1677 3857 1810 3911 spe-
1908 3843 2077 3898 Deum
2101 3850 2155 3898 et
2183 3843 2452 3914 gaudeant
2481 3843 2538 3898 in
2563 3842 2804 3910 Christo,
2833 3859 2940 3899 non
2973 3845 3152 3900 minus
3177 3860 3242 3901 ex
3273 3845 3487 3902 lutum-

232 3936 422 3992 cialius
446 3954 564 4008 qure
590 3939 682 3993 Dei
715 3947 859 4004 sunt,
889 3948 1068 4008 agant.
1107 3938 1310 3992 Deinde
1359 3951 1453 3991 rex
1483 3946 1720 3992 rectores
1750 3937 1805 3992 in

232 4044 401 4098 regno
439 4029 573 4084 tales
602 4031 914 4095 constituat,
947 4028 1135 4098 quales
1163 4043 1255 4082 eos
1293 4027 1552 4081 Dominus
1576 4026 1806 4096 diligen-

233 4131 314 4175 ter
340 4120 392 4174 in
419 4120 536 4189 lege
557 4121 869 4190 perquirere
894 4119 1068 4188 jubet,
1105 4128 1162 4174 et
1187 4118 1240 4173 in
1265 4117 1459 4188 quibus
1484 4133 1580 4172 rex
1617 4126 1671 4173 et
1705 4131 1805 4188 pro

232 4210 428 4280 quibus
459 4225 680 4264 securus
706 4219 942 4274 maneat,
970 4225 1107 4280 quos
1148 4209 1333 4278 utique
1381 4209 1582 4278 probos
1612 4209 1680 4263 ad
1725 4223 1807 4263 re-

230 4301 463 4373 gendum
494 4301 745 4370 populum
773 4311 1018 4356 sanctum
1046 4301 1140 4355 Dei
1169 4308 1224 4355 et
1248 4301 1468 4356 idoneos
1493 4307 1800 4372 cognoscat,

230 4409 338 4447 non
365 4393 657 4447 secundum
689 4394 934 4462 proprios
969 4393 1153 4447 libitus
1193 4391 1282 4461 qui
1331 4392 1380 4446 ei
1418 4389 1654 4457 faveant,
1710 4391 1804 4446 sed

226 4484 322 4553 qui
353 4486 634 4538 avaritiam
648 4485 876 4549 oderint,
904 4497 961 4540 et
986 4483 1152 4539 Deum
1175 4498 1240 4538 ac
1260 4481 1526 4551 justitiam
1547 4482 1799 4553 diligant:

226 4573 384 4641 cujus
411 4576 650 4646 profecto
679 4574 912 4630 officium
942 4584 1048 4640 est,
1079 4589 1295 4643 semper
1315 4589 1434 4642 qua:
1459 4582 1608 4629 recta
1639 4582 1692 4628 et
1708 4573 1799 4641 juo

224 4674 312 4720 sta
341 4674 465 4721 sunt
491 4666 797 4738 disponere,
822 4674 875 4720 et
893 4681 1012 4734 quae
1035 4667 1323 4735 depravata
1339 4663 1632 4734 corrigere.
1657 4663 1803 4717 Alio-

221 4759 358 4829 quin
393 4767 469 4823 tu,
501 4774 619 4823 rex,
646 4759 748 4813 nisi
787 4757 1088 4813 servaveris
1138 4756 1280 4827 quod
1322 4763 1648 4825 prmeeptum
1698 4762 1803 4817 est,

224 4849 426 4904 fortior
456 4850 551 4903 tibi
601 4848 872 4904 cruciatus
901 4848 1087 4913 instat,
1134 4856 1190 4901 et
1233 4845 1483 4901 omnibus
1529 4845 1583 4900 in
1640 4853 1714 4908 te,
1759 4843 1806 4897 si

219 4951 509 4998 avertatur
537 4941 698 5008 Deus,
741 4956 880 4995 unus
916 4939 1184 4995 interitus.
1234 4937 1356 4992 ideo
1417 4923 1806 5007 providendum

220 5034 365 5088 nihil
387 5033 799 5105 negligaszquia
829 5033 883 5086 in
912 5039 962 5086 te
982 5045 1113 5095 uno,
1139 5029 1435 5084 secundum
1463 5025 1807 5081 Salomonem

224 5124 386 5195 (Sap.
417 5126 614 5196 γωδ),
649 5126 813 5179 totius
829 5119 1252 5177 stabilimentum
1280 5129 1362 5175 est
1391 5117 1570 5188 regni:
1599 5115 1810 5171 indivi-

222 5220 318 5276 nis
370 5230 551 5276 autem
586 5236 653 5275 ne
670 5219 806 5274 ultra
840 5229 889 5274 te
916 5219 1130 5289 ingeras
1159 5233 1318 5287 quam
1344 5216 1612 5288 expediat.
1653 5234 1672 5268 ι

860 5325 1064 5364 ΑΒΕΟΒΛ
1072 5325 1190 5364 TUS.

298 5399 377 5467 Ut
405 5401 601 5466 sentio,
629 5415 732 5454 non
753 5398 1024 5454 immerito
1051 5407 1104 5452 tu
1131 5397 1358 5453 alterum
1375 5413 1496 5452 eum
1516 5397 1808 5454 Jercmiam

218 5491 478 5556 dicebas,
507 5491 576 5545 ob
601 5490 960 5545 constantiam
983 5489 1106 5543 fidei
1135 5497 1191 5542 et
1212 5487 1407 5542 frontis
1427 5488 1697 5552 duritiam,
1713 5489 1806 5558 qui

222 5591 347 5634 tam
382 5579 642 5635 audenter
687 5581 928 5651 Augusto
972 5579 1195 5645 invexit,
1227 5587 1369 5632 tanta
1393 5593 1512 5648 quae
1556 5579 1809 5646 vidimus,

218 5672 300 5726 ob
335 5670 495 5727 luxus
518 5663 798 5736 desidiam,
826 5683 1032 5724 necnon
1063 5677 1118 5722 et
1149 5668 1408 5738 pessimas
1452 5681 1637 5740 regum
1685 5684 1812 5724 con-

724 5765 995 5826 PATROL.
1042 5759 1242 5824 CXX.

1907 3949 2027 3989 rum
2056 3936 2357 4005 promissis,
2375 3951 2538 4013 quam
2567 3945 2621 3991 et
2641 3951 2706 3990 ex
2730 3938 3140 4006 praesentiarum
3167 3941 3491 3997 consolatio-

1907 4027 2086 4082 nibus.
2121 4026 2215 4082 Sin
2245 4028 2402 4094 alias,
2431 4037 2491 4082 ut
2517 4027 2806 4100 Apostolus
2833 4029 2929 4097 ait,
2983 4029 3075 4099 qui
3135 4029 3309 4085 aliena
3356 4031 3494 4087 diri-

1905 4115 2081 4185 piunt,
2135 4131 2363 4188 regnum
2411 4131 2519 4172 non
2562 4117 2917 4188 possidebunt
2948 4126 3252 4174 aeternum:
3284 4130 3488 4190 quanto

1907 4207 2080 4277 magis
2107 4198 2200 4278 qui
2229 4223 2294 4262 ea
2323 4223 2441 4278 qua:
2465 4208 2560 4263 Dei
2607 4216 2732 4264 sunt
2775 4217 2830 4263 et
2868 4209 3244 4278 ecclesiarum,
3275 4211 3493 4268 defrau-

1910 4300 2107 4354 dantur
2155 4299 2572 4372 [defraudant],
2632 4300 2688 4356 in
2738 4302 2936 4372 quibus
2990 4303 3271 4374 sacrilegia
3298 4303 3363 4376 [Ῑ.
3395 4320 3487 4363 sa~

1910 4393 2148 4465 crilegis]
2172 4393 2530 4465 copulantur?
2565 4413 2586 4448 ι

2467 4499 2899 4540 THEOPHRASTUS.

1983 4573 2136 4639 Quod
2165 4572 2211 4627 si
2241 4573 2313 4627 ita
2342 4580 2445 4637 est,
2484 4581 2544 4626 ut
2585 4575 2837 4639 asseruit,
2869 4582 2923 4630 et
2953 4573 3020 4628 de
3046 4575 3132 4634 his
3166 4575 3274 4636 ulla
3312 4576 3493 4647 provi~

1912 4662 2014 4717 den
2024 4663 2094 4716 tia
2117 4663 2259 4732 apud
2279 4663 2468 4729 Deum,
2503 4663 2690 4719 nescio
2709 4664 3011 4736 principum
3039 4674 3350 4721 nostrorum
3371 4665 3497 4736 quis

1913 4756 2095 4810 salvus
2123 4769 2243 4810 esse
2269 4754 2464 4826 possit,
2487 4755 2683 4825 quibus
2708 4754 2843 4810 nihil
2874 4763 2983 4814 tam
3009 4755 3180 4811 dulcia
3205 4755 3322 4826 (sic)
3340 4764 3493 4819 sunt,

1913 4860 2074 4916 quam
2094 4845 2296 4914 praedia
2319 4844 2691 4911 ecclesiarum,
2718 4844 2960 4917 nihilque
2987 4855 3094 4900 tam
3117 4847 3325 4913 suavia,
3353 4847 3497 4902 sicut

1914 4934 2172 5005 scriptum
2194 4943 2279 4990 est
2310 4953 2324 4987 :
2356 4931 2520 4988 Panis
2549 4934 2886 4992 absconditus
2907 4936 3120 4990 suavior
3143 4945 3240 5003 est,
3268 4945 3315 4990 et
3342 4952 3494 5007 aqua

1913 5026 2118 5096 furtiva:
2152 5024 2409 5080 dulciores
2439 5024 2620 5094 (Prov.
2654 5042 2733 5091 IX,
2766 5027 2877 5096 l7).

2536 5133 2868 5175 PASCHASIUS.

1985 5211 2208 5278 Verum,
2241 5227 2312 5266 mi
2347 5215 2539 5277 frater,
2569 5218 2621 5264 et
2647 5210 2767 5264 ideo
2795 5209 2876 5264 ira
2903 5208 3000 5265 Dei
3025 5207 3191 5266 eﬂusa
3219 5218 3305 5265 est
3335 5224 3499 5280 super

1915 5302 2191 5375 principes
2220 5310 2450 5367 nostros,
2491 5300 2584 5373 qui
2620 5315 2807 5355 errare
2847 5298 2978 5356 facit
3021 5315 3116 5356 eos
3149 5301 3203 5356 in
3245 5300 3410 5366 invio,
3441 5310 3500 5359 et

1919 5409 2026 5449 non
2059 5394 2114 5448 in
2146 5392 2230 5447 via
2261 5409 2275 5446 :
2309 5393 2437 5448 dum
2474 5400 2532 5447 et
2567 5389 2852 5446 saeculares
2879 5390 2948 5446 ad
2989 5391 3166 5446 divina
3194 5390 3497 5461 diripienda

1920 5487 2156 5542 indebite
2181 5500 2239 5542 se
2276 5487 2547 5556 ingerunt.
2578 5483 2898 5540 Sacerdotes
2933 5499 3062 5540 vero
3088 5482 3290 5540 Christi
3314 5491 3368 5537 et
3395 5482 3500 5536 miv

1920 5579 2077 5633 nistri
2109 5576 2294 5631 altaris
2321 5590 2428 5631 una
2451 5589 2574 5630 cum
2596 5574 2791 5631 divinis
2813 5575 2878 5630 ad
2907 5573 3177 5630 exteriora
3200 5576 3264 5627 de
3295 5571 3502 5632 intimis

1922 5685 1980 5726 se
2007 5669 2251 5740 ejiciunt,
2274 5666 2386 5738 jam
2408 5667 2552 5738 quod
2575 5667 2728 5741 pejus
2751 5669 2837 5726 'est
2862 5667 2978 5723 sine
3008 5665 3214 5738 pudore
3241 5673 3294 5721 et
3325 5672 3498 5724 trans.

3025 5758 3101 5824 51
