4122 6324
292 232 431 289 16Ιῦ

973 231 1061 287 DE
1097 231 1259 289 VITA
1301 232 1554 301 WALE,
1595 233 1727 289 SEU
1764 233 2190 293 EPITAPHIUM
2223 237 2523 295 ARSENII.
2565 271 2635 280 —
2668 240 2799 298 LIB.
2837 242 2903 299 ll.

3412 249 3549 306 i6”

291 346 459 420 bavit)
494 346 783 403 emendare
826 347 949 403 talia
979 348 1209 414 vellent;
1241 349 1335 404 sed
1367 358 1426 404 ut
1465 349 1575 420 regi
1608 347 1874 404 interdum
1902 353 1954 414 Α
1980 352 2406 421 magnitudinem
2439 356 2573 411 tanti
2599 358 2845 429 imperii,
2874 372 2976 413 nec
3006 357 3303 427 intelligere
3329 365 3422 413 aut
3469 362 3550 416 in-

291 438 537 494 faverent
567 453 582 492 :
616 438 867 507 quoniam
905 437 1017 509 jam
1070 447 1196 494 tunc
1231 455 1295 494 ea
1342 454 1461 509 qua:
1496 448 1678 509 postea
1716 455 1869 494 mon-

291 536 464 584 strata
512 536 666 593 sunt,
717 527 1077 583 moliebantur
1122 532 1395 595 humana;
1447 530 1650 585 idcirco
1696 516 1873 586 minus

291 626 580 690 procurata
608 626 733 673 sunt
755 618 955 673 divina.

915 748 1141 805 CAPUT
1185 746 1246 802 ν.

911 854 1246 894 ΑΒΕΟΒΑΤΗε.

367 930 531 987 Miror
555 931 852 1007 absentem,
881 944 1002 984 cum
1045 929 1161 996 ejus
1188 938 1683 985 commemorantur
1710 931 1870 998 dicta,

289 1037 455 1092 quem
501 1037 606 1076 non
656 1020 986 1075 mirabamur
1022 1026 1362 1088 praesentem.
1398 1017 1531 1073 Nam
1570 1035 1693 1075 cum
1733 1030 1879 1077 esset

298 1121 409 1166 tam
440 1112 680 1177 humilis,
711 1127 817 1181 quo
859 1110 1040 1165 nullus
1071 1110 1343 1176 humilior,
1376 1110 1660 1181 nullusque
1706 1114 1878 1183 magis

294 1214 543 1261 mortuus
582 1204 784 1258 mundo
826 1203 1101 1257 videretur
1122 1244 1136 1268 ,
1164 1203 1294 1272 quid
1318 1212 1404 1258 est
1433 1203 1576 1274 quod
1600 1213 1707 1259 tam
1741 1206 1880 1262 inter

290 1308 534 1349 summos
566 1292 938 1356 ecclesiarum,
974 1290 1261 1361 pracsulum
1287 1291 1541 1347 videlicet
1568 1300 1625 1347 et
1667 1302 1880 1349 senato-

296 1400 440 1448 rum,
479 1382 752 1447 consules,
799 1382 852 1435 in
895 1390 1087 1436 senatu
1132 1396 1314 1437 coram
1357 1380 1599 1454 Augusto
1639 1384 1881 1440 consulte

298 1481 722 1542 constanterque
742 1471 1062 1542 loquebatur
1083 1472 1105 1526 ?

924 1578 1259 1620 PASCBASIUS.

362 1653 481 1709 Non
510 1652 760 1724 ignoras,
792 1649 962 1707 frater
984 1692 999 1718 ,
1027 1652 1172 1722 quod
1201 1653 1249 1708 is
1281 1661 1399 1708 erat
1432 1654 1555 1720 iste,
1593 1668 1752 1723 quem
1776 1669 1877 1713 nec

293 1752 474 1800 terror
506 1744 808 1808 minarum,
838 1757 939 1798 nec
976 1742 1059 1798 vis
1084 1757 1301 1811 rerum,
1340 1758 1441 1799 nec
1483 1759 1610 1814 spes
1644 1759 1877 1814 praesen-

294 1836 466 1901 tium,
498 1850 597 1889 nec
623 1844 797 1890 metus
823 1832 1159 1900 futurorum,
1202 1850 1305 1890 nec
1333 1836 1598 1906 promissa
1642 1835 1876 1892 faculta-

295 1936 430 1991 tum,
460 1934 553 1980 aut
579 1925 927 1981 interminata
952 1925 1342 1994 suppliciorum
1388 1940 1608 1994 genera,
1653 1936 1749 1981 aut
1777 1925 1881 1981 ulla

293 2017 590 2072 auctoritas
616 2024 828 2086 poterat
854 2030 1113 2071 revocare
1140 2031 1172 2070 a
1208 2016 1478 2072 charitate
1501 2016 1709 2071 Christi
1735 2033 1768 2073 a
1801 2018 1883 2073 dio

296 2108 525 2168 lectione
549 2108 739 2179 patriae
780 2115 834 2161 et
864 2106 1078 2178 populi,
1106 2107 1174 2162 ab
1208 2121 1392 2161 amore
1434 2107 1785 2162 ecclesiarum
1825 2116 1882 2167 et

296 2198 404 2254 fide
457 2197 819 2268 imperatoris.
869 2196 1161 2266 Propterea
1212 2196 1381 2267 igitur
1426 2197 1552 2252 talia
1594 2204 1650 2252 et
1688 2212 1880 2267 quam-

310 2290 488 2361 plura,
520 2288 685 2345 veluti
706 2288 843 2343 alter
879 2272 1160 2353 Jeremias,
1191 2295 1506 2342 constanter
1544 2286 1881 2357 loquebatur.

298 2381 677 2441 Praesertimet
699 2379 945 2435 militiam
963 2380 1283 2436 clericorum
1302 2380 1354 2434 in
1374 2379 1598 2450 palatio,
1624 2394 1761 2449 quos
1786 2396 1881 2435 ca-

296 2472 539 2544 pellanos
562 2472 721 2541 vulgo
748 2480 967 2537 vocant,
994 2470 1122 2541 quia
1152 2470 1330 2527 nullus
1357 2478 1442 2526 cst
1462 2472 1597 2526 ordo
1620 2470 1881 2526 ecclesia-

298 2565 503 2630 sticus,
546 2562 839 2619 denotabat
871 2562 1164 2634 plurimum
1199 2580 1213 2619 :
1246 2563 1337 2634 qui
1371 2578 1478 2618 non
1508 2564 1577 2618 ob
1598 2563 1741 2617 aliud
1772 2580 1886 2619 scr-

297 2659 475 2725 viunt,
503 2657 608 2713 nisi
628 2658 699 2713 ob
730 2657 962 2713 honores
991 2655 1348 2712 ecclesiarum
1373 2664 1429 2712 et
1465 2666 1702 2727 quaestus
1731 2669 1755 2697 ο
1781 2672 1883 2712 εω-

298 2750 442 2817 culi,
482 2765 549 2805 ac
591 2749 727 2803 lucri
766 2748 997 2819 gratiam
1038 2747 1156 2803 sine
1196 2747 1513 2818 probatione
1550 2747 1878 2819 magisterii,

298 2848 465 2911 atque
484 2840 810 2896 ambitiones
835 2839 1050 2901 mundi,
1086 2854 1318 2908 quorum
1347 2841 1528 2907 itaque
1556 2840 1664 2893 vita
1706 2854 1880 2908 neque

299 2931 402 2986 sub
426 2929 609 3001 regula
633 2938 718 2985 est
740 2929 1152 2994 monachorum,
1182 2942 1355 2997 neque
1382 2928 1481 2983 sub
1509 2928 1759 2999 episcopo
1780 2928 1880 2982 mi-

1974 444 2131 507 tueri,
2180 460 2280 500 nec
2328 460 2522 516 capere
2566 459 2660 504 aut
2708 450 2978 506 sustinere
3020 450 3344 519 potuissent.
3396 448 3551 507 Unde
3610 481 3619 486 -

1972 546 2079 586 non
2110 532 2379 599 consules,
2425 536 2520 590 sed
2559 547 2891 594 mercatores
2934 553 2999 593 ac
3038 539 3344 595 venditores
3387 546 3555 595 tanta:

1973 622 2267 692 dignitatis,
2295 633 2350 679 et
2371 629 2770 695 perturbatores
2790 631 3139 686 ecclesiarum
3163 640 3289 686 sunt
3312 631 3550 696 dicendi,

1972 713 2063 781 qui
2091 728 2195 767 non
2227 715 2383 769 modo
2421 715 2526 770 isto
2566 730 2820 773 monente
2857 735 2964 775 non
2994 719 3417 786 consuluerunt,
3455 733 3552 773 ve-

1974 818 2095 875 rum
2139 802 2614 876 subterfugerunt,
2664 817 2973 863 everterunt
3012 818 3061 863 et
3108 809 3464 880 prodiderunt
3495 811 3551 864 in

1977 893 2227 961 invicem,
2255 910 2323 950 ne
2351 903 2445 950 aut
2468 897 2596 952 talia
2622 899 3042 973 corrigerentur,
3070 909 3162 953 aut
3190 900 3351 954 etiam
3394 900 3550 954 dete-

1977 985 2119 1040 riora
2142 1002 2261 1056 qua:
2287 986 2655 1052 imminebant,
2680 990 2956 1046 obstarent
2984 1005 3102 1045 cum
3129 991 3449 1059 potuissent.
3482 990 3555 1045 Et

1966 1075 2306 1143 ,ideo,sicuti
2352 1077 2677 1134 Paschasius
2719 1079 2879 1150 paulo
2925 1080 3172 1151 superius
3212 1079 3415 1144 doluit,
3447 1094 3555 1133 non

1978 1166 2250 1224 immerito
2274 1167 2398 1222 talia
2424 1168 2786 1239 contigerunt,
2816 1170 2924 1225 imo
2951 1170 3074 1240 quia
3109 1169 3396 1224 noluerunt
3415 1170 3557 1224 reci-

1979 1270 2109 1324 pere
2137 1257 2381 1326 spiritum
2410 1259 2654 1312 veritatis
2677 1259 2744 1313 ad
2775 1259 3168 1329 correptionem
3186 1299 3201 1326 ,
3232 1255 3593 1330 receperunt’

1980 1346 2229 1414 spiritum
2251 1348 2454 1403 erroris
2480 1348 2547 1402 ad
2575 1348 2915 1418 vertiginem.
2957 1348 3085 1403 lnde
3112 1356 3197 1403 est
3217 1348 3361 1419 quod
3382 1348 3561 1402 adhuc

1980 1435 2141 1492 hodie
2171 1452 2330 1492 nemo
2358 1438 2660 1507 principum
2698 1437 2972 1507 explicare
3023 1445 3205 1507 potest
3247 1436 3558 1507 reipublicae

1980 1527 2098 1584 vias
2121 1528 2188 1582 ad
2206 1527 2493 1598 justitiam.

2603 1655 2934 1698 PASCBASIUS.

2054 1752 2164 1809 Nec
2194 1753 2495 1821 immerito,
2525 1754 2651 1824 quia
2680 1770 2780 1825 pro
2799 1754 2911 1809 Deo
2936 1762 3083 1809 stare
3120 1752 3439 1818 noluerunt,
3466 1766 3559 1808 ne-

1979 1859 2088 1915 que
2117 1861 2237 1915 qua:
2261 1844 2357 1899 Dei
2388 1853 2533 1912 sunt,
2569 1845 2801 1916 primum
2840 1860 3085 1916 quaerere
3105 1884 3121 1910 ,
3145 1852 3206 1899 ut
3222 1843 3562 1914 corrigerent

1982 1949 2103 2005 qua:
2121 1933 2233 2004 jam
2260 1936 2552 2004 depravata
2580 1944 2772 1997 erant;
2806 1934 2851 1990 si
2880 1935 3022 1990 Deus
3060 1934 3129 1989 ab
3153 1934 3234 1989 eis
3275 1934 3560 2007 recedens,

1984 2025 2266 2081 consilium
2297 2025 2485 2094 patriae
2511 2024 2822 2095 deperierit,
2854 2025 2985 2081 fides
3005 2025 3307 2091 evanuerit,
3335 2039 3441 2095 pax
3464 2040 3562 2080 au-

1985 2114 2202 2185 fugerit,
2232 2123 2287 2169 et
2314 2115 2649 2185 prosperitas
2689 2114 2919 2169 ullarum
2959 2129 3141 2169 rerum
3172 2113 3330 2170 hodie
3375 2115 3567 2185 despe-

1985 2214 2109 2259 rata
2132 2205 2331 2274 jaceat.
2362 2204 2482 2261 Iam
2517 2220 2673 2259 rarus
2716 2207 2805 2275 qui
2838 2206 3054 2276 regibus
3085 2204 3243 2260 fidem
3278 2205 3563 2273 exhibeat,

1985 2295 2164 2350 nullus
2186 2296 2377 2365 patria:
2398 2304 2491 2350 aut
2520 2296 2730 2351 civibus
2771 2297 2862 2365 qui
2884 2304 3035 2352 recte
3073 2296 3355 2365 consulat,
3382 2298 3563 2354 nullus

1985 2386 2078 2456 qui
2102 2385 2264 2441 sociis
2287 2392 2344 2440 et
2385 2386 2576 2441 amicis
2622 2386 2856 2441 debitam
2899 2387 3221 2442 charitatem
3266 2387 3563 2458 impendat.

1984 2475 2202 2533 Iudices
2230 2491 2335 2555 non
2367 2475 2472 2530 nisi
2512 2475 2703 2531 venale
2742 2474 2945 2547 aliquid
2975 2485 3160 2547 agunt,
3197 2477 3426 2547 populus
3455 2478 3563 2533 im-

1985 2565 2279 2636 perialibus
2324 2579 2433 2619 non
2482 2563 2811 2634 sutl'ragatur
2853 2562 3066 2627 ofﬁciis,
3115 2565 3413 2621 auctoritas
3452 2581 3565 2622 non

1986 2656 2132 2726 viget
2176 2653 2561 2725 praslatorum,
2610 2654 2866 2724 quoniam
2912 2652 3207 2724 imperialis
3262 2662 3317 2709 et
3370 2670 3562 2725 regum

1987 2746 2216 2816 deperiit
2242 2764 2255 2800 :
2282 2745 2583 2816 respublica
2614 2753 2669 2801 et
2692 2744 3046 2801 ecclesiarum
3072 2746 3415 2816 pauperrima
3449 2755 3561 2813 est,

1985 2838 2112 2906 quia
2146 2836 2426 2906 praedones
2464 2852 2531 2892 ea
2568 2836 2872 2908 diripiunt:
2915 2838 3341 2909 eloquentissimi
3372 2854 3564 2895 omnes

1986 2928 2121 2981 muti
2155 2926 2286 2983 facti
2314 2938 2466 2993 sunt,
2491 2928 2745 2998 quoniam
2775 2937 3033 2985 evacuate
3059 2939 3144 2984 est
3172 2929 3346 2984 virtus
3370 2929 3568 3000 agendi

300 3019 424 3074 litat
446 3019 704 3074 canonice
730 3034 744 3083 ;
792 3017 1091 3088 praesertim
1121 3033 1242 3072 cum
1289 3016 1436 3071 nulla
1482 3016 1586 3071 alia
1631 3016 1877 3071 tirocinia
1912 3078 1950 3093 Α
1970 3029 2042 3073 ιρι
2064 3018 2338 3090 loquendi.
2379 3018 2514 3074 Nam
2543 3034 2573 3074 a
2597 3020 2793 3076 saeculo
2820 3021 2920 3076 bas
2942 3021 2995 3076 in
3009 3028 3192 3092 partes
3224 3021 3358 3076 nihil
3392 3020 3570 3093 majus

297 3109 410 3165 sint
440 3108 789 3165 ecclesiarum
808 3148 824 3173 ,
868 3123 1027 3176 quam
1072 3107 1172 3163 sub
1202 3107 1286 3163 his
1324 3106 1531 3164 duobus
1577 3107 1875 3162 ordinibus.
1908 3078 1953 3141 C
1986 3078 2182 3167 scitum
2211 3119 2315 3178 est,
2346 3127 2521 3182 neque
2541 3111 2976 3183 argumentosius
3007 3078 3074 3167 ad
3100 3078 3512 3183 excogitandum
3547 3130 3563 3166 :

300 3199 497 3256 Aiebat
542 3213 778 3271 namque
816 3199 994 3265 idem,
1025 3199 1168 3269 quod
1197 3208 1295 3254 aut
1334 3199 1631 3256 canonicus
1656 3201 1884 3271 quisque

297 3306 422 3349 esse
473 3292 729 3358 deberet,
775 3300 872 3347 aut
899 3292 1102 3358 laicus,
1144 3302 1239 3348 aut
1275 3294 1594 3349 monachus.
1641 3293 1794 3359 Quod
1838 3296 1884 3351 si

300 3391 578 3449 neutrum,
595 3384 709 3453 jam
739 3384 839 3439 sub
861 3383 1010 3438 nullo
1051 3393 1386 3439 monstratur
1405 3384 1615 3449 ordine,
1644 3385 1769 3454 quia
1797 3385 1883 3439 vi-

302 3480 498 3536 dentur
516 3492 641 3533 esse
660 3477 776 3532 sine
796 3478 991 3546 capite.
1015 3476 1145 3543 Quae
1155 3479 1405 3547 profecto
1433 3476 1676 3541 haeresis,
1698 3491 1887 3545 quam-

300 3572 387 3627 vis
428 3570 645 3626 aliunde
689 3570 792 3626 sibi
826 3571 928 3626 hoc
957 3586 1155 3626 nomen
1203 3571 1577 3637 vindicaverit,
1615 3578 1793 3627 tamen
1830 3580 1888 3627 ut

302 3663 482 3720 fassus
513 3663 655 3719 idem
676 3670 792 3729 est,
821 3662 965 3717 nulla
996 3662 1099 3717 alia
1128 3662 1234 3718 isto
1265 3663 1319 3717 in
1349 3672 1592 3732 tempore
1619 3662 1772 3735 pejor
1798 3665 1884 3718 in-

304 3754 521 3809 venitur
556 3753 911 3809 ecclesiarum
952 3752 1163 3808 scabies
1207 3771 1222 3807 :
1270 3768 1391 3823 quae
1433 3752 1613 3809 omnia
1645 3754 1887 3824 ejusdem

305 3845 455 3915 jura,
484 3860 553 3900 ex
577 3860 683 3915 quo
709 3844 894 3915 capit,
943 3844 1217 3914 corrupit,
1241 3846 1509 3900 intantum
1528 3884 1543 3911 ,
1575 3846 1702 3916 quia
1732 3843 1887 3900 multi

301 3949 492 3990 eorum
522 3935 699 3990 vitiosi
728 3943 902 4000 erant,
930 3942 991 3988 ut
1020 3950 1051 3988 a
1085 3935 1237 3989 laicis
1282 3949 1419 4005 pene
1460 3936 1641 3990 omnia
1696 3950 1888 3990 mona-

306 4025 531 4080 chorum
559 4035 615 4081 et
647 4026 1053 4091 canonicorum,
1085 4040 1293 4081 necnon
1329 4034 1383 4081 et
1404 4025 1724 4081 feminarum
1772 4041 1888 4083 mo-

305 4116 545 4172 nasteria
571 4125 922 4187 occupentur,
954 4125 1009 4172 et
1035 4117 1145 4172 sint
1190 4118 1373 4172 omnia
1416 4119 1727 4187 depravata.
1755 4117 1890 4174 Pro-

306 4215 429 4278 pter
466 4221 587 4276 quaa
615 4221 919 4275 nunquam,
950 4207 1078 4277 quia
1125 4205 1306 4262 futura
1348 4207 1690 4279 praeviderat,
1739 4206 1890 4263 dubi-

306 4300 443 4356 tavit
470 4301 795 4355 sententiam
824 4315 923 4369 pro
960 4307 1102 4355 statu
1134 4301 1313 4371 regni,
1340 4315 1438 4371 pro
1467 4298 1640 4355 salute
1665 4299 1844 4370 populi
1869 4338 1885 4361 ,

1984 3204 2077 3259 sed
2107 3218 2268 3274 posse
2293 3219 2357 3257 ac
2382 3205 2522 3259 scire
2544 3212 2666 3273 post
2698 3204 3117 3274 uniuscujusque
3155 3205 3288 3260 velle
3314 3205 3565 3260 desudat.

1984 3294 2211 3359 Idcirco,
2237 3302 2501 3363 quantum
2523 3296 2707 3360 credo,
2735 3295 2860 3365 quia
2885 3303 3014 3349 tunc
3038 3309 3223 3350 vocem
3248 3294 3428 3364 hujus,
3453 3296 3565 3352 imo

1987 3385 2085 3440 Dei
2120 3399 2226 3439 non
2256 3384 2562 3450 audierunt,
2595 3400 2752 3440 versa
2774 3393 2857 3440 est
2883 3385 3059 3440 omnis
3098 3386 3435 3454 prosperitas
3469 3400 3563 3441 eo-

1989 3492 2105 3531 rum
2121 3476 2174 3530 in
2187 3475 2542 3541 contrarium,
2560 3482 2616 3531 et
2631 3475 2919 3530 confracta
2938 3482 3065 3529 sunt
3077 3464 3219 3530 vires
3238 3491 3254 3539 ;
3276 3474 3565 3530 consilium

1991 3567 2223 3640 aufugit,
2244 3576 2302 3622 et
2327 3568 2505 3623 omnis
2538 3567 2822 3637 sapientia,
2839 3568 2993 3637 juxta
3015 3566 3331 3638 prophetam
3349 3606 3365 3631 ,
3403 3566 3565 3621 devo-

1990 3670 2106 3717 rata
2128 3670 2229 3717 est.
2254 3660 2408 3727 Quod
2437 3676 2567 3716 sane
2593 3661 2737 3730 ipse,
2778 3658 2892 3729 jam
2920 3659 3097 3715 futura
3136 3659 3471 3729 praevidens,
3508 3658 3569 3714 in

1988 3755 2177 3809 eodem
2226 3753 2432 3808 Placito
2482 3753 2569 3809 his
2610 3753 2878 3824 explicitis
2922 3753 3264 3823 pramonuit.
3314 3751 3414 3809 Ubi
3440 3766 3570 3806 mox

1990 3858 2114 3900 eum
2136 3845 2431 3901 vehemens
2453 3844 2763 3911 inﬁrmitas,
2814 3860 2976 3915 quam
3017 3845 3324 3899 lienteriam
3371 3842 3574 3899 medici

1988 3945 2206 4004 vocant,
2236 3936 2611 4006 apprehendit,
2641 3944 2909 4005 quatenus
2938 3935 3195 3992 virtutem
3244 3935 3300 3989 in
3342 3933 3571 3989 inﬁrmi-

1992 4036 2104 4084 tate
2126 4028 2430 4100 perficeret.
2462 4026 2601 4083 Hinc
2625 4041 2841 4098 quoque
2872 4027 3121 4097 deinceps
3146 4026 3436 4089 conticuit,
3470 4025 3570 4089 do-

1989 4135 2089 4176 nec
2113 4120 2207 4175 Dei
2233 4118 2497 4189 judicium
2524 4133 2625 4173 nos
2653 4118 3102 4188 apprehenderet,
3125 4124 3180 4172 et
3203 4122 3424 4186 peccata
3453 4129 3575 4184 qute

1985 4209 2210 4282 jamjam
2241 4217 2615 4265 consummata
2636 4206 3185 4273 erant,clarescerent
3216 4204 3271 4259 in
3300 4204 3460 4268 facto,
3490 4204 3573 4257 in-

1993 4309 2203 4354 tantum
2226 4307 2305 4365 ut,
2340 4313 2461 4369 quze
2490 4298 2720 4368 agimus,
2739 4292 3202 4362 solummodojam
3222 4307 3327 4348 non
3353 4300 3578 4363 peccata
3660 4300 3667 4306 ‘

305 4408 406 4463 pro
433 4393 726 4448 stabilitate
770 4392 1124 4449 ecclesiarum
1152 4434 1168 4457 ,
1205 4400 1261 4448 et
1309 4391 1570 4462 religione
1615 4390 1767 4460 pacis
1806 4390 1885 4445 di-
1916 4426 1965 4485 Β
1990 4392 2117 4459 sint,
2152 4392 2247 4448 sed
2270 4405 2434 4462 paena
2457 4388 2685 4460 peccati.

304 4500 466 4554 gnam
493 4485 673 4540 dicere
697 4484 798 4539 etsi
823 4484 1152 4553 quibuslibet
1180 4482 1558 4552 displicuisset.

870 4615 1143 4673 CAPUT
1213 4614 1316 4669 Vl.

931 4721 1263 4763 ADEODATUS.

380 4805 650 4871 Quantum
679 4803 840 4857 datur
864 4799 1119 4871 intelligi,
1150 4798 1284 4853 tales
1304 4797 1397 4868 qui
1428 4805 1555 4851 tunc
1582 4795 1756 4862 fuere,
1780 4808 1886 4849 non

309 4894 585 4960 consules,
608 4908 715 4949 non
737 4893 1043 4963 provisores
1075 4892 1263 4961 patriae
1290 4890 1537 4954 fuerunt,
1584 4888 1678 4943 sed
1720 4888 1887 4943 latro-

310 5003 410 5043 nes
436 5005 449 5040 :
482 5002 710 5057 quorum
755 4992 963 5039 mentes
990 4991 1248 5055 angustas
1275 4980 1683 5053 praesentiarum
1713 4977 1888 5047 caligo

311 5077 559 5143 ctecavit,
594 5074 870 5131 humilitas
910 5088 1072 5144 prava
1117 5072 1353 5127 tenebris
1393 5070 1647 5142 opplevit,
1684 5085 1888 5126 concu-

313 5167 576 5238 piscenlia
604 5166 854 5223 sordibus
884 5164 1188 5227 maculavit,
1238 5164 1290 5217 in
1331 5171 1570 5227 tantum,
1616 5169 1676 5215 ut
1713 5162 1889 5230 ipsum

312 5261 633 5317 consulatus
664 5274 882 5325 nomen,
910 5272 1008 5313 seu
1030 5256 1374 5327 splendorem
1395 5255 1538 5311 illius
1571 5253 1813 5319 honoris,
1836 5262 1893 5308 ct

316 5414 364 5487 9
389 5427 416 5455 ι
454 5415 512 5470 ln
540 5416 801 5487 ejusmodi
845 5414 1079 5487 clericos
1104 5414 1309 5470 aulicos
1343 5415 1617 5487 invehitur
1639 5410 1896 5487 Walafri:

314 5485 420 5540 dus
449 5482 677 5543 Stra'bus
705 5489 757 5541 in
779 5486 1023 5541 carmine
1051 5485 1116 5540 de
1144 5487 1354 5541 somnio
1382 5485 1603 5546 Wetiui.
1637 5498 1799 5553 supra
1827 5482 1895 5538 ad

316 5570 519 5610 annum
552 5557 677 5612 824.
712 5558 849 5612 Hinc
879 5555 1059 5626 Lupus
1084 5556 1251 5611 abbas
1289 5556 1657 5613 Ferrariensis
1696 5556 1749 5626 in
1779 5554 1897 5623 epi-

319 5626 457 5681 stola
484 5628 557 5682 25
585 5645 597 5681 :
642 5627 903 5683 Ca'terum
936 5625 1080 5695 fama
1112 5638 1348 5682 versatur
1374 5629 1510 5682 inter
1532 5643 1648 5692 nos,
1682 5625 1898 5680 clericos

2580 4540 2808 4598 CAPUT
2858 4539 2966 4595 νη.

2503 4667 3053 4712 THEOPHRASTUS.

2061 4791 2172 4847 Cur
2201 4789 2327 4845 talia
2353 4786 2679 4851 acciderint,
2727 4784 2839 4857 jam
2880 4785 3001 4840 luce
3033 4783 3234 4839 clarius
3285 4780 3576 4838 manifesta

1991 4893 2117 4942 sunt
2142 4904 2154 4939 :
2186 4883 2281 4939 sed
2309 4882 2450 4953 quod
2471 4881 2760 4936 habuerint
2783 4879 2992 4934 initium
3012 4917 3027 4944 ,
3056 4890 3167 4931 non
3197 4875 3265 4931 ab
3293 4889 3354 4930 re
3379 4876 3576 4946 quaeri-

1993 4988 2101 5044 tur,
2127 4976 2382 5048 quoniam
2406 4973 2531 5045 jure
2558 4982 2738 5032 actum
2760 4972 3061 5035 credimus,
3095 4974 3155 5023 ut
3186 4982 3376 5023 eorum
3410 4969 3574 5024 corda

1994 5071 2411 5133 obdurarentur,
2437 5082 2505 5124 ne
2528 5067 2778 5122 audirent
2798 5062 2970 5134 culpis
2989 5060 3365 5132 exigentibus;
3394 5060 3577 5116 divina

1998 5162 2131 5218 ultio
2158 5161 2502 5231 postmodum
2527 5167 2590 5215 ut
2629 5155 2859 5226 amplius
2906 5154 2962 5209 in
2998 5152 3156 5209 nobis
3196 5141 3577 5223 peccatoribus

1992 5254 2138 5325 juste
2164 5252 2465 5310 desaeviret.

1998 5409 2184 5483 palatii
2214 5409 2538 5483 diversorum
2551 5400 2919 5483 .caznobilorurn
2957 5398 3054 5483 sibi
3075 5396 3364 5483 dominium
3386 5402 3576 5483 optare

2001 5466 2154 5553 'atque
2176 5494 2383 5550 poscere
2408 5492 2425 5530 :
2452 5474 2639 5553 quibus
2662 5471 2806 5526 nulla
2828 5472 2895 5523 sit
2919 5468 3028 5553 alio
3063 5483 3214 5553 cura;
3247 5466 3347 5544 nisi
3363 5474 3576 5553 Δταμίας

2001 5532 2598 5616 ἇῦἶιννῖιῖιέίυρρνεεέὶοηε
2619 5555 2896 5616 servarunt
2918 5539 3023 5616 _D'ei_
3050 5535 3399 5616 satisfaciam.
3439 5532 3583 5587 Cone

2006 5603 2281 5677 fer'Vitam
2301 5603 2577 5673 Benedicti
2602 5614 2827 5669 Anianae
2847 5609 3076 5674 abbatis,
3101 5603 3250 5661 num.
3277 5603 3368 5663 54,
3393 5616 3575 5675 supra.
