4122 6324
568 246 706 317 ἒϐη

1182 379 1514 422 νιεοιιιςιυις.

638 466 684 523 0
715 466 830 521 dies
851 462 936 520 illa
959 502 974 528 ,
1006 477 1127 533 qua:
1152 475 1290 530 pene
1320 467 1550 512 aeternas
1581 453 1707 509 huic
1734 452 1850 508 orbi
1891 450 2141 505 tenebras

570 555 751 612 attulit
809 562 868 610 et
904 550 1251 613 discrimina,
1295 562 1414 616 qua:
1462 556 1713 616 pacatum
1760 540 2042 612 imperium
2090 546 2145 592 et

574 646 788 701 unitum
806 640 1072 699 conscidit
1097 637 1459 708 particulatim
1486 650 1551 691 ac
1576 632 1789 696 divisit,
1819 629 2147 703 germanita~

571 744 657 788 tes
693 728 914 785 violavit
961 723 1388 797 consanguineos
1424 720 1702 791 dircmpsit
1733 732 1756 759 ι
1778 759 1793 782 ,
1835 716 2145 772 inimicitias

571 820 772 889 ubique
796 815 1135 889 procreavit,
1167 822 1221 869 et
1250 813 1499 868 concives
1525 807 1811 879 dispersit,
1852 804 2008 860 fidem
2046 820 2141 858 ex-

574 906 907 971 terminavit,
930 903 1251 959 charitatem
1274 901 1488 961 delevit,
1517 896 1774 953 ecclesias
1793 909 2006 964 quoque
2036 892 2148 944 vio-

574 998 707 1052 lavit
740 1004 795 1051 et
817 994 998 1050 omnia
1026 992 1302 1061 corrupit!
1341 988 1488 1046 Unde
1531 985 1771 1056 quotidie
1802 983 1977 1039 civilia
2028 996 2147 1037 sur-

573 1093 709 1156 gout
733 1082 899 1150 bella,
929 1086 987 1137 ut
1011 1081 1084 1137 ita
1106 1079 1320 1149 loquar,
1348 1086 1403 1131 et
1438 1074 1714 1146 plusquam
1751 1071 1946 1128 civilia.
1979 1069 2148 1124 Exer-

573 1176 715 1230 citus
762 1171 927 1228 totius
971 1170 1159 1243 patria:
1209 1182 1345 1239 pene
1392 1164 1497 1220 huc
1536 1163 1767 1232 illucque
1820 1160 2144 1232 perimitur:

570 1263 887 1335 provincias,
915 1260 1060 1331 pagi,
1085 1268 1139 1313 et
1184 1258 1343 1313 urbes
1382 1254 1582 1327 passim
1628 1252 2037 1324 depopulantur.
2086 1248 2145 1305 Si

572 1355 663 1425 qui
705 1352 900 1410 residui
948 1360 1102 1416 sunt,
1153 1350 1268 1404 sine
1306 1348 1509 1402 viribus
1535 1344 1733 1415 ubique
1784 1353 1876 1396 aut
1902 1341 2142 1412 fugiunt,

573 1455 667 1501 aut
696 1445 974 1501 carduntur
1018 1441 1232 1514 gladiis.
1274 1438 1411 1494 llinc
1452 1437 2048 1506 undique'paganorum
2091 1438 2147 1487 et

572 1538 806 1594 hostium
839 1536 1207 1602 incursiones,
1237 1533 1363 1588 hinc
1384 1529 1527 1601 quod
1555 1541 1723 1583 omne
1742 1525 1933 1596 vulgus
1968 1522 2147 1579 conci-

570 1630 734 1696 ditur,
750 1625 908 1694 villze,
932 1624 1844 1682 civitates—innumera:cremantur.
1871 1614 1984 1669 Heu
2005 1614 2020 1667 ε
2044 1612 2145 1668 mi-

1368 251 1426 309 S.
1465 241 1820 307 PASCIIASll
1855 236 2197 297 RADBERTI
2233 235 2524 297 ABBATIS
2561 232 3007 295 CORBEIENSIS

2172 358 2218 419 Α
2249 355 2352 411 nis.
2382 353 2427 411 Ο
2455 354 2571 410 dies
2604 352 2713 417 illa,
2740 351 2856 406 dies
2875 347 3223 404 tenebrarum
3251 351 3306 400 et
3336 342 3617 415 caliginis!
3644 358 3677 397 ο
3704 343 3828 399 dies

3681 226 3827 280 1616

2245 446 2594 507 exsecranda,
2619 442 2832 517 quando
2868 444 2973 495 tale
3014 450 3250 509 emptum]
3290 452 3373 494 est
3406 438 3723 493 consilium!
3756 439 3829 494 Et

2245 539 2360 594 hmo
2388 546 2466 593 est
2500 537 2630 591 hora
2665 534 2862 589 furoris
2893 532 3021 594 Dei,
3050 532 3181 584 hora
3209 540 3410 585 nostra:
3434 530 3501 584 ad
3525 528 3827 585 vindictam

2244 626 2635 689 retributionis,
2665 624 2717 677 in
2740 639 2845 693 qua
2875 622 3219 699 aperti‘sunt
3246 621 3387 675 oculi
3418 620 3661 675 omnium
3693 635 3826 673 cum

2245 719 2461 774 Balaam
2489 716 2691 781 ariolo;
2735 714 2826 769 ubi
2874 713 3170 768 cecidimus
3198 727 3409 775 omnes,
3454 720 3509 767 et
3541 711 3832 781 evigilavit

2244 809 2393 879 virga
2452 807 2653 863 furoris
2707 806 2841 869 Dei;
2902 805 2994 859 ubi
3041 803 3238 859 violata
3281 812 3406 858 sunt
3458 802 3639 856 omnia
3694 801 3830 872 jura

2246 900 2440 970 legum.

2841 988 3067 1045 CAPUT
3097 987 3228 1044 V‘Tﬂ.

2622 1130 2631 1138 .
2861 1095 3197 1137 ADEODATUS.

2315 1172 2456 1228 Proh
2511 1170 2702 1227 nefas!
2753 1171 2981 1242 quodin
3017 1170 3197 1225 subito
3225 1176 3336 1224 tam
3375 1167 3652 1234 immania,
3710 1176 3829 1224 tam

2246 1261 2523 1318 horribilia
2544 1274 2767 1317 crevere
2788 1260 2849 1314 in
2869 1274 3035 1330 regno
3060 1259 3405 1319 detrimenta.
3436 1258 3559 1312 licet
3581 1274 3678 1327 per
3693 1274 3826 1328 par-

2247 1360 2329 1407 tes
2354 1354 2578 1421 peccata‘
2596 1358 2820 1404 coaucta
2856 1349 2907 1403 id
2937 1348 3233 1418 exegerint.
3255 1347 3407 1402 Unde
3432 1348 3667 1416 petimus
3695 1345 3829 1416 quid

2245 1443 2431 1509 fuerit,
2459 1444 2601 1513 quod
2629 1459 2819 1498 rursus
2838 1443 3096 1498 Arsenius
3117 1442 3185 1497 ad
3210 1450 3318 1497 tam
3345 1443 3637 1505 acerrima,
3687 1451 3830 1496 tam-

2245 1551 2349 1605 que
2373 1534 2675 1605 perniciosa
2706 1533 3064 1604 periculorum
3095 1547 3290 1604 genera
3318 1547 3376 1586 se
3413 1533 3698 1602 injecerit:
3728 1545 3834 1587 nec

2242 1625 2417 1696 potuit
2446 1623 2692 1679 fortassis
2716 1624 3000 1694 providere
3021 1638 3185 1695 quem
3216 1622 3378 1677 finem
3401 1623 3684 1687 haberent,
3705 1620 3831 1694 qui-

568 1735 688 1778 sera
727 1718 862 1785 dies,
890 1732 1052 1789 quam
1070 1713 1350 1771 infelicior
1382 1726 1489 1767 nox
1532 1708 1807 1779 sequitur!
1832 1705 1946 1762 sed
1984 1701 2138 1758 nulla
2168 1700 2216 1760 Β
2242 1716 2343 1772 bus
2370 1714 2585 1770 obviam
2614 1714 2804 1769 venire
2829 1712 3020 1783 voluit,
3049 1726 3360 1782 quassamus
3380 1720 3441 1767 ιιι
3467 1711 3706 1782 aperias,

568 1810 836 1867 infelicior
886 1808 1012 1874 illa,
1050 1800 1614 1877 quando'sceleratus
1653 1798 1798 1854 Naso
1844 1798 1869 1837 ι)
1916 1803 2138 1850 vocatus

567 1913 650 1960 est
678 1904 746 1959 ab
770 1901 1005 1974 Spaniis,
1052 1896 1353 1953 Amisarius
1381 1895 1490 1960 ille,
1538 1894 1628 1963 qui
1673 1900 1867 1948 cuncta
1916 1887 2139 1958 reliquit
2204 1952 2217 1961 ι

565 1995 811 2058 honesta,
844 1990 1115 2060 inquibus
1142 1995 1261 2042 erat
1293 1986 1574 2042 ordinatus
1604 1995 1660 2048 c;
1692 1992 1747 2038 et
1786 1980 2049 2037 immersit
2074 1992 2138 2034 se

565 2082 746 2136 fatuus
775 2082 841 2135 ad
864 2079 1044 2135 omnia
1069 2077 1210 2133 cteni
1239 2074 1557 2139 volutabra;
1582 2071 1845 2142 siquidem
1872 2078 1932 2124 ut
1970 2068 2138 2123 adve-

564 2172 667 2237 nit,
696 2186 759 2226 ac
775 2171 818 2226 si
859 2169 1005 2225 ferus
1027 2183 1157 2240 aper
1179 2165 1376 2223 evertit
1401 2164 1679 2235 palatium,
1709 2159 1972 2217 destruxit
2001 2173 2136 2213 eon—

563 2262 766 2328 ailium,
794 2260 1072 2332 dissipavit
1099 2259 1278 2315 omnia
1308 2256 1533 2312 rationis
1563 2254 1721 2326 jura;
1754 2251 2002 2308 consules
2021 2264 2137 2305 om-

561 2371 693 2421 nes,
716 2355 975 2433 divinos,
1005 2354 1376 2422 humanosque
1404 2348 1629 2420 expulit,
1660 2355 1715 2402 et
1738 2344 1978 2408 attrivit;
2016 2344 2137 2397 tho-

561 2464 682 2504 rum
698 2446 1001 2517 occupavit,
1022 2452 1186 2514 atque
1211 2441 1460 2507 factiose,
1485 2440 1556 2494 ita
1580 2447 1638 2494 ut
1661 2437 1869 2492 insidia:
1890 2435 2136 2490 videren-

562 2549 670 2605 tur,
711 2534 1047 2593 manifestius
1074 2533 1263 2589 omnia
1300 2530 1569 2603 pervasit;
1610 2528 1797 2598 sicque
1838 2540 2045 2589 crocus,
2077 2533 2136 2578 ut

562 2628 698 2685 nihil
734 2626 880 2682 aliud
905 2640 1024 2682 esse
1063 2633 1280 2696 posset,
1325 2638 1487 2693 quam
1513 2620 1654 2691 quod
1678 2620 1791 2692 ipse
1821 2617 2132 2681 invenerat,

561 2717 863 2788 postposuit
888 2716 1101 2782 divina,
1140 2716 1205 2768 ad
1238 2716 1468 2769 humana
1497 2725 1572 2767 se
1612 2709 1874 2765 immersit
1916 2724 2011 2780 per
2053 2706 2136 2763 fas

562 2808 852 2879 nefasque,
880 2816 1074 2863 cuncta
1102 2806 1154 2861 in
1183 2806 1361 2862 subito
1388 2803 1657 2860 convulsit
1691 2818 1754 2858 ac
1780 2801 2138 2857 commaculac

561 2902 663 2966 vit,
692 2910 747 2956 et
769 2915 984 2955 omnem
1015 2899 1330 2969 dignitatem
1358 2897 1561 2968 regiam
1589 2894 2135 2961 evacuavityftudera

569 2995 831 3066 disrupit,
860 2992 1104 3049 confudit
1140 2994 1418 3058 ordinem;
1453 3000 1512 3046 ut
1545 2991 1721 3047 nullus
1746 3000 1890 3046 esset
1925 2999 2130 3055 status,

2861 1817 3198 1858 PASCBASIUS.

2294 1895 2531 1962 ‘Vennn,
2576 1895 2765 1961 frater,
2814 1895 2942 1966 quia
2984 1895 3204 1950 videbat
3242 1893 3381 1949 mala
3421 1909 3543 1965 qua;
3583 1895 3823 1966 quotidie

2238 1990 2529 2061 surgebant
2578 1988 2856 2043 innumera
2898 1995 2953 2041 et
3000 1986 3428 2040 immensazsed
3476 2000 3827 2056 prmnoscere

2238 2101 2344 2142 non
2374 2086 2542 2140 valuit
2582 2098 2703 2155 quae
2741 2083 2920 2138 futura
2946 2090 3145 2137 erant:
3177 2081 3394 2151 quibus,
3448 2089 3714 2152 quantum
3752 2094 3829 2135 ex

2237 2192 2296 2233 se
2319 2176 2440 2240 fuit,
2460 2176 2681 2230 obviare
2709 2174 2895 2236 voluit,
2923 2181 2978 2227 et
3007 2172 3262 2227 resistere
3305 2186 3404 2240 pro
3449 2171 3555 2225 fide
3586 2171 3739 2239 regni
3770 2174 3832 2226 ει

2239 2266 2400 2336 regis,
2426 2280 2524 2335 pro
2546 2278 2734 2320 amore
2756 2264 2947 2334 patria:
2978 2276 3042 2317 ac
3065 2260 3269 2332 populi.
3308 2276 3407 2332 pro
3435 2260 3697 2332 religione
3718 2261 3829 2315 Eo-

2236 2356 2523 2412 clesiarum
2552 2364 2607 2411 et
2629 2354 2802 2410 salute
2829 2353 3026 2409 civium
3053 2370 3069 2406 :
3101 2364 3227 2422 qua
3250 2353 3431 2408 omnia
3457 2351 3709 2407 chariora
3748 2351 3829 2407 illi

2236 2455 2413 2510 erant,
2443 2460 2605 2517 quam
2626 2460 2723 2500 sua
2753 2444 2883 2498 vita.
2912 2442 3020 2499 Sed
3048 2443 3175 2514 quia
3224 2444 3278 2498 in
3332 2443 3490 2498 initio
3540 2443 3661 2498 hac
3711 2459 3825 2499 non

2236 2538 2451 2592 fuerant
2498 2536 2712 2607 repulsa
2758 2546 2814 2591 et
2845 2534 3095 2598 refutata,
3146 2534 3322 2605 culpis
3349 2534 3696 2607 exigentibus
3724 2536 3830 2590 im-

2236 2641 2379 2698 pune
2404 2625 2469 2682 ad
2491 2625 2731 2681 omnium
2758 2625 3052 2694 perniciem
3100 2624 3559 2694 praevaluereﬁta
3594 2633 3656 2679 at
3700 2624 3828 2679 nul.

2235 2719 2320 2774 lus
2361 2716 2475 2787 jam
2523 2725 2669 2771 esset
2707 2714 2955 2771 fortis’ac
2983 2715 3320 2786 sapiens.qui
3371 2714 3638 2770 obviaret.
3684 2713 3826 2770 Nam

2236 2807 2377 2865 idem
2404 2822 2526 2863 cmn
2547 2806 2662 2877 jam
2689 2805 2756 2860 de
2780 2819 2876 2860 sua
2913 2804 3232 2860 infirmitate
3254 2802 3639 2869 convaluisset,
3654 2806 3829 2874 cepit

2237 2900 2425 2956 audire
2456 2898 2693 2967 undique
2722 2896 2985 2967 ﬂagitiosa
3020 2906 3076 2951 et
3113 2894 3524 2960 obscurissima,
3560 2895 3738 2966 turpia
3769 2905 3830 2949 ct

2240 2993 2554 3055 inhonesta;
2586 3006 2692 3046 non
2718 2990 3130 3061 qualiacunque,
3159 2988 3253 3044 sed
3304 2987 3483 3058 qualia
3537 3003 3827 3059 nunquam

560 3086 769 3157 singula
799 3085 1118 3152 immutavit;
1150 3086 1289 3142 diem
1309 3085 1573 3140 convertit
1602 3084 1655 3139 in
1680 3093 1913 3149 noctem,
1950 3099 2136 3139 rursus
2162 3054 2209 3117 Ο
2239 3086 2291 3141 in
2322 3086 2425 3140 isto
2452 3054 2640 3139 nostro
2689 3054 2871 3136 audita
2912 3054 3041 3137 sunt
3063 3080 3279 3136 szeculo.
3312 3054 3418 3134 f‘ro
3464 3054 3828 3151 quibuspro-

559 3185 772 3234 noctem
795 3176 1142 3233 commutavit
1164 3176 1220 3232 in
1240 3176 1402 3232 diem.
1429 3174 1576 3231 Patri
1592 3175 1860 3231 abdicavit
1882 3174 2048 3241 filios,
2081 3183 2138 3230 et

559 3278 767 3339 patrem
796 3269 934 3333 filiis,
960 3268 1144 3339 sicque
1165 3267 1465 3341 tyrannidis
1496 3264 1613 3336 ejus
1637 3266 1886 3337 profecit,
1916 3274 2136 3319 utexce-

561 3360 715 3414 deret
741 3358 882 3414 ultra
910 3373 1120 3424 omnes,
1149 3366 1202 3413 et
1234 3357 1366 3413 nihil
1401 3357 1666 3429 integrum
1694 3355 1993 3426 reliquerit.
2029 3353 2134 3409 Hoc

568 3465 731 3508 nores
781 3450 991 3505 debitos
1008 3450 1100 3520 qui
1136 3449 1470 3516 habuerant,
1502 3448 1851 3513 amittebant;
1887 3448 1976 3517 qui
2016 3461 2136 3501 nec-

559 3543 691 3598 dum
731 3540 965 3597 iudebite
1010 3541 1411 3611 qualescunque
1470 3540 1899 3610 assequebantur
1945 3538 2134 3609 optimi

558 3634 761 3705 quique
787 3633 1046 3698 virorum,
1070 3632 1386 3704 amplissimi
1414 3641 1472 3688 et
1510 3632 1718 3688 nobiles
1745 3640 1904 3701 atque
1925 3629 2133 3699 dignis-

563 3726 689 3781 aimi
710 3765 727 3794 ,
746 3724 864 3795 jam
890 3726 1271 3782 auctoritatem
1299 3726 1491 3796 agendi
1521 3726 1817 3782 omiserant
1849 3724 1909 3798 [Ι.
1938 3725 2136 3781 amise-

557 3816 746 3890 rant]-:
774 3818 898 3888 quia
928 3816 1177 3888 profecto.
1201 3817 1379 3874 nullus
1402 3817 1562 3871 aliam
1598 3825 1724 3872 tunc
1758 3815 2015 3886 temporis
2044 3816 2136 3870 ha-

554 3909 675 3965 buit
701 3910 844 3966 viam
866 3911 1254 3982 expeditiorem
1292 3910 1356 3967 ad
1387 3912 1619 3966 honores
1638 3910 1947 3965 retinendos
1968 3918 2023 3965 et
2048 3923 2135 3965 ac-

559 4001 873 4072 quirendos,
903 4003 1104 4058 seu'ad
1150 4018 1214 4057 ea
1258 4018 1378 4074 quae
1402 4002 1563 4057 vellet
1618 4002 1701 4057 vel
1748 4001 2131 4074 concupierat,

562 4107 724 4162 quam
756 4092 844 4147 illa
882 4093 1069 4162 sequi,
1100 4109 1220 4163 qua:
1264 4103 1390 4147 tunc
1424 4102 1695 4164 tyrannus
1741 4093 1884 4149 Naso
1927 4093 2129 4149 mallet.

556 4181 769 4236 Interea
790 4180 1134 4252 confregerat
1158 4183 1338 4236 omnia
1361 4197 1484 4236 ossa
1506 4182 1763 4236 virtutum
1775 4182 1859 4238 vis
1879 4183 2131 4238 feminea.

555 4271 683 4328 Ideo
719 4270 933 4334 stultus.
960 4271 1078 4326 sine
1103 4270 1274 4326 oculis
1300 4279 1356 4327 et
1398 4285 1594 4335 sensu,
1623 4272 1689 4325 ad
1704 4272 1895 4326 omnia
1927 4287 1986 4327 se
2029 4273 2133 4327 im-

559 4371 842 4418 merserat.
876 4362 1185 4418 movebatur
1211 4362 1354 4417 enim
1387 4360 1500 4432 jam
1528 4362 1739 4433 vertigo
1770 4362 1933 4417 totius
1962 4362 2134 4433 impe-

559 4453 647 4517 rii,
675 4467 742 4507 ne
769 4451 907 4507 ullus
927 4451 1230 4524 acquireret
1251 4434 1569 4523 potentiam,
1597 4466 1664 4507 ne
1686 4451 1826 4507 ullus
1850 4452 2131 4519 honorem,

558 4556 628 4596 ne
660 4540 800 4595 ullus
845 4538 1156 4605 facultates,
1202 4540 1319 4596 sine
1346 4539 1572 4607 scelere,
1620 4550 1713 4595 aut
1751 4540 1867 4596 sine
1906 4540 2134 4597 aliorum

559 4630 923 4687 damnationis
956 4630 1254 4701 dispendio.
1278 4632 1392 4686 Iste
1420 4632 1617 4702 quippe
1640 4630 1847 4687 fructus
1888 4641 1972 4687 est
2010 4632 2133 4686 inli-

560 4724 794 4781 dclitatis
808 4733 864 4780 et
877 4721 1179 4780 discordiae.
1213 4722 1337 4779 ldeo
1350 4724 1806 4780 consultissimum
1821 4732 1904 4780 est
1923 4739 2137 4796 semper

560 4831 743 4873 serere
765 4814 1062 4888 prudentiae
1084 4856 1100 4881 ,
1125 4813 1371 4884 justitiaa,
1389 4814 1719 4870 fortitudinis
1742 4830 1806 4871 ac
1835 4824 2138 4887 temperan-

561 4908 650 4964 tia:
664 4907 893 4974 semina,
909 4917 968 4963 ut
980 4914 1182 4964 metere
1194 4906 1369 4978 possis
1391 4904 1805 4976 centuplicatum
1820 4905 2048 4962 fructum
2064 4905 2137 4961 la-

561 5000 727 5069 boris;
744 5017 905 5072 quam
933 5000 1483 5073 concupiscentiarum
1507 5000 1821 5056 etvitiormn
1837 5001 2106 5057 molimina
2118 5042 2133 5069 ,

562 5110 629 5149 ex
652 5107 755 5163 quo
777 5093 1095 5151 remetiatur
1109 5092 1466 5165 iudicium,“
1488 5102 1698 5148 crescat
1724 5092 1855 5147 ultio
1877 5094 2135 5163 perditio-

637 5260 660 5287 ο
703 5244 797 5301 Sic
825 5246 1023 5315 legitur
1061 5243 1115 5298 in
1146 5251 1333 5300 codice
1360 5260 1461 5299 ms.
1490 5259 1589 5314 pro
1628 5247 1868 5299 diremit.
1908 5260 2029 5299 eum
2065 5251 2131 5300 ad

559 5317 778 5375 modum
804 5314 913 5386 quo
958 5314 1214 5381 Alcuinus
1258 5317 1310 5369 in
1352 5318 1742 5386 epigrammate
1789 5316 1889 5367 ltili
1940 5316 2132 5370 scribit

562 5397 814 5455 rntpserat
844 5401 943 5454 pro
969 5393 1182 5455 emerat.
1232 5400 1237 5405 ’

634 5453 658 5497 Β
701 5453 1001 5510 ltcrnartlns
1032 5454 1120 5524 hic
1141 5464 1224 5507 est
1253 5468 1449 5509 marem
1480 5453 1781 5523 Hispanicm
1805 5455 2090 5524 pnefectus
2111 5496 2125 5519 ,

2234 3175 2376 3233 fecto
2419 3191 2549 3231 mox
2578 3184 2846 3231 commota
2886 3181 3010 3229 sunt
3048 3172 3229 3227 omnia
3252 3171 3458 3226 viscera
3483 3170 3602 3239 ejus
3628 3169 3825 3238 pietas

2236 3270 2305 3326 tis
2331 3268 2547 3333 affectu,
2575 3282 2642 3323 eo
2676 3268 2819 3339 quod
2835 3275 2987 3321 esset
3012 3268 3308 3329 theatrum,
3339 3263 3628 3319 honestatis
3647 3261 3818 3324 olim,

2233 3360 2492 3433 palatium
2519 3359 2741 3426 factum,
2772 3361 2825 3414 in
2860 3375 2970 3430 quo
3001 3367 3148 3413 tanta
3192 3356 3568 3427 sortilegarum
3596 3352 3827 3424 prasti-

2233 3453 2321 3524 gia
2347 3452 2577 3508 recidiva
2603 3450 2989 3515 scaturierunt,
3018 3458 3221 3519 quanta
3246 3448 3460 3503 inomni
3488 3445 3693 3501 munde
3704 3443 3824 3513 jam

2232 3538 2339 3601 non
2364 3543 2725 3600 credebantur
2747 3556 2885 3597 esse.
2911 3540 3022 3596 Nec
3048 3540 3194 3595 enim
3217 3547 3432 3609 poterat
3452 3552 3511 3592 se
3531 3538 3821 3592 continere

2232 3651 2343 3709 pra:
2357 3634 2541 3690 dolore
2572 3643 2628 3690 et
2663 3648 2848 3688 arnore
2872 3649 2901 3687 a
2926 3631 3159 3696 fletibus,
3182 3647 3305 3687 cum
3330 3630 3447 3685 btec
3467 3629 3547 3684 illi
3575 3645 3606 3682 a
3627 3627 3813 3691 bonis,

2233 3736 2290 3785 et
2315 3725 2560 3790 summis,
2591 3740 2658 3780 ac
2685 3723 3050 3779 veracissimis
3077 3722 3167 3777 die
3190 3730 3460 3789 noctuque
3498 3719 3827 3773 nuntiaren-

2234 3825 2322 3872 tur
2343 3815 2474 3870 viris
2503 3832 2515 3868 :
2551 3813 2676 3885 quia
2704 3821 2909 3884 quanto
2936 3810 3057 3881 plus
3078 3810 3380 3865 Ecclesiam
3407 3806 3613 3863 Christi
3638 3816 3696 3862 et
3716 3807 3829 3860 Au»

2234 3914 2450 3980 gustum
2480 3921 2589 3962 una
2641 3920 2763 3961 cum
2794 3903 2993 3976 populo
3017 3910 3074 3959 et
3119 3901 3271 3973 prole
3320 3900 3609 3962 dilexerat.
3669 3907 3827 3955 tanto

2233 4002 2407 4075 magis
2456 4000 2793 4056 adiciebatur
2831 3996 3127 4053 doloribus.
3184 3994 3484 4050 Veniebant
3536 4001 3720 4048 autem
3768 4000 3830 4047 et

2232 4097 2391 4170 primi
2414 4094 2598 4167 palatii
2628 4109 2694 4150 ex
2721 4100 2948 4162 utroque
2969 4089 3182 4155 ordine,
3206 4086 3296 4157 qui
3338 4084 3523 4141 omnia
3578 4084 3656 4139 ita
3700 4098 3828 4139 esse

2234 4188 2568 4251 asserebant,
2597 4186 2705 4240 imo
2746 4184 2901 4255 pejus
2926 4196 3089 4252 quam
3135 4174 3294 4249 vulgo
3334 4175 3639 4232 dicebatur.
3685 4175 3827 4233 Tum

2235 4280 2348 4351 ipse
2376 4294 2555 4350 perse
2590 4277 2786 4346 delegit
2844 4274 2970 4330 illuc
3024 4272 3470 4343 qualitercunque
3526 4270 3732 4332 venire,
3775 4268 3824 4324 si

2238 4372 2375 4426 forte
2395 4370 2661 4441 quivisset
2695 4368 2807 4422 suis
2849 4373 3230 4437 argumentose
3255 4362 3701 4433 persuasionibus
3726 4369 3828 4414 aut

2238 4465 2477 4523 consiliis
2501 4462 2791 4518 subvenire
2818 4480 2833 4516 z
2862 4459 3002 4515 furia
3026 4459 3115 4514 illa
3145 4465 3204 4512 ut
3250 4455 3476 4522 rediret,
3530 4463 3830 4524 antequam

2235 4556 2577 4630 perturbaret
2600 4555 2805 4620 omnia,
2835 4562 2891 4609 et
2935 4553 3290 4608 subverteret.
3321 4548 3425 4617 Qui
3464 4548 3694 4603 veniens
3712 4547 3833 4616 egit

2246 4647 2603 4718 quodcunque
2629 4643 2838 4713 potuit;
2865 4650 3069 4698 etcum
3092 4640 3353 4711 Augusto,
3376 4646 3433 4693 et
3471 4652 3596 4692 cum
3627 4651 3829 4707 proce-

2236 4739 2388 4794 ribus
2436 4736 2649 4792 locutus
2677 4744 2761 4790 est
2789 4733 2931 4805 quod
2964 4730 3335 4796 intellexerat;
3364 4737 3421 4783 et
3473 4727 3829 4800 praemonuit,

2241 4828 2297 4883 in
2346 4828 2432 4883 his
2461 4842 2579 4896 qua:
2620 4826 2837 4890 liebant,
2892 4823 3035 4894 quod
3067 4828 3331 4878 senserat.
3381 4817 3516 4873 Nam
3552 4827 3611 4873 et
3634 4816 3835 4874 bellua

2238 4918 2654 4982 factiosissimre,
2686 4916 2811 4987 quia
2840 4916 2993 4986 prius
3016 4914 3064 4968 ci
3087 4910 3369 4984 paterejus
3390 4918 3443 4965 et
3467 4908 3583 4979 ipse
3604 4907 3833 4962 amicis-

2234 5009 2357 5065 simi
2385 5010 2617 5073 luerant,
2640 5008 2832 5061 affatus
2858 5014 2942 5062 est
2963 5003 3193 5058 fideliter
3222 5016 3344 5057 cum
3368 5000 3514 5055 omni
3548 4997 3830 5052 amicitia—

2236 5116 2356 5156 rum
2387 5100 2666 5169 obsequio.
2710 5096 2820 5152 Nec
2863 5094 3133 5151 immerito
3157 5093 3343 5163 igitur,
3379 5104 3446 5145 eo
3494 5089 3641 5160 quod
3691 5088 3830 5143 olim

2234 5267 2290 5304 se
2315 5250 2379 5304 de
2408 5249 2606 5318 objecta
2631 5258 2832 5318 stupro,
2860 5254 3145 5318 postquam
3168 5242 3349 5297 nulla:
3371 5242 3611 5318 inventas
3631 5251 3711 5295 est
3734 5241 3831 5310 qui

2234 5324 2396 5373 nutus
2421 5311 2601 5387 {uisset
2631 5311 2748 5371 cum
2770 5311 2931 5387 armis
2952 5311 3067 5384 jam
3090 5315 3282 5387 dictum
3313 5322 3498 5387 nutet
3531 5311 3823 5387 imponch

2231 5389 2300 5443 Et
2320 5380 2496 5444 tamen
2536 5387 2865 5442 Bernardnm
2911 5380 3209 5440 inc0nsulte
3246 5381 3522 5451 republica
3550 5380 3827 5445 abusnnt’,

2230 5460 2445 5527 penitus
2469 5474 2588 5512 eam
2614 5456 2876 5527 evertisse
2903 5462 3137 5527 testatur
3169 5451 3486 5516 Nithardus,
3516 5458 3826 5520 quantum-

559 5526 907 5598 Septimanize
932 5523 1224 5598 etholosaa
1250 5539 1452 5598 comes,
1488 5523 1992 5598 \Viillelmi‘contitis
2028 5539 2127 5598 seu
2226 5523 2313 5581 vis
2342 5528 2537 5582 Carolo
2563 5527 2830 5585 addictus.
2856 5526 2909 5579 in
2937 5525 3047 5598 Iib.‘
3068 5540 3085 5578 ι
3109 5533 3169 5598 _et
3197 5538 3258 5576 ιι.

558 5594 710 5652 ducis
752 5596 919 5657 filius,
951 5594 1238 5665 'l'Jteganus
1275 5595 1330 5648 in
1366 5594 1499 5665 libro
1528 5594 1594 5649 de
1632 5595 1799 5665 gestis
1836 5595 2089 5650 Ludovici
2112 5636 2126 5658 ,

463 5701 477 5712 .
560 5684 680 5740 cap.
713 5668 801 5728 58.
833 5676 1020 5723 auctor
1056 5663 1167 5733 est,
1208 5664 1398 5722 ducem
1447 5663 1778 5721 Bcrnarllum
1821 5667 2129 5737 puriﬁcasse

2303 5610 2326 5637 ο
2371 5598 2425 5651 Id
2467 5609 2551 5652 est
2594 5597 2856 5652 educatus
2899 5604 2953 5651 et
2995 5595 3275 5649 institutus
3311 5590 3382 5646 ab
3418 5590 3631 5663 optimo
3659 5599 3829 5660 patre

2190 5737 2197 5743 ,
2230 5668 2536 5727 Guillelmo.
