4122 6324
284 390 414 447 1617

950 385 1041 441 DE
1080 384 1239 441 VLTA
1273 382 1525 451 WALJE,
1567 382 1700 440 SEU
1734 381 2153 441 EPITAPIIIUM
2191 384 2485 442 ARSENll.
2526 415 2598 428 —
2635 385 2763 441 LIB.
2802 385 2864 440 ll.

3389 380 3528 438 16f8

281 516 505 561 uxorem
532 512 560 541 ι
588 499 691 555 sibi
716 513 961 555 sororem
997 499 1186 569 ipsius,
1219 498 1383 554 ﬁliam
1400 497 1719 553 nobilissimi
1745 495 1848 551 viri
1875 499 1929 560 Α
1951 496 2032 552 vel
2057 498 2325 567 quomodo
2354 500 2682 556 decrevisset
2726 499 2843 554 ﬁeri
2892 498 3036 568 quod
3086 495 3444 553 moliebatur:
3475 504 3532 553 et

279 604 333 650 et
385 589 899 660 magniﬁcentissimi
957 588 1391 644 duxerat..Uude
1416 590 1485 643 ab
1515 586 1852 643 incunabulis

279 681 434 754 quasi
453 686 609 749 pater
633 678 778 733 circa
804 692 925 732 eum
953 678 1007 732 in
1038 679 1288 733 omnibus
1331 678 1478 746 pium
1506 678 1731 763 gerebat
1771 677 1853 732 af-

280 772 498 834 fectum,
538 782 725 823 curam
775 782 845 821 ac
891 766 1474 835 sollicitudinem,.plus
1503 766 1663 821 etiam
1693 779 1855 835 quam

278 862 327 917 si
372 868 525 931 pater
570 866 731 913 esset.
778 854 884 912 Sed
940 872 1067 912 cum
1111 857 1351 922 vidisset,
1375 858 1519 928 quod
1550 872 1723 912 caecus
1744 855 1857 925 jam

284 959 462 1006 mente
493 949 756 1004 alienatus
777 955 942 1012 esset,
972 957 1026 1003 et
1049 963 1149 1017 per
1168 962 1407 1018 praeceps
1451 956 1666 1013 rueret;
1725 946 1860 1003 dixit

286 1040 643 1110 quodcunque
692 1037 867 1106 potuit
899 1036 1065 1090 :licet
1108 1035 1225 1102 jam
1294 1037 1534 1092 moribus
1581 1035 1856 1100 efferatus,

282 1130 408 1202 quia
442 1128 565 1185 felle
592 1128 1146 1210 concupiscentiarum
1183 1128 1485 1182 inebriatus
1503 1136 1643 1193 erat,
1674 1126 1860 1182 audire

285 1219 564 1283 noluisset,
616 1218 800 1286 sicque
820 1232 950 1272 cum
977 1217 1029 1271 in
1052 1216 1199 1271 nullo
1239 1216 1502 1286 proﬁcere
1532 1232 1591 1271 se
1615 1217 1858 1283 vidisset,

286 1307 586 1379 prospectis
609 1306 859 1362 omnibus
916 1306 1102 1362 dolens
1145 1322 1209 1362 ac
1237 1320 1458 1378 gemens
1486 1306 1551 1362 ad
1583 1317 1860 1364 monaste-

287 1399 429 1454 rium
460 1397 577 1452 sine
602 1395 795 1452 eﬂ‘ectu
829 1396 1111 1451 remeavit.
1135 1396 1304 1464 Quem
1332 1412 1476 1457 mox.
1509 1397 1637 1452 dato
1654 1397 1865 1467 parvis-

286 1489 427 1544 simo
458 1486 716 1557 temporis
741 1485 1045 1552 intervallo,
1074 1486 1241 1542 secuti
1273 1498 1401 1540 sunt
1433 1485 1546 1555 jam
1571 1486 1779 1557 expulsi
1811 1494 1867 1540 et

288 1576 481 1646 dejecti
507 1586 746 1631 rectores
766 1584 822 1631 et
847 1576 1011 1647 primi
1037 1576 1247 1646 palatii,
1277 1575 1465 1632 ﬁentes
1496 1585 1553 1631 et
1595 1576 1863 1648 lugentes,

285 1665 433 1738 quod
474 1666 544 1720 ab
601 1678 717 1720 uno.
760 1664 1029 1733 impudico
1071 1664 1402 1720 violarentur
1424 1665 1605 1720 omnia
1629 1664 1757 1735 jura
1786 1674 1867 1721 to-

1957 586 2101 655 quod
2129 601 2226 655 pro
2247 595 2400 641 certo
2420 585 2536 654 jam
2565 587 2657 656 qui
2680 586 2883 642 conscii
2911 596 3069 642 erant
3107 586 3267 657 hujus
3305 585 3521 646 consilii

1957 673 2088 728 talia
2117 672 2478 739 mandassent,
2508 674 2826 730 retulerunt.
2850 674 3004 731 Tunc
3024 691 3129 730 uua
3158 691 3279 731 cum
3303 680 3531 737 summis

1956 762 2265 819 consulibus
2292 771 2349 818 et
2372 765 2603 820 sanctis.
2630 764 2947 833 quibusdam
3004 766 3290 838 episcopis,
3321 783 3532 825 necnon

1956 862 2013 911 et
2043 868 2164 909 cum
2204 855 2429 910 summis
2457 853 2779 910 ofﬁcialibus
2806 854 2993 925 palatii
3021 857 3184 927 coepit
3215 859 3536 927 qureret-ein

1958 946 2064 1001 ﬁde
2091 945 2312 1013 Christi,
2341 961 2410 1001 ne
2428 947 2555 1002 talia
2586 946 2977 1015 perﬁcerentur
3017 947 3085 1002 ad
3114 950 3523 1013 subversionem

1958 1036 2123 1091 totius
2176 1036 2417 1105 imperii,
2466 1036 2594 1105 quid
2643 1049 2802 1106 agere
2838 1036 3130 1091 debuisset.
3160 1036 3312 1092 Tunc
3339 1053 3528 1094 omnes

1954 1139 2064 1207 una
2094 1138 2244 1190 voce,
2273 1123 2463 1179 flentes
2492 1132 2547 1178 et
2570 1123 2852 1195 ejulantes,
2889 1124 3070 1194 magni
3090 1132 3146 1179 et
3174 1125 3391 1191 summi,
3411 1141 3536 1180 eum

1959 1215 2211 1272 omnibus
2235 1217 2326 1285 qui
2355 1215 2579 1270 aderant
2614 1216 2784 1271 servis
2815 1216 2930 1280 Dei,
2968 1224 3286 1272 constanter
3310 1215 3330 1288 [
3356 1215 3539 1286 supple

1923 1315 1929 1321 '
1961 1306 2268 1379 dixerunt],
2294 1308 2437 1377 quod
2461 1322 2566 1361 non
2606 1315 2751 1362 esset
2790 1306 2901 1361 Deo
2936 1305 3108 1362 ﬁdelis
3135 1304 3191 1362 et
3213 1315 3415 1362 sanctae
3458 1306 3543 1376 ip-

1962 1398 2074 1453 sius
2100 1398 2375 1465 Ecclesiw,
2400 1399 2492 1469 qui
2525 1398 2577 1452 in
2592 1397 2798 1475 talibus
2826 1397 3114 1453 subvenire
3164 1404 3349 1467 posset
3390 1397 3541 1467 peri-
3615 1408 3630 1430 ο

1962 1490 2119 1557 culis,
2148 1506 2249 1546 nec
2275 1490 2510 1555 fecisset.
2542 1490 2617 1545 Ita
2648 1490 2914 1560 siquidem
2937 1489 3144 1545 .multis
3201 1487 3544 1545 exhortanti-

1961 1579 2085 1644 bus,
2116 1589 2337 1651 accepto
2362 1579 2610 1645 consilio,
2640 1595 2746 1634 uua
2775 1595 2895 1634 cum
2910 1578 3249 1634 electissimis
3276 1585 3332 1633 et
3352 1577 3539 1633 claris-

1964 1674 2119 1729 simis
2146 1674 2277 1730 viris
2304 1674 2449 1729 misit
2474 1689 2532 1729 se
2560 1689 2657 1743 pro
2684 1673 2787 1727 ﬁde
2810 1672 3032 1735 Christi,
3056 1686 3155 1741 pro
3191 1678 3332 1726 statu
3368 1670 3544 1739 impe—

290 1757 397 1812 tius
425 1754 663 1825 imperii,
678 1754 1007 1825 pellerentur
1031 1755 1219 1825 optimi
1249 1756 1467 1825 quique,
1498 1762 1553 1811 et
1594 1756 1866 1826 opprime-
1967 1764 2056 1829 τῇ,
2076 1778 2176 1834 pro
2204 1779 2337 1835 pace
2360 1764 2742 1828 Ecclesiarum,
2768 1778 2866 1834 pro
2888 1778 3072 1818 amore
3100 1761 3244 1834 regis
3276 1769 3332 1817 et
3360 1762 3539 1832 regni,

291 1853 482 1901 rentur
507 1845 707 1915 ubique
729 1842 901 1900 fortes
924 1854 978 1901 et
1005 1843 1292 1901 clarissimi
1315 1843 1436 1911 viri,
1461 1860 1568 1900 non
1594 1843 1735 1900 illius
1758 1843 1865 1898 vir-
1891 1839 1939 1899 B
1965 1868 2066 1924 pro
2088 1853 2262 1910 salute
2288 1854 2519 1910 ﬁliorum
2549 1854 2687 1925 eius,
2707 1852 2823 1909 zelo
2846 1852 2945 1908 Dei
2962 1867 3276 1917 succensus,
3294 1867 3371 1907 ne
3388 1851 3544 1907 fmus

291 1942 407 1989 tute
428 1932 877 2003 constupratoris,
901 1933 997 1988 scd
1037 1932 1159 1989 dolo
1184 1941 1239 1988 et
1262 1931 1449 1989 fraude
1494 1932 1745 2004 pessima:
1771 1932 1862 1988 de-

290 2023 574 2093 eeptionis.
609 2021 870 2077 Nuntiant
891 2031 1070 2077 autem
1100 2022 1292 2092 singuli
1311 2023 1492 2093 pejora
1516 2023 1785 2093 pessimis,
1809 2030 1869 2081 et

291 2116 482 2170 omnes
534 2112 811 2170 confluunt
853 2114 981 2170 hinc
1018 2114 1142 2169 inde
1169 2114 1237 2169 ad
1267 2114 1658 2181 Arsenium,.et
1683 2114 1864 2184 requi-

293 2212 420 2261 runt
445 2204 599 2274 quasi
638 2206 703 2260 de
734 2204 880 2260 fonte
903 2204 1208 2260 consilium.
1262 2203 1353 2260 Ille
1406 2213 1585 2261 autem
1629 2218 1866 2260 moerens

292 2309 358 2369 ac
383 2294 590 2365 lugens,
620 2302 762 2349 totus
787 2295 966 2349 animo
990 2294 1259 2364 pendebat
1280 2294 1344 2349 ad
1368 2294 1535 2350 Deum
1558 2303 1864 2366 suspectus,

292 2385 340 2440 si
391 2383 529 2440 forte
563 2385 704 2440 Deus
755 2385 809 2439 in
855 2380 1049 2440 talibus
1085 2385 1195 2441 suis
1241 2386 1553 2441 subveniret
1595 2386 1867 2457 periculis.

294 2475 552 2532 Hertatur
592 2490 783 2531 omnes
828 2476 1157 2548 singillatim,
1186 2482 1248 2529 ut.
1279 2477 1578 2532 sustineant
1600 2484 1655 2532 et
1684 2491 1874 2546 exspe-

295 2576 441 2638 etent
458 2568 550 2623 Dei
568 2567 853 2639 judicium.
882 2568 1086 2623 Deinde
1108 2568 1303 2639 singuli
1337 2576 1396 2623 ut
1433 2568 1659 2625 redeant
1691 2568 1757 2624 ad
1778 2583 1874 2639 pa-

300 2657 519 2722 .atium,
537 2666 591 2712 et
612 2658 866 2723 videant,
884 2665 949 2713 et
970 2657 1288 2729 intelligant,
1333 2660 1695 2729 persuadeant
1737 2674 1874 2729 quo—

308 2763 413 2817 que
434 2748 657 2802 meliora
686 2748 874 2804 salutis
900 2765 915 2814 ;
940 2757 1203 2805 conentur
1232 2750 1353 2804 nisu
1375 2765 1482 2820 quo
1508 2760 1750 2821 possunt,
1778 2751 1877 2806 ob-

298 2840 447 2895 viare
478 2839 670 2896 talibus
701 2841 969 2910 tantisque
1012 2840 1523 2910 perturbationibus.
1554 2840 1671 2908 Quo
1716 2842 1877 2909 facto,

299 2932 629 3002 repelluntur
649 2933 867 2998 summi,
898 2930 1221 3001 dejiciuntur
1280 2933 1465 2987 eximii
1495 2973 1510 2999 ,
1553 2933 1877 3004 colliguntur

1964 1944 2280 2015 praevaleret
2306 1943 2628 2010 adversarii,
2653 1951 2713 1999 ut
2736 1943 2970 2014 dignitas
3000 1949 3312 1998 servaretur
3325 1943 3542 2012 patriae,

1967 2035 2113 2092 salus
2140 2043 2382 2091 maneret
2411 2035 2637 2100 civibus,
2664 2033 2717 2089 in
2747 2046 2998 2104 magnum
3017 2032 3304 2088 discrimen
3330 2048 3346 2097 ;
3374 2041 3425 2087 et
3456 2046 3551 2086 sa-

1967 2114 2135 2183 lutem
2178 2142 2333 2182 suam
2359 2143 2458 2197 pro
2494 2125 2707 2196 justitia
2736 2134 2792 2181 et
2823 2124 2930 2179 ﬁde
2952 2123 3187 2179 devotus
3216 2122 3286 2178 ob
3308 2122 3551 2177 omnium

1968 2216 2276 2273 libertatem
2301 2217 2497 2271 obtulit
2522 2234 2537 2270 :
2565 2214 2804 2284 alioquin
2834 2214 2880 2268 si
2906 2213 3065 2267 vellet
3089 2212 3274 2268 favere
3307 2213 3361 2266 in
3388 2212 3559 2281 parti-

1971 2305 2093 2370 bus,
2124 2304 2395 2373 acceptior
2419 2310 2563 2359 esset
2591 2302 2866 2367 omnibus,
2890 2311 2945 2357 et
2974 2300 3345 2356 liouorabilior
3392 2300 3557 2354 babe-

1972 2382 2126 2449 rétur
2149 2392 2436 2448 universis.
2468 2391 2574 2447 Sed
2605 2392 2652 2447 is
2678 2405 2803 2446 cum
2828 2398 2971 2446 esset
2990 2388 3147 2444 fortis
3177 2390 3379 2450 animo,
3427 2404 3557 2442 san-

1974 2484 2162 2539 ctitate
2210 2482 2528 2552 praeclarus,
2571 2480 2782 2551 justitia
2831 2479 3078 2544 vestitus,
3115 2479 3220 2534 ﬁde
3272 2477 3557 2542 solidatas,

1976 2574 2243 2630 charitate
2271 2571 2551 2636 fundatus,
2576 2570 2837 2624 virtutum
2887 2569 3055 2624 armis
3093 2569 3330 2632 indutus,
3381 2567 3558 2637 magis

1978 2667 2139 2738 elegit
2165 2666 2324 2731 mori,
2359 2679 2521 2735 quam
2546 2662 2653 2718 tale
2681 2661 2888 2716 facinus
2910 2670 2963 2717 et
2990 2670 3099 2717 tam
3124 2659 3561 2717 crudelissimum

1979 2756 2249 2814 Sustinere
2272 2753 2471 2819 scelus,
2507 2752 2651 2824 quod
2675 2751 2925 2806 omnibus
2947 2758 3092 2806 esset
3114 2748 3183 2805 ad
3221 2750 3459 2814 ruinam,
3488 2748 3559 2803 ad

1981 2847 2363 2918 perditionem,
2387 2853 2442 2900 et
2466 2844 2533 2899 ad
2564 2843 2811 2909 exitium,
2841 2844 2885 2899 si
2930 2842 3317 2908 consentirent,
3344 2850 3565 2897 retenta:

1983 2934 2363 2989 damnationis.
2387 2933 2597 2988 Idcirco
2623 2930 2760 2986 nihil
2781 2931 2895 3002 jam
2925 2930 2991 2985 de
3028 2945 3087 2985 se
3135 2930 3328 2985 timere
3376 2929 3563 2998 cmpit,

300 3022 550 3094 improbi,
600 3024 937 3080 honorantur
1008 3023 1308 3089 vanissimi,
1349 3032 1405 3081 et
1470 3025 1884 3081 introducantur
1986 3036 2196 3083 tantum
2229 3038 2290 3082 ut
2310 3024 2613 3096 praevenire
2640 3022 2903 3094 potuisset
2931 3020 3397 3078 christianissimis
3419 3021 3568 3090 priu-

298 3114 533 3171 scelesti.
565 3115 718 3171 Tunc
745 3115 945 3185 itaque,
972 3114 1057 3170 his
1084 3116 1155 3170 ita
1206 3116 1521 3186 compertis,
1567 3117 1885 3173 renuntiant

1988 3117 2217 3189 cipibus,
2245 3114 2565 3188 praesulibus
2608 3111 2974 3169 Ecclesiarum
3005 3119 3062 3165 et
3088 3111 3235 3193 omni
3256 3108 3474 3178 populo,
3501 3124 3567 3163 ae

299 3203 528 3261 Arsenio
581 3204 719 3261 mala
760 3204 811 3258 in
839 3203 1052 3267 saeculo,
1084 3220 1203 3274 qum
1245 3221 1481 3275 unquam
1517 3205 1615 3262 vix
1635 3213 1881 3263 suntau-
1909 3196 1954 3260 C
1985 3209 2220 3267 liberare
2245 3223 2435 3266 omnes
2463 3208 2530 3263 de
2552 3214 2663 3262 tam
2692 3206 3031 3262 atrocissime
3061 3204 3253 3259 mortis
3272 3204 3515 3273 periculo
3550 3221 3571 3257 ξ

301 3291 433 3356 dita,
466 3299 525 3346 ut
554 3291 732 3346 intam
756 3291 990 3362 glorioso
1014 3293 1238 3363 imperio
1256 3293 1434 3349 subito
1463 3294 1545 3350 sic
1565 3295 1748 3350 omnia
1761 3293 1879 3350 fue-

302 3381 414 3436 rint
432 3390 757 3450 permutata.
786 3381 871 3435 Fit
912 3381 1170 3452 palatium
1224 3385 1603 3454 prostibulum,
1632 3386 1726 3441 ubi
1752 3400 1882 3441 maz-

300 3470 425 3527 chia
481 3469 808 3534 dominatur,
859 3480 913 3524 et
959 3471 1169 3525 adulter
1223 3482 1880 3543 regnat:coacervantur

300 3559 548 3625 crimina,
576 3558 923 3627 requiruntur
951 3559 1182 3616 nefanda
1211 3572 1265 3616 et
1289 3562 1543 3635 sortilega
1586 3565 1881 3622 maleﬁcio-

300 3666 420 3706 rum
476 3651 715 3707 omnium
768 3666 986 3722 genera,
1041 3664 1240 3723 quanta
1271 3670 1548 3725 nunquam
1578 3657 1783 3712 credidi
1825 3658 1878 3712 in

302 3741 511 3807 szeculo,
545 3742 876 3798 remansisse
902 3742 1080 3798 :_nihil
1133 3744 1201 3800 de
1250 3745 1517 3802 universis
1554 3749 1882 3817 praetermis-

303 3845 423 3886 sum
459 3824 631 3897 malis,
660 3833 943 3887 nuntiatur
971 3832 1169 3903 ubique
1197 3835 1466 3891 omnibus.
1490 3834 1876 3892 Verumtamen

303 3922 389 3977 vir
437 3922 616 3993 gravis
646 3931 701 3978 et
726 3930 937 3989 cautus,
962 3939 1063 3980 nec
1110 3926 1189 3981 sic
1218 3926 1488 3983 interdum
1543 3927 1881 3995 movebatur,

304 4010 407 4065 nisi
435 4011 501 4065 ad
529 4010 816 4082 lacrymas,
848 4010 1021 4066 donec
1045 4026 1236 4068 eorum
1268 4015 1590 4085 proderetur
1618 4014 1883 4083 factio,__et

302 4100 612 4155 ﬁrmaretur
655 4102 725 4157 ab
774 4097 929 4171 ipsis,
986 4104 1077 4174 qui
1107 4112 1265 4159 erant
1303 4105 1370 4160 de
1398 4114 1507 4160 tam
1548 4105 1884 4176 pravissimis

300 4189 541 4246 consiliis
572 4191 732 4261 plane
758 4196 985 4262 conscii,
1033 4194 1175 4265 quod
1220 4193 1395 4250 vellet
1433 4194 1573 4250 idem
1623 4202 1884 4265 tyrannus
1956 4227 1976 4242 ν

298 4280 594 4350 Augustum
625 4283 893 4352 perimere
921 4284 1061 4340 clam
1091 4284 1333 4359 quolibet
1372 4284 1730 4355 pacto,quasi
1785 4299 1884 4340 sua

300 4369 615 4429 inﬁrmitate
654 4375 835 4430 subito
874 4386 1121 4431 mortuus
1161 4375 1437 4431 videretur
1467 4392 1482 4429 :
1517 4375 1712 4431 deinde
1747 4373 1885 4429 ﬁlios

296 4457 439 4526 ejus,
466 4476 571 4518 una
596 4475 716 4518 cum
765 4464 987 4533 optimis
1017 4463 1168 4535 regni
1215 4462 1571 4533 principibus,
1603 4476 1882 4532 quoscun—

297 4562 406 4617 que
435 4548 557 4604 dolo
586 4551 736 4620 prius
764 4565 1142 4622 prmoceupare
1198 4550 1478 4621 potuisset.
1523 4548 1658 4604 Cum
1700 4543 1880 4603 autem
1913 4544 1960 4603 D

298 4638 417 4692 haec
450 4643 770 4696 nuntiantur
794 4658 826 4697 a
848 4640 1180 4713 gravissimis
1201 4648 1257 4694 et
1278 4640 1643 4696 veracissimis
1663 4640 1793 4705 viris
1808 4639 1887 4694 ita

295 4728 506 4801 absque
532 4732 695 4789 dubio
720 4749 870 4800 esse;
922 4734 1088 4789 nimio
1118 4745 1353 4789 maerore
1404 4730 1706 4803 perculsus,
1738 4732 1884 4787 misit

294 4817 500 4878 iterum
528 4838 717 4879 rursus
741 4833 904 4895 atque
935 4824 1129 4878 iterum
1157 4822 1379 4879 idoneas
1412 4829 1467 4876 et
1508 4829 1707 4876 sanctae
1755 4822 1882 4877 reli-

263 4899 476 5000 jgi‘onis
504 4926 785 4982 personas,
807 4921 865 4969 et
892 4912 1323 4983 probatissimas,
1373 4910 1586 4968 occulte
1611 4910 1703 4981 qui
1730 4910 1880 4967 veni-

297 5012 441 5068 rent,
465 5010 521 5058 et
539 5002 1021 5073 essenttantisper
1045 5002 1184 5077 infra
1223 5001 1483 5074 palatium
1532 5002 1673 5071 apud
1714 4999 1880 5071 quos-

294 5097 447 5161 dam,
479 5096 569 5169 qui
599 5104 755 5152 erant
779 5080 1229 5166 qualitercumque
1279 5095 1333 5149 in
1365 5094 1569 5151 eisdem
1595 5092 1874 5149 consiliis:

294 5201 580 5259 quousque
604 5186 732 5256 quid
758 5202 942 5242 verum
961 5194 1124 5251 esset,
1149 5185 1460 5258 diligentius
1472 5194 1880 5257 perserutarcn—

297 5288 407 5331 tur.
441 5278 541 5346 Qui
564 5293 691 5334 mox
718 5278 898 5333 omnia
947 5286 1008 5333 ut
1039 5277 1182 5333 dicta
1238 5284 1413 5342 erant,
1442 5291 1472 5330 a
1499 5281 1710 5332 secreto
1752 5291 1877 5331 vere

203 5408 214 5415 .
297 5377 632 5436 pertractata
654 5377 1053 5439 compererunt,
1079 5366 1314 5438 qualiter
1344 5376 1628 5439 tyrannus,
1658 5367 1875 5437 quando

370 5531 397 5559 ι
432 5519 570 5577 llinc
595 5522 701 5577 duo
724 5521 1023 5594 colligimus
1060 5519 1486 5594 unum,_Walam
1510 5529 1642 5594 ante
1686 5518 1876 5594 initam

292 5588 468 5645 vitam
493 5588 1229 5649 monasticam'matrimonio
1252 5591 1473 5661 ligatum
1501 5589 1876 5661 fuissepalte-

297 5675 443 5733 rum,
477 5676 698 5718 uxorem
726 5662 842 5733 ejus
889 5676 1133 5718 sororem
1164 5659 1329 5716 fuisse
1356 5660 1637 5733 Bernardi,
1670 5659 1876 5714 Willet-

296 5728 372 5783 ιιιί
392 5733 603 5788 comitis
634 5728 816 5801 ﬁliam,
848 5733 1254 5803 Helinbrugam,
1282 5747 1347 5786 an
1380 5730 1705 5802 Gerhergam
1729 5745 1876 5799 :qua:

1981 3299 2232 3370 quoniam
2271 3297 2522 3354 omnibus
2558 3295 2715 3352 bonis
2735 3310 2872 3350 unus
2894 3292 3207 3350 imminebat
3228 3293 3510 3347 interitus.

2623 3420 2956 3464 ADEODATUS.

2051 3502 2229 3560 Unum
2250 3502 2533 3559 debuimus
2560 3501 2839 3571 deplorare
2871 3518 2884 3554 :
2908 3500 3003 3555 sed
3031 3497 3186 3562 valde
3214 3498 3414 3554 diriora
3464 3512 3567 3553 nos

1982 3603 2179 3667 cogunt
2203 3609 2325 3665 qua:
2349 3593 2712 3664 contigerunt,
2737 3591 2865 3662 quia
2914 3591 3140 3646 nimium
3192 3591 3464 3646 amariora
3511 3601 3571 3645 et

1981 3685 2357 3741 crudelissima
2385 3693 2535 3750 sunt,
2584 3698 2746 3753 quam
2777 3697 2897 3753 qua:
2927 3681 3311 3752 proposuimus
3363 3682 3570 3736 lamen-
3629 3715 3632 3718 ~

1984 3776 2107 3831 tari.
2152 3774 2307 3833 Unde
2344 3783 2558 3845 oportet
2594 3789 2657 3830 ea
2681 3781 2932 3829 retexere
2994 3766 3296 3843 plangentis
3348 3772 3564 3828 affectu.

1982 3864 2167 3935 Neque
2190 3865 2336 3921 enim
2377 3864 2471 3920 ille
2494 3872 2606 3919 tam
2654 3862 2988 3935 plangendus
3017 3872 3121 3930 est,
3172 3878 3335 3934 quam
3365 3863 3569 3934 jugitcr

1984 3960 2448 4032 istadeploranda,
2465 3968 2527 4014 ut
2549 3958 2925 4013 avertaturira
2947 3958 3042 4013 Dei
3072 3973 3103 4012 a
3129 3958 3306 4013 nobis.
3331 3958 3563 4013 Verum-

1984 4061 2164 4108 tamen
2195 4053 2418 4121 sicvquae
2445 4049 2708 4115 dolemus,
2730 4048 2946 4105 ﬂetibus
2976 4048 3401 4104 commendanda
3417 4056 3567 4113 sunt,

1985 4159 2053 4199 ne
2074 4143 2164 4198 hic
2188 4141 2515 4197 noster‘ullis
2542 4139 2849 4197 involvatur
2869 4139 3306 4195 adversariorum
3327 4137 3568 4194 crimini-

1984 4235 2085 4290 bus
2112 4252 2125 4288 :
2149 4234 2250 4290 etsi
2272 4234 2519 4305 singulis,
2552 4233 2797 4304 quamvis
2829 4232 3057 4289 facultas
3078 4242 3224 4290 esset
3246 4233 3560 4303 perorandi.

1986 4323 2317 4395 respondere
2362 4324 2650 4394 nequimus
2696 4338 2817 4393 quae
2841 4322 3098 4378 dicuntur
3123 4323 3192 4377 ad
3226 4322 3457 4395 singula.
3489 4325 3573 4377 lil-

1984 4415 2133 4470 circo
2152 4423 2399 4485 petamus
2421 4415 2600 4484 potius
2623 4414 2841 4483 pietatis
2865 4411 3116 4483 gratiam,
3165 4429 3326 4482 quam
3356 4414 3573 4484 ingera-

1986 4519 2108 4559 mus
2178 4504 2447 4559 interdum
2508 4502 2988 4572 reprehensionum
3038 4503 3288 4573 querelas
3330 4503 3571 4559 :oll’era-

1986 4609 2103 4648 mus
2130 4594 2550 4662 praecordiorum
2595 4602 2904 4649 nostrorum
2953 4593 3190 4661 dolores,
3222 4610 3384 4666 quam
3415 4596 3568 4669 inge-

1984 4685 2059 4739 nii
2100 4684 2383 4740 nostriad
2438 4682 2814 4739 defensionem
2857 4683 2972 4754 ejus
3036 4686 3311 4756 suscipere
3362 4696 3565 4757 partes.

1986 4780 2186 4835 Deinde
2212 4780 2258 4835 si
2277 4778 2457 4834 acrius
2481 4778 2678 4849 aliquid
2712 4788 3022 4835 constanter
3041 4781 3328 4851 egerimus,
3383 4789 3476 4835 aut
3504 4781 3568 4834 li-

1982 4872 2164 4929 berius
2185 4886 2348 4942 quam
2397 4870 2677 4936 debemus,
2725 4880 2778 4927 et
2819 4872 2923 4943 ipsi
2962 4873 3170 4937 vetat;
3212 4874 3566 4929 obsecramus

1984 4971 2191 5018 tantum
2214 4960 2499 5032 imperitiae
2516 4960 2603 5016 vel
2617 4961 3047 5030 intemperantize
3071 4961 3370 5032 ignoscant,
3388 4978 3560 5031 quan-
3584 4970 3587 4975 ‘

1984 5061 2095 5106 tum
2140 5052 2230 5123 pio
2278 5052 2449 5109 dolori
2495 5052 2580 5108 vel
2621 5052 2846 5123 justitia:
2905 5053 3302 5107 concedendum
3347 5062 3560 5122 putant.

1982 5142 2222 5212 Namque
2244 5141 2428 5197 nullue
2450 5141 2622 5210 major
2648 5157 2770 5197 esse
2817 5149 2995 5211 potest
3029 5142 3201 5207 dolor,
3252 5158 3413 5212 quam
3470 5142 3565 5197 llic

1980 5240 2182 5297 noster,
2210 5232 2263 5287 in
2296 5247 2402 5302 quo
2430 5240 2608 5287 tantus
2639 5231 2797 5286 Pater
2827 5232 2881 5285 in
2905 5232 3085 5288 subito
3102 5231 3345 5288 sublatus
3373 5232 3560 5302 deplo~

1978 5332 2150 5389 ratur,
2177 5323 2484 5392 tantisquca
2512 5321 2666 5376 malis
2686 5322 3013 5376 dilaceratur
3032 5321 3273 5399 infamiis
3305 5330 3361 5379 et
3390 5321 3559 5388 odiis,

1987 5414 2078 5484 qui
2105 5413 2273 5469 multo
2294 5412 2489 5484 dignus
2512 5411 2691 5467 fuerat
2716 5427 2921 5477 amore,
2962 5413 3200 5483 quotidie
3244 5413 3561 5483 et'insequi-

1979 5526 2254 5608 _Gerberga
2280 5533 2466 5608 postea
2491 5504 2923 5608 sanctimonialis
2949 5526 3110 5608 facta,
3132 5525 3393 5608 .Cabilonc
3419 5526 3571 5608 dolio.

1980 5592 2298 5653 inclusafin’
2330 5592 2680 5666 profluentem
2710 5597 2923 5650 Ararim
2950 5595 3102 5665 jussu
3132 5595 3395 5666 Lotharii,
3444 5604 3539 5652 tan

1978 5682 2138 5737 quam
2162 5664 2417 5731 veneﬁca,
2446 5664 2680 5734 projecta
2719 5675 2821 5731 est,
2857 5675 2991 5721 teste
3034 5666 3159 5734 The,
3182 5681 3311 5723 suo.
