  <div class='ocr_page' id='page_1' title='image "/cluster/home/n/w/nwhite01/storage/ocr_20150623/120/hvd.32044015466923/815.png"; bbox 0 0 4122 6324; ppageno 0'>
   <div class='ocr_carea' id='block_1_1' title="bbox 567 424 705 486">
    <p class='ocr_par' dir='ltr' id='par_1_1' title="bbox 567 424 705 486">
     <span class='ocr_line' id='line_1_1' title="bbox 567 424 705 486; baseline 0 0"><span class='ocrx_word' id='word_1_1' title='bbox 567 424 705 486; x_wconf 71' lang='grc'><strong>1619</strong></span> 
     </span>
    </p>
   </div>
   <div class='ocr_carea' id='block_1_2' title="bbox 1347 415 2985 476">
    <p class='ocr_par' dir='ltr' id='par_1_2' title="bbox 1347 415 2985 476">
     <span class='ocr_line' id='line_1_2' title="bbox 1347 415 2985 476; baseline -0.004 0"><span class='ocrx_word' id='word_1_2' title='bbox 1347 421 1405 476; x_wconf 88' lang='lat' dir='ltr'><strong>S.</strong></span> <span class='ocrx_word' id='word_1_3' title='bbox 1444 418 1796 475; x_wconf 66' lang='lat' dir='ltr'><strong>PASCIIASII</strong></span> <span class='ocrx_word' id='word_1_4' title='bbox 1834 418 2180 473; x_wconf 75' lang='lat' dir='ltr'><strong>RADBERTI</strong></span> <span class='ocrx_word' id='word_1_5' title='bbox 2213 418 2504 474; x_wconf 77' lang='lat' dir='ltr'><strong>ABBA&#39;I&#39;lS</strong></span> <span class='ocrx_word' id='word_1_6' title='bbox 2540 415 2985 474; x_wconf 76' lang='lat' dir='ltr'><strong>CORBEIENSlS</strong></span> 
     </span>
    </p>
   </div>
   <div class='ocr_carea' id='block_1_3' title="bbox 3691 411 3835 467">
    <p class='ocr_par' dir='ltr' id='par_1_3' title="bbox 3691 411 3835 467">
     <span class='ocr_line' id='line_1_3' title="bbox 3691 411 3835 467; baseline -0.021 0"><span class='ocrx_word' id='word_1_7' title='bbox 3691 415 3716 467; x_wconf 76' lang='grc'><strong>1</strong></span> <span class='ocrx_word' id='word_1_8' title='bbox 3726 411 3835 466; x_wconf 70' lang='lat'><strong>620</strong></span> 
     </span>
    </p>
   </div>
   <div class='ocr_carea' id='block_1_4' title="bbox 563 522 3834 603">
    <p class='ocr_par' dir='ltr' id='par_1_4' title="bbox 563 522 3834 603">
     <span class='ocr_line' id='line_1_4' title="bbox 563 522 3834 603; baseline -0.002 -12"><span class='ocrx_word' id='word_1_9' title='bbox 563 545 668 591; x_wconf 86' lang='lat' dir='ltr'><strong>tur.</strong></span> <span class='ocrx_word' id='word_1_10' title='bbox 692 534 751 590; x_wconf 79' lang='lat' dir='ltr'><strong>In</strong></span> <span class='ocrx_word' id='word_1_11' title='bbox 777 548 884 603; x_wconf 89' lang='lat' dir='ltr'><strong>quo</strong></span> <span class='ocrx_word' id='word_1_12' title='bbox 908 540 963 587; x_wconf 92' lang='lat' dir='ltr'><strong>et</strong></span> <span class='ocrx_word' id='word_1_13' title='bbox 982 546 1104 586; x_wconf 91' lang='lat' dir='ltr'><strong>cum</strong></span> <span class='ocrx_word' id='word_1_14' title='bbox 1131 544 1238 599; x_wconf 92' lang='lat' dir='ltr'><strong>quo</strong></span> <span class='ocrx_word' id='word_1_15' title='bbox 1256 529 1525 584; x_wconf 77' lang='lat' dir='ltr'><strong>excidium</strong></span> <span class='ocrx_word' id='word_1_16' title='bbox 1550 529 1755 599; x_wconf 84' lang='lat' dir='ltr'><strong>patriae,</strong></span> <span class='ocrx_word' id='word_1_17' title='bbox 1780 529 2142 584; x_wconf 83' lang='lat' dir='ltr'><strong>Ecclesiarum</strong></span> <span class='ocrx_word' id='word_1_18' title='bbox 2170 522 2222 590; x_wconf 76' lang='grc' dir='ltr'>Α</span> <span class='ocrx_word' id='word_1_19' title='bbox 2247 532 2620 601; x_wconf 75' lang='lat' dir='ltr'><strong>promovisset,</strong></span> <span class='ocrx_word' id='word_1_20' title='bbox 2644 540 2699 586; x_wconf 88' lang='lat' dir='ltr'><strong>et</strong></span> <span class='ocrx_word' id='word_1_21' title='bbox 2727 532 2828 586; x_wconf 94' lang='lat' dir='ltr'><strong>iret</strong></span> <span class='ocrx_word' id='word_1_22' title='bbox 2879 531 3124 585; x_wconf 88' lang='lat' dir='ltr'><strong>nesciens</strong></span> <span class='ocrx_word' id='word_1_23' title='bbox 3156 530 3222 584; x_wconf 88' lang='lat' dir='ltr'><strong>ad</strong></span> <span class='ocrx_word' id='word_1_24' title='bbox 3259 538 3509 595; x_wconf 88' lang='lat' dir='ltr'><strong>mortem,</strong></span> <span class='ocrx_word' id='word_1_25' title='bbox 3548 528 3695 585; x_wconf 86' lang='lat' dir='ltr'><strong>facta</strong></span> <span class='ocrx_word' id='word_1_26' title='bbox 3742 541 3834 587; x_wconf 86' lang='lat' dir='ltr'><strong>est</strong></span> 
     </span>
    </p>
   </div>
   <div class='ocr_carea' id='block_1_5' title="bbox 566 617 2146 688">
    <p class='ocr_par' dir='ltr' id='par_1_5' title="bbox 566 617 2146 688">
     <span class='ocr_line' id='line_1_5' title="bbox 566 617 2146 688; baseline -0.006 -8"><span class='ocrx_word' id='word_1_27' title='bbox 566 622 898 688; x_wconf 86' lang='lat' dir='ltr'><strong>eversiones,</strong></span> <span class='ocrx_word' id='word_1_28' title='bbox 925 618 1262 675; x_wconf 85' lang='lat' dir='ltr'><strong>calamitates</strong></span> <span class='ocrx_word' id='word_1_29' title='bbox 1280 632 1600 687; x_wconf 82' lang='lat' dir='ltr'><strong>pauperum,</strong></span> <span class='ocrx_word' id='word_1_30' title='bbox 1650 617 1876 672; x_wconf 87' lang='lat' dir='ltr'><strong>divitum</strong></span> <span class='ocrx_word' id='word_1_31' title='bbox 1923 631 2146 687; x_wconf 88' lang='lat' dir='ltr'><strong>oppres-</strong></span> 
     </span>
    </p>
   </div>
   <div class='ocr_carea' id='block_1_6' title="bbox 565 706 2145 777">
    <p class='ocr_par' dir='ltr' id='par_1_6' title="bbox 565 706 2145 777">
     <span class='ocr_line' id='line_1_6' title="bbox 565 706 2145 777; baseline -0.006 -6"><span class='ocrx_word' id='word_1_32' title='bbox 565 717 767 777; x_wconf 64' lang='lat' dir='ltr'><strong>siones,</strong></span> <span class='ocrx_word' id='word_1_33' title='bbox 818 711 1171 768; x_wconf 87' lang='lat' dir='ltr'><strong>barbarorum</strong></span> <span class='ocrx_word' id='word_1_34' title='bbox 1201 708 1558 772; x_wconf 82' lang='lat' dir='ltr'><strong>incursiones,</strong></span> <span class='ocrx_word' id='word_1_35' title='bbox 1579 708 1756 762; x_wconf 69' lang='lat' dir='ltr'><strong>caedes</strong></span> <span class='ocrx_word' id='word_1_36' title='bbox 1782 707 1946 777; x_wconf 88' lang='lat' dir='ltr'><strong>vulgi,</strong></span> <span class='ocrx_word' id='word_1_37' title='bbox 2005 706 2145 761; x_wconf 87' lang='lat' dir='ltr'><strong>bella</strong></span> 
     </span>
    </p>
   </div>
   <div class='ocr_carea' id='block_1_7' title="bbox 572 787 2147 872">
    <p class='ocr_par' dir='ltr' id='par_1_7' title="bbox 572 787 2147 872">
     <span class='ocr_line' id='line_1_7' title="bbox 572 787 2147 872; baseline -0.006 -13"><span class='ocrx_word' id='word_1_38' title='bbox 572 787 1026 872; x_wconf 69' lang='lat' dir='ltr'><strong>superbientium,</strong></span> <span class='ocrx_word' id='word_1_39' title='bbox 1057 798 1282 854; x_wconf 83' lang='lat' dir='ltr'><strong>insidias</strong></span> <span class='ocrx_word' id='word_1_40' title='bbox 1308 797 1786 861; x_wconf 79' lang='lat' dir='ltr'><strong>univcrsorum,’et</strong></span> <span class='ocrx_word' id='word_1_41' title='bbox 1814 796 1980 866; x_wconf 87' lang='lat' dir='ltr'><strong>(quod</strong></span> <span class='ocrx_word' id='word_1_42' title='bbox 2001 806 2147 850; x_wconf 86' lang='lat' dir='ltr'><strong>atro-</strong></span> 
     </span>
    </p>
   </div>
   <div class='ocr_carea' id='block_1_8' title="bbox 571 888 2149 964">
    <p class='ocr_par' dir='ltr' id='par_1_8' title="bbox 571 888 2149 964">
     <span class='ocr_line' id='line_1_8' title="bbox 571 888 2149 964; baseline -0.004 -15"><span class='ocrx_word' id='word_1_43' title='bbox 571 892 872 964; x_wconf 87' lang='lat' dir='ltr'><strong>cissimum)</strong></span> <span class='ocrx_word' id='word_1_44' title='bbox 929 891 1261 962; x_wconf 88' lang='lat' dir='ltr'><strong>perditiones</strong></span> <span class='ocrx_word' id='word_1_45' title='bbox 1310 891 1612 945; x_wconf 86' lang='lat' dir='ltr'><strong>animarum</strong></span> <span class='ocrx_word' id='word_1_46' title='bbox 1652 889 1811 945; x_wconf 88' lang='lat' dir='ltr'><strong>simul</strong></span> <span class='ocrx_word' id='word_1_47' title='bbox 1840 888 2149 943; x_wconf 82' lang='lat' dir='ltr'><strong>immaniter</strong></span> 
     </span>
    </p>
   </div>
   <div class='ocr_carea' id='block_1_9' title="bbox 569 978 2144 1053">
    <p class='ocr_par' dir='ltr' id='par_1_9' title="bbox 569 978 2144 1053">
     <span class='ocr_line' id='line_1_9' title="bbox 569 978 2144 1053; baseline -0.006 -13"><span class='ocrx_word' id='word_1_48' title='bbox 569 981 1101 1053; x_wconf 85' lang='lat' dir='ltr'><strong>deploramus:quia</strong></span> <span class='ocrx_word' id='word_1_49' title='bbox 1123 980 1214 1035; x_wconf 91' lang='lat' dir='ltr'><strong>illo</strong></span> <span class='ocrx_word' id='word_1_50' title='bbox 1258 991 1457 1050; x_wconf 85' lang='lat' dir='ltr'><strong>spreto,</strong></span> <span class='ocrx_word' id='word_1_51' title='bbox 1483 995 1606 1034; x_wconf 89' lang='lat' dir='ltr'><strong>cum</strong></span> <span class='ocrx_word' id='word_1_52' title='bbox 1653 994 1760 1034; x_wconf 93' lang='lat' dir='ltr'><strong>non</strong></span> <span class='ocrx_word' id='word_1_53' title='bbox 1808 987 1892 1033; x_wconf 88' lang='lat' dir='ltr'><strong>est</strong></span> <span class='ocrx_word' id='word_1_54' title='bbox 1913 978 2144 1042; x_wconf 87' lang='lat' dir='ltr'><strong>auditus,</strong></span> 
     </span>
    </p>
   </div>
   <div class='ocr_carea' id='block_1_10' title="bbox 568 1070 2148 1142">
    <p class='ocr_par' dir='ltr' id='par_1_10' title="bbox 568 1070 2148 1142">
     <span class='ocr_line' id='line_1_10' title="bbox 568 1070 2148 1142; baseline -0.006 -11"><span class='ocrx_word' id='word_1_55' title='bbox 568 1076 688 1131; x_wconf 61' lang='lat' dir='ltr'><strong>haec</strong></span> <span class='ocrx_word' id='word_1_56' title='bbox 734 1074 916 1130; x_wconf 86' lang='lat' dir='ltr'><strong>omnia</strong></span> <span class='ocrx_word' id='word_1_57' title='bbox 959 1073 1319 1142; x_wconf 84' lang='lat' dir='ltr'><strong>contigerunt.</strong></span> <span class='ocrx_word' id='word_1_58' title='bbox 1378 1071 1715 1140; x_wconf 80' lang='lat' dir='ltr'><strong>Quapropter</strong></span> <span class='ocrx_word' id='word_1_59' title='bbox 1742 1083 1893 1140; x_wconf 80' lang='lat' dir='ltr'><strong>rogo,</strong></span> <span class='ocrx_word' id='word_1_60' title='bbox 1918 1084 1986 1123; x_wconf 91' lang='lat' dir='ltr'><strong>ne</strong></span> <span class='ocrx_word' id='word_1_61' title='bbox 2014 1070 2148 1123; x_wconf 84' lang='lat' dir='ltr'><strong>deﬁ-</strong></span> 
     </span>
    </p>
   </div>
   <div class='ocr_carea' id='block_1_11' title="bbox 570 1160 2146 1232">
    <p class='ocr_par' dir='ltr' id='par_1_11' title="bbox 570 1160 2146 1232">
     <span class='ocr_line' id='line_1_11' title="bbox 570 1160 2146 1232; baseline -0.006 -9"><span class='ocrx_word' id='word_1_62' title='bbox 570 1168 707 1232; x_wconf 88' lang='lat' dir='ltr'><strong>cias,</strong></span> <span class='ocrx_word' id='word_1_63' title='bbox 737 1167 900 1223; x_wconf 87' lang='lat' dir='ltr'><strong>etiam</strong></span> <span class='ocrx_word' id='word_1_64' title='bbox 919 1166 1083 1221; x_wconf 85' lang='lat' dir='ltr'><strong>minis</strong></span> <span class='ocrx_word' id='word_1_65' title='bbox 1104 1165 1422 1225; x_wconf 89' lang='lat' dir='ltr'><strong>insectatus,</strong></span> <span class='ocrx_word' id='word_1_66' title='bbox 1446 1171 1500 1217; x_wconf 89' lang='lat' dir='ltr'><strong>et</strong></span> <span class='ocrx_word' id='word_1_67' title='bbox 1524 1161 1871 1231; x_wconf 87' lang='lat' dir='ltr'><strong>btasphemiis</strong></span> <span class='ocrx_word' id='word_1_68' title='bbox 1921 1160 2146 1215; x_wconf 83' lang='lat' dir='ltr'><strong>lacessi-</strong></span> 
     </span>
    </p>
   </div>
   <div class='ocr_carea' id='block_1_12' title="bbox 570 1252 2147 1323">
    <p class='ocr_par' dir='ltr' id='par_1_12' title="bbox 570 1252 2147 1323">
     <span class='ocr_line' id='line_1_12' title="bbox 570 1252 2147 1323; baseline -0.004 -12"><span class='ocrx_word' id='word_1_69' title='bbox 570 1264 681 1313; x_wconf 96' lang='lat' dir='ltr'><strong>tus.</strong></span> <span class='ocrx_word' id='word_1_70' title='bbox 707 1255 776 1313; x_wconf 85' lang='lat' dir='ltr'><strong>Et</strong></span> <span class='ocrx_word' id='word_1_71' title='bbox 824 1270 893 1311; x_wconf 90' lang='lat' dir='ltr'><strong>ne</strong></span> <span class='ocrx_word' id='word_1_72' title='bbox 934 1254 1078 1311; x_wconf 86' lang='lat' dir='ltr'><strong>dicat</strong></span> <span class='ocrx_word' id='word_1_73' title='bbox 1106 1253 1318 1322; x_wconf 84' lang='lat' dir='ltr'><strong>aliquis,</strong></span> <span class='ocrx_word' id='word_1_74' title='bbox 1350 1253 1403 1307; x_wconf 93' lang='lat' dir='ltr'><strong>in</strong></span> <span class='ocrx_word' id='word_1_75' title='bbox 1451 1253 1655 1308; x_wconf 84' lang='lat' dir='ltr'><strong>threnis</strong></span> <span class='ocrx_word' id='word_1_76' title='bbox 1691 1252 1832 1323; x_wconf 89' lang='lat' dir='ltr'><strong>quod</strong></span> <span class='ocrx_word' id='word_1_77' title='bbox 1865 1252 1992 1305; x_wconf 91' lang='lat' dir='ltr'><strong>talia</strong></span> <span class='ocrx_word' id='word_1_78' title='bbox 2041 1266 2147 1305; x_wconf 93' lang='lat' dir='ltr'><strong>non</strong></span> 
     </span>
    </p>
   </div>
   <div class='ocr_carea' id='block_1_13' title="bbox 572 1344 2148 1414">
    <p class='ocr_par' dir='ltr' id='par_1_13' title="bbox 572 1344 2148 1414">
     <span class='ocr_line' id='line_1_13' title="bbox 572 1344 2148 1414; baseline -0.003 -11"><span class='ocrx_word' id='word_1_79' title='bbox 572 1348 686 1403; x_wconf 89' lang='lat' dir='ltr'><strong>sint</strong></span> <span class='ocrx_word' id='word_1_80' title='bbox 749 1346 1117 1403; x_wconf 81' lang='lat' dir='ltr'><strong>coacervanda</strong></span> <span class='ocrx_word' id='word_1_81' title='bbox 1181 1360 1355 1413; x_wconf 91' lang='lat' dir='ltr'><strong>neque</strong></span> <span class='ocrx_word' id='word_1_82' title='bbox 1413 1344 1716 1414; x_wconf 87' lang='lat' dir='ltr'><strong>replicanda</strong></span> <span class='ocrx_word' id='word_1_83' title='bbox 1752 1362 1765 1398; x_wconf 90' lang='lat'><strong>:</strong></span> <span class='ocrx_word' id='word_1_84' title='bbox 1800 1344 1937 1398; x_wconf 84' lang='lat' dir='ltr'><strong>sciat</strong></span> <span class='ocrx_word' id='word_1_85' title='bbox 2006 1344 2148 1412; x_wconf 91' lang='lat' dir='ltr'><strong>quod</strong></span> 
     </span>
    </p>
   </div>
   <div class='ocr_carea' id='block_1_14' title="bbox 575 1434 2149 1507">
    <p class='ocr_par' dir='ltr' id='par_1_14' title="bbox 575 1434 2149 1507">
     <span class='ocr_line' id='line_1_14' title="bbox 575 1434 2149 1507; baseline -0.003 -15"><span class='ocrx_word' id='word_1_86' title='bbox 575 1438 723 1494; x_wconf 89' lang='lat' dir='ltr'><strong>nullo</strong></span> <span class='ocrx_word' id='word_1_87' title='bbox 746 1439 800 1492; x_wconf 91' lang='lat' dir='ltr'><strong>in</strong></span> <span class='ocrx_word' id='word_1_88' title='bbox 847 1438 963 1492; x_wconf 92' lang='lat' dir='ltr'><strong>loco</strong></span> <span class='ocrx_word' id='word_1_89' title='bbox 987 1434 1241 1507; x_wconf 89' lang='lat' dir='ltr'><strong>amplius,</strong></span> <span class='ocrx_word' id='word_1_90' title='bbox 1269 1435 1503 1489; x_wconf 82' lang='lat' dir='ltr'><strong>maxime</strong></span> <span class='ocrx_word' id='word_1_91' title='bbox 1528 1435 1744 1505; x_wconf 87' lang='lat' dir='ltr'><strong>quando</strong></span> <span class='ocrx_word' id='word_1_92' title='bbox 1796 1434 1922 1489; x_wconf 90' lang='lat' dir='ltr'><strong>talia</strong></span> <span class='ocrx_word' id='word_1_93' title='bbox 1959 1435 2149 1488; x_wconf 86' lang='lat' dir='ltr'><strong>crebe-</strong></span> 
     </span>
    </p>
   </div>
   <div class='ocr_carea' id='block_1_15' title="bbox 574 1524 2149 1598">
    <p class='ocr_par' dir='ltr' id='par_1_15' title="bbox 574 1524 2149 1598">
     <span class='ocr_line' id='line_1_15' title="bbox 574 1524 2149 1598; baseline -0.001 -17"><span class='ocrx_word' id='word_1_94' title='bbox 574 1538 732 1582; x_wconf 89' lang='lat' dir='ltr'><strong>scunt</strong></span> <span class='ocrx_word' id='word_1_95' title='bbox 751 1526 912 1590; x_wconf 85' lang='lat' dir='ltr'><strong>mala,</strong></span> <span class='ocrx_word' id='word_1_96' title='bbox 940 1526 1155 1595; x_wconf 80' lang='lat' dir='ltr'><strong>quando</strong></span> <span class='ocrx_word' id='word_1_97' title='bbox 1186 1525 1384 1578; x_wconf 86' lang='lat' dir='ltr'><strong>veritas</strong></span> <span class='ocrx_word' id='word_1_98' title='bbox 1414 1526 1714 1579; x_wconf 83' lang='lat' dir='ltr'><strong>insectatur</strong></span> <span class='ocrx_word' id='word_1_99' title='bbox 1732 1526 1892 1590; x_wconf 89' lang='lat' dir='ltr'><strong>odiis,</strong></span> <span class='ocrx_word' id='word_1_100' title='bbox 1934 1524 2149 1598; x_wconf 81' lang='lat' dir='ltr'><strong>quando</strong></span> 
     </span>
    </p>
   </div>
   <div class='ocr_carea' id='block_1_16' title="bbox 568 1614 2148 1686">
    <p class='ocr_par' dir='ltr' id='par_1_16' title="bbox 568 1614 2148 1686">
     <span class='ocr_line' id='line_1_16' title="bbox 568 1614 2148 1686; baseline -0.001 -16"><span class='ocrx_word' id='word_1_101' title='bbox 568 1616 778 1686; x_wconf 72' lang='lat' dir='ltr'><strong>iustitia</strong></span> <span class='ocrx_word' id='word_1_102' title='bbox 813 1615 1128 1671; x_wconf 84' lang='lat' dir='ltr'><strong>debellatur.</strong></span> <span class='ocrx_word' id='word_1_103' title='bbox 1185 1614 1276 1669; x_wconf 89' lang='lat' dir='ltr'><strong>Sic</strong></span> <span class='ocrx_word' id='word_1_104' title='bbox 1346 1617 1528 1683; x_wconf 88' lang='lat' dir='ltr'><strong>itaque</strong></span> <span class='ocrx_word' id='word_1_105' title='bbox 1588 1615 1852 1671; x_wconf 76' lang='lat' dir='ltr'><strong>Jcremias</strong></span> <span class='ocrx_word' id='word_1_106' title='bbox 1892 1616 2148 1685; x_wconf 83' lang='lat' dir='ltr'><strong>propheta</strong></span> 
     </span>
    </p>
   </div>
   <div class='ocr_carea' id='block_1_17' title="bbox 574 1704 2151 1779">
    <p class='ocr_par' dir='ltr' id='par_1_17' title="bbox 574 1704 2151 1779">
     <span class='ocr_line' id='line_1_17' title="bbox 574 1704 2151 1779; baseline -0.003 -17"><span class='ocrx_word' id='word_1_107' title='bbox 574 1716 699 1779; x_wconf 89' lang='lat' dir='ltr'><strong>post</strong></span> <span class='ocrx_word' id='word_1_108' title='bbox 746 1706 1164 1777; x_wconf 84' lang='lat' dir='ltr'><strong>increpationes,</strong></span> <span class='ocrx_word' id='word_1_109' title='bbox 1194 1714 1315 1775; x_wconf 88' lang='lat' dir='ltr'><strong>post</strong></span> <span class='ocrx_word' id='word_1_110' title='bbox 1361 1706 1761 1776; x_wconf 82' lang='lat' dir='ltr'><strong>persecutiones</strong></span> <span class='ocrx_word' id='word_1_111' title='bbox 1788 1713 1844 1759; x_wconf 90' lang='lat' dir='ltr'><strong>et</strong></span> <span class='ocrx_word' id='word_1_112' title='bbox 1875 1704 2151 1774; x_wconf 82' lang='lat' dir='ltr'><strong>impulsio-</strong></span> 
     </span>
    </p>
   </div>
   <div class='ocr_carea' id='block_1_18' title="bbox 578 1796 2150 1868">
    <p class='ocr_par' dir='ltr' id='par_1_18' title="bbox 578 1796 2150 1868">
     <span class='ocr_line' id='line_1_18' title="bbox 578 1796 2150 1868; baseline -0.005 -9"><span class='ocrx_word' id='word_1_113' title='bbox 578 1816 697 1864; x_wconf 87' lang='lat' dir='ltr'><strong>nes,</strong></span> <span class='ocrx_word' id='word_1_114' title='bbox 723 1800 791 1854; x_wconf 88' lang='lat' dir='ltr'><strong>ad</strong></span> <span class='ocrx_word' id='word_1_115' title='bbox 816 1799 1049 1853; x_wconf 88' lang='lat' dir='ltr'><strong>lamenta</strong></span> <span class='ocrx_word' id='word_1_116' title='bbox 1072 1813 1131 1853; x_wconf 89' lang='lat' dir='ltr'><strong>se</strong></span> <span class='ocrx_word' id='word_1_117' title='bbox 1163 1799 1446 1863; x_wconf 84' lang='lat' dir='ltr'><strong>convertit,</strong></span> <span class='ocrx_word' id='word_1_118' title='bbox 1483 1807 1537 1851; x_wconf 92' lang='lat' dir='ltr'><strong>et</strong></span> <span class='ocrx_word' id='word_1_119' title='bbox 1564 1798 1743 1851; x_wconf 89' lang='lat' dir='ltr'><strong>omnia</strong></span> <span class='ocrx_word' id='word_1_120' title='bbox 1771 1812 1893 1868; x_wconf 72' lang='lat' dir='ltr'><strong>quae</strong></span> <span class='ocrx_word' id='word_1_121' title='bbox 1935 1796 2150 1851; x_wconf 87' lang='lat' dir='ltr'><strong>accide-</strong></span> 
     </span>
    </p>
   </div>
   <div class='ocr_carea' id='block_1_19' title="bbox 576 1887 1721 1960">
    <p class='ocr_par' dir='ltr' id='par_1_19' title="bbox 576 1887 1721 1960">
     <span class='ocr_line' id='line_1_19' title="bbox 576 1887 1721 1960; baseline -0.005 -14"><span class='ocrx_word' id='word_1_122' title='bbox 576 1898 703 1947; x_wconf 88' lang='lat' dir='ltr'><strong>runt</strong></span> <span class='ocrx_word' id='word_1_123' title='bbox 731 1904 830 1960; x_wconf 91' lang='lat' dir='ltr'><strong>pro</strong></span> <span class='ocrx_word' id='word_1_124' title='bbox 859 1888 1088 1953; x_wconf 89' lang='lat' dir='ltr'><strong>delictis,</strong></span> <span class='ocrx_word' id='word_1_125' title='bbox 1113 1888 1455 1942; x_wconf 89' lang='lat' dir='ltr'><strong>amarissime</strong></span> <span class='ocrx_word' id='word_1_126' title='bbox 1488 1887 1721 1942; x_wconf 69' lang='lat' dir='ltr'><strong>deﬂevit.</strong></span> 
     </span>
    </p>
   </div>
   <div class='ocr_carea' id='block_1_20' title="bbox 1166 1976 1539 2032">
    <p class='ocr_par' dir='ltr' id='par_1_20' title="bbox 1166 1976 1539 2032">
     <span class='ocr_line' id='line_1_20' title="bbox 1166 1976 1539 2032; baseline -0.008 0"><span class='ocrx_word' id='word_1_127' title='bbox 1166 1976 1391 2032; x_wconf 75' lang='lat' dir='ltr'><strong>CAPUT</strong></span> <span class='ocrx_word' id='word_1_128' title='bbox 1450 1977 1539 2030; x_wconf 71' lang='lat' dir='ltr'><strong>IX.</strong></span> 
     </span>
    </p>
   </div>
   <div class='ocr_carea' id='block_1_21' title="bbox 1201 2082 1528 2123">
    <p class='ocr_par' dir='ltr' id='par_1_21' title="bbox 1201 2082 1528 2123">
     <span class='ocr_line' id='line_1_21' title="bbox 1201 2082 1528 2123; baseline -0.009 0"><span class='ocrx_word' id='word_1_129' title='bbox 1201 2082 1528 2123; x_wconf 74' lang='lat' dir='ltr'><strong>PASCHASIUS.</strong></span> 
     </span>
    </p>
   </div>
   <div class='ocr_carea' id='block_1_22' title="bbox 647 2160 2156 2231">
    <p class='ocr_par' dir='ltr' id='par_1_22' title="bbox 647 2160 2156 2231">
     <span class='ocr_line' id='line_1_22' title="bbox 647 2160 2156 2231; baseline 0 -14"><span class='ocrx_word' id='word_1_130' title='bbox 647 2162 795 2217; x_wconf 85' lang='lat' dir='ltr'><strong>Bene</strong></span> <span class='ocrx_word' id='word_1_131' title='bbox 816 2177 915 2217; x_wconf 89' lang='lat' dir='ltr'><strong>nos</strong></span> <span class='ocrx_word' id='word_1_132' title='bbox 942 2161 1202 2226; x_wconf 89' lang='lat' dir='ltr'><strong>hortaris,</strong></span> <span class='ocrx_word' id='word_1_133' title='bbox 1226 2160 1415 2226; x_wconf 80' lang='lat' dir='ltr'><strong>frater,</strong></span> <span class='ocrx_word' id='word_1_134' title='bbox 1440 2161 1543 2216; x_wconf 89' lang='lat' dir='ltr'><strong>nisi</strong></span> <span class='ocrx_word' id='word_1_135' title='bbox 1568 2170 1712 2215; x_wconf 83' lang='lat' dir='ltr'><strong>tanta</strong></span> <span class='ocrx_word' id='word_1_136' title='bbox 1740 2170 1937 2227; x_wconf 86' lang='lat' dir='ltr'><strong>essent,</strong></span> <span class='ocrx_word' id='word_1_137' title='bbox 1954 2170 2156 2231; x_wconf 88' lang='lat' dir='ltr'><strong>quanta</strong></span> 
     </span>
    </p>
   </div>
   <div class='ocr_carea' id='block_1_23' title="bbox 578 2250 2159 2314">
    <p class='ocr_par' dir='ltr' id='par_1_23' title="bbox 578 2250 2159 2314">
     <span class='ocr_line' id='line_1_23' title="bbox 578 2250 2159 2314; baseline -0.001 -6"><span class='ocrx_word' id='word_1_138' title='bbox 578 2267 947 2308; x_wconf 82' lang='lat' dir='ltr'><strong>rememorare</strong></span> <span class='ocrx_word' id='word_1_139' title='bbox 997 2267 1104 2306; x_wconf 92' lang='lat' dir='ltr'><strong>non</strong></span> <span class='ocrx_word' id='word_1_140' title='bbox 1153 2250 1473 2314; x_wconf 92' lang='lat' dir='ltr'><strong>sufﬁcimus,</strong></span> <span class='ocrx_word' id='word_1_141' title='bbox 1501 2266 1600 2305; x_wconf 90' lang='lat' dir='ltr'><strong>nec</strong></span> <span class='ocrx_word' id='word_1_142' title='bbox 1637 2251 1833 2305; x_wconf 91' lang='lat' dir='ltr'><strong>intueri</strong></span> <span class='ocrx_word' id='word_1_143' title='bbox 1865 2269 1877 2303; x_wconf 92' lang='lat'><strong>:</strong></span> <span class='ocrx_word' id='word_1_144' title='bbox 1904 2266 2010 2305; x_wconf 93' lang='lat' dir='ltr'><strong>non</strong></span> <span class='ocrx_word' id='word_1_145' title='bbox 2036 2252 2159 2307; x_wconf 86' lang='lat' dir='ltr'><strong>dico</strong></span> 
     </span>
    </p>
   </div>
   <div class='ocr_carea' id='block_1_24' title="bbox 573 2340 2157 2411">
    <p class='ocr_par' dir='ltr' id='par_1_24' title="bbox 573 2340 2157 2411">
     <span class='ocr_line' id='line_1_24' title="bbox 573 2340 2157 2411; baseline 0 -14"><span class='ocrx_word' id='word_1_146' title='bbox 573 2358 697 2411; x_wconf 66' lang='lat' dir='ltr'><strong>quae</strong></span> <span class='ocrx_word' id='word_1_147' title='bbox 738 2342 867 2398; x_wconf 89' lang='lat' dir='ltr'><strong>olim</strong></span> <span class='ocrx_word' id='word_1_148' title='bbox 897 2342 1228 2407; x_wconf 88' lang='lat' dir='ltr'><strong>acciderant,</strong></span> <span class='ocrx_word' id='word_1_149' title='bbox 1255 2341 1349 2397; x_wconf 85' lang='lat' dir='ltr'><strong>sed</strong></span> <span class='ocrx_word' id='word_1_150' title='bbox 1379 2340 1445 2395; x_wconf 90' lang='lat' dir='ltr'><strong>de</strong></span> <span class='ocrx_word' id='word_1_151' title='bbox 1471 2342 1557 2396; x_wconf 87' lang='lat' dir='ltr'><strong>his</strong></span> <span class='ocrx_word' id='word_1_152' title='bbox 1586 2351 1813 2407; x_wconf 88' lang='lat' dir='ltr'><strong>tantum,</strong></span> <span class='ocrx_word' id='word_1_153' title='bbox 1844 2357 1909 2396; x_wconf 80' lang='lat' dir='ltr'><strong>ex</strong></span> <span class='ocrx_word' id='word_1_154' title='bbox 1937 2358 2044 2411; x_wconf 92' lang='lat' dir='ltr'><strong>quo</strong></span> <span class='ocrx_word' id='word_1_155' title='bbox 2057 2343 2157 2398; x_wconf 90' lang='lat' dir='ltr'><strong>iste</strong></span> 
     </span>
    </p>
   </div>
   <div class='ocr_carea' id='block_1_25' title="bbox 574 2431 2156 2503">
    <p class='ocr_par' dir='ltr' id='par_1_25' title="bbox 574 2431 2156 2503">
     <span class='ocr_line' id='line_1_25' title="bbox 574 2431 2156 2503; baseline -0.002 -13"><span class='ocrx_word' id='word_1_156' title='bbox 574 2435 823 2502; x_wconf 79' lang='lat' dir='ltr'><strong>impurus</strong></span> <span class='ocrx_word' id='word_1_157' title='bbox 867 2440 1033 2501; x_wconf 90' lang='lat' dir='ltr'><strong>atque</strong></span> <span class='ocrx_word' id='word_1_158' title='bbox 1086 2432 1281 2501; x_wconf 89' lang='lat' dir='ltr'><strong>impius</strong></span> <span class='ocrx_word' id='word_1_159' title='bbox 1331 2431 1501 2485; x_wconf 73' lang='lat' dir='ltr'><strong>hosﬁs</strong></span> <span class='ocrx_word' id='word_1_160' title='bbox 1546 2432 1786 2485; x_wconf 90' lang='lat' dir='ltr'><strong>omnium</strong></span> <span class='ocrx_word' id='word_1_161' title='bbox 1837 2432 2156 2503; x_wconf 86' lang='lat' dir='ltr'><strong>religionum</strong></span> 
     </span>
    </p>
   </div>
   <div class='ocr_carea' id='block_1_26' title="bbox 575 2518 2155 2589">
    <p class='ocr_par' dir='ltr' id='par_1_26' title="bbox 575 2518 2155 2589">
     <span class='ocr_line' id='line_1_26' title="bbox 575 2518 2155 2589; baseline 0.001 -14"><span class='ocrx_word' id='word_1_162' title='bbox 575 2518 833 2583; x_wconf 84' lang='lat' dir='ltr'><strong>confudit,</strong></span> <span class='ocrx_word' id='word_1_163' title='bbox 896 2520 1238 2575; x_wconf 85' lang='lat' dir='ltr'><strong>conturbavit</strong></span> <span class='ocrx_word' id='word_1_164' title='bbox 1294 2528 1347 2575; x_wconf 90' lang='lat' dir='ltr'><strong>et</strong></span> <span class='ocrx_word' id='word_1_165' title='bbox 1397 2521 1675 2589; x_wconf 88' lang='lat' dir='ltr'><strong>pervertit,</strong></span> <span class='ocrx_word' id='word_1_166' title='bbox 1708 2521 1933 2576; x_wconf 88' lang='lat' dir='ltr'><strong>honesta</strong></span> <span class='ocrx_word' id='word_1_167' title='bbox 1976 2521 2155 2576; x_wconf 87' lang='lat' dir='ltr'><strong>omnia</strong></span> 
     </span>
    </p>
   </div>
   <div class='ocr_carea' id='block_1_27' title="bbox 578 2609 2153 2680">
    <p class='ocr_par' dir='ltr' id='par_1_27' title="bbox 578 2609 2153 2680">
     <span class='ocr_line' id='line_1_27' title="bbox 578 2609 2153 2680; baseline 0.001 -15"><span class='ocrx_word' id='word_1_168' title='bbox 578 2610 831 2665; x_wconf 84' lang='lat' dir='ltr'><strong>obscenis</strong></span> <span class='ocrx_word' id='word_1_169' title='bbox 865 2609 1204 2680; x_wconf 84' lang='lat' dir='ltr'><strong>permiscuit,</strong></span> <span class='ocrx_word' id='word_1_170' title='bbox 1244 2618 1300 2665; x_wconf 89' lang='lat' dir='ltr'><strong>et</strong></span> <span class='ocrx_word' id='word_1_171' title='bbox 1357 2609 1605 2680; x_wconf 86' lang='lat' dir='ltr'><strong>religiosa</strong></span> <span class='ocrx_word' id='word_1_172' title='bbox 1632 2610 1789 2665; x_wconf 86' lang='lat' dir='ltr'><strong>vanis</strong></span> <span class='ocrx_word' id='word_1_173' title='bbox 1820 2627 1834 2666; x_wconf 89' lang='lat'><strong>:</strong></span> <span class='ocrx_word' id='word_1_174' title='bbox 1864 2611 2153 2676; x_wconf 88' lang='lat' dir='ltr'><strong>intantum,</strong></span> 
     </span>
    </p>
   </div>
   <div class='ocr_carea' id='block_1_28' title="bbox 573 2700 2157 2773">
    <p class='ocr_par' dir='ltr' id='par_1_28' title="bbox 573 2700 2157 2773">
     <span class='ocr_line' id='line_1_28' title="bbox 573 2700 2157 2773; baseline 0.003 -20"><span class='ocrx_word' id='word_1_175' title='bbox 573 2713 675 2754; x_wconf 90' lang='lat' dir='ltr'><strong>nec</strong></span> <span class='ocrx_word' id='word_1_176' title='bbox 701 2714 876 2765; x_wconf 88' lang='lat' dir='ltr'><strong>mens,</strong></span> <span class='ocrx_word' id='word_1_177' title='bbox 904 2715 1005 2755; x_wconf 93' lang='lat' dir='ltr'><strong>nec</strong></span> <span class='ocrx_word' id='word_1_178' title='bbox 1033 2700 1235 2771; x_wconf 92' lang='lat' dir='ltr'><strong>lingua,</strong></span> <span class='ocrx_word' id='word_1_179' title='bbox 1264 2715 1366 2757; x_wconf 89' lang='lat' dir='ltr'><strong>nec</strong></span> <span class='ocrx_word' id='word_1_180' title='bbox 1392 2716 1517 2768; x_wconf 82' lang='lat' dir='ltr'><strong>vox,</strong></span> <span class='ocrx_word' id='word_1_181' title='bbox 1548 2717 1668 2771; x_wconf 61' lang='lat' dir='ltr'><strong>qua:</strong></span> <span class='ocrx_word' id='word_1_182' title='bbox 1718 2717 1945 2759; x_wconf 87' lang='lat' dir='ltr'><strong>narrare</strong></span> <span class='ocrx_word' id='word_1_183' title='bbox 1995 2711 2157 2773; x_wconf 88' lang='lat' dir='ltr'><strong>queat</strong></span> 
     </span>
    </p>
   </div>
   <div class='ocr_carea' id='block_1_29' title="bbox 573 2778 2154 2862">
    <p class='ocr_par' dir='ltr' id='par_1_29' title="bbox 573 2778 2154 2862">
     <span class='ocr_line' id='line_1_29' title="bbox 573 2778 2154 2862; baseline 0.001 -17"><span class='ocrx_word' id='word_1_184' title='bbox 573 2790 731 2845; x_wconf 90' lang='lat' dir='ltr'><strong>istius</strong></span> <span class='ocrx_word' id='word_1_185' title='bbox 762 2791 1129 2846; x_wconf 90' lang='lat' dir='ltr'><strong>vecordissimi</strong></span> <span class='ocrx_word' id='word_1_186' title='bbox 1161 2791 1434 2846; x_wconf 89' lang='lat' dir='ltr'><strong>molimina</strong></span> <span class='ocrx_word' id='word_1_187' title='bbox 1463 2807 1582 2862; x_wconf 64' lang='lat' dir='ltr'><strong>qua:</strong></span> <span class='ocrx_word' id='word_1_188' title='bbox 1606 2793 1792 2862; x_wconf 76' lang='lat' dir='ltr'><strong>erepit,</strong></span> <span class='ocrx_word' id='word_1_189' title='bbox 1818 2808 1885 2847; x_wconf 84' lang='lat' dir='ltr'><strong>ex</strong></span> <span class='ocrx_word' id='word_1_190' title='bbox 1915 2778 2154 2849; x_wconf 90' lang='lat' dir='ltr'><strong>omnium</strong></span> 
     </span>
    </p>
   </div>
   <div class='ocr_carea' id='block_1_30' title="bbox 574 2880 2155 2940">
    <p class='ocr_par' dir='ltr' id='par_1_30' title="bbox 574 2880 2155 2940">
     <span class='ocr_line' id='line_1_30' title="bbox 574 2880 2155 2940; baseline 0.003 -5"><span class='ocrx_word' id='word_1_191' title='bbox 574 2880 840 2937; x_wconf 83' lang='lat' dir='ltr'><strong>scelerum</strong></span> <span class='ocrx_word' id='word_1_192' title='bbox 900 2881 1199 2937; x_wconf 89' lang='lat' dir='ltr'><strong>colluvione</strong></span> <span class='ocrx_word' id='word_1_193' title='bbox 1274 2881 1523 2937; x_wconf 86' lang='lat' dir='ltr'><strong>vallatus.</strong></span> <span class='ocrx_word' id='word_1_194' title='bbox 1578 2882 1961 2939; x_wconf 83' lang='lat' dir='ltr'><strong>Arbitrabatur</strong></span> <span class='ocrx_word' id='word_1_195' title='bbox 2010 2884 2155 2940; x_wconf 89' lang='lat' dir='ltr'><strong>enim</strong></span> 
     </span>
    </p>
   </div>
   <div class='ocr_carea' id='block_1_31' title="bbox 578 2970 2152 3043">
    <p class='ocr_par' dir='ltr' id='par_1_31' title="bbox 578 2970 2152 3043">
     <span class='ocr_line' id='line_1_31' title="bbox 578 2970 2152 3043; baseline 0.002 -18"><span class='ocrx_word' id='word_1_196' title='bbox 578 2970 863 3025; x_wconf 75' lang='lat' dir='ltr'><strong>diabolicis</strong></span> <span class='ocrx_word' id='word_1_197' title='bbox 892 2971 1072 3024; x_wconf 88' lang='lat' dir='ltr'><strong>omnia</strong></span> <span class='ocrx_word' id='word_1_198' title='bbox 1123 2986 1502 3041; x_wconf 66' lang='lat' dir='ltr'><strong>praeoccupare</strong></span> <span class='ocrx_word' id='word_1_199' title='bbox 1542 2972 1848 3035; x_wconf 88' lang='lat' dir='ltr'><strong>maleﬁciis;</strong></span> <span class='ocrx_word' id='word_1_200' title='bbox 1876 2988 2152 3043; x_wconf 88' lang='lat' dir='ltr'><strong>superare,</strong></span> 
     </span>
    </p>
   </div>
   <div class='ocr_carea' id='block_1_32' title="bbox 576 3060 2153 3135">
    <p class='ocr_par' dir='ltr' id='par_1_32' title="bbox 576 3060 2153 3135">
     <span class='ocr_line' id='line_1_32' title="bbox 576 3060 2153 3135; baseline 0.004 -21"><span class='ocrx_word' id='word_1_201' title='bbox 576 3074 684 3114; x_wconf 89' lang='lat' dir='ltr'><strong>non</strong></span> <span class='ocrx_word' id='word_1_202' title='bbox 735 3060 981 3124; x_wconf 90' lang='lat' dir='ltr'><strong>consilio,</strong></span> <span class='ocrx_word' id='word_1_203' title='bbox 1007 3061 1102 3115; x_wconf 89' lang='lat' dir='ltr'><strong>sed</strong></span> <span class='ocrx_word' id='word_1_204' title='bbox 1144 3061 1426 3130; x_wconf 83' lang='lat' dir='ltr'><strong>auspiciis;</strong></span> <span class='ocrx_word' id='word_1_205' title='bbox 1461 3062 1751 3131; x_wconf 66' lang='lat' dir='ltr'><strong>praeripere</strong></span> <span class='ocrx_word' id='word_1_206' title='bbox 1775 3071 1829 3117; x_wconf 90' lang='lat' dir='ltr'><strong>et</strong></span> <span class='ocrx_word' id='word_1_207' title='bbox 1868 3064 2107 3135; x_wconf 72' lang='lat' dir='ltr'><strong>auguriis</strong></span> <span class='ocrx_word' id='word_1_208' title='bbox 2138 3081 2153 3121; x_wconf 91' lang='lat'><strong>:</strong></span> 
     </span>
    </p>
   </div>
   <div class='ocr_carea' id='block_1_33' title="bbox 575 3152 2157 3223">
    <p class='ocr_par' dir='ltr' id='par_1_33' title="bbox 575 3152 2157 3223">
     <span class='ocr_line' id='line_1_33' title="bbox 575 3152 2157 3223; baseline 0.004 -18"><span class='ocrx_word' id='word_1_209' title='bbox 575 3166 643 3206; x_wconf 84' lang='lat' dir='ltr'><strong>eo</strong></span> <span class='ocrx_word' id='word_1_210' title='bbox 669 3152 813 3222; x_wconf 86' lang='lat' dir='ltr'><strong>quod</strong></span> <span class='ocrx_word' id='word_1_211' title='bbox 860 3154 1288 3209; x_wconf 86' lang='lat' dir='ltr'><strong>sacratissimum</strong></span> <span class='ocrx_word' id='word_1_212' title='bbox 1336 3153 1635 3223; x_wconf 77' lang='lat' dir='ltr'><strong>Augustum</strong></span> <span class='ocrx_word' id='word_1_213' title='bbox 1682 3154 1761 3211; x_wconf 86' lang='lat' dir='ltr'><strong>sic</strong></span> <span class='ocrx_word' id='word_1_214' title='bbox 1792 3155 2016 3211; x_wconf 83' lang='lat' dir='ltr'><strong>haberet</strong></span> <span class='ocrx_word' id='word_1_215' title='bbox 2044 3158 2157 3212; x_wconf 90' lang='lat' dir='ltr'><strong>suis</strong></span> 
     </span>
    </p>
   </div>
   <div class='ocr_carea' id='block_1_34' title="bbox 2248 619 3838 691">
    <p class='ocr_par' dir='ltr' id='par_1_34' title="bbox 2248 619 3838 691">
     <span class='ocr_line' id='line_1_34' title="bbox 2248 619 3838 691; baseline 0 -17"><span class='ocrx_word' id='word_1_216' title='bbox 2248 635 2440 676; x_wconf 89' lang='lat' dir='ltr'><strong>manus</strong></span> <span class='ocrx_word' id='word_1_217' title='bbox 2485 622 2695 676; x_wconf 89' lang='lat' dir='ltr'><strong>Domini</strong></span> <span class='ocrx_word' id='word_1_218' title='bbox 2744 636 2908 691; x_wconf 86' lang='lat' dir='ltr'><strong>super</strong></span> <span class='ocrx_word' id='word_1_219' title='bbox 2961 635 3176 676; x_wconf 88' lang='lat' dir='ltr'><strong>omnem</strong></span> <span class='ocrx_word' id='word_1_220' title='bbox 3222 619 3519 690; x_wconf 88' lang='lat' dir='ltr'><strong>populum:</strong></span> <span class='ocrx_word' id='word_1_221' title='bbox 3553 620 3645 690; x_wconf 92' lang='lat' dir='ltr'><strong>qui</strong></span> <span class='ocrx_word' id='word_1_222' title='bbox 3670 619 3838 675; x_wconf 85' lang='lat' dir='ltr'><strong>simul</strong></span> 
     </span>
    </p>
   </div>
   <div class='ocr_carea' id='block_1_35' title="bbox 2246 711 3838 791">
    <p class='ocr_par' dir='ltr' id='par_1_35' title="bbox 2246 711 3838 791">
     <span class='ocr_line' id='line_1_35' title="bbox 2246 711 3838 791; baseline -0.001 -26"><span class='ocrx_word' id='word_1_223' title='bbox 2246 724 2451 775; x_wconf 87' lang='lat' dir='ltr'><strong>omnes,</strong></span> <span class='ocrx_word' id='word_1_224' title='bbox 2485 726 2550 765; x_wconf 92' lang='lat' dir='ltr'><strong>ac</strong></span> <span class='ocrx_word' id='word_1_225' title='bbox 2570 711 2614 766; x_wconf 85' lang='lat' dir='ltr'><strong>si</strong></span> <span class='ocrx_word' id='word_1_226' title='bbox 2655 712 2913 766; x_wconf 80' lang='lat' dir='ltr'><strong>divinitus</strong></span> <span class='ocrx_word' id='word_1_227' title='bbox 2940 711 3135 775; x_wconf 88' lang='lat' dir='ltr'><strong>coacti,</strong></span> <span class='ocrx_word' id='word_1_228' title='bbox 3167 719 3432 766; x_wconf 86' lang='lat' dir='ltr'><strong>venerunt</strong></span> <span class='ocrx_word' id='word_1_229' title='bbox 3460 711 3513 765; x_wconf 91' lang='lat' dir='ltr'><strong>in</strong></span> <span class='ocrx_word' id='word_1_230' title='bbox 3534 727 3704 791; x_wconf 82' lang='lat' dir='ltr'><strong>unum</strong></span> <span class='ocrx_word' id='word_1_231' title='bbox 3732 728 3838 781; x_wconf 89' lang='lat' dir='ltr'><strong>pro</strong></span> 
     </span>
    </p>
   </div>
   <div class='ocr_carea' id='block_1_36' title="bbox 2246 799 3839 872">
    <p class='ocr_par' dir='ltr' id='par_1_36' title="bbox 2246 799 3839 872">
     <span class='ocr_line' id='line_1_36' title="bbox 2246 799 3839 872; baseline 0.001 -18"><span class='ocrx_word' id='word_1_232' title='bbox 2246 799 2350 854; x_wconf 83' lang='lat' dir='ltr'><strong>ﬁde</strong></span> <span class='ocrx_word' id='word_1_233' title='bbox 2379 801 2519 870; x_wconf 84' lang='lat' dir='ltr'><strong>regis</strong></span> <span class='ocrx_word' id='word_1_234' title='bbox 2543 809 2596 855; x_wconf 90' lang='lat' dir='ltr'><strong>et</strong></span> <span class='ocrx_word' id='word_1_235' title='bbox 2622 801 2795 872; x_wconf 89' lang='lat' dir='ltr'><strong>regni,</strong></span> <span class='ocrx_word' id='word_1_236' title='bbox 2847 816 2947 870; x_wconf 88' lang='lat' dir='ltr'><strong>pro</strong></span> <span class='ocrx_word' id='word_1_237' title='bbox 2984 801 3158 855; x_wconf 88' lang='lat' dir='ltr'><strong>salute</strong></span> <span class='ocrx_word' id='word_1_238' title='bbox 3183 802 3363 871; x_wconf 92' lang='lat' dir='ltr'><strong>populi</strong></span> <span class='ocrx_word' id='word_1_239' title='bbox 3395 810 3449 855; x_wconf 88' lang='lat' dir='ltr'><strong>et</strong></span> <span class='ocrx_word' id='word_1_240' title='bbox 3489 802 3702 869; x_wconf 74' lang='lat' dir='ltr'><strong>patrize,</strong></span> <span class='ocrx_word' id='word_1_241' title='bbox 3732 817 3839 871; x_wconf 88' lang='lat' dir='ltr'><strong>pro</strong></span> 
     </span>
    </p>
   </div>
   <div class='ocr_carea' id='block_1_37' title="bbox 2247 889 3838 960">
    <p class='ocr_par' dir='ltr' id='par_1_37' title="bbox 2247 889 3838 960">
     <span class='ocr_line' id='line_1_37' title="bbox 2247 889 3838 960; baseline -0.002 -15"><span class='ocrx_word' id='word_1_242' title='bbox 2247 889 2537 945; x_wconf 85' lang='lat' dir='ltr'><strong>stabilitate</strong></span> <span class='ocrx_word' id='word_1_243' title='bbox 2565 891 2797 960; x_wconf 85' lang='lat' dir='ltr'><strong>imperii,</strong></span> <span class='ocrx_word' id='word_1_244' title='bbox 2823 899 2878 944; x_wconf 91' lang='lat' dir='ltr'><strong>et</strong></span> <span class='ocrx_word' id='word_1_245' title='bbox 2898 890 3126 944; x_wconf 84' lang='lat' dir='ltr'><strong>filiorum</strong></span> <span class='ocrx_word' id='word_1_246' title='bbox 3155 890 3500 944; x_wconf 81' lang='lat' dir='ltr'><strong>successione</strong></span> <span class='ocrx_word' id='word_1_247' title='bbox 3530 907 3543 942; x_wconf 92' lang='lat'>:</span> <span class='ocrx_word' id='word_1_248' title='bbox 3571 889 3838 959; x_wconf 83' lang='lat' dir='ltr'><strong>quoniam</strong></span> 
     </span>
    </p>
   </div>
   <div class='ocr_carea' id='block_1_38' title="bbox 2248 981 3841 1052">
    <p class='ocr_par' dir='ltr' id='par_1_38' title="bbox 2248 981 3841 1052">
     <span class='ocr_line' id='line_1_38' title="bbox 2248 981 3841 1052; baseline 0 -15"><span class='ocrx_word' id='word_1_249' title='bbox 2248 983 2531 1038; x_wconf 85' lang='lat' dir='ltr'><strong>audierant</strong></span> <span class='ocrx_word' id='word_1_250' title='bbox 2567 997 2775 1046; x_wconf 90' lang='lat' dir='ltr'><strong>omnes,</strong></span> <span class='ocrx_word' id='word_1_251' title='bbox 2819 990 2875 1037; x_wconf 89' lang='lat' dir='ltr'><strong>et</strong></span> <span class='ocrx_word' id='word_1_252' title='bbox 2926 991 3306 1052; x_wconf 88' lang='lat' dir='ltr'><strong>compererant</strong></span> <span class='ocrx_word' id='word_1_253' title='bbox 3340 981 3532 1052; x_wconf 85' lang='lat' dir='ltr'><strong>singuli</strong></span> <span class='ocrx_word' id='word_1_254' title='bbox 3580 982 3647 1037; x_wconf 92' lang='lat' dir='ltr'><strong>de</strong></span> <span class='ocrx_word' id='word_1_255' title='bbox 3696 982 3841 1037; x_wconf 86' lang='lat' dir='ltr'><strong>locis</strong></span> 
     </span>
    </p>
   </div>
   <div class='ocr_carea' id='block_1_39' title="bbox 2247 1071 3841 1143">
    <p class='ocr_par' dir='ltr' id='par_1_39' title="bbox 2247 1071 3841 1143">
     <span class='ocr_line' id='line_1_39' title="bbox 2247 1071 3841 1143; baseline -0.001 -15"><span class='ocrx_word' id='word_1_256' title='bbox 2247 1074 2358 1129; x_wconf 89' lang='lat' dir='ltr'><strong>suis</strong></span> <span class='ocrx_word' id='word_1_257' title='bbox 2382 1089 2546 1128; x_wconf 91' lang='lat' dir='ltr'><strong>unum</strong></span> <span class='ocrx_word' id='word_1_258' title='bbox 2585 1087 2705 1128; x_wconf 87' lang='lat' dir='ltr'><strong>esse</strong></span> <span class='ocrx_word' id='word_1_259' title='bbox 2730 1073 3006 1127; x_wconf 91' lang='lat' dir='ltr'><strong>interitum</strong></span> <span class='ocrx_word' id='word_1_260' title='bbox 3032 1073 3282 1127; x_wconf 89' lang='lat' dir='ltr'><strong>onmibus</strong></span> <span class='ocrx_word' id='word_1_261' title='bbox 3318 1079 3700 1143; x_wconf 71' lang='lat' dir='ltr'><strong>prmparatum.</strong></span> <span class='ocrx_word' id='word_1_262' title='bbox 3730 1071 3841 1127; x_wconf 87' lang='lat' dir='ltr'><strong>Ubi</strong></span> 
     </span>
    </p>
   </div>
   <div class='ocr_carea' id='block_1_40' title="bbox 2248 1163 3839 1225">
    <p class='ocr_par' dir='ltr' id='par_1_40' title="bbox 2248 1163 3839 1225">
     <span class='ocr_line' id='line_1_40' title="bbox 2248 1163 3839 1225; baseline -0.003 -5"><span class='ocrx_word' id='word_1_263' title='bbox 2248 1180 2312 1220; x_wconf 85' lang='lat' dir='ltr'><strong>ac</strong></span> <span class='ocrx_word' id='word_1_264' title='bbox 2343 1166 2388 1220; x_wconf 91' lang='lat' dir='ltr'><strong>si</strong></span> <span class='ocrx_word' id='word_1_265' title='bbox 2417 1165 2671 1219; x_wconf 91' lang='lat' dir='ltr'><strong>divinitus</strong></span> <span class='ocrx_word' id='word_1_266' title='bbox 2692 1165 2900 1219; x_wconf 83' lang='lat' dir='ltr'><strong>evocati</strong></span> <span class='ocrx_word' id='word_1_267' title='bbox 2944 1180 3066 1219; x_wconf 90' lang='lat' dir='ltr'><strong>cum</strong></span> <span class='ocrx_word' id='word_1_268' title='bbox 3090 1164 3247 1219; x_wconf 90' lang='lat' dir='ltr'><strong>simul</strong></span> <span class='ocrx_word' id='word_1_269' title='bbox 3291 1172 3491 1225; x_wconf 91' lang='lat' dir='ltr'><strong>essent,</strong></span> <span class='ocrx_word' id='word_1_270' title='bbox 3526 1163 3839 1218; x_wconf 85' lang='lat' dir='ltr'><strong>retulerunt</strong></span> 
     </span>
    </p>
   </div>
   <div class='ocr_carea' id='block_1_41' title="bbox 2249 1252 3839 1326">
    <p class='ocr_par' dir='ltr' id='par_1_41' title="bbox 2249 1252 3839 1326">
     <span class='ocr_line' id='line_1_41' title="bbox 2249 1252 3839 1326; baseline -0.001 -16"><span class='ocrx_word' id='word_1_271' title='bbox 2249 1256 2441 1326; x_wconf 85' lang='lat' dir='ltr'><strong>singuli</strong></span> <span class='ocrx_word' id='word_1_272' title='bbox 2468 1256 2606 1310; x_wconf 90' lang='lat' dir='ltr'><strong>mala</strong></span> <span class='ocrx_word' id='word_1_273' title='bbox 2629 1270 2750 1325; x_wconf 65' lang='lat' dir='ltr'><strong>quae</strong></span> <span class='ocrx_word' id='word_1_274' title='bbox 2762 1252 3068 1317; x_wconf 84' lang='lat' dir='ltr'><strong>audierant,</strong></span> <span class='ocrx_word' id='word_1_275' title='bbox 3098 1253 3339 1308; x_wconf 90' lang='lat' dir='ltr'><strong>nonnulli</strong></span> <span class='ocrx_word' id='word_1_276' title='bbox 3366 1269 3485 1324; x_wconf 65' lang='lat' dir='ltr'><strong>qua:</strong></span> <span class='ocrx_word' id='word_1_277' title='bbox 3506 1254 3757 1307; x_wconf 85' lang='lat' dir='ltr'><strong>viderant</strong></span> <span class='ocrx_word' id='word_1_278' title='bbox 3780 1260 3839 1308; x_wconf 77' lang='lat' dir='ltr'><strong>et</strong></span> 
     </span>
    </p>
   </div>
   <div class='ocr_carea' id='block_1_42' title="bbox 2249 1345 3841 1417">
    <p class='ocr_par' dir='ltr' id='par_1_42' title="bbox 2249 1345 3841 1417">
     <span class='ocr_line' id='line_1_42' title="bbox 2249 1345 3841 1417; baseline -0.003 -15"><span class='ocrx_word' id='word_1_279' title='bbox 2249 1356 2638 1417; x_wconf 86' lang='lat' dir='ltr'><strong>cognoverant,</strong></span> <span class='ocrx_word' id='word_1_280' title='bbox 2670 1356 2764 1400; x_wconf 91' lang='lat' dir='ltr'><strong>aut</strong></span> <span class='ocrx_word' id='word_1_281' title='bbox 2786 1345 3148 1400; x_wconf 77' lang='lat' dir='ltr'><strong>interfuerant</strong></span> <span class='ocrx_word' id='word_1_282' title='bbox 3177 1362 3190 1397; x_wconf 91' lang='lat'>:</span> <span class='ocrx_word' id='word_1_283' title='bbox 3224 1345 3418 1414; x_wconf 87' lang='lat' dir='ltr'><strong>quibus</strong></span> <span class='ocrx_word' id='word_1_284' title='bbox 3465 1345 3705 1415; x_wconf 89' lang='lat' dir='ltr'><strong>undique</strong></span> <span class='ocrx_word' id='word_1_285' title='bbox 3760 1346 3841 1398; x_wconf 87' lang='lat' dir='ltr'><strong>ita</strong></span> 
     </span>
    </p>
   </div>
   <div class='ocr_carea' id='block_1_43' title="bbox 2249 1435 3841 1509">
    <p class='ocr_par' dir='ltr' id='par_1_43' title="bbox 2249 1435 3841 1509">
     <span class='ocr_line' id='line_1_43' title="bbox 2249 1435 3841 1509; baseline -0.003 -15"><span class='ocrx_word' id='word_1_286' title='bbox 2249 1439 2483 1509; x_wconf 82' lang='lat' dir='ltr'><strong>explosis</strong></span> <span class='ocrx_word' id='word_1_287' title='bbox 2505 1440 2571 1493; x_wconf 89' lang='lat' dir='ltr'><strong>ad</strong></span> <span class='ocrx_word' id='word_1_288' title='bbox 2601 1437 2861 1506; x_wconf 91' lang='lat' dir='ltr'><strong>liquidum</strong></span> <span class='ocrx_word' id='word_1_289' title='bbox 2889 1436 3102 1500; x_wconf 89' lang='lat' dir='ltr'><strong>claruit,</strong></span> <span class='ocrx_word' id='word_1_290' title='bbox 3129 1437 3273 1505; x_wconf 87' lang='lat' dir='ltr'><strong>quod</strong></span> <span class='ocrx_word' id='word_1_291' title='bbox 3316 1436 3559 1505; x_wconf 62' lang='lat' dir='ltr'><strong>Augusto</strong></span> <span class='ocrx_word' id='word_1_292' title='bbox 3604 1443 3660 1489; x_wconf 89' lang='lat' dir='ltr'><strong>et</strong></span> <span class='ocrx_word' id='word_1_293' title='bbox 3707 1435 3841 1490; x_wconf 84' lang='lat' dir='ltr'><strong>ﬁliis</strong></span> 
     </span>
    </p>
   </div>
   <div class='ocr_carea' id='block_1_44' title="bbox 2249 1524 3841 1595">
    <p class='ocr_par' dir='ltr' id='par_1_44' title="bbox 2249 1524 3841 1595">
     <span class='ocr_line' id='line_1_44' title="bbox 2249 1524 3841 1595; baseline -0.004 -12"><span class='ocrx_word' id='word_1_294' title='bbox 2249 1543 2355 1583; x_wconf 89' lang='lat' dir='ltr'><strong>una</strong></span> <span class='ocrx_word' id='word_1_295' title='bbox 2378 1543 2499 1583; x_wconf 92' lang='lat' dir='ltr'><strong>cum</strong></span> <span class='ocrx_word' id='word_1_296' title='bbox 2527 1527 2791 1581; x_wconf 89' lang='lat' dir='ltr'><strong>universis</strong></span> <span class='ocrx_word' id='word_1_297' title='bbox 2820 1525 3156 1595; x_wconf 87' lang='lat' dir='ltr'><strong>principibus</strong></span> <span class='ocrx_word' id='word_1_298' title='bbox 3179 1540 3347 1578; x_wconf 90' lang='lat' dir='ltr'><strong>unum</strong></span> <span class='ocrx_word' id='word_1_299' title='bbox 3370 1524 3679 1578; x_wconf 84' lang='lat' dir='ltr'><strong>immineret</strong></span> <span class='ocrx_word' id='word_1_300' title='bbox 3714 1525 3841 1577; x_wconf 74' lang='lat' dir='ltr'><strong>exi-</strong></span> 
     </span>
    </p>
   </div>
   <div class='ocr_carea' id='block_1_45' title="bbox 2252 1615 3846 1688">
    <p class='ocr_par' dir='ltr' id='par_1_45' title="bbox 2252 1615 3846 1688">
     <span class='ocr_line' id='line_1_45' title="bbox 2252 1615 3846 1688; baseline -0.003 -14"><span class='ocrx_word' id='word_1_301' title='bbox 2252 1620 2386 1675; x_wconf 90' lang='lat' dir='ltr'><strong>tium</strong></span> <span class='ocrx_word' id='word_1_302' title='bbox 2437 1629 2598 1688; x_wconf 90' lang='lat' dir='ltr'><strong>atque</strong></span> <span class='ocrx_word' id='word_1_303' title='bbox 2654 1618 2906 1672; x_wconf 91' lang='lat' dir='ltr'><strong>interitus</strong></span> <span class='ocrx_word' id='word_1_304' title='bbox 2930 1618 3072 1671; x_wconf 81' lang='lat' dir='ltr'><strong>vitae.</strong></span> <span class='ocrx_word' id='word_1_305' title='bbox 3106 1616 3237 1670; x_wconf 85' lang='lat' dir='ltr'><strong>Nam</strong></span> <span class='ocrx_word' id='word_1_306' title='bbox 3289 1626 3343 1671; x_wconf 92' lang='lat' dir='ltr'><strong>et</strong></span> <span class='ocrx_word' id='word_1_307' title='bbox 3383 1615 3645 1669; x_wconf 77' lang='lat' dir='ltr'><strong>Melanius</strong></span> <span class='ocrx_word' id='word_1_308' title='bbox 3696 1616 3846 1669; x_wconf 87' lang='lat' dir='ltr'><strong>ﬁlius</strong></span> 
     </span>
    </p>
   </div>
   <div class='ocr_carea' id='block_1_46' title="bbox 2250 1704 3842 1780">
    <p class='ocr_par' dir='ltr' id='par_1_46' title="bbox 2250 1704 3842 1780">
     <span class='ocr_line' id='line_1_46' title="bbox 2250 1704 3842 1780; baseline -0.003 -17"><span class='ocrx_word' id='word_1_309' title='bbox 2250 1709 2477 1780; x_wconf 84' lang='lat' dir='ltr'><strong>piissimi</strong></span> <span class='ocrx_word' id='word_1_310' title='bbox 2502 1707 2730 1763; x_wconf 68' lang='lat' dir='ltr'><strong>Cresaris</strong></span> <span class='ocrx_word' id='word_1_311' title='bbox 2755 1722 2878 1762; x_wconf 89' lang='lat' dir='ltr'><strong>cum</strong></span> <span class='ocrx_word' id='word_1_312' title='bbox 2900 1707 2983 1760; x_wconf 90' lang='lat' dir='ltr'><strong>his</strong></span> <span class='ocrx_word' id='word_1_313' title='bbox 3002 1705 3353 1771; x_wconf 76' lang='lat' dir='ltr'><strong>confluxerat,</strong></span> <span class='ocrx_word' id='word_1_314' title='bbox 3388 1716 3444 1759; x_wconf 89' lang='lat' dir='ltr'><strong>et</strong></span> <span class='ocrx_word' id='word_1_315' title='bbox 3485 1704 3842 1775; x_wconf 82' lang='lat' dir='ltr'><strong>periclitaba-</strong></span> 
     </span>
    </p>
   </div>
   <div class='ocr_carea' id='block_1_47' title="bbox 2253 1795 3843 1864">
    <p class='ocr_par' dir='ltr' id='par_1_47' title="bbox 2253 1795 3843 1864">
     <span class='ocr_line' id='line_1_47' title="bbox 2253 1795 3843 1864; baseline -0.003 -11"><span class='ocrx_word' id='word_1_316' title='bbox 2253 1809 2343 1854; x_wconf 91' lang='lat' dir='ltr'><strong>tur</strong></span> <span class='ocrx_word' id='word_1_317' title='bbox 2368 1813 2481 1863; x_wconf 77' lang='lat' dir='ltr'><strong>rex,</strong></span> <span class='ocrx_word' id='word_1_318' title='bbox 2513 1812 2634 1853; x_wconf 90' lang='lat' dir='ltr'><strong>cum</strong></span> <span class='ocrx_word' id='word_1_319' title='bbox 2661 1804 2805 1852; x_wconf 89' lang='lat' dir='ltr'><strong>esset</strong></span> <span class='ocrx_word' id='word_1_320' title='bbox 2835 1812 2937 1850; x_wconf 91' lang='lat' dir='ltr'><strong>una</strong></span> <span class='ocrx_word' id='word_1_321' title='bbox 2966 1811 3085 1851; x_wconf 91' lang='lat' dir='ltr'><strong>cum</strong></span> <span class='ocrx_word' id='word_1_322' title='bbox 3116 1797 3230 1851; x_wconf 83' lang='lat' dir='ltr'><strong>suis</strong></span> <span class='ocrx_word' id='word_1_323' title='bbox 3255 1796 3535 1860; x_wconf 89' lang='lat' dir='ltr'><strong>omnibus;</strong></span> <span class='ocrx_word' id='word_1_324' title='bbox 3560 1795 3681 1864; x_wconf 87' lang='lat' dir='ltr'><strong>quia</strong></span> <span class='ocrx_word' id='word_1_325' title='bbox 3708 1810 3843 1848; x_wconf 88' lang='lat' dir='ltr'><strong>con-</strong></span> 
     </span>
    </p>
   </div>
   <div class='ocr_carea' id='block_1_48' title="bbox 2182 1881 3840 1959">
    <p class='ocr_par' dir='ltr' id='par_1_48' title="bbox 2182 1881 3840 1959">
     <span class='ocr_line' id='line_1_48' title="bbox 2182 1881 3840 1959; baseline -0.001 -16"><span class='ocrx_word' id='word_1_326' title='bbox 2182 1881 2224 1939; x_wconf 83' lang='lat' dir='ltr'><strong>B</strong></span> <span class='ocrx_word' id='word_1_327' title='bbox 2256 1900 2335 1945; x_wconf 92' lang='lat' dir='ltr'><strong>tra</strong></span> <span class='ocrx_word' id='word_1_328' title='bbox 2357 1906 2478 1946; x_wconf 91' lang='lat' dir='ltr'><strong>eum</strong></span> <span class='ocrx_word' id='word_1_329' title='bbox 2502 1891 2603 1945; x_wconf 89' lang='lat' dir='ltr'><strong>iter</strong></span> <span class='ocrx_word' id='word_1_330' title='bbox 2624 1898 2895 1959; x_wconf 87' lang='lat' dir='ltr'><strong>arreptum</strong></span> <span class='ocrx_word' id='word_1_331' title='bbox 2924 1897 3043 1943; x_wconf 83' lang='lat' dir='ltr'><strong>erat</strong></span> <span class='ocrx_word' id='word_1_332' title='bbox 3064 1889 3235 1944; x_wconf 83' lang='lat' dir='ltr'><strong>inscio</strong></span> <span class='ocrx_word' id='word_1_333' title='bbox 3263 1896 3434 1958; x_wconf 87' lang='lat' dir='ltr'><strong>patre,</strong></span> <span class='ocrx_word' id='word_1_334' title='bbox 3464 1895 3523 1941; x_wconf 92' lang='lat' dir='ltr'><strong>ut</strong></span> <span class='ocrx_word' id='word_1_335' title='bbox 3550 1889 3659 1956; x_wconf 87' lang='lat' dir='ltr'><strong>ipse</strong></span> <span class='ocrx_word' id='word_1_336' title='bbox 3687 1888 3840 1956; x_wconf 86' lang='lat' dir='ltr'><strong>prior</strong></span> 
     </span>
    </p>
   </div>
   <div class='ocr_carea' id='block_1_49' title="bbox 2255 1975 3840 2052">
    <p class='ocr_par' dir='ltr' id='par_1_49' title="bbox 2255 1975 3840 2052">
     <span class='ocr_line' id='line_1_49' title="bbox 2255 1975 3840 2052; baseline -0.006 -15"><span class='ocrx_word' id='word_1_337' title='bbox 2255 1989 2377 2052; x_wconf 90' lang='lat' dir='ltr'><strong>post</strong></span> <span class='ocrx_word' id='word_1_338' title='bbox 2404 1987 2609 2050; x_wconf 87' lang='lat' dir='ltr'><strong>patrem</strong></span> <span class='ocrx_word' id='word_1_339' title='bbox 2649 1978 3027 2049; x_wconf 89' lang='lat' dir='ltr'><strong>perimeretur.</strong></span> <span class='ocrx_word' id='word_1_340' title='bbox 3061 1978 3262 2032; x_wconf 87' lang='lat' dir='ltr'><strong>Deinde</strong></span> <span class='ocrx_word' id='word_1_341' title='bbox 3298 1992 3419 2031; x_wconf 90' lang='lat' dir='ltr'><strong>cum</strong></span> <span class='ocrx_word' id='word_1_342' title='bbox 3460 1992 3557 2046; x_wconf 89' lang='lat' dir='ltr'><strong>pro</strong></span> <span class='ocrx_word' id='word_1_343' title='bbox 3588 1975 3670 2030; x_wconf 88' lang='lat' dir='ltr'><strong>his</strong></span> <span class='ocrx_word' id='word_1_344' title='bbox 3716 1975 3840 2029; x_wconf 90' lang='lat' dir='ltr'><strong>uni-</strong></span> 
     </span>
    </p>
   </div>
   <div class='ocr_carea' id='block_1_50' title="bbox 2256 2065 3846 2140">
    <p class='ocr_par' dir='ltr' id='par_1_50' title="bbox 2256 2065 3846 2140">
     <span class='ocr_line' id='line_1_50' title="bbox 2256 2065 3846 2140; baseline -0.003 -14"><span class='ocrx_word' id='word_1_345' title='bbox 2256 2072 2397 2126; x_wconf 85' lang='lat' dir='ltr'><strong>versi</strong></span> <span class='ocrx_word' id='word_1_346' title='bbox 2425 2071 2555 2139; x_wconf 89' lang='lat' dir='ltr'><strong>quid</strong></span> <span class='ocrx_word' id='word_1_347' title='bbox 2606 2077 2848 2140; x_wconf 79' lang='lat' dir='ltr'><strong>agerent,</strong></span> <span class='ocrx_word' id='word_1_348' title='bbox 2880 2075 3200 2122; x_wconf 84' lang='lat' dir='ltr'><strong>notarentur</strong></span> <span class='ocrx_word' id='word_1_349' title='bbox 3230 2082 3465 2122; x_wconf 78' lang='lat' dir='ltr'><strong>lacerore</strong></span> <span class='ocrx_word' id='word_1_350' title='bbox 3495 2065 3720 2136; x_wconf 76' lang='lat' dir='ltr'><strong>perfusi,</strong></span> <span class='ocrx_word' id='word_1_351' title='bbox 3753 2067 3846 2121; x_wconf 80' lang='lat' dir='ltr'><strong>ad-</strong></span> 
     </span>
    </p>
   </div>
   <div class='ocr_carea' id='block_1_51' title="bbox 2257 2150 3846 2224">
    <p class='ocr_par' dir='ltr' id='par_1_51' title="bbox 2257 2150 3846 2224">
     <span class='ocr_line' id='line_1_51' title="bbox 2257 2150 3846 2224; baseline -0.003 -8"><span class='ocrx_word' id='word_1_352' title='bbox 2257 2162 2457 2217; x_wconf 81' lang='lat' dir='ltr'><strong>volavit</strong></span> <span class='ocrx_word' id='word_1_353' title='bbox 2476 2158 2704 2215; x_wconf 74' lang='lat' dir='ltr'><strong>‘extimis</strong></span> <span class='ocrx_word' id='word_1_354' title='bbox 2727 2174 2757 2213; x_wconf 87' lang='lat' dir='ltr'><strong>a</strong></span> <span class='ocrx_word' id='word_1_355' title='bbox 2783 2160 3062 2224; x_wconf 88' lang='lat' dir='ltr'><strong>custodiis,</strong></span> <span class='ocrx_word' id='word_1_356' title='bbox 3089 2168 3143 2213; x_wconf 90' lang='lat' dir='ltr'><strong>et</strong></span> <span class='ocrx_word' id='word_1_357' title='bbox 3156 2150 3511 2213; x_wconf 75' lang='lat' dir='ltr'><strong>sacramentis</strong></span> <span class='ocrx_word' id='word_1_358' title='bbox 3536 2158 3626 2212; x_wconf 92' lang='lat' dir='ltr'><strong>diu</strong></span> <span class='ocrx_word' id='word_1_359' title='bbox 3654 2158 3846 2212; x_wconf 84' lang='lat' dir='ltr'><strong>deten—</strong></span> 
     </span>
    </p>
   </div>
   <div class='ocr_carea' id='block_1_52' title="bbox 2259 2246 3845 2322">
    <p class='ocr_par' dir='ltr' id='par_1_52' title="bbox 2259 2246 3845 2322">
     <span class='ocr_line' id='line_1_52' title="bbox 2259 2246 3845 2322; baseline -0.004 -15"><span class='ocrx_word' id='word_1_360' title='bbox 2259 2260 2365 2317; x_wconf 88' lang='lat' dir='ltr'><strong>tus,</strong></span> <span class='ocrx_word' id='word_1_361' title='bbox 2402 2268 2523 2322; x_wconf 71' lang='lat' dir='ltr'><strong>qua:</strong></span> <span class='ocrx_word' id='word_1_362' title='bbox 2560 2267 2681 2306; x_wconf 90' lang='lat' dir='ltr'><strong>cum</strong></span> <span class='ocrx_word' id='word_1_363' title='bbox 2709 2258 2864 2321; x_wconf 86' lang='lat' dir='ltr'><strong>patre</strong></span> <span class='ocrx_word' id='word_1_364' title='bbox 2894 2265 2961 2304; x_wconf 89' lang='lat' dir='ltr'><strong>eo</strong></span> <span class='ocrx_word' id='word_1_365' title='bbox 2983 2249 3035 2303; x_wconf 91' lang='lat' dir='ltr'><strong>in</strong></span> <span class='ocrx_word' id='word_1_366' title='bbox 3058 2257 3299 2319; x_wconf 90' lang='lat' dir='ltr'><strong>tempore</strong></span> <span class='ocrx_word' id='word_1_367' title='bbox 3317 2247 3607 2318; x_wconf 86' lang='lat' dir='ltr'><strong>pertulerat</strong></span> <span class='ocrx_word' id='word_1_368' title='bbox 3629 2246 3845 2303; x_wconf 79' lang='lat' dir='ltr'><strong>Gratia-</strong></span> 
     </span>
    </p>
   </div>
   <div class='ocr_carea' id='block_1_53' title="bbox 2256 2339 3840 2410">
    <p class='ocr_par' dir='ltr' id='par_1_53' title="bbox 2256 2339 3840 2410">
     <span class='ocr_line' id='line_1_53' title="bbox 2256 2339 3840 2410; baseline -0.004 -13"><span class='ocrx_word' id='word_1_369' title='bbox 2256 2359 2383 2407; x_wconf 90' lang='lat' dir='ltr'><strong>nus,</strong></span> <span class='ocrx_word' id='word_1_370' title='bbox 2414 2351 2468 2397; x_wconf 89' lang='lat' dir='ltr'><strong>et</strong></span> <span class='ocrx_word' id='word_1_371' title='bbox 2495 2341 2678 2396; x_wconf 90' lang='lat' dir='ltr'><strong>retulit</strong></span> <span class='ocrx_word' id='word_1_372' title='bbox 2703 2355 2831 2395; x_wconf 89' lang='lat' dir='ltr'><strong>voce</strong></span> <span class='ocrx_word' id='word_1_373' title='bbox 2859 2339 3075 2410; x_wconf 88' lang='lat' dir='ltr'><strong>propria</strong></span> <span class='ocrx_word' id='word_1_374' title='bbox 3115 2354 3237 2409; x_wconf 61' lang='lat' dir='ltr'><strong>quas</strong></span> <span class='ocrx_word' id='word_1_375' title='bbox 3283 2339 3449 2402; x_wconf 86' lang='lat' dir='ltr'><strong>dicta,</strong></span> <span class='ocrx_word' id='word_1_376' title='bbox 3496 2353 3618 2408; x_wconf 72' lang='lat' dir='ltr'><strong>quae</strong></span> <span class='ocrx_word' id='word_1_377' title='bbox 3667 2347 3840 2407; x_wconf 77' lang='lat' dir='ltr'><strong>gesta,</strong></span> 
     </span>
    </p>
   </div>
   <div class='ocr_carea' id='block_1_54' title="bbox 2255 2428 3843 2504">
    <p class='ocr_par' dir='ltr' id='par_1_54' title="bbox 2255 2428 3843 2504">
     <span class='ocr_line' id='line_1_54' title="bbox 2255 2428 3843 2504; baseline -0.003 -17"><span class='ocrx_word' id='word_1_378' title='bbox 2255 2448 2440 2504; x_wconf 73' lang='lat' dir='ltr'><strong>quaeve</strong></span> <span class='ocrx_word' id='word_1_379' title='bbox 2468 2432 2643 2487; x_wconf 85' lang='lat' dir='ltr'><strong>futura</strong></span> <span class='ocrx_word' id='word_1_380' title='bbox 2666 2439 2991 2501; x_wconf 83' lang='lat' dir='ltr'><strong>cognoverat</strong></span> <span class='ocrx_word' id='word_1_381' title='bbox 3018 2448 3032 2484; x_wconf 89' lang='lat'><strong>:</strong></span> <span class='ocrx_word' id='word_1_382' title='bbox 3058 2431 3181 2499; x_wconf 89' lang='lat' dir='ltr'><strong>quia</strong></span> <span class='ocrx_word' id='word_1_383' title='bbox 3202 2431 3257 2484; x_wconf 89' lang='lat' dir='ltr'><strong>in</strong></span> <span class='ocrx_word' id='word_1_384' title='bbox 3280 2430 3363 2484; x_wconf 89' lang='lat' dir='ltr'><strong>his</strong></span> <span class='ocrx_word' id='word_1_385' title='bbox 3386 2429 3543 2499; x_wconf 79' lang='lat' dir='ltr'><strong>longe</strong></span> <span class='ocrx_word' id='word_1_386' title='bbox 3573 2428 3665 2482; x_wconf 89' lang='lat' dir='ltr'><strong>diu</strong></span> <span class='ocrx_word' id='word_1_387' title='bbox 3697 2444 3843 2483; x_wconf 82' lang='lat' dir='ltr'><strong>com-</strong></span> 
     </span>
    </p>
   </div>
   <div class='ocr_carea' id='block_1_55' title="bbox 2256 2520 3842 2591">
    <p class='ocr_par' dir='ltr' id='par_1_55' title="bbox 2256 2520 3842 2591">
     <span class='ocr_line' id='line_1_55' title="bbox 2256 2520 3842 2591; baseline -0.003 -13"><span class='ocrx_word' id='word_1_388' title='bbox 2256 2532 2519 2587; x_wconf 87' lang='lat' dir='ltr'><strong>moratus,</strong></span> <span class='ocrx_word' id='word_1_389' title='bbox 2569 2521 2701 2575; x_wconf 88' lang='lat' dir='ltr'><strong>nihil</strong></span> <span class='ocrx_word' id='word_1_390' title='bbox 2756 2520 2899 2574; x_wconf 89' lang='lat' dir='ltr'><strong>aliud</strong></span> <span class='ocrx_word' id='word_1_391' title='bbox 2919 2520 3034 2591; x_wconf 83' lang='lat' dir='ltr'><strong>jam</strong></span> <span class='ocrx_word' id='word_1_392' title='bbox 3062 2535 3223 2590; x_wconf 89' lang='lat' dir='ltr'><strong>quam</strong></span> <span class='ocrx_word' id='word_1_393' title='bbox 3275 2529 3503 2574; x_wconf 88' lang='lat' dir='ltr'><strong>mortem</strong></span> <span class='ocrx_word' id='word_1_394' title='bbox 3554 2520 3842 2574; x_wconf 87' lang='lat' dir='ltr'><strong>imminere</strong></span> 
     </span>
    </p>
   </div>
   <div class='ocr_carea' id='block_1_56' title="bbox 2256 2609 3842 2683">
    <p class='ocr_par' dir='ltr' id='par_1_56' title="bbox 2256 2609 3842 2683">
     <span class='ocr_line' id='line_1_56' title="bbox 2256 2609 3842 2683; baseline -0.004 -14"><span class='ocrx_word' id='word_1_395' title='bbox 2256 2612 2359 2669; x_wconf 87' lang='lat' dir='ltr'><strong>sibi</strong></span> <span class='ocrx_word' id='word_1_396' title='bbox 2386 2612 2639 2668; x_wconf 83' lang='lat' dir='ltr'><strong>videbat:</strong></span> <span class='ocrx_word' id='word_1_397' title='bbox 2669 2613 2735 2667; x_wconf 91' lang='lat' dir='ltr'><strong>ad</strong></span> <span class='ocrx_word' id='word_1_398' title='bbox 2751 2626 2886 2683; x_wconf 90' lang='lat' dir='ltr'><strong>quos</strong></span> <span class='ocrx_word' id='word_1_399' title='bbox 2905 2626 3028 2667; x_wconf 90' lang='lat' dir='ltr'><strong>cum</strong></span> <span class='ocrx_word' id='word_1_400' title='bbox 3052 2609 3297 2682; x_wconf 81' lang='lat' dir='ltr'><strong>fugisset,</strong></span> <span class='ocrx_word' id='word_1_401' title='bbox 3343 2612 3589 2665; x_wconf 82' lang='lat' dir='ltr'><strong>narravit</strong></span> <span class='ocrx_word' id='word_1_402' title='bbox 3632 2612 3842 2674; x_wconf 84' lang='lat' dir='ltr'><strong>omnia,</strong></span> 
     </span>
    </p>
   </div>
   <div class='ocr_carea' id='block_1_57' title="bbox 2255 2701 3842 2777">
    <p class='ocr_par' dir='ltr' id='par_1_57' title="bbox 2255 2701 3842 2777">
     <span class='ocr_line' id='line_1_57' title="bbox 2255 2701 3842 2777; baseline -0.003 -19"><span class='ocrx_word' id='word_1_403' title='bbox 2255 2721 2375 2777; x_wconf 72' lang='lat' dir='ltr'><strong>qua:</strong></span> <span class='ocrx_word' id='word_1_404' title='bbox 2402 2706 2547 2760; x_wconf 91' lang='lat' dir='ltr'><strong>intus</strong></span> <span class='ocrx_word' id='word_1_405' title='bbox 2574 2704 2823 2759; x_wconf 90' lang='lat' dir='ltr'><strong>detentus</strong></span> <span class='ocrx_word' id='word_1_406' title='bbox 2849 2702 3156 2758; x_wconf 83' lang='lat' dir='ltr'><strong>resciverat.</strong></span> <span class='ocrx_word' id='word_1_407' title='bbox 3178 2702 3279 2757; x_wconf 92' lang='lat' dir='ltr'><strong>Ubi</strong></span> <span class='ocrx_word' id='word_1_408' title='bbox 3313 2702 3377 2756; x_wconf 90' lang='lat' dir='ltr'><strong>de</strong></span> <span class='ocrx_word' id='word_1_409' title='bbox 3401 2701 3673 2755; x_wconf 87' lang='lat' dir='ltr'><strong>adulterio</strong></span> <span class='ocrx_word' id='word_1_410' title='bbox 3700 2701 3842 2754; x_wconf 83' lang='lat' dir='ltr'><strong>nulla</strong></span> 
     </span>
    </p>
   </div>
   <div class='ocr_carea' id='block_1_58' title="bbox 2256 2790 3841 2860">
    <p class='ocr_par' dir='ltr' id='par_1_58' title="bbox 2256 2790 3841 2860">
     <span class='ocr_line' id='line_1_58' title="bbox 2256 2790 3841 2860; baseline -0.004 -11"><span class='ocrx_word' id='word_1_411' title='bbox 2256 2795 2523 2851; x_wconf 86' lang='lat' dir='ltr'><strong>universis</strong></span> <span class='ocrx_word' id='word_1_412' title='bbox 2553 2794 2814 2848; x_wconf 87' lang='lat' dir='ltr'><strong>remansit</strong></span> <span class='ocrx_word' id='word_1_413' title='bbox 2857 2792 3136 2857; x_wconf 87' lang='lat' dir='ltr'><strong>dubitatio,</strong></span> <span class='ocrx_word' id='word_1_414' title='bbox 3186 2792 3253 2846; x_wconf 87' lang='lat' dir='ltr'><strong>de</strong></span> <span class='ocrx_word' id='word_1_415' title='bbox 3271 2792 3561 2860; x_wconf 82' lang='lat' dir='ltr'><strong>praestigiis</strong></span> <span class='ocrx_word' id='word_1_416' title='bbox 3608 2790 3841 2844; x_wconf 85' lang='lat' dir='ltr'><strong>sortile-</strong></span> 
     </span>
    </p>
   </div>
   <div class='ocr_carea' id='block_1_59' title="bbox 2256 2879 3845 2955">
    <p class='ocr_par' dir='ltr' id='par_1_59' title="bbox 2256 2879 3845 2955">
     <span class='ocr_line' id='line_1_59' title="bbox 2256 2879 3845 2955; baseline -0.006 -14"><span class='ocrx_word' id='word_1_417' title='bbox 2256 2901 2446 2955; x_wconf 85' lang='lat' dir='ltr'><strong>gorum</strong></span> <span class='ocrx_word' id='word_1_418' title='bbox 2487 2894 2542 2940; x_wconf 89' lang='lat' dir='ltr'><strong>et</strong></span> <span class='ocrx_word' id='word_1_419' title='bbox 2571 2882 3040 2939; x_wconf 88' lang='lat' dir='ltr'><strong>divinationibus:</strong></span> <span class='ocrx_word' id='word_1_420' title='bbox 3081 2892 3311 2951; x_wconf 89' lang='lat' dir='ltr'><strong>tuncque</strong></span> <span class='ocrx_word' id='word_1_421' title='bbox 3359 2896 3458 2951; x_wconf 90' lang='lat' dir='ltr'><strong>per</strong></span> <span class='ocrx_word' id='word_1_422' title='bbox 3494 2896 3617 2934; x_wconf 90' lang='lat' dir='ltr'><strong>eum</strong></span> <span class='ocrx_word' id='word_1_423' title='bbox 3663 2879 3845 2932; x_wconf 89' lang='lat' dir='ltr'><strong>audita</strong></span> 
     </span>
    </p>
   </div>
   <div class='ocr_carea' id='block_1_60' title="bbox 2256 2971 3845 3044">
    <p class='ocr_par' dir='ltr' id='par_1_60' title="bbox 2256 2971 3845 3044">
     <span class='ocr_line' id='line_1_60' title="bbox 2256 2971 3845 3044; baseline -0.006 -13"><span class='ocrx_word' id='word_1_424' title='bbox 2256 2984 2402 3041; x_wconf 88' lang='lat' dir='ltr'><strong>sunt,</strong></span> <span class='ocrx_word' id='word_1_425' title='bbox 2434 2984 2637 3044; x_wconf 87' lang='lat' dir='ltr'><strong>quanta</strong></span> <span class='ocrx_word' id='word_1_426' title='bbox 2664 2983 2720 3028; x_wconf 92' lang='lat' dir='ltr'><strong>et</strong></span> <span class='ocrx_word' id='word_1_427' title='bbox 2745 2973 2922 3043; x_wconf 85' lang='lat' dir='ltr'><strong>qualia</strong></span> <span class='ocrx_word' id='word_1_428' title='bbox 2949 2971 3342 3041; x_wconf 86' lang='lat' dir='ltr'><strong>nusquamjam</strong></span> <span class='ocrx_word' id='word_1_429' title='bbox 3370 2971 3698 3025; x_wconf 88' lang='lat' dir='ltr'><strong>remansisse</strong></span> <span class='ocrx_word' id='word_1_430' title='bbox 3724 2984 3845 3023; x_wconf 85' lang='lat' dir='ltr'><strong>cre-</strong></span> 
     </span>
    </p>
   </div>
   <div class='ocr_carea' id='block_1_61' title="bbox 2255 3059 3845 3134">
    <p class='ocr_par' dir='ltr' id='par_1_61' title="bbox 2255 3059 3845 3134">
     <span class='ocr_line' id='line_1_61' title="bbox 2255 3059 3845 3134; baseline -0.004 -14"><span class='ocrx_word' id='word_1_431' title='bbox 2255 3064 2540 3130; x_wconf 86' lang='lat' dir='ltr'><strong>debantur,</strong></span> <span class='ocrx_word' id='word_1_432' title='bbox 2564 3078 2681 3134; x_wconf 72' lang='lat' dir='ltr'><strong>quae</strong></span> <span class='ocrx_word' id='word_1_433' title='bbox 2710 3072 2834 3118; x_wconf 87' lang='lat' dir='ltr'><strong>tunc</strong></span> <span class='ocrx_word' id='word_1_434' title='bbox 2853 3077 2921 3117; x_wconf 77' lang='lat' dir='ltr'><strong>ex</strong></span> <span class='ocrx_word' id='word_1_435' title='bbox 2948 3062 3093 3117; x_wconf 92' lang='lat' dir='ltr'><strong>omni</strong></span> <span class='ocrx_word' id='word_1_436' title='bbox 3120 3071 3271 3132; x_wconf 83' lang='lat' dir='ltr'><strong>parte</strong></span> <span class='ocrx_word' id='word_1_437' title='bbox 3298 3063 3449 3117; x_wconf 90' lang='lat' dir='ltr'><strong>orbis</strong></span> <span class='ocrx_word' id='word_1_438' title='bbox 3484 3061 3555 3114; x_wconf 86' lang='lat' dir='ltr'><strong>ad</strong></span> <span class='ocrx_word' id='word_1_439' title='bbox 3581 3059 3845 3129; x_wconf 85' lang='lat' dir='ltr'><strong>palatium</strong></span> 
     </span>
    </p>
   </div>
   <div class='ocr_carea' id='block_1_62' title="bbox 2261 3149 3842 3229">
    <p class='ocr_par' dir='ltr' id='par_1_62' title="bbox 2261 3149 3842 3229">
     <span class='ocr_line' id='line_1_62' title="bbox 2261 3149 3842 3229; baseline -0.004 -19"><span class='ocrx_word' id='word_1_440' title='bbox 2261 3157 2464 3210; x_wconf 87' lang='lat' dir='ltr'><strong>coierat</strong></span> <span class='ocrx_word' id='word_1_441' title='bbox 2481 3154 2543 3229; x_wconf 82' lang='lat' dir='ltr'><strong>[f.</strong></span> <span class='ocrx_word' id='word_1_442' title='bbox 2560 3153 2839 3224; x_wconf 79' lang='lat' dir='ltr'><strong>coierant],</strong></span> <span class='ocrx_word' id='word_1_443' title='bbox 2855 3169 2918 3209; x_wconf 91' lang='lat' dir='ltr'><strong>ac</strong></span> <span class='ocrx_word' id='word_1_444' title='bbox 2933 3154 2976 3208; x_wconf 90' lang='lat' dir='ltr'><strong>si</strong></span> <span class='ocrx_word' id='word_1_445' title='bbox 2999 3153 3362 3208; x_wconf 79' lang='lat' dir='ltr'><strong>Antichristus</strong></span> <span class='ocrx_word' id='word_1_446' title='bbox 3386 3167 3505 3207; x_wconf 91' lang='lat' dir='ltr'><strong>cum</strong></span> <span class='ocrx_word' id='word_1_447' title='bbox 3533 3152 3646 3205; x_wconf 89' lang='lat' dir='ltr'><strong>suis</strong></span> <span class='ocrx_word' id='word_1_448' title='bbox 3668 3149 3842 3203; x_wconf 85' lang='lat' dir='ltr'><strong>male-</strong></span> 
     </span>
    </p>
   </div>
   <div class='ocr_carea' id='block_1_63' title="bbox 575 3222 3845 3318">
    <p class='ocr_par' dir='ltr' id='par_1_63' title="bbox 575 3222 3845 3318">
     <span class='ocr_line' id='line_1_63' title="bbox 575 3222 3845 3318; baseline -0.002 -19"><span class='ocrx_word' id='word_1_449' title='bbox 575 3244 822 3300; x_wconf 83' lang='lat' dir='ltr'><strong>delusum</strong></span> <span class='ocrx_word' id='word_1_450' title='bbox 873 3246 1180 3316; x_wconf 67' lang='lat' dir='ltr'><strong>prmstigiis,</strong></span> <span class='ocrx_word' id='word_1_451' title='bbox 1219 3253 1277 3300; x_wconf 92' lang='lat' dir='ltr'><strong>ut</strong></span> <span class='ocrx_word' id='word_1_452' title='bbox 1327 3222 1518 3301; x_wconf 79' lang='lat' dir='ltr'><strong>orunes</strong></span> <span class='ocrx_word' id='word_1_453' title='bbox 1558 3247 1861 3317; x_wconf 86' lang='lat' dir='ltr'><strong>repelleret,</strong></span> <span class='ocrx_word' id='word_1_454' title='bbox 1904 3263 2040 3318; x_wconf 91' lang='lat' dir='ltr'><strong>quos</strong></span> <span class='ocrx_word' id='word_1_455' title='bbox 2068 3256 2162 3305; x_wconf 89' lang='lat' dir='ltr'><strong>aut</strong></span> <span class='ocrx_word' id='word_1_456' title='bbox 2185 3222 2230 3286; x_wconf 66' lang='grc' dir='ltr'><strong>(ἶ</strong></span> <span class='ocrx_word' id='word_1_457' title='bbox 2262 3244 2401 3301; x_wconf 91' lang='lat' dir='ltr'><strong>ﬁciis</strong></span> <span class='ocrx_word' id='word_1_458' title='bbox 2425 3222 2890 3314; x_wconf 47' lang='lat' dir='ltr'><strong>apparuisset._Ad</strong></span> <span class='ocrx_word' id='word_1_459' title='bbox 2915 3241 3159 3296; x_wconf 90' lang='lat' dir='ltr'><strong>ultimum</strong></span> <span class='ocrx_word' id='word_1_460' title='bbox 3188 3257 3317 3297; x_wconf 87' lang='lat' dir='ltr'><strong>vero</strong></span> <span class='ocrx_word' id='word_1_461' title='bbox 3336 3242 3398 3297; x_wconf 87' lang='lat' dir='ltr'><strong>de</strong></span> <span class='ocrx_word' id='word_1_462' title='bbox 3434 3255 3561 3294; x_wconf 90' lang='lat' dir='ltr'><strong>nece</strong></span> <span class='ocrx_word' id='word_1_463' title='bbox 3581 3238 3761 3307; x_wconf 88' lang='lat' dir='ltr'><strong>patris</strong></span> <span class='ocrx_word' id='word_1_464' title='bbox 3782 3246 3845 3291; x_wconf 77' lang='lat' dir='ltr'><strong>et</strong></span> 
     </span>
    </p>
   </div>
   <div class='ocr_carea' id='block_1_64' title="bbox 575 3334 2162 3408">
    <p class='ocr_par' dir='ltr' id='par_1_64' title="bbox 575 3334 2162 3408">
     <span class='ocr_line' id='line_1_64' title="bbox 575 3334 2162 3408; baseline 0.003 -18"><span class='ocrx_word' id='word_1_465' title='bbox 575 3334 714 3404; x_wconf 85' lang='lat' dir='ltr'><strong>ipse,</strong></span> <span class='ocrx_word' id='word_1_466' title='bbox 743 3344 837 3391; x_wconf 89' lang='lat' dir='ltr'><strong>aut</strong></span> <span class='ocrx_word' id='word_1_467' title='bbox 859 3351 1087 3407; x_wconf 88' lang='lat' dir='ltr'><strong>magnus</strong></span> <span class='ocrx_word' id='word_1_468' title='bbox 1133 3344 1290 3407; x_wconf 90' lang='lat' dir='ltr'><strong>pater</strong></span> <span class='ocrx_word' id='word_1_469' title='bbox 1338 3336 1455 3407; x_wconf 84' lang='lat' dir='ltr'><strong>ejus</strong></span> <span class='ocrx_word' id='word_1_470' title='bbox 1492 3337 1787 3408; x_wconf 88' lang='lat' dir='ltr'><strong>imperator</strong></span> <span class='ocrx_word' id='word_1_471' title='bbox 1824 3339 2088 3394; x_wconf 87' lang='lat' dir='ltr'><strong>nutrierat</strong></span> <span class='ocrx_word' id='word_1_472' title='bbox 2131 3354 2162 3394; x_wconf 89' lang='lat' dir='ltr'><strong>a</strong></span> 
     </span>
    </p>
   </div>
   <div class='ocr_carea' id='block_1_65' title="bbox 576 3426 2162 3497">
    <p class='ocr_par' dir='ltr' id='par_1_65' title="bbox 576 3426 2162 3497">
     <span class='ocr_line' id='line_1_65' title="bbox 576 3426 2162 3497; baseline 0.003 -17"><span class='ocrx_word' id='word_1_473' title='bbox 576 3434 806 3489; x_wconf 90' lang='lat' dir='ltr'><strong>secreto,</strong></span> <span class='ocrx_word' id='word_1_474' title='bbox 842 3442 872 3480; x_wconf 89' lang='lat' dir='ltr'><strong>a</strong></span> <span class='ocrx_word' id='word_1_475' title='bbox 902 3426 1188 3497; x_wconf 89' lang='lat' dir='ltr'><strong>colloquio,</strong></span> <span class='ocrx_word' id='word_1_476' title='bbox 1205 3442 1237 3481; x_wconf 94' lang='lat' dir='ltr'><strong>a</strong></span> <span class='ocrx_word' id='word_1_477' title='bbox 1258 3426 1624 3484; x_wconf 80' lang='lat' dir='ltr'><strong>familiaritate</strong></span> <span class='ocrx_word' id='word_1_478' title='bbox 1651 3428 1960 3495; x_wconf 87' lang='lat' dir='ltr'><strong>etconsilio,</strong></span> <span class='ocrx_word' id='word_1_479' title='bbox 1984 3444 2017 3484; x_wconf 89' lang='lat' dir='ltr'><strong>a</strong></span> <span class='ocrx_word' id='word_1_480' title='bbox 2038 3429 2162 3485; x_wconf 87' lang='lat' dir='ltr'><strong>ﬁdei</strong></span> 
     </span>
    </p>
   </div>
   <div class='ocr_carea' id='block_1_66' title="bbox 576 3512 2159 3588">
    <p class='ocr_par' dir='ltr' id='par_1_66' title="bbox 576 3512 2159 3588">
     <span class='ocr_line' id='line_1_66' title="bbox 576 3512 2159 3588; baseline 0.003 -21"><span class='ocrx_word' id='word_1_481' title='bbox 576 3512 706 3579; x_wconf 87' lang='lat' dir='ltr'><strong>ﬁde,</strong></span> <span class='ocrx_word' id='word_1_482' title='bbox 735 3513 805 3571; x_wconf 90' lang='lat' dir='ltr'><strong>ab</strong></span> <span class='ocrx_word' id='word_1_483' title='bbox 826 3514 1140 3581; x_wconf 85' lang='lat' dir='ltr'><strong>honoribus,</strong></span> <span class='ocrx_word' id='word_1_484' title='bbox 1169 3522 1224 3570; x_wconf 90' lang='lat' dir='ltr'><strong>et</strong></span> <span class='ocrx_word' id='word_1_485' title='bbox 1242 3516 1311 3570; x_wconf 88' lang='lat' dir='ltr'><strong>ah</strong></span> <span class='ocrx_word' id='word_1_486' title='bbox 1323 3515 1471 3571; x_wconf 91' lang='lat' dir='ltr'><strong>omni</strong></span> <span class='ocrx_word' id='word_1_487' title='bbox 1500 3518 1773 3575; x_wconf 89' lang='lat' dir='ltr'><strong>consortio</strong></span> <span class='ocrx_word' id='word_1_488' title='bbox 1799 3517 1994 3588; x_wconf 91' lang='lat' dir='ltr'><strong>prioris</strong></span> <span class='ocrx_word' id='word_1_489' title='bbox 2018 3519 2159 3574; x_wconf 63' lang='lat' dir='ltr'><strong>vitae.</strong></span> 
     </span>
    </p>
   </div>
   <div class='ocr_carea' id='block_1_67' title="bbox 578 3602 2165 3678">
    <p class='ocr_par' dir='ltr' id='par_1_67' title="bbox 578 3602 2165 3678">
     <span class='ocr_line' id='line_1_67' title="bbox 578 3602 2165 3678; baseline 0.004 -21"><span class='ocrx_word' id='word_1_490' title='bbox 578 3604 681 3671; x_wconf 92' lang='lat' dir='ltr'><strong>Qui</strong></span> <span class='ocrx_word' id='word_1_491' title='bbox 716 3602 855 3659; x_wconf 85' lang='lat' dir='ltr'><strong>furia</strong></span> <span class='ocrx_word' id='word_1_492' title='bbox 882 3613 937 3661; x_wconf 90' lang='lat' dir='ltr'><strong>et</strong></span> <span class='ocrx_word' id='word_1_493' title='bbox 988 3614 1177 3663; x_wconf 86' lang='lat' dir='ltr'><strong>auctor</strong></span> <span class='ocrx_word' id='word_1_494' title='bbox 1207 3605 1447 3672; x_wconf 87' lang='lat' dir='ltr'><strong>sceleris,</strong></span> <span class='ocrx_word' id='word_1_495' title='bbox 1478 3622 1602 3662; x_wconf 92' lang='lat' dir='ltr'><strong>cum</strong></span> <span class='ocrx_word' id='word_1_496' title='bbox 1643 3618 1789 3663; x_wconf 89' lang='lat' dir='ltr'><strong>esset</strong></span> <span class='ocrx_word' id='word_1_497' title='bbox 1808 3608 2046 3663; x_wconf 89' lang='lat' dir='ltr'><strong>munitus</strong></span> <span class='ocrx_word' id='word_1_498' title='bbox 2072 3624 2165 3678; x_wconf 92' lang='lat' dir='ltr'><strong>po-</strong></span> 
     </span>
    </p>
   </div>
   <div class='ocr_carea' id='block_1_68' title="bbox 577 3697 2165 3770">
    <p class='ocr_par' dir='ltr' id='par_1_68' title="bbox 577 3697 2165 3770">
     <span class='ocr_line' id='line_1_68' title="bbox 577 3697 2165 3770; baseline 0.003 -19"><span class='ocrx_word' id='word_1_499' title='bbox 577 3704 775 3752; x_wconf 86' lang='lat' dir='ltr'><strong>testate</strong></span> <span class='ocrx_word' id='word_1_500' title='bbox 806 3697 972 3769; x_wconf 84' lang='lat' dir='ltr'><strong>regia,</strong></span> <span class='ocrx_word' id='word_1_501' title='bbox 1013 3697 1285 3768; x_wconf 81' lang='lat' dir='ltr'><strong>praenituit</strong></span> <span class='ocrx_word' id='word_1_502' title='bbox 1317 3699 1463 3769; x_wconf 91' lang='lat' dir='ltr'><strong>quod</strong></span> <span class='ocrx_word' id='word_1_503' title='bbox 1511 3707 1656 3755; x_wconf 88' lang='lat' dir='ltr'><strong>esset</strong></span> <span class='ocrx_word' id='word_1_504' title='bbox 1707 3699 1840 3757; x_wconf 91' lang='lat' dir='ltr'><strong>ultio</strong></span> <span class='ocrx_word' id='word_1_505' title='bbox 1862 3700 2165 3770; x_wconf 74' lang='lat' dir='ltr'><strong>prazterito-</strong></span> 
     </span>
    </p>
   </div>
   <div class='ocr_carea' id='block_1_69' title="bbox 579 3787 2164 3854">
    <p class='ocr_par' dir='ltr' id='par_1_69' title="bbox 579 3787 2164 3854">
     <span class='ocr_line' id='line_1_69' title="bbox 579 3787 2164 3854; baseline 0.003 -14"><span class='ocrx_word' id='word_1_506' title='bbox 579 3801 704 3841; x_wconf 90' lang='lat' dir='ltr'><strong>rum</strong></span> <span class='ocrx_word' id='word_1_507' title='bbox 734 3787 1021 3854; x_wconf 88' lang='lat' dir='ltr'><strong>scelerum,</strong></span> <span class='ocrx_word' id='word_1_508' title='bbox 1048 3796 1104 3843; x_wconf 90' lang='lat' dir='ltr'><strong>et</strong></span> <span class='ocrx_word' id='word_1_509' title='bbox 1158 3788 1552 3845; x_wconf 89' lang='lat' dir='ltr'><strong>incrementum</strong></span> <span class='ocrx_word' id='word_1_510' title='bbox 1596 3788 1741 3845; x_wconf 91' lang='lat' dir='ltr'><strong>mali.</strong></span> <span class='ocrx_word' id='word_1_511' title='bbox 1776 3789 1929 3846; x_wconf 85' lang='lat' dir='ltr'><strong>Unde</strong></span> <span class='ocrx_word' id='word_1_512' title='bbox 1960 3790 2164 3845; x_wconf 84' lang='lat' dir='ltr'><strong>factum</strong></span> 
     </span>
    </p>
   </div>
   <div class='ocr_carea' id='block_1_70' title="bbox 578 3875 2165 3951">
    <p class='ocr_par' dir='ltr' id='par_1_70' title="bbox 578 3875 2165 3951">
     <span class='ocr_line' id='line_1_70' title="bbox 578 3875 2165 3951; baseline 0.002 -20"><span class='ocrx_word' id='word_1_513' title='bbox 578 3881 686 3940; x_wconf 85' lang='lat' dir='ltr'><strong>est,</strong></span> <span class='ocrx_word' id='word_1_514' title='bbox 709 3883 766 3929; x_wconf 94' lang='lat' dir='ltr'><strong>ut</strong></span> <span class='ocrx_word' id='word_1_515' title='bbox 797 3875 849 3930; x_wconf 94' lang='lat' dir='ltr'><strong>in</strong></span> <span class='ocrx_word' id='word_1_516' title='bbox 877 3892 1042 3947; x_wconf 86' lang='lat' dir='ltr'><strong>regno</strong></span> <span class='ocrx_word' id='word_1_517' title='bbox 1071 3876 1252 3933; x_wconf 90' lang='lat' dir='ltr'><strong>nullus</strong></span> <span class='ocrx_word' id='word_1_518' title='bbox 1298 3877 1443 3933; x_wconf 91' lang='lat' dir='ltr'><strong>aliud</strong></span> <span class='ocrx_word' id='word_1_519' title='bbox 1488 3886 1694 3948; x_wconf 90' lang='lat' dir='ltr'><strong>posset,</strong></span> <span class='ocrx_word' id='word_1_520' title='bbox 1726 3880 1829 3935; x_wconf 92' lang='lat' dir='ltr'><strong>nisi</strong></span> <span class='ocrx_word' id='word_1_521' title='bbox 1866 3879 2013 3951; x_wconf 90' lang='lat' dir='ltr'><strong>quod</strong></span> <span class='ocrx_word' id='word_1_522' title='bbox 2050 3879 2165 3949; x_wconf 90' lang='lat' dir='ltr'><strong>ipse</strong></span> 
     </span>
    </p>
   </div>
   <div class='ocr_carea' id='block_1_71' title="bbox 582 3963 2164 4041">
    <p class='ocr_par' dir='ltr' id='par_1_71' title="bbox 582 3963 2164 4041">
     <span class='ocr_line' id='line_1_71' title="bbox 582 3963 2164 4041; baseline 0.006 -24"><span class='ocrx_word' id='word_1_523' title='bbox 582 3963 763 4030; x_wconf 86' lang='lat' dir='ltr'><strong>vellet,</strong></span> <span class='ocrx_word' id='word_1_524' title='bbox 797 3974 889 4020; x_wconf 87' lang='lat' dir='ltr'><strong>aut</strong></span> <span class='ocrx_word' id='word_1_525' title='bbox 935 3968 1233 4023; x_wconf 86' lang='lat' dir='ltr'><strong>mandaret.</strong></span> <span class='ocrx_word' id='word_1_526' title='bbox 1264 3968 1340 4023; x_wconf 87' lang='lat' dir='ltr'><strong>lta</strong></span> <span class='ocrx_word' id='word_1_527' title='bbox 1386 3983 1577 4025; x_wconf 90' lang='lat' dir='ltr'><strong>omnes</strong></span> <span class='ocrx_word' id='word_1_528' title='bbox 1623 3969 1889 4041; x_wconf 83' lang='lat' dir='ltr'><strong>siquidem</strong></span> <span class='ocrx_word' id='word_1_529' title='bbox 1920 3971 2164 4041; x_wconf 89' lang='lat' dir='ltr'><strong>oppressi</strong></span> 
     </span>
    </p>
   </div>
   <div class='ocr_carea' id='block_1_72' title="bbox 582 4057 2165 4126">
    <p class='ocr_par' dir='ltr' id='par_1_72' title="bbox 582 4057 2165 4126">
     <span class='ocr_line' id='line_1_72' title="bbox 582 4057 2165 4126; baseline 0.006 -19"><span class='ocrx_word' id='word_1_530' title='bbox 582 4062 729 4118; x_wconf 90' lang='lat' dir='ltr'><strong>sunt,</strong></span> <span class='ocrx_word' id='word_1_531' title='bbox 758 4057 911 4124; x_wconf 84' lang='lat' dir='ltr'><strong>quasi</strong></span> <span class='ocrx_word' id='word_1_532' title='bbox 938 4071 1002 4111; x_wconf 84' lang='lat' dir='ltr'><strong>ex</strong></span> <span class='ocrx_word' id='word_1_533' title='bbox 1035 4057 1234 4113; x_wconf 90' lang='lat' dir='ltr'><strong>indicio</strong></span> <span class='ocrx_word' id='word_1_534' title='bbox 1261 4057 1460 4114; x_wconf 88' lang='lat' dir='ltr'><strong>furoris</strong></span> <span class='ocrx_word' id='word_1_535' title='bbox 1488 4060 1606 4126; x_wconf 87' lang='lat' dir='ltr'><strong>Dei,</strong></span> <span class='ocrx_word' id='word_1_536' title='bbox 1651 4075 1721 4116; x_wconf 89' lang='lat' dir='ltr'><strong>ne</strong></span> <span class='ocrx_word' id='word_1_537' title='bbox 1768 4060 1908 4116; x_wconf 91' lang='lat' dir='ltr'><strong>ullus</strong></span> <span class='ocrx_word' id='word_1_538' title='bbox 1941 4062 2165 4116; x_wconf 88' lang='lat' dir='ltr'><strong>auderet</strong></span> 
     </span>
    </p>
   </div>
   <div class='ocr_carea' id='block_1_73' title="bbox 582 4146 2163 4222">
    <p class='ocr_par' dir='ltr' id='par_1_73' title="bbox 582 4146 2163 4222">
     <span class='ocr_line' id='line_1_73' title="bbox 582 4146 2163 4222; baseline 0.005 -23"><span class='ocrx_word' id='word_1_539' title='bbox 582 4146 838 4201; x_wconf 88' lang='lat' dir='ltr'><strong>resistere</strong></span> <span class='ocrx_word' id='word_1_540' title='bbox 862 4148 948 4202; x_wconf 85' lang='lat' dir='ltr'><strong>vel</strong></span> <span class='ocrx_word' id='word_1_541' title='bbox 967 4150 1237 4204; x_wconf 88' lang='lat' dir='ltr'><strong>contraire</strong></span> <span class='ocrx_word' id='word_1_542' title='bbox 1262 4168 1274 4202; x_wconf 88' lang='lat'><strong>:</strong></span> <span class='ocrx_word' id='word_1_543' title='bbox 1313 4151 1438 4219; x_wconf 88' lang='lat' dir='ltr'><strong>quia</strong></span> <span class='ocrx_word' id='word_1_544' title='bbox 1463 4161 1703 4221; x_wconf 88' lang='lat' dir='ltr'><strong>potestas</strong></span> <span class='ocrx_word' id='word_1_545' title='bbox 1733 4160 1788 4207; x_wconf 92' lang='lat' dir='ltr'><strong>et</strong></span> <span class='ocrx_word' id='word_1_546' title='bbox 1818 4153 2070 4207; x_wconf 89' lang='lat' dir='ltr'><strong>voluntas</strong></span> <span class='ocrx_word' id='word_1_547' title='bbox 2089 4152 2163 4222; x_wconf 88' lang='lat' dir='ltr'><strong>pii</strong></span> 
     </span>
    </p>
   </div>
   <div class='ocr_carea' id='block_1_74' title="bbox 583 4234 2161 4310">
    <p class='ocr_par' dir='ltr' id='par_1_74' title="bbox 583 4234 2161 4310">
     <span class='ocr_line' id='line_1_74' title="bbox 583 4234 2161 4310; baseline 0.006 -22"><span class='ocrx_word' id='word_1_548' title='bbox 583 4234 949 4305; x_wconf 89' lang='lat' dir='ltr'><strong>imperatoris,</strong></span> <span class='ocrx_word' id='word_1_549' title='bbox 982 4253 1045 4294; x_wconf 91' lang='lat' dir='ltr'><strong>ac</strong></span> <span class='ocrx_word' id='word_1_550' title='bbox 1063 4239 1108 4293; x_wconf 90' lang='lat' dir='ltr'><strong>si</strong></span> <span class='ocrx_word' id='word_1_551' title='bbox 1138 4238 1473 4305; x_wconf 88' lang='lat' dir='ltr'><strong>innocenter,</strong></span> <span class='ocrx_word' id='word_1_552' title='bbox 1494 4255 1614 4294; x_wconf 88' lang='lat' dir='ltr'><strong>cum</strong></span> <span class='ocrx_word' id='word_1_553' title='bbox 1645 4242 1998 4310; x_wconf 89' lang='lat' dir='ltr'><strong>spurcissimo</strong></span> <span class='ocrx_word' id='word_1_554' title='bbox 2024 4252 2161 4300; x_wconf 90' lang='lat' dir='ltr'><strong>erat.</strong></span> 
     </span>
    </p>
   </div>
   <div class='ocr_carea' id='block_1_75' title="bbox 583 4322 2165 4404">
    <p class='ocr_par' dir='ltr' id='par_1_75' title="bbox 583 4322 2165 4404">
     <span class='ocr_line' id='line_1_75' title="bbox 583 4322 2165 4404; baseline 0.008 -26"><span class='ocrx_word' id='word_1_555' title='bbox 583 4322 737 4392; x_wconf 90' lang='lat' dir='ltr'><strong>Quod</strong></span> <span class='ocrx_word' id='word_1_556' title='bbox 764 4325 965 4383; x_wconf 82' lang='lat' dir='ltr'><strong>factum</strong></span> <span class='ocrx_word' id='word_1_557' title='bbox 1006 4329 1070 4385; x_wconf 89' lang='lat' dir='ltr'><strong>ad</strong></span> <span class='ocrx_word' id='word_1_558' title='bbox 1095 4330 1407 4387; x_wconf 86' lang='lat' dir='ltr'><strong>memoriam</strong></span> <span class='ocrx_word' id='word_1_559' title='bbox 1438 4331 1781 4401; x_wconf 65' lang='lat' dir='ltr'><strong>sempiternae</strong></span> <span class='ocrx_word' id='word_1_560' title='bbox 1808 4335 2165 4404; x_wconf 87' lang='lat' dir='ltr'><strong>turpitudinis</strong></span> 
     </span>
    </p>
   </div>
   <div class='ocr_carea' id='block_1_76' title="bbox 585 4416 2167 4493">
    <p class='ocr_par' dir='ltr' id='par_1_76' title="bbox 585 4416 2167 4493">
     <span class='ocr_line' id='line_1_76' title="bbox 585 4416 2167 4493; baseline 0.006 -23"><span class='ocrx_word' id='word_1_561' title='bbox 585 4416 788 4473; x_wconf 87' lang='lat' dir='ltr'><strong>factum</strong></span> <span class='ocrx_word' id='word_1_562' title='bbox 816 4430 917 4474; x_wconf 90' lang='lat' dir='ltr'><strong>est.</strong></span> <span class='ocrx_word' id='word_1_563' title='bbox 958 4419 1402 4491; x_wconf 88' lang='lat' dir='ltr'><strong>Quandoquidem</strong></span> <span class='ocrx_word' id='word_1_564' title='bbox 1459 4437 1579 4478; x_wconf 90' lang='lat' dir='ltr'><strong>cum</strong></span> <span class='ocrx_word' id='word_1_565' title='bbox 1624 4422 1734 4493; x_wconf 87' lang='lat' dir='ltr'><strong>jam</strong></span> <span class='ocrx_word' id='word_1_566' title='bbox 1780 4424 2167 4482; x_wconf 88' lang='lat' dir='ltr'><strong>inchoareutur</strong></span> 
     </span>
    </p>
   </div>
   <div class='ocr_carea' id='block_1_77' title="bbox 585 4512 2165 4585">
    <p class='ocr_par' dir='ltr' id='par_1_77' title="bbox 585 4512 2165 4585">
     <span class='ocr_line' id='line_1_77' title="bbox 585 4512 2165 4585; baseline 0.004 -20"><span class='ocrx_word' id='word_1_567' title='bbox 585 4528 705 4585; x_wconf 69' lang='lat' dir='ltr'><strong>qua:</strong></span> <span class='ocrx_word' id='word_1_568' title='bbox 733 4512 933 4567; x_wconf 89' lang='lat' dir='ltr'><strong>dudum</strong></span> <span class='ocrx_word' id='word_1_569' title='bbox 957 4523 1130 4582; x_wconf 71' lang='lat' dir='ltr'><strong>empta</strong></span> <span class='ocrx_word' id='word_1_570' title='bbox 1159 4521 1334 4579; x_wconf 90' lang='lat' dir='ltr'><strong>erant,</strong></span> <span class='ocrx_word' id='word_1_571' title='bbox 1364 4514 1731 4584; x_wconf 61' lang='lat' dir='ltr'><strong>quaﬁnierant</strong></span> <span class='ocrx_word' id='word_1_572' title='bbox 1764 4516 2010 4581; x_wconf 83' lang='lat' dir='ltr'><strong>consilia,</strong></span> <span class='ocrx_word' id='word_1_573' title='bbox 2042 4532 2165 4572; x_wconf 89' lang='lat' dir='ltr'><strong>cum</strong></span> 
     </span>
    </p>
   </div>
   <div class='ocr_carea' id='block_1_78' title="bbox 584 4604 2165 4675">
    <p class='ocr_par' dir='ltr' id='par_1_78' title="bbox 584 4604 2165 4675">
     <span class='ocr_line' id='line_1_78' title="bbox 584 4604 2165 4675; baseline 0.004 -17"><span class='ocrx_word' id='word_1_574' title='bbox 584 4608 689 4659; x_wconf 89' lang='lat' dir='ltr'><strong>iter</strong></span> <span class='ocrx_word' id='word_1_575' title='bbox 713 4604 979 4673; x_wconf 88' lang='lat' dir='ltr'><strong>arriperet</strong></span> <span class='ocrx_word' id='word_1_576' title='bbox 1024 4620 1117 4659; x_wconf 72' lang='lat' dir='ltr'><strong>rex</strong></span> <span class='ocrx_word' id='word_1_577' title='bbox 1145 4614 1200 4659; x_wconf 89' lang='lat' dir='ltr'><strong>et</strong></span> <span class='ocrx_word' id='word_1_578' title='bbox 1227 4607 1434 4675; x_wconf 79' lang='lat' dir='ltr'><strong>regina,</strong></span> <span class='ocrx_word' id='word_1_579' title='bbox 1467 4605 1605 4661; x_wconf 91' lang='lat' dir='ltr'><strong>illius</strong></span> <span class='ocrx_word' id='word_1_580' title='bbox 1634 4607 1944 4661; x_wconf 68' lang='lat' dir='ltr'><strong>smvissimm</strong></span> <span class='ocrx_word' id='word_1_581' title='bbox 1980 4608 2165 4664; x_wconf 74' lang='lat' dir='ltr'><strong>bestia:</strong></span> 
     </span>
    </p>
   </div>
   <div class='ocr_carea' id='block_1_79' title="bbox 584 4695 2165 4767">
    <p class='ocr_par' dir='ltr' id='par_1_79' title="bbox 584 4695 2165 4767">
     <span class='ocr_line' id='line_1_79' title="bbox 584 4695 2165 4767; baseline 0.001 -19"><span class='ocrx_word' id='word_1_582' title='bbox 584 4695 780 4748; x_wconf 89' lang='lat' dir='ltr'><strong>ducatu</strong></span> <span class='ocrx_word' id='word_1_583' title='bbox 805 4711 819 4760; x_wconf 89' lang='lat'><strong>;</strong></span> <span class='ocrx_word' id='word_1_584' title='bbox 852 4695 965 4749; x_wconf 89' lang='lat' dir='ltr'><strong>ibat</strong></span> <span class='ocrx_word' id='word_1_585' title='bbox 1013 4695 1286 4765; x_wconf 84' lang='lat' dir='ltr'><strong>Augustus</strong></span> <span class='ocrx_word' id='word_1_586' title='bbox 1330 4697 1480 4765; x_wconf 88' lang='lat' dir='ltr'><strong>quasi</strong></span> <span class='ocrx_word' id='word_1_587' title='bbox 1510 4697 1768 4752; x_wconf 88' lang='lat' dir='ltr'><strong>innocens</strong></span> <span class='ocrx_word' id='word_1_588' title='bbox 1795 4713 1966 4767; x_wconf 87' lang='lat' dir='ltr'><strong>agnus</strong></span> <span class='ocrx_word' id='word_1_589' title='bbox 1990 4698 2059 4752; x_wconf 90' lang='lat' dir='ltr'><strong>ad</strong></span> <span class='ocrx_word' id='word_1_590' title='bbox 2083 4699 2165 4751; x_wconf 84' lang='lat' dir='ltr'><strong>vi-</strong></span> 
     </span>
    </p>
   </div>
   <div class='ocr_carea' id='block_1_80' title="bbox 560 4785 2167 4857">
    <p class='ocr_par' dir='ltr' id='par_1_80' title="bbox 560 4785 2167 4857">
     <span class='ocr_line' id='line_1_80' title="bbox 560 4785 2167 4857; baseline 0.004 -20"><span class='ocrx_word' id='word_1_591' title='bbox 560 4785 804 4852; x_wconf 34' lang='lat' dir='ltr'><strong>,ctimam</strong></span> <span class='ocrx_word' id='word_1_592' title='bbox 832 4802 846 4850; x_wconf 90' lang='lat'><strong>;</strong></span> <span class='ocrx_word' id='word_1_593' title='bbox 878 4785 989 4840; x_wconf 89' lang='lat' dir='ltr'><strong>ibat</strong></span> <span class='ocrx_word' id='word_1_594' title='bbox 1027 4786 1320 4855; x_wconf 87' lang='lat' dir='ltr'><strong>imperator</strong></span> <span class='ocrx_word' id='word_1_595' title='bbox 1356 4802 1586 4857; x_wconf 84' lang='lat' dir='ltr'><strong>magnus</strong></span> <span class='ocrx_word' id='word_1_596' title='bbox 1607 4795 1665 4842; x_wconf 86' lang='lat' dir='ltr'><strong>et</strong></span> <span class='ocrx_word' id='word_1_597' title='bbox 1702 4788 1957 4854; x_wconf 88' lang='lat' dir='ltr'><strong>clemens,</strong></span> <span class='ocrx_word' id='word_1_598' title='bbox 2011 4788 2167 4844; x_wconf 84' lang='lat' dir='ltr'><strong>dece-</strong></span> 
     </span>
    </p>
   </div>
   <div class='ocr_carea' id='block_1_81' title="bbox 585 4876 2168 4945">
    <p class='ocr_par' dir='ltr' id='par_1_81' title="bbox 585 4876 2168 4945">
     <span class='ocr_line' id='line_1_81' title="bbox 585 4876 2168 4945; baseline 0.003 -16"><span class='ocrx_word' id='word_1_599' title='bbox 585 4885 709 4943; x_wconf 79' lang='lat' dir='ltr'><strong>plus</strong></span> <span class='ocrx_word' id='word_1_600' title='bbox 741 4891 767 4928; x_wconf 87' lang='lat' dir='ltr'><strong>a</strong></span> <span class='ocrx_word' id='word_1_601' title='bbox 800 4891 903 4945; x_wconf 89' lang='lat' dir='ltr'><strong>qua</strong></span> <span class='ocrx_word' id='word_1_602' title='bbox 932 4892 1055 4931; x_wconf 91' lang='lat' dir='ltr'><strong>eum</strong></span> <span class='ocrx_word' id='word_1_603' title='bbox 1087 4876 1341 4931; x_wconf 85' lang='lat' dir='ltr'><strong>Salomon</strong></span> <span class='ocrx_word' id='word_1_604' title='bbox 1376 4893 1571 4933; x_wconf 88' lang='lat' dir='ltr'><strong>cavere</strong></span> <span class='ocrx_word' id='word_1_605' title='bbox 1600 4888 1900 4945; x_wconf 85' lang='lat' dir='ltr'><strong>monuerat,</strong></span> <span class='ocrx_word' id='word_1_606' title='bbox 1943 4880 2052 4934; x_wconf 92' lang='lat' dir='ltr'><strong>imo</strong></span> <span class='ocrx_word' id='word_1_607' title='bbox 2094 4880 2168 4935; x_wconf 56' lang='lat' dir='ltr'><strong>le.</strong></span> 
     </span>
    </p>
   </div>
   <div class='ocr_carea' id='block_1_82' title="bbox 572 4966 2170 5040">
    <p class='ocr_par' dir='ltr' id='par_1_82' title="bbox 572 4966 2170 5040">
     <span class='ocr_line' id='line_1_82' title="bbox 572 4966 2170 5040; baseline 0.004 -19"><span class='ocrx_word' id='word_1_608' title='bbox 572 4967 744 5023; x_wconf 84' lang='lat' dir='ltr'><strong>.nonis</strong></span> <span class='ocrx_word' id='word_1_609' title='bbox 766 4966 1002 5035; x_wconf 87' lang='lat' dir='ltr'><strong>ejusdem</strong></span> <span class='ocrx_word' id='word_1_610' title='bbox 1027 4968 1260 5034; x_wconf 90' lang='lat' dir='ltr'><strong>insidiis,</strong></span> <span class='ocrx_word' id='word_1_611' title='bbox 1283 4969 1349 5023; x_wconf 91' lang='lat' dir='ltr'><strong>ad</strong></span> <span class='ocrx_word' id='word_1_612' title='bbox 1379 4979 1606 5023; x_wconf 92' lang='lat' dir='ltr'><strong>mortem</strong></span> <span class='ocrx_word' id='word_1_613' title='bbox 1642 4984 1656 5023; x_wconf 89' lang='lat'><strong>:</strong></span> <span class='ocrx_word' id='word_1_614' title='bbox 1685 4970 1776 5040; x_wconf 90' lang='lat' dir='ltr'><strong>qui</strong></span> <span class='ocrx_word' id='word_1_615' title='bbox 1798 4986 1902 5025; x_wconf 92' lang='lat' dir='ltr'><strong>non</strong></span> <span class='ocrx_word' id='word_1_616' title='bbox 1927 4972 1997 5028; x_wconf 89' lang='lat' dir='ltr'><strong>ob</strong></span> <span class='ocrx_word' id='word_1_617' title='bbox 2029 4972 2170 5027; x_wconf 89' lang='lat' dir='ltr'><strong>aliud</strong></span> 
     </span>
    </p>
   </div>
   <div class='ocr_carea' id='block_1_83' title="bbox 589 5060 2165 5133">
    <p class='ocr_par' dir='ltr' id='par_1_83' title="bbox 589 5060 2165 5133">
     <span class='ocr_line' id='line_1_83' title="bbox 589 5060 2165 5133; baseline 0.001 -19"><span class='ocrx_word' id='word_1_618' title='bbox 589 5061 922 5126; x_wconf 81' lang='lat' dir='ltr'><strong>servabatur,</strong></span> <span class='ocrx_word' id='word_1_619' title='bbox 953 5060 1055 5115; x_wconf 91' lang='lat' dir='ltr'><strong>nisi</strong></span> <span class='ocrx_word' id='word_1_620' title='bbox 1091 5060 1206 5129; x_wconf 86' lang='lat' dir='ltr'><strong>ejus</strong></span> <span class='ocrx_word' id='word_1_621' title='bbox 1228 5069 1494 5133; x_wconf 90' lang='lat' dir='ltr'><strong>potestate</strong></span> <span class='ocrx_word' id='word_1_622' title='bbox 1513 5060 1603 5129; x_wconf 86' lang='lat' dir='ltr'><strong>jus</strong></span> <span class='ocrx_word' id='word_1_623' title='bbox 1631 5062 1953 5131; x_wconf 87' lang='lat' dir='ltr'><strong>diriperetur</strong></span> <span class='ocrx_word' id='word_1_624' title='bbox 1994 5063 2165 5133; x_wconf 86' lang='lat' dir='ltr'><strong>impe-</strong></span> 
     </span>
    </p>
   </div>
   <div class='ocr_carea' id='block_1_84' title="bbox 590 5150 2168 5223">
    <p class='ocr_par' dir='ltr' id='par_1_84' title="bbox 590 5150 2168 5223">
     <span class='ocr_line' id='line_1_84' title="bbox 590 5150 2168 5223; baseline 0 -18"><span class='ocrx_word' id='word_1_625' title='bbox 590 5152 681 5216; x_wconf 89' lang='lat' dir='ltr'><strong>rii,</strong></span> <span class='ocrx_word' id='word_1_626' title='bbox 707 5159 757 5205; x_wconf 87' lang='lat' dir='ltr'><strong>et</strong></span> <span class='ocrx_word' id='word_1_627' title='bbox 786 5151 931 5205; x_wconf 88' lang='lat' dir='ltr'><strong>fraus</strong></span> <span class='ocrx_word' id='word_1_628' title='bbox 962 5152 1166 5206; x_wconf 87' lang='lat' dir='ltr'><strong>inimici</strong></span> <span class='ocrx_word' id='word_1_629' title='bbox 1200 5154 1525 5206; x_wconf 87' lang='lat' dir='ltr'><strong>redundaret</strong></span> <span class='ocrx_word' id='word_1_630' title='bbox 1555 5151 1606 5205; x_wconf 89' lang='lat' dir='ltr'><strong>in</strong></span> <span class='ocrx_word' id='word_1_631' title='bbox 1639 5167 1847 5217; x_wconf 62' lang='lat' dir='ltr'><strong>mutuas.</strong></span> <span class='ocrx_word' id='word_1_632' title='bbox 1878 5150 2044 5207; x_wconf 80' lang='lat' dir='ltr'><strong>Nemo</strong></span> <span class='ocrx_word' id='word_1_633' title='bbox 2067 5152 2168 5223; x_wconf 82' lang='lat' dir='ltr'><strong>igi-</strong></span> 
     </span>
    </p>
   </div>
   <div class='ocr_carea' id='block_1_85' title="bbox 588 5245 2168 5315">
    <p class='ocr_par' dir='ltr' id='par_1_85' title="bbox 588 5245 2168 5315">
     <span class='ocr_line' id='line_1_85' title="bbox 588 5245 2168 5315; baseline -0.003 -14"><span class='ocrx_word' id='word_1_634' title='bbox 588 5255 677 5301; x_wconf 89' lang='lat' dir='ltr'><strong>tur</strong></span> <span class='ocrx_word' id='word_1_635' title='bbox 702 5245 896 5314; x_wconf 88' lang='lat' dir='ltr'><strong>estqui</strong></span> <span class='ocrx_word' id='word_1_636' title='bbox 922 5246 1128 5310; x_wconf 85' lang='lat' dir='ltr'><strong>credat,</strong></span> <span class='ocrx_word' id='word_1_637' title='bbox 1150 5261 1317 5303; x_wconf 71' lang='lat' dir='ltr'><strong>nemo,</strong></span> <span class='ocrx_word' id='word_1_638' title='bbox 1334 5246 1421 5313; x_wconf 93' lang='lat' dir='ltr'><strong>qui</strong></span> <span class='ocrx_word' id='word_1_639' title='bbox 1446 5246 1702 5315; x_wconf 83' lang='lat' dir='ltr'><strong>recogitet</strong></span> <span class='ocrx_word' id='word_1_640' title='bbox 1720 5260 1839 5313; x_wconf 73' lang='lat' dir='ltr'><strong>qum</strong></span> <span class='ocrx_word' id='word_1_641' title='bbox 1864 5253 2008 5311; x_wconf 66' lang='lat' dir='ltr'><strong>gesta</strong></span> <span class='ocrx_word' id='word_1_642' title='bbox 2024 5252 2168 5308; x_wconf 88' lang='lat' dir='ltr'><strong>sunt,</strong></span> 
     </span>
    </p>
   </div>
   <div class='ocr_carea' id='block_1_86' title="bbox 591 5334 2169 5407">
    <p class='ocr_par' dir='ltr' id='par_1_86' title="bbox 591 5334 2169 5407">
     <span class='ocr_line' id='line_1_86' title="bbox 591 5334 2169 5407; baseline -0.003 -15"><span class='ocrx_word' id='word_1_643' title='bbox 591 5353 710 5406; x_wconf 65' lang='lat' dir='ltr'><strong>qure</strong></span> <span class='ocrx_word' id='word_1_644' title='bbox 748 5347 891 5401; x_wconf 82' lang='lat' dir='ltr'><strong>acta,</strong></span> <span class='ocrx_word' id='word_1_645' title='bbox 925 5336 1156 5407; x_wconf 87' lang='lat' dir='ltr'><strong>qualiter</strong></span> <span class='ocrx_word' id='word_1_646' title='bbox 1176 5345 1268 5389; x_wconf 90' lang='lat' dir='ltr'><strong>aut</strong></span> <span class='ocrx_word' id='word_1_647' title='bbox 1295 5345 1494 5405; x_wconf 86' lang='lat' dir='ltr'><strong>quanta</strong></span> <span class='ocrx_word' id='word_1_648' title='bbox 1523 5353 1534 5387; x_wconf 94' lang='lat'><strong>:</strong></span> <span class='ocrx_word' id='word_1_649' title='bbox 1566 5335 1767 5388; x_wconf 89' lang='lat' dir='ltr'><strong>idcirco</strong></span> <span class='ocrx_word' id='word_1_650' title='bbox 1783 5350 1942 5388; x_wconf 84' lang='lat' dir='ltr'><strong>nemo</strong></span> <span class='ocrx_word' id='word_1_651' title='bbox 1971 5344 2054 5389; x_wconf 89' lang='lat' dir='ltr'><strong>est</strong></span> <span class='ocrx_word' id='word_1_652' title='bbox 2079 5334 2169 5403; x_wconf 90' lang='lat' dir='ltr'><strong>qui</strong></span> 
     </span>
    </p>
   </div>
   <div class='ocr_carea' id='block_1_87' title="bbox 590 5426 2172 5498">
    <p class='ocr_par' dir='ltr' id='par_1_87' title="bbox 590 5426 2172 5498">
     <span class='ocr_line' id='line_1_87' title="bbox 590 5426 2172 5498; baseline -0.001 -17"><span class='ocrx_word' id='word_1_653' title='bbox 590 5427 870 5497; x_wconf 85' lang='lat' dir='ltr'><strong>intelligat,</strong></span> <span class='ocrx_word' id='word_1_654' title='bbox 896 5443 993 5481; x_wconf 89' lang='lat' dir='ltr'><strong>cur</strong></span> <span class='ocrx_word' id='word_1_655' title='bbox 1023 5437 1116 5481; x_wconf 91' lang='lat' dir='ltr'><strong>aut</strong></span> <span class='ocrx_word' id='word_1_656' title='bbox 1141 5429 1410 5498; x_wconf 86' lang='lat' dir='ltr'><strong>quomodo</strong></span> <span class='ocrx_word' id='word_1_657' title='bbox 1440 5426 1754 5491; x_wconf 87' lang='lat' dir='ltr'><strong>acciderint,</strong></span> <span class='ocrx_word' id='word_1_658' title='bbox 1783 5426 1943 5495; x_wconf 82' lang='lat' dir='ltr'><strong>quive</strong></span> <span class='ocrx_word' id='word_1_659' title='bbox 1983 5436 2172 5480; x_wconf 86' lang='lat' dir='ltr'><strong>aucto-</strong></span> 
     </span>
    </p>
   </div>
   <div class='ocr_carea' id='block_1_88' title="bbox 591 5520 2174 5590">
    <p class='ocr_par' dir='ltr' id='par_1_88' title="bbox 591 5520 2174 5590">
     <span class='ocr_line' id='line_1_88' title="bbox 591 5520 2174 5590; baseline -0.001 -16"><span class='ocrx_word' id='word_1_660' title='bbox 591 5536 680 5575; x_wconf 90' lang='lat' dir='ltr'><strong>res</strong></span> <span class='ocrx_word' id='word_1_661' title='bbox 710 5520 909 5575; x_wconf 90' lang='lat' dir='ltr'><strong>fuerint</strong></span> <span class='ocrx_word' id='word_1_662' title='bbox 937 5522 1085 5584; x_wconf 89' lang='lat' dir='ltr'><strong>mali,</strong></span> <span class='ocrx_word' id='word_1_663' title='bbox 1112 5522 1195 5574; x_wconf 86' lang='lat' dir='ltr'><strong>vel</strong></span> <span class='ocrx_word' id='word_1_664' title='bbox 1242 5522 1334 5590; x_wconf 88' lang='lat' dir='ltr'><strong>qui</strong></span> <span class='ocrx_word' id='word_1_665' title='bbox 1364 5520 1511 5575; x_wconf 89' lang='lat' dir='ltr'><strong>boni.</strong></span> <span class='ocrx_word' id='word_1_666' title='bbox 1546 5520 1841 5589; x_wconf 84' lang='lat' dir='ltr'><strong>Propterea</strong></span> <span class='ocrx_word' id='word_1_667' title='bbox 1879 5535 2067 5574; x_wconf 90' lang='lat' dir='ltr'><strong>omnes</strong></span> <span class='ocrx_word' id='word_1_668' title='bbox 2094 5520 2174 5573; x_wconf 90' lang='lat' dir='ltr'><strong>in-</strong></span> 
     </span>
    </p>
   </div>
   <div class='ocr_carea' id='block_1_89' title="bbox 594 5609 2176 5680">
    <p class='ocr_par' dir='ltr' id='par_1_89' title="bbox 594 5609 2176 5680">
     <span class='ocr_line' id='line_1_89' title="bbox 594 5609 2176 5680; baseline 0.001 -18"><span class='ocrx_word' id='word_1_669' title='bbox 594 5609 716 5674; x_wconf 83' lang='lat' dir='ltr'><strong>scii,</strong></span> <span class='ocrx_word' id='word_1_670' title='bbox 747 5609 871 5662; x_wconf 90' lang='lat' dir='ltr'><strong>mali</strong></span> <span class='ocrx_word' id='word_1_671' title='bbox 899 5617 953 5663; x_wconf 92' lang='lat' dir='ltr'><strong>et</strong></span> <span class='ocrx_word' id='word_1_672' title='bbox 976 5610 1218 5679; x_wconf 86' lang='lat' dir='ltr'><strong>pessimi,</strong></span> <span class='ocrx_word' id='word_1_673' title='bbox 1245 5611 1527 5665; x_wconf 87' lang='lat' dir='ltr'><strong>Arsenium</strong></span> <span class='ocrx_word' id='word_1_674' title='bbox 1552 5610 1787 5680; x_wconf 91' lang='lat' dir='ltr'><strong>culpant,</strong></span> <span class='ocrx_word' id='word_1_675' title='bbox 1813 5610 1968 5679; x_wconf 84' lang='lat' dir='ltr'><strong>quasi</strong></span> <span class='ocrx_word' id='word_1_676' title='bbox 1993 5611 2176 5665; x_wconf 90' lang='lat' dir='ltr'><strong>incen-</strong></span> 
     </span>
    </p>
   </div>
   <div class='ocr_carea' id='block_1_90' title="bbox 596 5698 2180 5770">
    <p class='ocr_par' dir='ltr' id='par_1_90' title="bbox 596 5698 2180 5770">
     <span class='ocr_line' id='line_1_90' title="bbox 596 5698 2180 5770; baseline 0.001 -19"><span class='ocrx_word' id='word_1_677' title='bbox 596 5707 768 5752; x_wconf 88' lang='lat' dir='ltr'><strong>torcm</strong></span> <span class='ocrx_word' id='word_1_678' title='bbox 797 5699 1080 5755; x_wconf 88' lang='lat' dir='ltr'><strong>malorum.</strong></span> <span class='ocrx_word' id='word_1_679' title='bbox 1120 5698 1328 5754; x_wconf 84' lang='lat' dir='ltr'><strong>Interea</strong></span> <span class='ocrx_word' id='word_1_680' title='bbox 1351 5714 1471 5755; x_wconf 92' lang='lat' dir='ltr'><strong>cum</strong></span> <span class='ocrx_word' id='word_1_681' title='bbox 1507 5700 1624 5753; x_wconf 67' lang='lat' dir='ltr'><strong>haec</strong></span> <span class='ocrx_word' id='word_1_682' title='bbox 1649 5700 1722 5753; x_wconf 88' lang='lat' dir='ltr'><strong>ita</strong></span> <span class='ocrx_word' id='word_1_683' title='bbox 1746 5707 1992 5769; x_wconf 80' lang='lat' dir='ltr'><strong>aguntur,</strong></span> <span class='ocrx_word' id='word_1_684' title='bbox 2012 5699 2180 5770; x_wconf 85' lang='lat' dir='ltr'><strong>impe-</strong></span> 
     </span>
    </p>
   </div>
   <div class='ocr_carea' id='block_1_91' title="bbox 600 5790 2178 5861">
    <p class='ocr_par' dir='ltr' id='par_1_91' title="bbox 600 5790 2178 5861">
     <span class='ocr_line' id='line_1_91' title="bbox 600 5790 2178 5861; baseline 0.004 -19"><span class='ocrx_word' id='word_1_685' title='bbox 600 5795 768 5855; x_wconf 78' lang='lat' dir='ltr'><strong>rator,</strong></span> <span class='ocrx_word' id='word_1_686' title='bbox 801 5806 864 5847; x_wconf 91' lang='lat' dir='ltr'><strong>ac</strong></span> <span class='ocrx_word' id='word_1_687' title='bbox 885 5792 928 5846; x_wconf 82' lang='lat' dir='ltr'><strong>si</strong></span> <span class='ocrx_word' id='word_1_688' title='bbox 952 5805 1120 5861; x_wconf 85' lang='lat' dir='ltr'><strong>agnus</strong></span> <span class='ocrx_word' id='word_1_689' title='bbox 1152 5790 1409 5845; x_wconf 89' lang='lat' dir='ltr'><strong>innocens</strong></span> <span class='ocrx_word' id='word_1_690' title='bbox 1433 5790 1497 5844; x_wconf 88' lang='lat' dir='ltr'><strong>ad</strong></span> <span class='ocrx_word' id='word_1_691' title='bbox 1528 5790 1825 5859; x_wconf 85' lang='lat' dir='ltr'><strong>victimam,</strong></span> <span class='ocrx_word' id='word_1_692' title='bbox 1857 5806 1978 5847; x_wconf 91' lang='lat' dir='ltr'><strong>cum</strong></span> <span class='ocrx_word' id='word_1_693' title='bbox 2003 5806 2032 5846; x_wconf 89' lang='lat' dir='ltr'><strong>a</strong></span> <span class='ocrx_word' id='word_1_694' title='bbox 2058 5790 2178 5849; x_wconf 89' lang='lat' dir='ltr'><strong>loco</strong></span> 
     </span>
    </p>
   </div>
   <div class='ocr_carea' id='block_1_92' title="bbox 2264 3330 3844 3408">
    <p class='ocr_par' dir='ltr' id='par_1_92' title="bbox 2264 3330 3844 3408">
     <span class='ocr_line' id='line_1_92' title="bbox 2264 3330 3844 3408; baseline -0.008 -12"><span class='ocrx_word' id='word_1_695' title='bbox 2264 3341 2328 3396; x_wconf 88' lang='lat' dir='ltr'><strong>de</strong></span> <span class='ocrx_word' id='word_1_696' title='bbox 2356 3340 2518 3395; x_wconf 90' lang='lat' dir='ltr'><strong>totius</strong></span> <span class='ocrx_word' id='word_1_697' title='bbox 2541 3338 2751 3408; x_wconf 89' lang='lat' dir='ltr'><strong>imperii</strong></span> <span class='ocrx_word' id='word_1_698' title='bbox 2793 3337 2961 3392; x_wconf 75' lang='lat' dir='ltr'><strong>edixit</strong></span> <span class='ocrx_word' id='word_1_699' title='bbox 2991 3336 3363 3400; x_wconf 88' lang='lat' dir='ltr'><strong>subversioue,</strong></span> <span class='ocrx_word' id='word_1_700' title='bbox 3390 3333 3613 3404; x_wconf 77' lang='lat' dir='ltr'><strong>qualiter</strong></span> <span class='ocrx_word' id='word_1_701' title='bbox 3642 3330 3844 3399; x_wconf 82' lang='lat' dir='ltr'><strong>auspi-</strong></span> 
     </span>
    </p>
   </div>
   <div class='ocr_carea' id='block_1_93' title="bbox 2264 3428 3848 3500">
    <p class='ocr_par' dir='ltr' id='par_1_93' title="bbox 2264 3428 3848 3500">
     <span class='ocr_line' id='line_1_93' title="bbox 2264 3428 3848 3500; baseline -0.006 -14"><span class='ocrx_word' id='word_1_702' title='bbox 2264 3430 2385 3497; x_wconf 91' lang='lat' dir='ltr'><strong>ciis,</strong></span> <span class='ocrx_word' id='word_1_703' title='bbox 2415 3431 2676 3500; x_wconf 87' lang='lat' dir='ltr'><strong>auguriis,</strong></span> <span class='ocrx_word' id='word_1_704' title='bbox 2702 3428 2959 3491; x_wconf 87' lang='lat' dir='ltr'><strong>consiliis,</strong></span> <span class='ocrx_word' id='word_1_705' title='bbox 2977 3435 3137 3496; x_wconf 91' lang='lat' dir='ltr'><strong>atque</strong></span> <span class='ocrx_word' id='word_1_706' title='bbox 3164 3428 3389 3491; x_wconf 87' lang='lat' dir='ltr'><strong>insidiis,</strong></span> <span class='ocrx_word' id='word_1_707' title='bbox 3417 3440 3622 3480; x_wconf 88' lang='lat' dir='ltr'><strong>necnon</strong></span> <span class='ocrx_word' id='word_1_708' title='bbox 3647 3431 3703 3478; x_wconf 89' lang='lat' dir='ltr'><strong>et</strong></span> <span class='ocrx_word' id='word_1_709' title='bbox 3724 3437 3848 3477; x_wconf 58' lang='lat' dir='ltr'><strong>omo</strong></span> 
     </span>
    </p>
   </div>
   <div class='ocr_carea' id='block_1_94' title="bbox 2264 3514 3840 3587">
    <p class='ocr_par' dir='ltr' id='par_1_94' title="bbox 2264 3514 3840 3587">
     <span class='ocr_line' id='line_1_94' title="bbox 2264 3514 3840 3587; baseline -0.006 -12"><span class='ocrx_word' id='word_1_710' title='bbox 2264 3521 2423 3575; x_wconf 87' lang='lat' dir='ltr'><strong>nibus</strong></span> <span class='ocrx_word' id='word_1_711' title='bbox 2447 3519 2697 3587; x_wconf 82' lang='lat' dir='ltr'><strong>malignis</strong></span> <span class='ocrx_word' id='word_1_712' title='bbox 2726 3518 2932 3572; x_wconf 88' lang='lat' dir='ltr'><strong>artibus</strong></span> <span class='ocrx_word' id='word_1_713' title='bbox 2958 3524 3104 3571; x_wconf 85' lang='lat' dir='ltr'><strong>esset</strong></span> <span class='ocrx_word' id='word_1_714' title='bbox 3131 3516 3430 3586; x_wconf 80' lang='lat' dir='ltr'><strong>praeﬁxum.</strong></span> <span class='ocrx_word' id='word_1_715' title='bbox 3455 3514 3608 3568; x_wconf 84' lang='lat' dir='ltr'><strong>Tunc</strong></span> <span class='ocrx_word' id='word_1_716' title='bbox 3644 3526 3840 3567; x_wconf 90' lang='lat' dir='ltr'><strong>omnes</strong></span> 
     </span>
    </p>
   </div>
   <div class='ocr_carea' id='block_1_95' title="bbox 2264 3606 3843 3682">
    <p class='ocr_par' dir='ltr' id='par_1_95' title="bbox 2264 3606 3843 3682">
     <span class='ocr_line' id='line_1_95' title="bbox 2264 3606 3843 3682; baseline -0.006 -14"><span class='ocrx_word' id='word_1_717' title='bbox 2264 3613 2317 3668; x_wconf 91' lang='lat' dir='ltr'><strong>hi</strong></span> <span class='ocrx_word' id='word_1_718' title='bbox 2344 3628 2598 3682; x_wconf 87' lang='lat' dir='ltr'><strong>proceres</strong></span> <span class='ocrx_word' id='word_1_719' title='bbox 2627 3620 2683 3666; x_wconf 91' lang='lat' dir='ltr'><strong>et</strong></span> <span class='ocrx_word' id='word_1_720' title='bbox 2709 3609 2800 3665; x_wconf 79' lang='lat' dir='ltr'><strong>lilii</strong></span> <span class='ocrx_word' id='word_1_721' title='bbox 2828 3610 2952 3675; x_wconf 89' lang='lat' dir='ltr'><strong>duo,</strong></span> <span class='ocrx_word' id='word_1_722' title='bbox 3005 3608 3264 3664; x_wconf 77' lang='lat' dir='ltr'><strong>Melanius</strong></span> <span class='ocrx_word' id='word_1_723' title='bbox 3295 3617 3350 3663; x_wconf 89' lang='lat' dir='ltr'><strong>et</strong></span> <span class='ocrx_word' id='word_1_724' title='bbox 3395 3607 3707 3670; x_wconf 86' lang='lat' dir='ltr'><strong>Gratianus,</strong></span> <span class='ocrx_word' id='word_1_725' title='bbox 3747 3606 3843 3675; x_wconf 88' lang='lat' dir='ltr'><strong>qui</strong></span> 
     </span>
    </p>
   </div>
   <div class='ocr_carea' id='block_1_96' title="bbox 2264 3695 3847 3769">
    <p class='ocr_par' dir='ltr' id='par_1_96' title="bbox 2264 3695 3847 3769">
     <span class='ocr_line' id='line_1_96' title="bbox 2264 3695 3847 3769; baseline -0.004 -14"><span class='ocrx_word' id='word_1_726' title='bbox 2264 3702 2508 3766; x_wconf 84' lang='lat' dir='ltr'><strong>aderant,</strong></span> <span class='ocrx_word' id='word_1_727' title='bbox 2535 3702 2829 3755; x_wconf 89' lang='lat' dir='ltr'><strong>decernunt</strong></span> <span class='ocrx_word' id='word_1_728' title='bbox 2856 3698 3032 3769; x_wconf 91' lang='lat' dir='ltr'><strong>potius</strong></span> <span class='ocrx_word' id='word_1_729' title='bbox 3055 3698 3192 3752; x_wconf 89' lang='lat' dir='ltr'><strong>mori</strong></span> <span class='ocrx_word' id='word_1_730' title='bbox 3217 3698 3415 3752; x_wconf 87' lang='lat' dir='ltr'><strong>debere</strong></span> <span class='ocrx_word' id='word_1_731' title='bbox 3446 3710 3741 3765; x_wconf 87' lang='lat' dir='ltr'><strong>eos,quam</strong></span> <span class='ocrx_word' id='word_1_732' title='bbox 3770 3695 3847 3749; x_wconf 78' lang='lat' dir='ltr'><strong>ul-</strong></span> 
     </span>
    </p>
   </div>
   <div class='ocr_carea' id='block_1_97' title="bbox 2268 3786 3842 3860">
    <p class='ocr_par' dir='ltr' id='par_1_97' title="bbox 2268 3786 3842 3860">
     <span class='ocr_line' id='line_1_97' title="bbox 2268 3786 3842 3860; baseline -0.006 -14"><span class='ocrx_word' id='word_1_733' title='bbox 2268 3800 2347 3846; x_wconf 89' lang='lat' dir='ltr'><strong>tra</strong></span> <span class='ocrx_word' id='word_1_734' title='bbox 2406 3791 2521 3846; x_wconf 62' lang='lat' dir='ltr'><strong>haec</strong></span> <span class='ocrx_word' id='word_1_735' title='bbox 2567 3805 2781 3860; x_wconf 87' lang='lat' dir='ltr'><strong>quoque</strong></span> <span class='ocrx_word' id='word_1_736' title='bbox 2817 3787 3141 3854; x_wconf 88' lang='lat' dir='ltr'><strong>consentire,</strong></span> <span class='ocrx_word' id='word_1_737' title='bbox 3190 3796 3249 3841; x_wconf 93' lang='lat' dir='ltr'><strong>ut</strong></span> <span class='ocrx_word' id='word_1_738' title='bbox 3278 3803 3417 3842; x_wconf 89' lang='lat' dir='ltr'><strong>unus</strong></span> <span class='ocrx_word' id='word_1_739' title='bbox 3447 3787 3529 3840; x_wconf 89' lang='lat' dir='ltr'><strong>eis</strong></span> <span class='ocrx_word' id='word_1_740' title='bbox 3559 3786 3842 3847; x_wconf 80' lang='lat' dir='ltr'><strong>scelestus,</strong></span> 
     </span>
    </p>
   </div>
   <div class='ocr_carea' id='block_1_98' title="bbox 2265 3877 3854 3953">
    <p class='ocr_par' dir='ltr' id='par_1_98' title="bbox 2265 3877 3854 3953">
     <span class='ocr_line' id='line_1_98' title="bbox 2265 3877 3854 3953; baseline -0.005 -16"><span class='ocrx_word' id='word_1_741' title='bbox 2265 3882 2558 3953; x_wconf 79' lang='lat' dir='ltr'><strong>ﬂagitiosus</strong></span> <span class='ocrx_word' id='word_1_742' title='bbox 2587 3891 2642 3936; x_wconf 90' lang='lat' dir='ltr'><strong>et</strong></span> <span class='ocrx_word' id='word_1_743' title='bbox 2671 3891 2861 3935; x_wconf 90' lang='lat' dir='ltr'><strong>auctor</strong></span> <span class='ocrx_word' id='word_1_744' title='bbox 2883 3881 3047 3934; x_wconf 88' lang='lat' dir='ltr'><strong>totius</strong></span> <span class='ocrx_word' id='word_1_745' title='bbox 3084 3878 3303 3933; x_wconf 70' lang='lat' dir='ltr'><strong>malitia:</strong></span> <span class='ocrx_word' id='word_1_746' title='bbox 3331 3878 3585 3933; x_wconf 90' lang='lat' dir='ltr'><strong>omnibus</strong></span> <span class='ocrx_word' id='word_1_747' title='bbox 3625 3886 3768 3931; x_wconf 88' lang='lat' dir='ltr'><strong>esset</strong></span> <span class='ocrx_word' id='word_1_748' title='bbox 3801 3877 3854 3930; x_wconf 91' lang='lat' dir='ltr'><strong>in</strong></span> 
     </span>
    </p>
   </div>
   <div class='ocr_carea' id='block_1_99' title="bbox 2266 3967 3856 4040">
    <p class='ocr_par' dir='ltr' id='par_1_99' title="bbox 2266 3967 3856 4040">
     <span class='ocr_line' id='line_1_99' title="bbox 2266 3967 3856 4040; baseline -0.007 -9"><span class='ocrx_word' id='word_1_749' title='bbox 2266 3973 2663 4035; x_wconf 91' lang='lat' dir='ltr'><strong>contumeliam,</strong></span> <span class='ocrx_word' id='word_1_750' title='bbox 2705 3973 2759 4027; x_wconf 94' lang='lat' dir='ltr'><strong>in</strong></span> <span class='ocrx_word' id='word_1_751' title='bbox 2790 3972 3025 4036; x_wconf 89' lang='lat' dir='ltr'><strong>ruinam,</strong></span> <span class='ocrx_word' id='word_1_752' title='bbox 3051 3979 3105 4026; x_wconf 92' lang='lat' dir='ltr'><strong>et</strong></span> <span class='ocrx_word' id='word_1_753' title='bbox 3159 3971 3211 4024; x_wconf 92' lang='lat' dir='ltr'><strong>in</strong></span> <span class='ocrx_word' id='word_1_754' title='bbox 3241 3970 3595 4040; x_wconf 88' lang='lat' dir='ltr'><strong>opprobrium</strong></span> <span class='ocrx_word' id='word_1_755' title='bbox 3658 3967 3856 4035; x_wconf 82' lang='lat' dir='ltr'><strong>sempi-</strong></span> 
     </span>
    </p>
   </div>
   <div class='ocr_carea' id='block_1_100' title="bbox 2271 4060 3857 4131">
    <p class='ocr_par' dir='ltr' id='par_1_100' title="bbox 2271 4060 3857 4131">
     <span class='ocr_line' id='line_1_100' title="bbox 2271 4060 3857 4131; baseline -0.008 -9"><span class='ocrx_word' id='word_1_756' title='bbox 2271 4076 2499 4122; x_wconf 89' lang='lat' dir='ltr'><strong>ternum.</strong></span> <span class='ocrx_word' id='word_1_757' title='bbox 2527 4063 2681 4131; x_wconf 88' lang='lat' dir='ltr'><strong>Quod</strong></span> <span class='ocrx_word' id='word_1_758' title='bbox 2709 4079 2839 4119; x_wconf 91' lang='lat' dir='ltr'><strong>sane</strong></span> <span class='ocrx_word' id='word_1_759' title='bbox 2868 4062 3152 4118; x_wconf 89' lang='lat' dir='ltr'><strong>consilium</strong></span> <span class='ocrx_word' id='word_1_760' title='bbox 3201 4071 3255 4116; x_wconf 91' lang='lat' dir='ltr'><strong>et</strong></span> <span class='ocrx_word' id='word_1_761' title='bbox 3298 4060 3670 4115; x_wconf 88' lang='lat' dir='ltr'><strong>deﬁnitionem</strong></span> <span class='ocrx_word' id='word_1_762' title='bbox 3728 4066 3857 4111; x_wconf 84' lang='lat' dir='ltr'><strong>tunc</strong></span> 
     </span>
    </p>
   </div>
   <div class='ocr_carea' id='block_1_101' title="bbox 2265 4148 3903 4212">
    <p class='ocr_par' dir='ltr' id='par_1_101' title="bbox 2265 4148 3903 4212">
     <span class='ocr_line' id='line_1_101' title="bbox 2265 4148 3903 4212; baseline -0.007 0"><span class='ocrx_word' id='word_1_763' title='bbox 2265 4155 2525 4212; x_wconf 81' lang='lat' dir='ltr'><strong>Arsenius</strong></span> <span class='ocrx_word' id='word_1_764' title='bbox 2549 4169 2671 4209; x_wconf 91' lang='lat' dir='ltr'><strong>cum</strong></span> <span class='ocrx_word' id='word_1_765' title='bbox 2696 4155 2877 4209; x_wconf 90' lang='lat' dir='ltr'><strong>divino</strong></span> <span class='ocrx_word' id='word_1_766' title='bbox 2905 4154 3096 4208; x_wconf 90' lang='lat' dir='ltr'><strong>timore</strong></span> <span class='ocrx_word' id='word_1_767' title='bbox 3124 4166 3361 4207; x_wconf 87' lang='lat' dir='ltr'><strong>moerens</strong></span> <span class='ocrx_word' id='word_1_768' title='bbox 3405 4166 3469 4204; x_wconf 90' lang='lat' dir='ltr'><strong>ac</strong></span> <span class='ocrx_word' id='word_1_769' title='bbox 3506 4148 3695 4203; x_wconf 87' lang='lat' dir='ltr'><strong>dolens</strong></span> <span class='ocrx_word' id='word_1_770' title='bbox 3719 4162 3856 4203; x_wconf 73' lang='grc' dir='ltr'>ροη-</span> <span class='ocrx_word' id='word_1_771' title='bbox 3896 4183 3903 4192; x_wconf 83' lang='grc'><strong>-</strong></span> 
     </span>
    </p>
   </div>
   <div class='ocr_carea' id='block_1_102' title="bbox 2268 4239 3855 4315">
    <p class='ocr_par' dir='ltr' id='par_1_102' title="bbox 2268 4239 3855 4315">
     <span class='ocr_line' id='line_1_102' title="bbox 2268 4239 3855 4315; baseline -0.008 -14"><span class='ocrx_word' id='word_1_772' title='bbox 2268 4245 2437 4302; x_wconf 87' lang='lat' dir='ltr'><strong>sensit</strong></span> <span class='ocrx_word' id='word_1_773' title='bbox 2470 4262 2483 4297; x_wconf 90' lang='lat'><strong>:</strong></span> <span class='ocrx_word' id='word_1_774' title='bbox 2520 4244 2645 4315; x_wconf 88' lang='lat' dir='ltr'><strong>quia</strong></span> <span class='ocrx_word' id='word_1_775' title='bbox 2684 4242 2889 4297; x_wconf 91' lang='lat' dir='ltr'><strong>nullum</strong></span> <span class='ocrx_word' id='word_1_776' title='bbox 2922 4240 3034 4311; x_wconf 87' lang='lat' dir='ltr'><strong>jam</strong></span> <span class='ocrx_word' id='word_1_777' title='bbox 3076 4241 3238 4295; x_wconf 90' lang='lat' dir='ltr'><strong>alium</strong></span> <span class='ocrx_word' id='word_1_778' title='bbox 3269 4239 3532 4295; x_wconf 85' lang='lat' dir='ltr'><strong>evadendi</strong></span> <span class='ocrx_word' id='word_1_779' title='bbox 3581 4239 3855 4309; x_wconf 86' lang='lat' dir='ltr'><strong>ingenium</strong></span> 
     </span>
    </p>
   </div>
   <div class='ocr_carea' id='block_1_103' title="bbox 2268 4330 3856 4407">
    <p class='ocr_par' dir='ltr' id='par_1_103' title="bbox 2268 4330 3856 4407">
     <span class='ocr_line' id='line_1_103' title="bbox 2268 4330 3856 4407; baseline -0.008 -13"><span class='ocrx_word' id='word_1_780' title='bbox 2268 4337 2510 4394; x_wconf 88' lang='lat' dir='ltr'><strong>invenire</strong></span> <span class='ocrx_word' id='word_1_781' title='bbox 2535 4336 2713 4407; x_wconf 85' lang='lat' dir='ltr'><strong>potuit</strong></span> <span class='ocrx_word' id='word_1_782' title='bbox 2743 4353 2756 4393; x_wconf 88' lang='lat'><strong>:</strong></span> <span class='ocrx_word' id='word_1_783' title='bbox 2784 4350 2890 4389; x_wconf 89' lang='lat' dir='ltr'><strong>non</strong></span> <span class='ocrx_word' id='word_1_784' title='bbox 2916 4342 2976 4388; x_wconf 92' lang='lat' dir='ltr'><strong>ut</strong></span> <span class='ocrx_word' id='word_1_785' title='bbox 3018 4334 3290 4404; x_wconf 82' lang='lat' dir='ltr'><strong>Augustus</strong></span> <span class='ocrx_word' id='word_1_786' title='bbox 3338 4330 3569 4400; x_wconf 89' lang='lat' dir='ltr'><strong>imperio</strong></span> <span class='ocrx_word' id='word_1_787' title='bbox 3608 4330 3856 4400; x_wconf 82' lang='lat' dir='ltr'><strong>privare-</strong></span> 
     </span>
    </p>
   </div>
   <div class='ocr_carea' id='block_1_104' title="bbox 2269 4420 3861 4498">
    <p class='ocr_par' dir='ltr' id='par_1_104' title="bbox 2269 4420 3861 4498">
     <span class='ocr_line' id='line_1_104' title="bbox 2269 4420 3861 4498; baseline -0.008 -13"><span class='ocrx_word' id='word_1_788' title='bbox 2269 4438 2377 4496; x_wconf 89' lang='lat' dir='ltr'><strong>tur,</strong></span> <span class='ocrx_word' id='word_1_789' title='bbox 2402 4438 2493 4484; x_wconf 92' lang='lat' dir='ltr'><strong>aut</strong></span> <span class='ocrx_word' id='word_1_790' title='bbox 2523 4430 2803 4483; x_wconf 89' lang='lat' dir='ltr'><strong>inhoneste</strong></span> <span class='ocrx_word' id='word_1_791' title='bbox 2828 4427 3126 4498; x_wconf 88' lang='lat' dir='ltr'><strong>(quantum</strong></span> <span class='ocrx_word' id='word_1_792' title='bbox 3151 4424 3226 4480; x_wconf 91' lang='lat' dir='ltr'><strong>rei</strong></span> <span class='ocrx_word' id='word_1_793' title='bbox 3255 4432 3482 4478; x_wconf 88' lang='lat' dir='ltr'><strong>eventus</strong></span> <span class='ocrx_word' id='word_1_794' title='bbox 3527 4420 3775 4490; x_wconf 86' lang='lat' dir='ltr'><strong>sinebat)</strong></span> <span class='ocrx_word' id='word_1_795' title='bbox 3804 4420 3861 4473; x_wconf 85' lang='lat' dir='ltr'><strong>in</strong></span> 
     </span>
    </p>
   </div>
   <div class='ocr_carea' id='block_1_105' title="bbox 2271 4508 3861 4592">
    <p class='ocr_par' dir='ltr' id='par_1_105' title="bbox 2271 4508 3861 4592">
     <span class='ocr_line' id='line_1_105' title="bbox 2271 4508 3861 4592; baseline -0.011 -15"><span class='ocrx_word' id='word_1_796' title='bbox 2271 4523 2453 4592; x_wconf 90' lang='lat' dir='ltr'><strong>aliquo</strong></span> <span class='ocrx_word' id='word_1_797' title='bbox 2476 4529 2569 4575; x_wconf 91' lang='lat' dir='ltr'><strong>aut</strong></span> <span class='ocrx_word' id='word_1_798' title='bbox 2597 4520 2665 4575; x_wconf 87' lang='lat' dir='ltr'><strong>ab</strong></span> <span class='ocrx_word' id='word_1_799' title='bbox 2693 4519 2871 4589; x_wconf 90' lang='lat' dir='ltr'><strong>aliquo</strong></span> <span class='ocrx_word' id='word_1_800' title='bbox 2907 4524 3269 4579; x_wconf 86' lang='lat' dir='ltr'><strong>tractaretur;</strong></span> <span class='ocrx_word' id='word_1_801' title='bbox 3302 4514 3397 4569; x_wconf 87' lang='lat' dir='ltr'><strong>sed</strong></span> <span class='ocrx_word' id='word_1_802' title='bbox 3429 4524 3487 4567; x_wconf 88' lang='lat' dir='ltr'><strong>ut</strong></span> <span class='ocrx_word' id='word_1_803' title='bbox 3526 4512 3705 4566; x_wconf 87' lang='lat' dir='ltr'><strong>hostis</strong></span> <span class='ocrx_word' id='word_1_804' title='bbox 3745 4508 3861 4579; x_wconf 79' lang='lat' dir='ltr'><strong>pel-</strong></span> 
     </span>
    </p>
   </div>
   <div class='ocr_carea' id='block_1_106' title="bbox 2272 4603 3859 4675">
    <p class='ocr_par' dir='ltr' id='par_1_106' title="bbox 2272 4603 3859 4675">
     <span class='ocr_line' id='line_1_106' title="bbox 2272 4603 3859 4675; baseline -0.008 -8"><span class='ocrx_word' id='word_1_805' title='bbox 2272 4615 2473 4667; x_wconf 90' lang='lat' dir='ltr'><strong>leretur</strong></span> <span class='ocrx_word' id='word_1_806' title='bbox 2499 4628 2602 4667; x_wconf 89' lang='lat' dir='ltr'><strong>una</strong></span> <span class='ocrx_word' id='word_1_807' title='bbox 2626 4626 2749 4665; x_wconf 89' lang='lat' dir='ltr'><strong>cum</strong></span> <span class='ocrx_word' id='word_1_808' title='bbox 2778 4609 2889 4664; x_wconf 89' lang='lat' dir='ltr'><strong>suis</strong></span> <span class='ocrx_word' id='word_1_809' title='bbox 2908 4607 3291 4675; x_wconf 65' lang='lat' dir='ltr'><strong>complic&#39;dlus;</strong></span> <span class='ocrx_word' id='word_1_810' title='bbox 3335 4614 3389 4659; x_wconf 88' lang='lat' dir='ltr'><strong>et</strong></span> <span class='ocrx_word' id='word_1_811' title='bbox 3445 4603 3684 4657; x_wconf 71' lang='lat' dir='ltr'><strong>mcecbia</strong></span> <span class='ocrx_word' id='word_1_812' title='bbox 3740 4616 3859 4670; x_wconf 56' lang='lat' dir='ltr'><strong>qua;</strong></span> 
     </span>
    </p>
   </div>
   <div class='ocr_carea' id='block_1_107' title="bbox 2264 4691 3865 4775">
    <p class='ocr_par' dir='ltr' id='par_1_107' title="bbox 2264 4691 3865 4775">
     <span class='ocr_line' id='line_1_107' title="bbox 2264 4691 3865 4775; baseline -0.007 -18"><span class='ocrx_word' id='word_1_813' title='bbox 2264 4704 2376 4775; x_wconf 85' lang='lat' dir='ltr'><strong>jam</strong></span> <span class='ocrx_word' id='word_1_814' title='bbox 2406 4703 2612 4772; x_wconf 86' lang='lat' dir='ltr'><strong>publica</strong></span> <span class='ocrx_word' id='word_1_815' title='bbox 2644 4708 2781 4763; x_wconf 86' lang='lat' dir='ltr'><strong>erat,</strong></span> <span class='ocrx_word' id='word_1_816' title='bbox 2808 4701 2858 4753; x_wconf 91' lang='lat' dir='ltr'><strong>in</strong></span> <span class='ocrx_word' id='word_1_817' title='bbox 2895 4697 3264 4752; x_wconf 86' lang='lat' dir='ltr'><strong>confusionem</strong></span> <span class='ocrx_word' id='word_1_818' title='bbox 3287 4695 3530 4750; x_wconf 87' lang='lat' dir='ltr'><strong>omnium</strong></span> <span class='ocrx_word' id='word_1_819' title='bbox 3558 4708 3627 4747; x_wconf 87' lang='lat' dir='ltr'><strong>ne</strong></span> <span class='ocrx_word' id='word_1_820' title='bbox 3657 4691 3865 4746; x_wconf 80' lang='lat' dir='ltr'><strong>diutius</strong></span> 
     </span>
    </p>
   </div>
   <div class='ocr_carea' id='block_1_108' title="bbox 2270 4784 3869 4861">
    <p class='ocr_par' dir='ltr' id='par_1_108' title="bbox 2270 4784 3869 4861">
     <span class='ocr_line' id='line_1_108' title="bbox 2270 4784 3869 4861; baseline -0.008 -13"><span class='ocrx_word' id='word_1_821' title='bbox 2270 4794 2558 4848; x_wconf 89' lang='lat' dir='ltr'><strong>celaretur.</strong></span> <span class='ocrx_word' id='word_1_822' title='bbox 2589 4790 2869 4861; x_wconf 79' lang='lat' dir='ltr'><strong>Sortilegae</strong></span> <span class='ocrx_word' id='word_1_823' title='bbox 2900 4790 3096 4844; x_wconf 85' lang='lat' dir='ltr'><strong>ibidem</strong></span> <span class='ocrx_word' id='word_1_824' title='bbox 3136 4794 3460 4859; x_wconf 69' lang='lat' dir='ltr'><strong>aggregatae,</strong></span> <span class='ocrx_word' id='word_1_825' title='bbox 3504 4784 3700 4846; x_wconf 87' lang='lat' dir='ltr'><strong>divini,</strong></span> <span class='ocrx_word' id='word_1_826' title='bbox 3735 4799 3869 4838; x_wconf 88' lang='lat' dir='ltr'><strong>con-</strong></span> 
     </span>
    </p>
   </div>
   <div class='ocr_carea' id='block_1_109' title="bbox 2264 4875 3866 4954">
    <p class='ocr_par' dir='ltr' id='par_1_109' title="bbox 2264 4875 3866 4954">
     <span class='ocr_line' id='line_1_109' title="bbox 2264 4875 3866 4954; baseline -0.007 -15"><span class='ocrx_word' id='word_1_827' title='bbox 2264 4883 2497 4954; x_wconf 85' lang='lat' dir='ltr'><strong>jectures</strong></span> <span class='ocrx_word' id='word_1_828' title='bbox 2525 4891 2579 4938; x_wconf 90' lang='lat' dir='ltr'><strong>et</strong></span> <span class='ocrx_word' id='word_1_829' title='bbox 2608 4883 2764 4947; x_wconf 91' lang='lat' dir='ltr'><strong>muti,</strong></span> <span class='ocrx_word' id='word_1_830' title='bbox 2783 4897 2881 4936; x_wconf 89' lang='lat' dir='ltr'><strong>nec</strong></span> <span class='ocrx_word' id='word_1_831' title='bbox 2905 4896 3011 4935; x_wconf 88' lang='lat' dir='ltr'><strong>non</strong></span> <span class='ocrx_word' id='word_1_832' title='bbox 3043 4880 3423 4941; x_wconf 88' lang='lat' dir='ltr'><strong>somniatores,</strong></span> <span class='ocrx_word' id='word_1_833' title='bbox 3448 4885 3501 4930; x_wconf 89' lang='lat' dir='ltr'><strong>et</strong></span> <span class='ocrx_word' id='word_1_834' title='bbox 3526 4876 3579 4931; x_wconf 91' lang='lat' dir='ltr'><strong>hi</strong></span> <span class='ocrx_word' id='word_1_835' title='bbox 3608 4875 3702 4944; x_wconf 92' lang='lat' dir='ltr'><strong>qui</strong></span> <span class='ocrx_word' id='word_1_836' title='bbox 3735 4884 3866 4928; x_wconf 79' lang='lat' dir='ltr'><strong>exta</strong></span> 
     </span>
    </p>
   </div>
   <div class='ocr_carea' id='block_1_110' title="bbox 2273 4967 3865 5045">
    <p class='ocr_par' dir='ltr' id='par_1_110' title="bbox 2273 4967 3865 5045">
     <span class='ocr_line' id='line_1_110' title="bbox 2273 4967 3865 5045; baseline -0.006 -15"><span class='ocrx_word' id='word_1_837' title='bbox 2273 4974 2655 5039; x_wconf 86' lang='lat' dir='ltr'><strong>consulebant;</strong></span> <span class='ocrx_word' id='word_1_838' title='bbox 2714 4972 2797 5027; x_wconf 86' lang='lat' dir='ltr'><strong>vel</strong></span> <span class='ocrx_word' id='word_1_839' title='bbox 2854 4972 2944 5045; x_wconf 88' lang='lat' dir='ltr'><strong>alii</strong></span> <span class='ocrx_word' id='word_1_840' title='bbox 3004 4970 3351 5041; x_wconf 87' lang='lat' dir='ltr'><strong>quamplures</strong></span> <span class='ocrx_word' id='word_1_841' title='bbox 3406 4968 3658 5038; x_wconf 84' lang='lat' dir='ltr'><strong>malignis</strong></span> <span class='ocrx_word' id='word_1_842' title='bbox 3706 4967 3865 5022; x_wconf 60' lang='lat' dir='ltr'><strong>instio</strong></span> 
     </span>
    </p>
   </div>
   <div class='ocr_carea' id='block_1_111' title="bbox 2270 5059 3868 5133">
    <p class='ocr_par' dir='ltr' id='par_1_111' title="bbox 2270 5059 3868 5133">
     <span class='ocr_line' id='line_1_111' title="bbox 2270 5059 3868 5133; baseline -0.005 -12"><span class='ocrx_word' id='word_1_843' title='bbox 2270 5067 2370 5121; x_wconf 92' lang='lat' dir='ltr'><strong>tuti</strong></span> <span class='ocrx_word' id='word_1_844' title='bbox 2421 5066 2647 5125; x_wconf 87' lang='lat' dir='ltr'><strong>artibus,</strong></span> <span class='ocrx_word' id='word_1_845' title='bbox 2702 5080 2731 5118; x_wconf 90' lang='lat' dir='ltr'><strong>a</strong></span> <span class='ocrx_word' id='word_1_846' title='bbox 2780 5078 2937 5118; x_wconf 90' lang='lat' dir='ltr'><strong>sacro</strong></span> <span class='ocrx_word' id='word_1_847' title='bbox 2985 5062 3311 5133; x_wconf 89' lang='lat' dir='ltr'><strong>pellerentur</strong></span> <span class='ocrx_word' id='word_1_848' title='bbox 3360 5059 3868 5131; x_wconf 80' lang='lat' dir='ltr'><strong>palatiozquorum</strong></span> 
     </span>
    </p>
   </div>
   <div class='ocr_carea' id='block_1_112' title="bbox 2271 5149 3864 5217">
    <p class='ocr_par' dir='ltr' id='par_1_112' title="bbox 2271 5149 3864 5217">
     <span class='ocr_line' id='line_1_112' title="bbox 2271 5149 3864 5217; baseline -0.005 -7"><span class='ocrx_word' id='word_1_849' title='bbox 2271 5165 2421 5211; x_wconf 89' lang='lat' dir='ltr'><strong>tanta</strong></span> <span class='ocrx_word' id='word_1_850' title='bbox 2488 5163 2541 5209; x_wconf 93' lang='lat' dir='ltr'><strong>et</strong></span> <span class='ocrx_word' id='word_1_851' title='bbox 2604 5154 2728 5209; x_wconf 86' lang='lat' dir='ltr'><strong>talia</strong></span> <span class='ocrx_word' id='word_1_852' title='bbox 2795 5161 2954 5209; x_wconf 87' lang='lat' dir='ltr'><strong>erant</strong></span> <span class='ocrx_word' id='word_1_853' title='bbox 3000 5152 3399 5208; x_wconf 69' lang='lat' dir='ltr'><strong>nefandissimas</strong></span> <span class='ocrx_word' id='word_1_854' title='bbox 3453 5149 3588 5204; x_wconf 90' lang='lat' dir='ltr'><strong>artis</strong></span> <span class='ocrx_word' id='word_1_855' title='bbox 3653 5163 3864 5217; x_wconf 63' lang='lat' dir='ltr'><strong>praesa-</strong></span> 
     </span>
    </p>
   </div>
   <div class='ocr_carea' id='block_1_113' title="bbox 2272 5239 3861 5317">
    <p class='ocr_par' dir='ltr' id='par_1_113' title="bbox 2272 5239 3861 5317">
     <span class='ocr_line' id='line_1_113' title="bbox 2272 5239 3861 5317; baseline -0.006 -17"><span class='ocrx_word' id='word_1_856' title='bbox 2272 5247 2375 5317; x_wconf 82' lang='lat' dir='ltr'><strong>gia,</strong></span> <span class='ocrx_word' id='word_1_857' title='bbox 2436 5245 2596 5299; x_wconf 89' lang='lat' dir='ltr'><strong>etiam</strong></span> <span class='ocrx_word' id='word_1_858' title='bbox 2670 5252 2729 5297; x_wconf 92' lang='lat' dir='ltr'><strong>ut</strong></span> <span class='ocrx_word' id='word_1_859' title='bbox 2780 5242 3061 5313; x_wconf 80' lang='lat' dir='ltr'><strong>plurimos</strong></span> <span class='ocrx_word' id='word_1_860' title='bbox 3118 5242 3396 5295; x_wconf 88' lang='lat' dir='ltr'><strong>traherent</strong></span> <span class='ocrx_word' id='word_1_861' title='bbox 3456 5239 3512 5293; x_wconf 91' lang='lat' dir='ltr'><strong>in</strong></span> <span class='ocrx_word' id='word_1_862' title='bbox 3565 5252 3861 5292; x_wconf 88' lang='lat' dir='ltr'><strong>errorem:</strong></span> 
     </span>
    </p>
   </div>
   <div class='ocr_carea' id='block_1_114' title="bbox 2274 5329 3864 5404">
    <p class='ocr_par' dir='ltr' id='par_1_114' title="bbox 2274 5329 3864 5404">
     <span class='ocr_line' id='line_1_114' title="bbox 2274 5329 3864 5404; baseline -0.004 -17"><span class='ocrx_word' id='word_1_863' title='bbox 2274 5335 2397 5404; x_wconf 89' lang='lat' dir='ltr'><strong>quia</strong></span> <span class='ocrx_word' id='word_1_864' title='bbox 2460 5334 2780 5387; x_wconf 71' lang='lat' dir='ltr'><strong>videbantur</strong></span> <span class='ocrx_word' id='word_1_865' title='bbox 2828 5332 3009 5385; x_wconf 89' lang='lat' dir='ltr'><strong>omnia</strong></span> <span class='ocrx_word' id='word_1_866' title='bbox 3059 5330 3337 5386; x_wconf 67' lang='lat' dir='ltr'><strong>diabolicae</strong></span> <span class='ocrx_word' id='word_1_867' title='bbox 3399 5329 3533 5383; x_wconf 89' lang='lat' dir='ltr'><strong>artis</strong></span> <span class='ocrx_word' id='word_1_868' title='bbox 3597 5329 3864 5399; x_wconf 84' lang='lat' dir='ltr'><strong>ﬁgmenta</strong></span> 
     </span>
    </p>
   </div>
   <div class='ocr_carea' id='block_1_115' title="bbox 2275 5417 3865 5490">
    <p class='ocr_par' dir='ltr' id='par_1_115' title="bbox 2275 5417 3865 5490">
     <span class='ocr_line' id='line_1_115' title="bbox 2275 5417 3865 5490; baseline -0.006 -10"><span class='ocrx_word' id='word_1_869' title='bbox 2275 5427 2328 5480; x_wconf 90' lang='lat' dir='ltr'><strong>in</strong></span> <span class='ocrx_word' id='word_1_870' title='bbox 2378 5422 2576 5477; x_wconf 90' lang='lat' dir='ltr'><strong>mundo</strong></span> <span class='ocrx_word' id='word_1_871' title='bbox 2626 5421 2997 5490; x_wconf 88' lang='lat' dir='ltr'><strong>repullulasse,</strong></span> <span class='ocrx_word' id='word_1_872' title='bbox 3027 5420 3083 5474; x_wconf 86' lang='lat' dir='ltr'><strong>in</strong></span> <span class='ocrx_word' id='word_1_873' title='bbox 3104 5429 3334 5486; x_wconf 86' lang='lat' dir='ltr'><strong>tantum,</strong></span> <span class='ocrx_word' id='word_1_874' title='bbox 3377 5435 3499 5475; x_wconf 91' lang='lat' dir='ltr'><strong>cum</strong></span> <span class='ocrx_word' id='word_1_875' title='bbox 3526 5420 3645 5473; x_wconf 71' lang='lat' dir='ltr'><strong>lucc</strong></span> <span class='ocrx_word' id='word_1_876' title='bbox 3669 5417 3865 5471; x_wconf 81' lang='lat' dir='ltr'><strong>omnia</strong></span> 
     </span>
    </p>
   </div>
   <div class='ocr_carea' id='block_1_116' title="bbox 2279 5510 3867 5584">
    <p class='ocr_par' dir='ltr' id='par_1_116' title="bbox 2279 5510 3867 5584">
     <span class='ocr_line' id='line_1_116' title="bbox 2279 5510 3867 5584; baseline -0.006 -12"><span class='ocrx_word' id='word_1_877' title='bbox 2279 5519 2353 5572; x_wconf 87' lang='lat' dir='ltr'><strong>ita</strong></span> <span class='ocrx_word' id='word_1_878' title='bbox 2378 5516 2565 5570; x_wconf 84' lang='lat' dir='ltr'><strong>fraude</strong></span> <span class='ocrx_word' id='word_1_879' title='bbox 2590 5531 2682 5568; x_wconf 76' lang='lat' dir='ltr'><strong>seu</strong></span> <span class='ocrx_word' id='word_1_880' title='bbox 2707 5514 2829 5569; x_wconf 90' lang='lat' dir='ltr'><strong>dolo</strong></span> <span class='ocrx_word' id='word_1_881' title='bbox 2844 5513 2987 5569; x_wconf 88' lang='lat' dir='ltr'><strong>circa</strong></span> <span class='ocrx_word' id='word_1_882' title='bbox 3009 5513 3319 5584; x_wconf 76' lang='lat' dir='ltr'><strong>Augustum</strong></span> <span class='ocrx_word' id='word_1_883' title='bbox 3339 5521 3651 5583; x_wconf 76' lang='lat' dir='ltr'><strong>agerentur,</strong></span> <span class='ocrx_word' id='word_1_884' title='bbox 3704 5522 3768 5565; x_wconf 90' lang='lat' dir='ltr'><strong>ut</strong></span> <span class='ocrx_word' id='word_1_885' title='bbox 3811 5510 3867 5564; x_wconf 87' lang='lat' dir='ltr'><strong>in</strong></span> 
     </span>
    </p>
   </div>
   <div class='ocr_carea' id='block_1_117' title="bbox 2280 5601 3863 5676">
    <p class='ocr_par' dir='ltr' id='par_1_117' title="bbox 2280 5601 3863 5676">
     <span class='ocr_line' id='line_1_117' title="bbox 2280 5601 3863 5676; baseline -0.005 -15"><span class='ocrx_word' id='word_1_886' title='bbox 2280 5607 2426 5661; x_wconf 89' lang='lat' dir='ltr'><strong>nullo</strong></span> <span class='ocrx_word' id='word_1_887' title='bbox 2460 5605 2675 5676; x_wconf 89' lang='lat' dir='ltr'><strong>penitus</strong></span> <span class='ocrx_word' id='word_1_888' title='bbox 2717 5604 2922 5658; x_wconf 91' lang='lat' dir='ltr'><strong>sentire</strong></span> <span class='ocrx_word' id='word_1_889' title='bbox 2962 5611 3146 5673; x_wconf 87' lang='lat' dir='ltr'><strong>posset</strong></span> <span class='ocrx_word' id='word_1_890' title='bbox 3180 5603 3420 5672; x_wconf 82' lang='lat' dir='ltr'><strong>quotidie</strong></span> <span class='ocrx_word' id='word_1_891' title='bbox 3469 5615 3593 5671; x_wconf 62' lang='lat' dir='ltr'><strong>quae</strong></span> <span class='ocrx_word' id='word_1_892' title='bbox 3636 5601 3863 5655; x_wconf 78' lang='lat' dir='ltr'><strong>ﬁebant.</strong></span> 
     </span>
    </p>
   </div>
   <div class='ocr_carea' id='block_1_118' title="bbox 2280 5693 3867 5768">
    <p class='ocr_par' dir='ltr' id='par_1_118' title="bbox 2280 5693 3867 5768">
     <span class='ocr_line' id='line_1_118' title="bbox 2280 5693 3867 5768; baseline -0.006 -14"><span class='ocrx_word' id='word_1_893' title='bbox 2280 5699 2533 5768; x_wconf 86' lang='lat' dir='ltr'><strong>Alioquin</strong></span> <span class='ocrx_word' id='word_1_894' title='bbox 2556 5696 2842 5752; x_wconf 90' lang='lat' dir='ltr'><strong>malitiosis</strong></span> <span class='ocrx_word' id='word_1_895' title='bbox 2864 5696 2965 5751; x_wconf 91' lang='lat' dir='ltr'><strong>nisi</strong></span> <span class='ocrx_word' id='word_1_896' title='bbox 2996 5703 3143 5751; x_wconf 90' lang='lat' dir='ltr'><strong>esset</strong></span> <span class='ocrx_word' id='word_1_897' title='bbox 3179 5702 3488 5766; x_wconf 73' lang='lat' dir='ltr'><strong>prteventus</strong></span> <span class='ocrx_word' id='word_1_898' title='bbox 3507 5693 3743 5756; x_wconf 90' lang='lat' dir='ltr'><strong>artibus,</strong></span> <span class='ocrx_word' id='word_1_899' title='bbox 3772 5706 3867 5746; x_wconf 79' lang='lat' dir='ltr'><strong>ne-</strong></span> 
     </span>
    </p>
   </div>
   <div class='ocr_carea' id='block_1_119' title="bbox 2285 5787 3868 5865">
    <p class='ocr_par' dir='ltr' id='par_1_119' title="bbox 2285 5787 3868 5865">
     <span class='ocr_line' id='line_1_119' title="bbox 2285 5787 3868 5865; baseline -0.003 -22"><span class='ocrx_word' id='word_1_900' title='bbox 2285 5806 2553 5863; x_wconf 85' lang='lat' dir='ltr'><strong>quaquam</strong></span> <span class='ocrx_word' id='word_1_901' title='bbox 2578 5789 2693 5847; x_wconf 88' lang='lat' dir='ltr'><strong>ﬁeri</strong></span> <span class='ocrx_word' id='word_1_902' title='bbox 2716 5797 2922 5865; x_wconf 87' lang='lat' dir='ltr'><strong>posset,</strong></span> <span class='ocrx_word' id='word_1_903' title='bbox 2950 5799 3011 5846; x_wconf 93' lang='lat' dir='ltr'><strong>ut</strong></span> <span class='ocrx_word' id='word_1_904' title='bbox 3032 5787 3380 5846; x_wconf 81' lang='lat' dir='ltr'><strong>ﬁdelissimos</strong></span> <span class='ocrx_word' id='word_1_905' title='bbox 3399 5802 3647 5860; x_wconf 88' lang='lat' dir='ltr'><strong>quosque</strong></span> <span class='ocrx_word' id='word_1_906' title='bbox 3670 5801 3868 5843; x_wconf 85' lang='lat' dir='ltr'><strong>consu-</strong></span> 
     </span>
    </p>
   </div>
  </div>
