4122 6324
305 341 439 400 1621

973 341 1061 396 DE
1099 339 1262 396 VITA
1297 337 1552 404 WALJE,
1595 335 1726 393 SEU
1768 335 2192 394 EPITAPIIIUM
2226 338 2522 395 ARSENll.
2556 371 2626 381 -—
2659 330 2803 393 LIB.
2833 339 2896 393 Il.

3419 341 3448 397 ί
3458 341 3563 402 623

300 454 379 507 les
406 447 845 505 etsanctissimos
872 448 1128 519 praesules
1148 464 1254 504 non
1277 449 1508 513 audiret,
1532 445 1878 502 velcrederet
1905 444 1956 505 Δ
1984 459 2144 513 quam
2194 448 2421 517 populus
2467 464 2706 519 unquam
2754 448 2952 505 fecisse
2991 451 3234 506 cernitur
3273 468 3287 504 :
3338 451 3465 520 quia
3505 462 3564 507 et

301 532 404 598 sibi
429 538 556 595 talia
582 540 952 606 narrantibus,
975 532 1113 609 quos
1148 539 1275 595 olim
1323 552 1537 608 semper
1566 538 1620 592 in
1654 533 1880 591 consilio

302 631 589 688 habuerat.
615 628 731 685 Non
772 629 919 684 enim
962 628 1128 684 alium
1174 630 1229 683 in
1271 628 1376 683 fide
1405 627 1719 698 recipiebat,
1775 624 1881 680 nisi

301 735 464 791 quem
507 717 720 773 Iustina
746 716 908 773 vellet
941 735 955 771 :
990 732 1168 787 neque
1207 716 1371 770 alium
1408 727 1503 770 aut
1523 715 1743 781 audire,
1790 723 1883 769 aut

301 810 529 882 diligere
573 809 809 875 valebat,
855 818 949 863 aut
991 809 1278 875 assentire,
1312 823 1593 879 quousque
1640 810 1745 863 ista
1793 807 1877 862 vi-

300 909 552 973 guerunt,
582 900 688 955 nisi
714 916 876 971 quem
904 899 993 955 illa
1019 900 1069 956 ei
1091 901 1147 955 in
1179 901 1284 956 fide
1324 900 1736 957 commendabat
1762 914 1776 954 :
1803 907 1879 965 et,

303 992 450 1062 quod
505 991 863 1062 prodigiosius
902 1000 1009 1059 est,
1057 1000 1117 1047 ut
1159 992 1333 1059 aiunt,
1379 1007 1481 1048 nec
1522 990 1670 1047 aliud
1718 990 1877 1056 velle,

303 1089 504 1152 praeter
529 1095 651 1151 qua:
675 1080 790 1151 ipsa
812 1080 991 1139 vellet.
1031 1080 1186 1138 Unde
1223 1082 1443 1152 quidam
1481 1083 1880 1153 episcoporum,

304 1187 430 1228 cum
461 1187 644 1228 coram
686 1187 753 1229 eo
792 1181 1037 1230 astarent
1072 1190 1261 1231 omnes
1310 1174 1571 1245 praesules
1608 1173 1809 1230 Christi
1829 1181 1884 1229 et

304 1273 526 1319 senatus
548 1264 710 1320 totius
752 1265 982 1334 imperii,
1030 1280 1131 1321 nec
1156 1281 1264 1321 non
1309 1276 1366 1322 et
1404 1266 1583 1321 omnis
1631 1265 1879 1336 populus,

303 1372 541 1428 eumque
582 1356 697 1426 jam
747 1366 1036 1429 arguerent
1070 1359 1340 1415 constanti
1371 1358 1476 1415 ﬁde
1513 1374 1612 1430 pro
1640 1358 1835 1414 talibus
1864 1377 1879 1413 :

305 1448 458 1514 Scio,
508 1447 705 1517 inquit,
736 1448 985 1519 quamvis
1009 1448 1134 1504 talia
1182 1457 1411 1505 ettanta
1458 1463 1579 1519 qua:
1609 1449 1894 1512 dicuntur,

306 1540 449 1595 male
498 1539 754 1610 deceptus
802 1540 887 1597 his
928 1541 1169 1611 .artibus
1224 1542 1496 1597 hactenus
1520 1541 1935 1608 'assensisses,-

300 1649 432 1690 cum
462 1633 550 1689 his
598 1642 793 1691 exutus
817 1634 985 1692 fueris
1030 1637 1227 1706 quibus
1252 1638 1486 1703 vestiris,
1514 1638 1639 1707 quia
1673 1646 1727 1694 te
1748 1638 1885 1694 reci-

306 1724 444 1794 pies,
470 1731 526 1779 et
563 1724 673 1781 eris
713 1725 952 1797 optimus
989 1728 1303 1798 imperator,
1336 1729 1480 1799 quod
1514 1744 1733 1802 semper
1758 1738 1884 1787 ante

306 1814 474 1870 fuisti.

916 1922 1258 1965 Αυεοωτυει

375 1996 425 2051 Α
464 1996 660 2054 saeculo
712 1996 1020 2069 hujusmodi
1070 2014 1161 2055 res
1199 2008 1374 2071 gesta,
1416 2009 1678 2071 quantum
1705 2001 1884 2068 video,

310 2101 418 2142 non
446 2086 665 2159 legitur,
692 2096 752 2141 ut
780 2085 1009 2157 populus
1052 2102 1152 2156 pro
1179 2088 1424 2158 principe
1453 2097 1641 2144 contra
1685 2091 1885 2160 princi-

307 2162 430 2248 pem
457 2178 538 2233 sic
558 2187 762 2250 ageret.
786 2177 911 2233 Fuit
935 2178 1348 2246 enim,a:stimo,
1374 2179 1646 2247 autnimia
1668 2180 1886 2237 dilectio

307 2278 617 2325 senatorum
659 2278 715 2326 et
760 2270 1052 2341 praesulum
1105 2271 1251 2326 circa
1308 2272 1613 2341 Augustum
1660 2280 1716 2327 et
1767 2270 1891 2340 ejus

305 2359 537 2429 prolem,
563 2360 985 2417 clarescentibus
1035 2362 1234 2427 causis,
1275 2363 1419 2432 quod
1443 2378 1568 2418 eum
1599 2370 1706 2417 tam
1734 2377 1886 2419 rere-

308 2460 493 2507 renter
518 2468 707 2508 rursus
734 2453 950 2525 erigunt
975 2454 1029 2508 in
1080 2469 1302 2526 regnum
1329 2473 1345 2522 ;
1379 2463 1472 2510 aut
1494 2470 1637 2511 caeca
1668 2456 1887 2511 temeri-

306 2549 415 2607 tas,
437 2541 579 2612 quod
603 2542 729 2596 talia
760 2557 1158 2614 praesumpsere
1201 2544 1364 2602 nullis
1397 2545 1757 2609 exstantibus,
1781 2544 1887 2600 nisi

308 2632 453 2704 vulgi
481 2634 858 2702 mstimatione,
903 2637 1103 2703 causis,
1127 2637 1375 2693 mmchia:
1401 2636 1887 2708 sortilegorumque

308 2727 367 2778 et
406 2720 525 2777 aliis
553 2723 879 2792 quibuslibet
922 2727 1280 2795 quorumdam
1326 2726 1566 2784 offensis.
1594 2726 1748 2783 Unde
1779 2743 1885 2783 non

311 2813 444 2868 mihi
462 2814 691 2879 videtur,
722 2815 866 2885 quod
892 2832 992 2886 pro
1015 2815 1213 2872 talibus
1242 2817 1465 2873 deberet
1495 2819 1672 2874 omnis
1699 2819 1888 2890 religio

309 2904 676 2960 ecclesiastica
702 2915 757 2961 et
777 2907 911 2962 ordo
941 2907 1105 2963 totius
1127 2908 1307 2978 populi
1335 2908 1571 2964 itatenus
1606 2909 1887 2982 insurgere

310 3003 367 3050 et
406 2996 734 3051 commoveri
767 2997 1029 3053 adversus
1061 2997 1353 3065 Cmsarem,
1396 2999 1501 3056 nisi
1555 2998 1696 3056 forte
1742 3001 1888 3057 aliud

310 3083 497 3154 lateat,
527 3088 671 3157 quod
692 3089 913 3159 gravius
933 3090 1200 3148 videatur.
1232 3091 1301 3148 Et
1320 3092 1424 3149 hoc
1465 3093 1718 3164 petimus,
1759 3094 1886 3165 quia

312 3176 367 3233 in
414 3178 604 3233 eadem
648 3181 913 3238 concione
960 3191 1017 3239 ct
1062 3185 1279 3256 negotio
1336 3184 1521 3252 fuisti;
1575 3185 1736 3257 paulo
1780 3187 1889 3243 cla-

313 3267 429 3325 rius
464 3272 695 3340 aperias,
727 3281 787 3328 ut
828 3274 1089 3351 Arsenius
1116 3285 1304 3334 noster
1351 3278 1522 3349 magis
1566 3279 1891 3335 excusabilis

311 3356 579 3416 videnlur.

939 3456 1165 3514 CAPUT
1185 3459 1265 3513 ⁷Χ.

322 3612 323 3615 η
936 3564 1271 3607 ριεειιλδιυε.

386 3636 672 3702 Verum,nt
685 3638 784 3702 ais,
806 3641 859 3696 in
877 3642 1067 3697 cadent
1093 3645 1352 3701 concione
1370 3658 1454 3699 me
1476 3643 1662 3709 fuisse,
1676 3646 1893 3714 quando

320 3728 562 3786 universi
589 3732 860 3804 principes
908 3735 1066 3790 simul
1095 3737 1339 3807 pacifice,
1376 3745 1637 3808 quantum
1690 3737 1890 3793 intelli-

315 3832 443 3887 gere
465 3827 590 3876 tunc
609 3822 904 3892 potuimus,
953 3826 1250 3898 aggregati,
1278 3827 1345 3883 de
1368 3827 1454 3883 his
1480 3826 1727 3883 altercati
1768 3834 1896 3883 sunt

316 3918 507 3965 contra
537 3912 857 3984 Augustum,
882 3930 989 3970 non
1041 3917 1222 3973 abnuo
1253 3935 1267 3972 :
1306 3918 1403 3974 sed
1446 3917 1629 3974 omnia
1658 3917 1895 3973 retinere

316 4014 438 4068 quae
494 4000 659 4069 dicta,
702 4018 893 4073 quaeve
926 4019 1187 4075 responsa
1235 4006 1366 4074 sint,
1394 4006 1616 4063 omnino
1661 4002 1891 4076 nequeo.

317 4091 429 4149 Nec
466 4093 651 4164 itaque
681 4096 896 4161 mirum,
930 4111 1053 4153 cum
1082 4107 1139 4154 et
1157 4113 1250 4155 vos
1272 4113 1335 4154 ea
1362 4114 1469 4155 non
1496 4097 1894 4169 recolitis,quae

318 4186 373 4241 in
404 4185 555 4241 brevi
581 4186 746 4257 paulo
774 4188 1025 4258 superius
1049 4190 1457 4246 eonnumeravi.
1499 4189 1755 4259 Alioquin
1788 4188 1895 4245 nisi

317 4277 603 4333 immemor
644 4291 812 4344 esses,
842 4287 990 4334 certe
1029 4288 1123 4335 aut
1163 4280 1565 4347 calumniator;
1619 4293 1895 4351 nunquam

316 4379 487 4434 parva
522 4380 643 4435 quae
685 4366 914 4423 dolenda
966 4369 1147 4435 retuli,
1195 4370 1567 4427 existimasses
1600 4369 1894 4440 :’quoniam

318 4455 453 4511 nihil
505 4457 787 4515 scelestius
822 4474 945 4515 esse
989 4470 1193 4530 posset,
1236 4463 1282 4517 si
1330 4477 1585 4533 proceres
1634 4462 1806 4532 regni,
1837 4470 1893 4517 et

319 4546 485 4602 creati
509 4548 622 4618 jam
654 4563 812 4620 reges
860 4549 976 4615 filii,
1027 4552 1142 4606 fieri
1180 4552 1552 4621 permisissent
1594 4568 1714 4622 quas
1763 4567 1893 4606 con-

320 4638 620 4692 numeravi.
672 4637 827 4694 Unde
856 4654 952 4695 rex
979 4641 1033 4695 in
1085 4640 1171 4695 illa
1217 4643 1498 4708 concione,
1527 4657 1648 4697 cum
1698 4643 1894 4713 pepqu

319 4728 526 4799 gratias
574 4743 673 4797 pro
709 4730 793 4786 his
836 4729 1106 4797 referret;
1145 4733 1394 4802 quamvis
1446 4733 1499 4787 in
1538 4732 1703 4789 corde
1746 4732 1893 4789 aliud

319 4816 594 4873 occuleret
626 4836 639 4872 :
676 4836 695 4869 ι
733 4818 842 4874 Vos
862 4820 1031 4887 enim,
1062 4821 1252 4891 inquit,
1278 4820 1498 4888 fecistis,
1528 4821 1708 4891 qualia
1752 4837 1895 4878 nun-

307 4943 314 4979 ¹
350 5016 362 5023 _
394 4958 420 4986 ι
451 4946 569 5001 Vita
604 4946 857 5023 Ludovici
880 4950 963 5023 Pii
990 4952 1055 5006 ad
1086 4968 1283 5007 annum
1316 4954 1440 5017 850,
1465 4970 1570 5023 quo
1620 4955 1731 5011 htec
1760 4970 1893 5010 cnn-

324 5016 565 5087 tigerunt
590 5035 602 5071 :
635 5019 702 5072 At
725 5036 842 5074 vero
870 5022 1154 5093 imperator
1178 5033 1231 5076 ut
1253 5016 1435 5077 eorum
1460 5016 1895 5093 conspirationem

326 5095 507 5140 contra
541 5104 632 5163 με,
652 5098 698 5142 et
727 5107 979 5163 __ua:orem
1026 5091 1453 5163 Bernafdumqtte
1498 5091 1898 5149 obstinatissime

327 5158 573 5225 comperit
603 5157 838 5226 feraliler
855 5172 1112 5214 armatam
1131 5178 1149 5226 ;
1174 5157 1501 5217 Bernafdum
1533 5164 1739 5234 quidem
1756 5166 1899 5288 Lnga:

327 5225 574 5288 prtrsidio
596 5243 650 5281 se
677 5230 995 5283 committere
1016 5232 1268 5288 permisit.
1300 5248 1514 5286 uxorem
1549 5244 1720 5287 autent
1796 5252 1895 5287 tm-

327 5225 574 5299 prtrsidio
596 5225 650 5281 se
677 5230 995 5283 committere
1015 5225 1268 5299 permisit,
1300 5248 1514 5286 uxorem
1546 5225 1720 5287 nutent
1756 5225 1895 5288 ιαῖι-

326 5293 458 5348 duni
476 5311 606 5359 esse,
632 5306 679 5351 et
710 5299 765 5353 in
807 5293 1124 5354 monasterio
1152 5293 1359 5355 Sancta:
1390 5301 1580 5356 Maria:
1622 5305 1902 5358 consistere

326 5362 510 5451 noluit,
543 5366 652 5435 ipse
673 5379 846 5423 autem
864 5366 1247 5451 gompendium
1275 5372 1437 5451 petiit_.
1473 5373 1633 5426 Addit.
1675 5371 1899 5451 Auctor,

329 5429 514 5517 Judith
542 5429 724 5517 postea
740 5454 836 5508 per
862 5429 1146 5517 _War_inum
1183 5449 1238 5494 et
1275 5429 1625 5496 Lantbertum
1656 5429 1901 5517 compul;

331 5517 450 5583 sam
483 5503 675 5583 fuisse,
716 5503 775 5562 ut
797 5509 968 5562 velum
998 5510 1128 5583 ipsa;
1160 5520 1416 5583 sumeret,
1445 5503 1902 5583 persuadet-eique

332 5572 666 5642 imperatori,
697 5586 756 5632 ut
781 5593 992 5633 comam
1020 5572 1308 5636 recideret.
1338 5572 1462 5637 Haec
1499 5598 1626 5637 vero
1656 5600 1777 5637 eum
1802 5572 1904 5638 im-

331 5653 581 5720 peratore
596 5658 807 5704 secreto
827 5648 1114 5720 collocuta,
1138 5652 1462 5720 permittente
1476 5651 1588 5717 illo,
1617 5661 1670 5707 ut
1685 5664 1902 5708 mortem

332 5713 550 5770 evadere
572 5727 766 5789 posset,
807 5720 919 5789 ipsa
945 5713 1109 5775 velunt
1131 5713 1227 5775 sibi
1255 5723 1413 5792 cupiti
1444 5713 1767 5794 superposuit
1794 5737 1810 5776 .·
1840 5724 1904 5780 de

1982 548 2081 605 ego
2106 536 2254 604 prior
2277 537 2471 592 admisi
2496 546 2549 592 et
2579 538 2702 602 feci,
2748 538 2932 609 qualia
2975 538 3154 594 nullus
3182 546 3310 594 ante
3344 554 3431 594 me
3467 554 3562 596 rex

1982 625 2178 682 fecisse
2220 628 2512 683 invenitur.
2558 629 2624 683 Et
2659 630 2801 695 ideo,
2852 631 3048 701 inquit,
3081 631 3285 704 gratias
3314 634 3562 703 omnipo-

1985 717 2116 772 tenti
2141 717 2272 782 Deo,
2301 718 2390 787 qui
2417 727 2525 773 tam
2567 719 2852 775 imminens
2891 720 3090 775 malum
3116 721 3184 776 ad
3215 729 3324 776 tam
3373 720 3562 789 pacili-

1981 822 2107 862 cum
2160 807 2383 861 deduxit
2426 808 2655 877 exitum.
2712 808 2881 863 Porro
2929 810 3184 881 deinceps
3253 809 3390 865 nihil
3434 809 3559 874 tale,

1983 895 2116 950 nihil
2154 896 2271 950 sine
2301 904 2479 951 vestro
2508 897 2735 953 consilio
2766 913 2852 953 me
2889 907 3136 954 acturum
3168 899 3398 955 ulterius
3428 914 3563 969 pro-.-

1985 984 2159 1041 fiteor.
2189 985 2479 1056 Imperium
2505 1004 2742 1058 namque
2773 1005 2804 1045 a
2834 1005 2945 1056 me,
2994 998 3055 1045 ut
3095 990 3227 1047 olim
3253 991 3563 1049 ordinatum

1984 1085 2070 1130 est
2094 1092 2199 1131 una
2219 1078 2523 1145 vobiscum,
2554 1088 2610 1134 et
2653 1081 3026 1147 consﬁtutum,
3072 1082 3147 1136 ita
3199 1097 3423 1145 manere
3468 1083 3565 1139 de-

1984 1181 2149 1221 cerno
2178 1174 2234 1221 et
2263 1168 2404 1223 volo.
2436 1167 2676 1226 Femina;
2705 1186 2919 1242 quoque
2963 1172 3115 1241 huic,
3155 1190 3321 1244 quam
3349 1174 3561 1244 adjudi-

1985 1259 2169 1325 castis,
2210 1261 2335 1328 quia
2373 1277 2491 1315 mea
2518 1273 2600 1318 est
2633 1262 2686 1317 in
2718 1263 2806 1319 illa
2851 1265 3002 1331 uiuo,
3046 1267 3200 1339 juxta
3247 1282 3564 1325 communes

1986 1349 2156 1421 leges,
2198 1351 2347 1406 sicut
2368 1353 2682 1423 deposcitis,
2720 1357 2883 1411 vitam
2938 1359 3214 1414 concedo:
3264 1361 3338 1416 ita
3381 1370 3566 1417 tamen

1987 1449 2047 1496 ut
2077 1440 2177 1496 sub
2204 1456 2362 1497 sacro
2390 1443 2654 1500 velamine
2699 1458 2727 1487 ι
2766 1445 3022 1518 deinceps
3061 1449 3258 1520 degeat
3309 1450 3454 1521 (sic),
3503 1436 3566 1506 et

1984 1532 2363 1603 pmnitentiam
2387 1544 2559 1605 gerat.
2600 1557 2619 1590 ι
2648 1537 2854 1605 Quibus
2894 1539 2967 1595 ita
3008 1541 3234 1610 paeitice
3278 1542 3333 1597 in
3374 1543 3566 1599 eadem

1987 1626 2248 1682 concione
2295 1627 2590 1699 dispositis,
2640 1631 2912 1687 releratur
2948 1634 3003 1689 in
3051 1635 3257 1691 throno.
3299 1636 3566 1707 gloriosus

1990 1716 2303 1786 imperator,
2330 1726 2389 1772 et
2411 1719 2641 1789 erigitur
2664 1736 2788 1775 cum
2830 1721 3102 1788 laudibus,
3142 1732 3198 1778 ct
3235 1723 3482 1780 subditur
3514 1726 3568 1781 ei

1912 1796 1961 1857 B
1989 1799 2164 1862 omnis
2184 1808 2414 1878 populus
2435 1809 2488 1863 in
2510 1809 2615 1865 fide
2642 1811 2872 1881 amplius
2908 1812 3100 1879 fidelis,
3129 1814 3174 1870 si
3197 1823 3383 1885 posset
3424 1816 3565 1878 ﬁeri,

1991 1912 2152 1967 quam
2190 1898 2361 1967 prius.
2413 1898 2559 1954 Talis
2611 1901 2808 1972 quippe
2852 1911 2939 1958 est
2992 1904 3285 1962 inﬁdelitas
3325 1904 3566 1972 Arsenii,

1990 1986 2125 2043 falso
2163 1996 2223 2042 ut
2271 1989 2581 2058 opinantur,
2619 1992 2816 2062 quibus
2861 2008 2969 2048 non
3009 2004 3096 2050 est
3146 1997 3585 2068 prmcognitum,

1990 2079 2132 2149 quod
2165 2096 2265 2135 suo
2292 2082 2520 2152 sapienti
2553 2083 2781 2139 consilio
2811 2093 3101 2157 tyrannum
3131 2089 3475 2158 praevenerit,
3499 2104 3572 2142 ne

1989 2166 2275 2236 perliceret
2304 2185 2424 2239 qua:
2446 2171 2786 2240 moliebatur,
2817 2180 2878 2228 ttt
2926 2175 3215 2245 perimeret
3242 2176 3599 2246 Augustum"

1989 2259 2304 2329 prolemque
2349 2261 2470 2331 ejus
2512 2277 2728 2318 onmem
2768 2265 3186 2337 exstingueret,
3238 2276 3295 2322 et
3346 2282 3569 2323 uxorem

1988 2362 2151 2418 quam
2199 2348 2488 2405 infideliter
2539 2352 3006 2423 coinquinaverat,
3078 2356 3372 2426 acciperet.
3430 2357 3568 2413 Cum

1988 2450 2121 2508 qua,
2154 2438 2202 2493 si
2243 2440 2550 2508 cederetur,
2575 2442 2858 2515 imperium
2898 2449 3240 2518 pervaderet,
3286 2460 3340 2506 et
3379 2464 3570 2507 omnes

1989 2530 2230 2586 seniores
2260 2540 2420 2587 terra:
2446 2541 2543 2587 aut
2590 2534 2940 2602 interficeret,
2968 2547 3064 2592 aut
3094 2538 3232 2596 male
3257 2541 3571 2614 subjugaret

1989 2637 2320 2694 oppressos;
2374 2626 2456 2680 sin
2497 2627 2650 2693 alias,
2690 2629 2758 2685 ad
2805 2630 3116 2701 Hispaniam
3165 2648 3289 2689 cum
3345 2633 3463 2704 ipsa
3513 2648 3574 2689 se

1994 2721 2407 2796 transponereto
2438 2718 2735 2790 Pr0ptcrea
2765 2736 2894 2793 ergo
2917 2724 3066 2778 dedit
3102 2739 3162 2781 se
3201 2726 3440 2796 periculo
3468 2724 3572 2785 Ar-

1990 2789 2195 2870 senius,
2224 2814 2280 2860 et
2306 2805 2556 2864 liberavit
2591 2824 2780 2865 omnes
2807 2812 2988 2866 ata‘nti
3020 2813 3244 2871 sceleris
3293 2816 3453 2872 malo.
3478 2815 3573 2871 Ni-

1992 2896 2066 2951 hil
2098 2897 2279 2968 itaque
2334 2898 2476 2954 idem
2518 2912 2706 2957 contra
2764 2902 3054 2971 Caesarem,
3111 2907 3360 2976 quamvis
3413 2908 3572 2964 aliter

1990 2987 2147 3044 inscii
2174 2988 2529 3060 malignantes
2558 2994 2832 3061 sentiant;
2872 2996 2967 3051 sed
3005 3011 3106 3066 pro
3127 2996 3341 3054 Caesare
3363 2998 3491 3055 fecit
3516 3010 3573 3056 et

1992 3080 2239 3153 imperio,
2272 3097 2373 3153 pro
2400 3085 2576 3154 patria
2604 3093 2659 3142 et
2686 3101 2786 3157 pro
2807 3088 3062 3145 omnibus
3092 3090 3388 3161 majoribus
3414 3100 3568 3158 natu,

1992 3187 2091 3242 pro
2123 3173 2228 3228 fide
2257 3181 2312 3230 et
2336 3174 2453 3231 zelo
2479 3175 2594 3241 Dei,
2624 3191 2725 3246 pro
2751 3176 3011 3249 religione
3048 3178 3476 3236 Christianitatis
3512 3190 3569 3237 et;

1992 3264 2165 3321 salute
2190 3265 2408 3320 civium.
2448 3266 2853 3322 Rescinduntur
2876 3284 3005 3339 ergo
3024 3285 3091 3324 eo
3143 3270 3198 3326 in
3228 3271 3371 3327 facto
3408 3272 3571 3343 paulo

1990 3363 2112 3425 post
2144 3356 2267 3426 jura
2310 3356 2486 3428 legum
2525 3359 2728 3425 omnia,
2771 3346 2952 3418 divina
2988 3361 3195 3419 scilicet
3219 3374 3274 3419 et
3309 3364 3566 3421 humana.

1991 3445 2375 3504 Occultabatur
2423 3457 2604 3505 autem
2646 3451 2814 3507 nimia
2860 3451 3035 3519 fraus,
3078 3456 3232 3525 quasi
3285 3457 3387 3512 sub
3444 3457 3574 3514 ﬁdei

1992 3538 2267 3593 schemate
2288 3546 2344 3593 et
2385 3538 2661 3595 voluntate
2686 3542 2855 3613 regia.
2881 3542 3019 3599 Hinc
3046 3544 3269 3601 hercule
3296 3556 3399 3612 est,
3423 3548 3573 3620 quod

1992 3632 2172 3689 adhuc
2217 3634 2376 3689 hodie
2407 3635 2590 3705 plures
2627 3636 2681 3691 in
2715 3651 2782 3691 eo
2810 3647 3012 3704 errant,
3045 3646 3100 3694 et
3138 3639 3324 3695 dicunt
3366 3640 3577 3697 bonum

1992 3728 2213 3794 malum,
2273 3737 2330 3785 et
2364 3729 2564 3785 malum
2610 3730 2757 3800 quod
2797 3746 2989 3788 omnes
3012 3741 3142 3790 tunc
3173 3734 3577 3802 detrectabant,

1991 3819 2210 3875 bonum.
2245 3820 2322 3876 Ex
2354 3836 2462 3892 quo
2497 3837 2628 3878 sane
2675 3822 2820 3880 malo
2865 3824 3146 3882 innumera
3187 3836 3494 3895 creverunt,
3516 3837 3581 3884 et

1991 3910 2233 3981 quotidie
2269 3913 2539 3968 atrociora
2562 3922 2817 3971 crescunt
2844 3912 3008 3969 mala.
3045 3915 3197 3971 Tunc
3238 3924 3417 3972 tamen
3444 3932 3587 3978 eum.

1993 4001 2147 4070 quasi
2209 4001 2553 4058 liberatorem
2587 4002 2828 4058 omnium
2884 4017 3076 4061 omnes
3124 4005 3573 4075 magnificabant,

1993 4102 2048 4149 et
2073 4093 2403 4149 extollebant
2427 4092 2624 4164 ubique
2658 4094 2936 4163 laudibus;
2970 4097 3207 4154 maxime
3242 4113 3365 4154 cum
3391 4097 3581 4155 Caesae

1991 4183 2269 4254 Augustus
2294 4183 2564 4240 Honorius
2592 4185 2661 4240 ab
2688 4185 2839 4243 Italis
2878 4196 3139 4246 evocatus
3163 4189 3193 4230 δ
3216 4190 3477 4256 venisset,
3506 4204 3598 4247 eo.

1994 4273 2136 4344 quod
2166 4282 2475 4330 consortem
2498 4275 2710 4345 imperii
2739 4275 3078 4335 Justinianus
3098 4277 3203 4335 sibi
3224 4279 3354 4336 olim
3384 4288 3440 4335 et
3460 4296 3579 4337 suc-

1995 4380 2270 4422 cessorem
2323 4368 2489 4423 totius
2518 4369 2848 4425 monarcbiae
2873 4384 2997 4425 cum
3034 4371 3313 4427 voluntate
3356 4380 3415 4427 et
3446 4388 3580 4428 con~

1997 4472 2158 4514 sensu
2185 4457 2425 4512 omnium
2471 4473 2593 4513 eum
2637 4457 2864 4524 fecerat;
2913 4473 3073 4528 quem
3119 4475 3227 4515 una
3274 4476 3397 4517 cum
3423 4470 3601 4531 patre:

2000 4546 2259 4616 praefatus
2286 4548 2656 4618 exterminare
2682 4555 2739 4602 et
2765 4549 3082 4605 subvertere
3114 4553 3429 4618 conabatur,
3453 4569 3591 4610 cum

2000 4635 2222 4705 reliquis
2251 4616 2509 4691 fratribus
2548 4636 2661 4692 suis
2704 4637 2967 4708 regibus:
3014 4639 3069 4696 in
3118 4639 3272 4710 cujus
3321 4643 3601 4699 nimirum.

2001 4728 2233 4783 adventu
2291 4729 2488 4785 detecti
2533 4739 2660 4785 sunt
2717 4731 2956 4802 plurimi,
3004 4741 3060 4790 et
3100 4750 3220 4805 qua:
3260 4736 3597 4794 dicebantur

2002 4827 2264 4875 reserata.
2289 4819 2395 4876 Pro
2422 4836 2531 4892 quo
2561 4822 2789 4881 consilio
2809 4823 2956 4881 illius
2988 4825 3146 4883 furiae
3176 4825 3346 4883 frater
3374 4839 3421 4895 ο,
3449 4833 3597 4902 quiis

2001 4955 2314 5030 attottsione‘
2338 4971 2491 5030 porro
2517 4974 2633 5030 sua
2661 4958 2975 5030 imperator
3002 4969 3200 5030 tempus
3257 4962 3591 5022 deliberandi.

2000 5024 2475 5101 poposcit._COufer
2502 5026 2736 5101 Annales
2757 5024 3139 5101 'Bertiniapos,
3184 5031 3238 5086 in
3265 5034 3462 5101 quibus
3488 5036 3585 5091 Ju-

2001 5094 2148 5149 ditha
2184 5094 2272 5176 .ad
2330 5098 2718 5182 monasterium
2767 5106 2969 5182 sanctae
3012 5094 3356 5182 l'i‘adegundis
3406 5105 3597 5182 Pictam

2002 5181 2098 5246 vos
2127 5166 2288 5287 ntiissa
2351 5164 2538 5232 fuisse,
2588 5177 2644 5220 et
2679 5167 2988 5225 Bernartius
3027 5164 3389 5228 Barcinonam
3439 5176 3584 5232 refu-

2003 5251 2144 5287 (IISSC
2170 5254 2183 5287 (
2209 5245 2442 5287 πριιιιιιπ.

2003 5251 2144 5305 gtsse
2170 5245 2442 5305 dicuntur.

2080 5306 2107 5345 δ
2139 5301 2343 5374 Nemp’e
2384 5306 2525 5359 circa
2553 5321 2777 5359 mensem
2806 5306 3029 5372 Maium,
3062 5326 3131 5365 ex
3171 5310 3295 5369 Vita
3328 5313 3584 5371 Ludovici

1996 5374 2106 5444 jam
2152 5376 2339 5439 citata,
2390 5389 2552 5444 quam
2601 5383 2657 5433 tu
2688 5378 2909 5433 consule
2961 5388 3016 5434 et
3066 5381 3253 5438 confer
3308 5400 3431 5440 cum
3480 5387 3585 5443 hac

2004 5445 2250 5509 historia,
2528 5466 2543 5473 κ
2987 5487 2991 5491 η
3216 5482 3219 5487 ‹
3288 5500 3291 5503 η
3572 5504 3575 5509 .

2079 5528 2099 5555 ε
2121 5514 2436 5588 lleribertus
2461 5513 2690 5588 scilicet,
2712 5516 2778 5569 dc
2812 5533 2920 5588 quo
2951 5520 3073 5576 Vita
3104 5522 3361 5578 Ludovici
3408 5525 3489 5581 Pii
3515 5526 3595 5581 ad“

2006 5584 2568 5662 annttntjatn_(lictutn
2596 5604 2609 5638 :
2643 5584 2949 5662 lletibe'rtus
2980 5590 3239 5646 Bri-nardi
3289 5594 3455 5662 frater
3502 5595 3583 5650 lu-

2008 5654 2535 5733 minum’a’r‘nissione
2583 5655 2935 5733 multumque“
2962 5673 3144 5733 contra
3188 5654 3362 5733 votum
3416 5664 3586 5733 Impc~

2010 5726 2196 5779 ratoris
2229 5738 2245 5777 .'
2274 5721 2388 5781 0do
2437 5725 2773 5796 consobrinus
2800 5726 2942 5782 imus
2978 5732 3137 5797 armis
3160 5732 3371 5807 _ablatis
3401 5721 3584 5809 ρι’δῆῥο
