4122 6324
559 333 700 398 i623

1349 347 1406 403 S.
1450 347 1802 406 PASCHASII
1843 350 2189 407 RADBERTI
2230 351 2520 410 ABBATIS
2558 355 3005 414 CORBEIENSIS

3671 364 3694 418 1
3706 364 3812 418 624

555 456 835 549 convictus
863 465 918 513 et
937 458 1216 514 confessus
1238 468 1320 514 est
1340 463 1702 528 consensisse,
1730 464 1782 518 in
1805 465 1993 520 eodem
2011 465 2128 535 pla-
2156 470 2207 527 A
2233 468 2436 523 Idcirco
2472 479 2523 525 te
2565 480 2878 541 oportuerat
2923 473 3151 544 amplius
3181 489 3267 529 me
3298 491 3396 545 pro
3436 475 3646 546 iustitia
3691 495 3814 549 pcr-

559 547 670 603 cito
699 558 932 603 caecatus
951 558 1032 604 est
1058 550 1263 620 judicio
1287 552 1520 621 publico,
1555 555 1666 609 vita
1706 557 1809 611 sibi
1835 556 2131 613 clementer

557 652 834 692 concessa.
863 639 966 693 Sed
997 642 1121 710 quia
1163 652 1357 698 cuncta
1395 660 1515 714 qua:
1565 645 1788 711 ﬁebant,
1837 662 1940 701 non
1977 656 2132 703 erant

557 740 627 780 ex
645 728 808 781 corde
847 725 1160 794 Justiniani,
1197 747 1370 802 neque
1413 747 1483 788 ex
1522 734 1719 794 animo.
1754 736 2006 806 quoniam
2063 736 2131 790 ab

558 815 768 870 aemulis
799 832 942 873 verae
964 819 1089 875 ﬁdei
1117 821 1412 892 etjustitize
1440 823 1796 895 instigabatur
1845 834 1900 880 et
1945 827 2132 881 adula-

559 911 759 977 batur;
817 911 1054 970 femineo
1117 931 1303 972 rursus
1361 917 1602 973 devictus
1648 918 1925 985 instinctu,
1978 921 2129 991 quasi

556 1001 728 1056 multa
751 1011 939 1059 contra
968 1018 1092 1059 eum
1120 1005 1422 1072 inhonesta,
1451 1023 1557 1063 non
1587 1023 1685 1079 pro
1707 1010 1808 1064 ﬁde
1832 1009 1969 1066 facta
2002 1011 2132 1068 fuis-

557 1099 700 1159 sent,
728 1093 820 1163 qui
868 1094 971 1149 nisi
1011 1109 1070 1150 se
1110 1095 1176 1151 de
1226 1096 1312 1151 his
1355 1097 1672 1165 vindicaret,
1721 1099 1856 1155 bene
1878 1100 2131 1173 deinceps

555 1199 789 1255 regnare
814 1201 921 1241 non
955 1203 1150 1257 posse;
1184 1205 1476 1260 rursusque
1503 1191 1548 1246 si
1591 1190 1824 1246 ablatam
1857 1193 1958 1248 sibi
1998 1209 2132 1248 uxo-

559 1291 678 1330 rem
710 1291 818 1332 non
846 1279 1115 1348 reciperet
1153 1290 1275 1349 post
1309 1280 1570 1336 velamen.
1601 1279 1822 1351 Tegitur
1861 1283 2128 1338 interdum

556 1365 751 1421 vulnus
775 1367 829 1421 in
857 1368 1022 1422 corde
1064 1369 1222 1424 valde
1265 1371 1520 1437 deﬁxum,
1552 1381 1816 1441 augentur
1843 1375 2130 1444 compliees

558 1454 777 1520 iterum,
799 1465 856 1510 ut
886 1457 1546 1532 rescindaturimperium.
1576 1461 1862 1528 Honorius,
1893 1466 1984 1535 qui
2013 1474 2131 1520 erat

554 1543 713 1613 longe
738 1545 831 1599 diu
855 1561 1080 1603 consors
1108 1564 1136 1603 a
1168 1557 1340 1620 patre,
1365 1561 1419 1605 et
1445 1552 1512 1605 ab
1537 1553 1788 1608 omnibus
1817 1566 2130 1624 procreatus

554 1634 872 1705 imperator,
896 1649 1206 1694 removetur
1247 1655 1278 1695 a
1319 1649 1604 1712 potestate,
1643 1643 1921 1714 repellitur
1945 1661 1972 1699 a
1999 1661 2129 1702 con-

562 1726 766 1792 sortio;
828 1739 1166 1784 sacramenta
1225 1732 1601 1788 universorum
1638 1775 1652 1798 ,
1701 1749 1821 1805 qua:
1873 1735 1944 1790 illi
1986 1735 2125 1791 facta

554 1816 824 1885 fuerant,
891 1823 1214 1878 auctoritate
1297 1834 1522 1895 paterna
1594 1827 1912 1893 violantur;

552 1922 767 1978 quoque
810 1918 971 1980 atque
1029 1912 1213 1983 inclyti
1266 1915 1365 1970 viri
1401 1955 1415 1977 ,
1467 1917 1559 1984 qui
1621 1917 1820 1972 dudum
1868 1933 1965 1987 pro
2027 1918 2131 1972 ﬁde

565 2012 954 2068 certaverant,
1017 2015 1304 2076 tyrannum
1360 2007 1649 2077 fugarant,
1713 2010 2034 2074 moechiam,
2077 2018 2132 2064 et

572 2095 826 2149 universa
885 2096 1058 2166 turpia
1107 2112 1137 2150 a
1184 2108 1471 2167 conspectu
1547 2100 1730 2169 palatii
1775 2100 2128 2170 pepulerant;

568 2184 662 2253 qui
737 2185 965 2254 patriam
1015 2195 1070 2242 et
1134 2187 1386 2258 populum
1442 2189 1771 2256 salvarant;
1824 2191 1912 2260 qui
1967 2193 2129 2246 etiam

553 2275 875 2348 Augustum,
923 2285 983 2332 ut
1025 2278 1277 2342 diximus,
1345 2288 1400 2334 et
1461 2279 1600 2336 ﬁlios
1651 2282 1989 2347 liberarant;
2039 2283 2131 2352 qui

556 2371 766 2439 seipsos
807 2386 928 2426 cum
981 2372 1151 2428 multo
1201 2373 1534 2436 discrimine,
1579 2382 1699 2443 post
1745 2373 1892 2438 talia,
1938 2373 2133 2443 quibus

555 2477 678 2518 eum
709 2465 1062 2520 restituerant
1111 2465 1164 2520 in
1208 2465 1403 2519 throno
1448 2465 1679 2536 imperii,
1724 2481 1829 2519 una
1875 2481 1996 2519 cum
2037 2465 2131 2520 ﬁlii

554 2555 831 2609 consortio
857 2555 910 2610 in
940 2555 1064 2622 ﬁde,
1093 2556 1184 2625 qui
1208 2571 1304 2625 pro
1337 2554 1441 2610 ﬁde
1466 2564 1712 2626 egerant,
1743 2556 2128 2621 subdiderunt;

558 2643 632 2696 ita
660 2651 715 2696 ut
737 2644 789 2696 in
821 2644 901 2698 eis
933 2644 1067 2698 nihil
1098 2643 1197 2699 nisi
1227 2644 1360 2700 ﬁdes
1387 2653 1443 2699 et
1466 2645 1667 2700 veritas
1692 2654 1997 2718 appareret.
2025 2644 2133 2701 Sed

551 2733 934 2790 insidiantibus
956 2735 1114 2791 malis
1142 2737 1406 2804 quzeritur
1427 2739 1803 2807 opportunitas
1852 2739 2131 2808 temporis,

552 2835 610 2880 et
634 2825 786 2880 locus
811 2826 1016 2882 electus
1040 2845 1054 2890 ;
1081 2829 1466 2900 disperguntur
1489 2830 1752 2896 universi,
1793 2830 1881 2900 qui
1908 2831 1957 2885 ei
1985 2831 2134 2900 prius

554 2916 714 2971 ﬁdem
765 2927 1050 2973 servarant
1102 2938 1115 2972 :
1167 2929 1386 2975 senatus
1443 2921 1742 2986 exsiliatur,
1785 2929 1839 2976 et
1899 2921 2134 2992 magnati

557 3021 769 3072 omnes,
813 3017 976 3076 atque
1003 3009 1131 3062 olim
1179 3010 1484 3064 charissimi
1515 3019 1568 3064 et
1610 3010 1770 3080 primi
1811 3013 2134 3066 damnantur

559 3095 788 3164 palatii:
824 3096 967 3152 inter
989 3113 1123 3166 quos
1156 3098 1318 3152 etiam
1359 3098 1617 3156 Arsenius
1669 3108 1854 3155 noster
1900 3103 2128 3171 rapitur,

2235 559 2461 614 suadere
2505 570 2714 616 certare
2750 560 2968 629 debere,
2999 578 3160 632 quam
3191 563 3276 619 vel
3307 565 3359 618 in
3409 567 3619 620 modico
3658 577 3810 636 tepe-

2233 662 2414 712 scere;
2449 649 2532 702 vel
2571 659 2756 704 contra
2785 665 2970 705 verum
3001 653 3296 722 quidpiam,
3323 653 3408 707 vel
3436 664 3622 709 contra
3667 657 3810 726 quod

2233 738 2517 792 honestum
2559 746 2671 802 est,
2717 741 2984 794 assentire
3017 739 3102 793 vel
3139 741 3404 795 conﬁteri.
3435 761 3452 794 ι
3485 743 3622 797 Tum
3665 759 3804 813 ego:

2233 827 2599 897 Nequaquam,
2631 829 2872 898 inquam,
2900 831 3120 884 dubito:
3149 847 3325 901 neque
3359 833 3586 903 amplius
3615 834 3808 889 vellem

2233 915 2286 968 in
2327 917 2428 970 hac
2475 926 2650 985 parte,
2695 933 2855 988 quam
2899 934 3154 975 excessus
3187 924 3431 985 verbum,
3463 933 3516 978 et
3554 939 3809 980 assensus

2233 1004 2298 1059 de
2325 1005 2477 1059 vobis
2505 1005 2742 1060 habere:
2775 1007 2899 1076 quia
2935 1007 2986 1061 in
3037 1009 3122 1063 his
3163 1009 3372 1065 duobus
3411 1012 3570 1066 credo
3606 1014 3810 1068 amicos

2232 1103 2287 1149 et
2325 1109 2411 1148 me
2437 1094 2681 1150 obtinere
2710 1110 2890 1166 posse,
2918 1112 3024 1152 non
3065 1098 3237 1152 solum
3270 1102 3480 1154 veniam
3509 1117 3609 1173 pro
3639 1102 3808 1157 otl'en-

2232 1185 2328 1249 sis,
2352 1199 2539 1239 verum
2580 1192 2636 1240 et
2673 1186 2988 1256 ampliorem
3033 1189 3282 1258 gratiam,
3325 1190 3557 1246 honores
3599 1208 3809 1262 quoque

2230 1277 2476 1346 proprios
2493 1283 2546 1330 et
2561 1276 2820 1346 majores;
2848 1279 3065 1350 insuper
3093 1280 3350 1350 quidquid
3380 1281 3446 1335 de
3464 1297 3528 1337 eo
3557 1291 3611 1336 et
3645 1285 3713 1337 ab
3739 1299 3808 1340 eo

2234 1367 2384 1421 vobis
2416 1367 2694 1437 placuerit.
2725 1367 2877 1423 Tunc
2905 1370 2978 1423 ita
3004 1370 3089 1424 ille
3116 1371 3495 1426 subsannando
3536 1373 3808 1442 paululum

2231 1461 2552 1515 subridens:
2592 1478 2611 1511 ‹
2647 1460 2724 1515 Tu
2749 1459 3117 1531 forte,inquit,
3146 1477 3268 1516 eum
3297 1471 3354 1518 et
3378 1478 3567 1518 omnes
3603 1479 3698 1519 eos
3721 1465 3810 1533 qui

2231 1566 2352 1607 eum
2390 1549 2595 1615 favent,
2624 1551 2675 1604 in
2707 1560 2795 1604 tua
2835 1551 3070 1605 azstimas
3099 1553 3404 1621 potestate?
3432 1552 3687 1622 Nunquid
3717 1554 3814 1608 Dei

2225 1640 2422 1712 judicia
2472 1656 2577 1695 non
2622 1641 2998 1711 pertimescis?
3033 1641 3170 1709 Quid
3218 1643 3276 1696 si-
3305 1657 3406 1713 ego
3451 1641 3585 1697 falso
3624 1651 3814 1697 contra

2235 1749 2318 1787 me
2341 1732 2615 1803 protulero
2641 1732 2964 1786 sententiam
2995 1731 3352 1786 confessionis
3378 1741 3431 1786 et
3463 1743 3647 1786 reatus
3672 1748 3816 1787 men-

2001 1829 2127 1884 boni
2159 1818 2204 1878 Β
2235 1823 2468 1888 daciutn,
2498 1822 2684 1878 relicta
2708 1822 2917 1892 justitia
2942 1836 3083 1877 verae
3111 1823 3234 1877 fidei
3261 1831 3314 1876 et
3343 1823 3578 1891 puritate
3599 1822 3814 1876 cordis?

2232 1916 2415 1971 Potest
2447 1916 2608 1986 igitur
2639 1915 2968 1984 contingere,
2998 1923 3057 1968 ut
3096 1915 3147 1967 in
3189 1915 3520 1968 contrarium
3568 1921 3813 1967 vertatur

2232 2009 2520 2071 sententia,
2547 2008 2726 2061 divino
2753 2007 3003 2076 exigente
3043 2005 3268 2074 judicio,
3312 2020 3475 2074 quam
3526 2012 3584 2057 tu
3629 2003 3816 2057 existi-

2231 2113 2350 2154 mas
2377 2115 2390 2163 ;
2421 2106 2476 2152 et
2509 2098 2553 2151 si
2585 2111 2685 2163 ego
2713 2112 2810 2166 pro
2842 2096 3002 2150 ullius
3035 2097 3228 2167 gratia,
3255 2104 3346 2148 aut
3372 2110 3470 2164 pro
3499 2095 3817 2158 honoribus,

2231 2186 2315 2241 vel
2355 2187 2575 2250 timore,
2621 2185 2704 2239 vel
2751 2184 3056 2250 favoribus,
3107 2185 3337 2238 veritate
3387 2184 3575 2239 relicta
3619 2183 3820 2238 falsum

2232 2287 2419 2334 contra
2446 2293 2532 2332 me
2559 2278 2745 2332 dixero
2771 2277 3016 2347 aliquod;
3049 2285 3103 2331 et
3132 2277 3186 2332 in
3216 2278 3300 2331 his
3326 2277 3696 2346 deprehensus
3723 2276 3820 2330 Dei

2225 2370 2375 2440 justo
2400 2379 2590 2441 agente
2613 2370 2841 2440 judicio,
2871 2370 3088 2439 pmprio
3111 2370 3499 2423 condemnatus
3525 2385 3642 2432 ore,
3674 2384 3822 2422 mor-

2234 2465 2305 2518 tis
2355 2462 2676 2517 sententiam
2725 2477 3027 2531 excepero;
3078 2461 3203 2514 dum
3248 2460 3451 2514 leviora
3498 2461 3675 2513 vitare
3732 2475 3825 2512 me

2235 2570 2391 2627 rogas
2426 2553 2682 2625 pericula,
2709 2562 2764 2608 et
2793 2553 3024 2608 honores
3051 2565 3294 2621 quaerere
3322 2550 3402 2605 vel
3433 2550 3696 2621 gratiam;
3730 2563 3824 2602 ca-

2234 2648 2484 2711 vendum,
2517 2661 2584 2701 ne
2629 2645 2931 2700 crudeliora
2982 2642 3248 2712 excipiam
3287 2658 3300 2694 :
3342 2651 3395 2696 et
3439 2643 3568 2696 dum
3606 2651 3821 2708 tempo-

2236 2741 2375 2796 rales
2402 2741 2625 2810 injurias
2654 2738 2857 2808 fugere,
2881 2737 2964 2792 vel
2995 2737 3224 2790 honores
3245 2749 3486 2805 quzerere
3513 2748 3597 2786 me
3621 2747 3817 2801 rogas;

2237 2831 2487 2888 ineffabili
2544 2831 2886 2901 dispensante
2931 2827 3161 2896 judicio,
3217 2826 3558 2894 sempiterna:
3620 2823 3822 2877 mortis

2236 2923 2634 2979 damnationem
2676 2922 2974 2991 acquiram.
3001 2920 3361 2989 Quapropter,
3390 2917 3582 2980 frater,
3614 2925 3826 2970 stemus

2238 3015 2291 3070 in
2337 3013 2422 3068 via
2454 3013 2697 3068 veritatis
2727 3012 2958 3082 ingressi
2995 3024 3010 3064 :
3054 3020 3109 3064 et
3139 3025 3290 3078 spem
3342 3010 3659 3072 habeamus,
3690 3008 3823 3076 quia

2238 3107 2356 3162 htec
2385 3120 2484 3161 nos
2533 3104 2599 3158 ad
2633 3105 2798 3158 vitam
2831 3101 3240 3171 sempiternam,
3272 3115 3390 3169 qua:
3434 3100 3676 3154 Christus
3711 3108 3822 3164 est,

556 3185 872 3255 pontificum
929 3196 1102 3241 tamen
1153 3186 1348 3252 oﬁicio,
1397 3188 1619 3256 jubente
1675 3189 1938 3261 Augusto,
1977 3207 2038 3248 ac
2085 3193 2131 3248 si
2161 3163 2204 3224 C
2237 3197 2544 3252 admittunt.
2580 3215 2596 3248 ι
2624 3195 2868 3250 Cndehis
2893 3163 3048 3250 dictis
3073 3194 3329 3250 confusus
3353 3193 3489 3248 silui.
3520 3194 3822 3247 Etconstat

557 3292 680 3331 cum
734 3278 942 3333 honore
1005 3279 1242 3349 ingenti,
1311 3281 1608 3335 exsiliatur.
1682 3281 1996 3337 Retruditur
2041 3300 2136 3338 au-

559 3379 666 3424 tem
717 3378 773 3425 et
820 3370 1060 3425 elevatur
1117 3371 1171 3426 in
1212 3373 1444 3440 quadam
1499 3372 1811 3444 longissimo
1865 3385 2134 3431 terrarum

557 3463 734 3530 spatio
789 3462 1050 3516 altissima
1093 3473 1148 3517 et
1195 3463 1497 3519 arctissima
1559 3480 1719 3534 specu
1771 3479 1798 3507 α
1843 3482 1948 3536 quo
2017 3467 2134 3522 nul-

556 3551 642 3604 lus
667 3559 810 3605 esset
834 3566 1108 3616 accessus,
1139 3552 1322 3607 divino
1344 3552 1775 3624 agentejudicio,
1824 3555 1926 3610 nisi
1974 3572 2137 3626 auge-

555 3641 691 3698 licus
719 3662 732 3697 :
763 3643 854 3698 ubi
878 3661 998 3698 cum
1030 3661 1134 3700 non
1168 3653 1286 3714 post
1325 3647 1414 3700 diu
1446 3645 1514 3700 ab
1540 3645 1779 3714 Augusto
1801 3647 2037 3701 directus
2066 3648 2136 3702 ob

558 3733 1047 3789 ecclesiasticarum
1100 3751 1280 3790 rerum
1325 3744 1380 3790 et
1446 3735 1868 3790 monastirarum
1921 3737 2133 3807 negotia

557 3825 924 3890 devertissem;
958 3842 1266 3897 quanquam
1297 3843 1400 3881 non
1427 3828 1543 3882 sine
1573 3826 1832 3896 periculo,
1873 3828 1943 3880 ob
1980 3842 2135 3881 suum

557 3922 822 3988 solamen,
868 3922 932 3976 ad
957 3938 1079 3978 eum
1108 3922 1431 3978 visitandum
1461 3921 1696 3976 ascendi.
1730 3920 1829 3976 Ubi
1859 3921 2020 3976 simul
2062 3921 2136 3973 in-

557 4022 642 4069 ter
687 4013 1013 4068 salsissimas
1055 4012 1515 4068 3bllﬂdﬂllll>$llll€
1564 4011 1742 4083 gaudii
1786 4019 1840 4066 et
1886 4010 2136 4065 marroris

556 4107 850 4175 lacrymas,
878 4105 1088 4170 laetum,
1120 4105 1222 4160 etsi
1274 4105 1476 4168 tristes,
1525 4105 1774 4158 duximus
1816 4103 1957 4157 diem
1985 4120 1997 4156 :
2029 4101 2134 4156 laeti

555 4197 771 4264 quidem
804 4196 870 4250 de
904 4204 1088 4248 mutua
1116 4195 1322 4248 visione
1365 4202 1422 4247 et
1449 4195 1774 4247 conscientia
1807 4209 1962 4262 pura,
2009 4192 2135 4262 quia

559 4290 612 4342 in
637 4303 702 4342 eo
725 4287 866 4340 nulla
889 4295 1006 4340 erat
1035 4294 1219 4340 reatus
1255 4284 1407 4353 culpa
1435 4303 1447 4338 :
1481 4285 1662 4338 tristes
1691 4299 1838 4348 vero,
1869 4283 2010 4353 quod
2040 4297 2138 4352 pro

557 4387 720 4433 tanta:
747 4376 960 4431 virtutis
999 4376 1264 4432 beneﬁcio
1305 4375 1553 4431 exsilium
1593 4375 1713 4428 tulit
1756 4382 1809 4428 et
1839 4374 2041 4436 odium,
2082 4380 2138 4427 et

559 4471 858 4525 custodiam
905 4469 1176 4534 carceris,
1223 4478 1278 4524 et
1324 4467 1572 4537 injuriam
1619 4467 1748 4520 dirae
1792 4465 2131 4520 calamitatis.

553 4563 688 4617 Cum
718 4579 825 4632 quo
859 4579 980 4616 cum
1012 4577 1208 4625 essem,
1238 4563 1377 4614 inter
1414 4560 1587 4613 dulcia
1629 4573 1916 4627 amaraque
1947 4558 2132 4622 verba,

558 4655 700 4708 volui
729 4655 778 4708 ei
807 4652 1157 4723 persuadere,
1198 4660 1258 4705 ut
1297 4651 1348 4704 in
1379 4649 1557 4718 aliquo
1584 4663 1642 4701 se
1673 4647 1970 4702 excessisse
2006 4646 2137 4699 fate-

557 4755 727 4808 retur,
756 4753 811 4798 et
839 4744 1112 4812 deinceps,
1142 4757 1261 4811 qua:
1287 4741 1559 4811 Augustus
1594 4739 1775 4802 vellet,
1814 4739 1865 4791 in
1887 4737 2135 4790 omnibus

556 4836 858 4892 assentire:
902 4835 945 4888 si
976 4849 1082 4904 quo
1108 4833 1267 4890 modo
1306 4847 1412 4886 una
1441 4845 1562 4885 cum
1594 4827 1910 4898 quibusdam
1945 4826 2136 4880 amicis

557 4942 717 4998 agere
769 4926 1092 4994 quivissem,
1137 4933 1197 4978 ut
1243 4923 1295 4977 in
1338 4922 1564 4992 gratiam
1617 4920 1855 4986 rediret;
1899 4919 2040 4992 quod
2082 4926 2138 4972 et

555 5016 736 5070 Caesar
755 5015 888 5070 satis
900 5015 1140 5085 optabat,
1156 5013 1200 5068 si
1222 5013 1271 5067 ei
1296 5010 1632 5067 solummodo
1645 5010 2023 5066 consensisset.
2053 5008 2135 5063 Ad

554 5107 698 5174 quod
731 5107 870 5160 idem
897 5123 910 5160 :
946 5123 964 5156 ι
994 5106 1158 5161 Miror
1192 5112 1266 5163 te,
1295 5103 1490 5171 inquit,
1519 5103 1562 5156 si
1597 5103 1662 5156 de
1685 5117 1805 5156 mea
1856 5102 1907 5155 in
1955 5101 2136 5171 aliquo

561 5197 776 5251 dubitas
805 5197 1160 5260 conscientia,
1189 5195 1279 5264 qui
1321 5193 1454 5248 nihil
1485 5192 1612 5246 mihi
1661 5192 1726 5246 de
1768 5192 1851 5246 his
1887 5191 2135 5260 negotiis,

559 5297 659 5360 pro
690 5287 884 5357 quibus
930 5286 1140 5357 culpor,
1187 5285 1358 5356 magis
1398 5299 1559 5354 quam
1588 5283 1685 5337 tibi
1720 5298 1838 5336 sum
1869 5283 2133 5336 conscius.

561 5468 887 5534 deportatus,
913 5474 1158 5534 tanquam
1202 5481 1380 5518 eorum
1421 5479 1538 5533 qua:
1566 5460 1908 5534 Bernardoet
1947 5462 2138 5534 regina:

568 5530 1027 5597 «clamabantur,
1045 5536 1237 5588 conscii
1268 5545 1314 5587 et
1343 5530 1597 5603 fautores.
1633 5532 1772 5603 Lege
1802 5530 2043 5585 Nithardi
2077 5531 2137 5584 li-

565 5607 723 5661 brum
749 5617 804 5661 et
836 5607 1070 5659 Annales
1092 5604 1449 5658 Bertinianos.

643 5689 667 5713 λ
707 5676 768 5729 Et
792 5675 1009 5745 quidem
1036 5676 1100 5728 ad
1139 5675 1310 5728 lacum
1349 5671 1842 5745 l.et‘nanum,ginfra
1878 5687 1997 5745 cap.
2048 5671 2133 5732 l2,

569 5742 734 5800 Walac
779 5742 954 5802 exsilii
1004 5745 1204 5801 mentio
1246 5753 1328 5800 est
1381 5745 1434 5799 in
1492 5743 1629 5797 libro
1667 5743 1731 5798 dc
1783 5742 2133 5797 translatione

2235 3291 2376 3361 quod
2422 3291 2474 3344 in
2521 3304 2586 3344 eo
2620 3288 2763 3343 nulla
2808 3287 3138 3343 conscientia
3187 3294 3342 3350 erat,
3371 3285 3464 3339 nisi
3506 3283 3820 3338 secundum

2236 3384 2405 3438 Deum
2439 3392 2494 3436 et
2522 3389 2741 3451 propter
2782 3379 2948 3433 Deum
2971 3418 2985 3441 ,
3017 3378 3162 3432 circa
3208 3377 3502 3444 Augustum
3548 3381 3602 3426 et
3645 3368 3818 3432 ﬁlios,

2237 3472 2380 3528 circa
2424 3473 2653 3541 patriam
2705 3479 2759 3524 et
2785 3468 3073 3532 Ecclesias,
3118 3467 3264 3520 circa
3310 3477 3560 3534 proceres
3595 3469 3652 3515 et
3695 3473 3821 3512 ma-

2235 3572 2448 3634 gnatos,
2493 3563 2638 3616 circa
2681 3560 2996 3630 religionem
3040 3566 3093 3610 et
3135 3557 3361 3610 salutem
3410 3553 3588 3624 p0puli
3635 3569 3648 3601 :
3691 3551 3826 3619 quia

2237 3670 2344 3708 non
2376 3668 2472 3708 sua
2503 3652 2556 3706 in
2599 3651 2727 3716 ullo,
2759 3650 2852 3705 sed
2905 3665 3022 3718 qua:
3053 3647 3250 3702 Christi
3297 3655 3471 3710 erant,
3519 3645 3820 3715 qumrebat.

2235 3744 2441 3799 Idcirco
2469 3751 2636 3806 errat,
2663 3743 2752 3810 qui
2782 3740 3074 3794 arbitratur
3112 3738 3396 3793 Arsenium
3427 3737 3478 3790 in
3521 3733 3822 3806 periculum

2236 3836 2410 3890 exsilii
2442 3834 2524 3888 vel
2570 3834 2760 3902 capitis
2787 3832 2987 3893 vocari,
3026 3831 3166 3900 quod
3196 3829 3478 3900 deliquerit
3508 3829 3561 3882 in
3597 3829 3680 3882 his
3725 3841 3825 3880 ne—

2237 3926 2398 3996 gotiis
2425 3923 2625 3992 aliquid
2673 3922 2851 3977 sciens
2889 3920 2972 3974 vel
3011 3919 3198 3973 volens
3233 3933 3248 3970 :
3278 3917 3418 3986 quod
3449 3917 3682 3986 patriam
3734 3914 3826 3967 la:-

2238 4018 2388 4080 serit,
2428 4015 2569 4086 quod
2599 3997 2933 4084 majestatent
2964 4011 3171 4080 imperii
3206 4010 3507 4072 violaverit,
3538 4009 3681 4077 quod
3710 4007 3823 4060 Au-

2237 4116 2450 4180 gustum
2503 4115 2558 4161 et
2589 4106 2724 4160 ﬁlios
2755 4103 3232 4159 exinhonoraverit
3280 4102 3416 4170 (sic),
3469 4101 3612 4170 quod
3656 4099 3818 4152 ﬁdem

2238 4197 2558 4268 corruperit,
2594 4196 2734 4266 quod
2762 4210 2944 4266 pacem
2977 4192 3390 4262 perturbaverit.
3425 4190 3465 4243 A
3497 4190 3653 4244 bonis
3673 4189 3821 4243 enim

2239 4298 2294 4344 et
2344 4287 2699 4359 prudentibus
2745 4301 2848 4340 non
2903 4291 3214 4346 accusatur,
3263 4281 3404 4352 quod
3450 4280 3819 4334 ecclesiastica

2232 4378 2353 4447 jura
2398 4393 2502 4432 non
2533 4377 2803 4440 dilexerit,
2843 4375 2984 4445 regis
3029 4373 3252 4445 gloriam
3285 4382 3337 4425 et
3376 4371 3586 4440 imperii
3631 4367 3826 4437 ampli-

2243 4471 2480 4524 tudinem
2509 4485 2614 4522 non
2656 4467 2921 4522 amaverit
2962 4486 2974 4520 :
3020 4467 3113 4520 sed
3161 4465 3286 4534 quia
3329 4464 3555 4518 nimium
3593 4477 3652 4515 ea
3696 4461 3824 4513 dili-

2241 4561 2416 4631 gendo
2461 4561 2513 4613 in
2560 4559 2740 4628 aliquo
2787 4557 3091 4626 deliquerit.
3134 4555 3424 4622 Propterea
3471 4552 3668 4605 merito
3717 4567 3826 4604 non

2242 4667 2368 4706 reus
2411 4651 2608 4705 citatur
2659 4647 2992 4721 [accusatur]
3042 4644 3428 4700 malevolentia:
3474 4642 3527 4694 in
3573 4641 3658 4694 his
3707 4656 3830 4692 out-

2242 4744 2422 4807 nibus,
2451 4743 2544 4797 sed
2577 4757 2700 4796 rcus
2740 4741 2994 4802 virtutis;
3035 4739 3288 4807 quoniam
3331 4735 3469 4791 beati
3503 4734 3595 4802 qui
3635 4747 3832 4803 perse—

2241 4834 2514 4890 cutionem
2558 4833 2836 4902 patiuntur
2867 4837 3086 4900 propter
3125 4827 3410 4895 justitiam.
3454 4823 3694 4878 Vocatur
3730 4839 3832 4874 au-

2243 4934 2348 4980 tem
2391 4924 2512 4993 jure
2559 4937 2728 4978 novus
2777 4921 3034 4974 virtutum
3088 4920 3279 4982 homo,
3319 4918 3408 4987 qui
3459 4915 3830 4985 perniciosum

2240 5015 2444 5070 fraudis
2473 5023 2526 5068 et
2561 5013 2668 5068 doli
2718 5012 2968 5067 restinxit
3005 5011 3271 5064 insaniam
3300 5017 3354 5064 et
3391 5007 3660 5068 furorem;
3709 5005 3832 5059 Ca:-

2238 5121 2412 5161 sarem
2461 5104 2705 5159 liberavit
2737 5119 2766 5157 a
2799 5111 2992 5168 morte,
3023 5101 3161 5156 ﬁlios
3185 5117 3213 5154 a
3244 5099 3563 5170 perditione,
3596 5113 3831 5166 regnum

2240 5207 2290 5251 et
2339 5196 2623 5264 imperium
2655 5196 2721 5249 ab
2767 5194 3046 5248 invasione
3091 5193 3327 5264 tyranni.
3356 5191 3396 5244 Λ
3431 5190 3637 5261 palatio
3667 5205 3829 5243 nam-

2241 5303 2344 5356 quc
2376 5287 2516 5340 sacri
2546 5287 2754 5356 imperii
2780 5285 2982 5356 pepulit
3006 5299 3194 5339 omnes
3217 5282 3664 5344 abominationﬁ,
3698 5294 3836 5334 mm-

2242 5469 2412 5542 sancti
2439 5467 2819 5542 Yiti_iuf_ra,_e_t
2843 5464 2982 5542 apud
3017 5463 3334 5542 Nithardum
3369 5463 3428 5542 in
3449 5458 3831 5542 historigenlib'.

2243 5558 2278 5596 ι.
2317 5541 2373 5595 1η
2409 5541 2515 5593 vita
2550 5528 2809 5609 Ludovici
2856 5528 3080 5609 augusti
3131 5543 3337 5609 tantum
3373 5531 3570 5609 dicitur
3598 5528 3835 5609 litatur];

2243 5612 2402 5664 abbas
2431 5610 2614 5679 jussus
2644 5608 2711 5660 ad
2758 5599 3131 5679 monasterium
3173 5605 3340 5658 redire
3369 5601 3626 5666 Corbeire,
3651 5599 3837 5668 ibique

2243 5678 2555 5750 regulariter
2577 5678 2862 5733 obversari.

3204 5831 3234 5842 Α
