4122 6324
295 343 435 410 £625

965 351 1054 407 DE
1095 351 1248 407 VITA
1289 350 1547 417 WALIE,
1588 349 1720 406 SEU
1758 349 2182 411 EPITAPHIUM
2218 322 2518 411 ARSE‘fVll.
2543 385 2614 396 --
2651 355 2780 410 LIB.
2820 353 2885 409 ll.

3411 342 3546 399 1626

293 466 473 522 chiam
519 463 753 536 fugavit,
803 463 1084 535 sortilegas
1125 463 1402 521 damnavit
1442 477 1716 534 personas,
1760 463 1862 516 bo—
1890 464 1941 522 A
1967 462 2083 519 lunt
2127 475 2182 521 et
2228 467 2566 538 intelligere?
2599 464 2898 536 praesertim
2941 476 3064 518 cum
3106 467 3164 515 et
3197 456 3296 527 ipsi
3343 452 3548 510 eisdem

292 565 560 613 nestatem
601 556 867 622 restituit;
899 564 1107 624 patrem
1137 555 1278 620 ﬁliis,
1306 563 1361 610 et
1401 555 1538 610 ﬁlios
1565 555 1708 625 patri
1749 554 1869 609 red-

294 648 449 711 didit,
478 647 851 701 monarcbiam
877 655 1005 700 tunc
1034 645 1114 700 ire
1155 645 1209 699 in
1249 655 1433 715 partes
1471 661 1574 699 non
1602 645 1868 715 permisit,

296 745 637 792 sacramenta
666 736 774 790 ﬁlio
800 735 1042 806 Augusto
1068 735 1207 790 facta
1233 735 1436 790 violare
1459 736 1648 790 vetuit.
1679 734 1871 790 Omnia

295 826 495 895 quippe
540 825 680 879 bona
722 839 940 880 servare
987 824 1186 891 voluit,
1228 833 1285 880 et
1327 825 1468 879 mala
1514 825 1767 895 dejicere,
1809 839 1874 879 ac

296 923 572 985 proterere
597 931 614 967 :
641 921 904 982 quatenus
927 921 1098 968 tutam
1126 923 1182 968 et
1209 913 1552 983 tranquillam
1580 913 1874 968 secundum

297 1006 466 1060 Deum
504 1005 670 1057 vitam
722 1019 912 1058 omnes
953 1005 1234 1069 viverent;
1280 1003 1473 1058 electio
1514 1018 1632 1072 quas
1673 1003 1876 1057 solem-

300 1094 444 1149 niter
478 1092 621 1147 facta
659 1092 833 1147 fuerat
862 1093 914 1147 in
946 1092 1056 1148 ﬁlio
1083 1107 1114 1147 a
1139 1101 1294 1161 patre
1335 1101 1389 1148 et
1414 1093 1481 1146 ab
1509 1093 1789 1157 omnibus;
1822 1100 1878 1145 et

300 1183 635 1240 consecratio
679 1183 994 1254 imperialis,
1044 1183 1348 1254 apostolicae
1369 1183 1512 1238 sedis
1555 1183 1878 1238 auctoritate

304 1274 538 1338 ﬁrmata,
569 1273 886 1328 inconcussa
921 1281 1195 1339 maneret,
1224 1273 1294 1329 ob
1331 1275 1481 1342 pacis
1511 1273 1877 1337 concordiam,

303 1366 373 1420 ob
401 1364 727 1419 monarchize
757 1364 1068 1419 ﬁrmitatem
1101 1373 1156 1420 et
1183 1365 1516 1436 principatus
1547 1363 1778 1430 laudem,
1809 1366 1881 1420 ob

305 1455 564 1508 honorem
590 1462 646 1508 et
676 1453 900 1523 gloriam
926 1454 1244 1510 Christiana:
1272 1455 1570 1526 religionis,
1605 1469 1722 1524 quae
1744 1469 1882 1525 pene

300 1542 414 1611 jam
441 1543 638 1612 ubique
673 1558 702 1596 a
729 1544 943 1614 perﬁdis
971 1554 1024 1599 et
1054 1544 1286 1599 inimicis
1327 1548 1457 1600 tanti
1489 1545 1722 1600 nominis
1755 1561 1884 1600 con-

308 1629 573 1694 culcatur,
604 1627 876 1700 afﬂigitur,
904 1638 959 1684 et
991 1637 1224 1684 tenetur.
1254 1629 1431 1688 Voluit
1459 1631 1605 1686 enim
1637 1630 1717 1686 sui
1756 1645 1884 1686 cono

309 1718 414 1773 silii
465 1718 737 1790 vigilantia
779 1719 1083 1788 providere,
1112 1727 1216 1772 tam
1243 1719 1538 1788 gloriosum
1575 1737 1802 1792 regnum
1828 1730 1884 1776 et

309 1805 826 1860 Cbristianissimum
853 1822 921 1861 ne
949 1805 1344 1862 dividereturin
1369 1817 1587 1878 partes:
1610 1809 1887 1878 quoniam,

303 1893 460 1963 juxta
490 1894 784 1949 Salvatoris
826 1909 1045 1960 vocem,
1088 1910 1248 1950 omne
1291 1911 1515 1968 regnum
1555 1897 1611 1952 in
1649 1898 1886 1969 seipsum

313 1985 541 2038 divisum
590 1984 918 2040 desolabitur
962 1983 1176 2056 (Matth.
1221 2001 1331 2050 xu,
1371 1987 1508 2057 25):
1548 1987 1690 2057 quod
1730 1987 1888 2042 hodie

310 2091 500 2130 omnes
547 2074 745 2130 factum
785 2075 919 2130 satis
955 2074 1218 2141 dolemus,
1251 2079 1536 2132 momentis
1573 2078 1796 2148 singulis
1834 2086 1889 2133 et

310 2165 632 2235 plangimus.
676 2164 855 2220 Voluit
873 2163 1200 2233 juramenta,
1230 2175 1292 2221 ut
1316 2167 1570 2233 diximus,
1599 2183 1718 2237 quae
1745 2169 1889 2222 facta

311 2254 526 2309 fuerant
559 2255 795 2311 Honorio
817 2269 843 2297 ει
870 2265 922 2311 et
961 2255 1092 2312 ﬁdes
1121 2257 1385 2326 promissa
1414 2258 1619 2330 integra
1651 2272 1892 2314 servare-

315 2356 421 2412 tur,
452 2362 520 2401 ne
552 2348 714 2402 tantis
738 2349 964 2419 populus
989 2349 1272 2405 universus
1299 2349 1598 2406 fuscaretur
1617 2349 1889 2421 periuriis.

318 2435 494 2490 Voluit
523 2446 584 2492 ut
629 2438 806 2493 unitas
841 2447 897 2494 et
927 2439 1164 2508 dignitas
1195 2440 1359 2496 totius
1397 2440 1606 2510 imperii
1651 2449 1894 2496 maneret

313 2528 383 2581 ob
413 2527 775 2582 defensionem
805 2529 992 2598 patriae
1016 2537 1067 2584 et
1106 2529 1456 2585 ecclesiarum
1500 2531 1893 2598 liberationem,

316 2620 386 2674 ob
417 2619 778 2690 integritatem
819 2635 1026 2686 rerum,
1071 2628 1127 2676 et
1162 2621 1614 2690 dispensationem
1663 2621 1892 2675 faculta-

319 2719 430 2762 tum
459 2708 810 2763 ecclesiarum
837 2727 849 2762 :
880 2717 1264 2776 nuntiantem,
1302 2718 1361 2764 ut
1390 2710 1678 2774 cernimus,
1712 2710 1893 2764 omnia

315 2807 444 2852 sunt
469 2798 748 2852 immutata
786 2799 868 2854 vel
895 2801 1227 2870 perturbata.
1270 2803 1612 2871 Quapropter
1650 2803 1896 2854 advertat

318 2889 544 2958 quilibet
570 2889 841 2955 inimicus,
882 2901 936 2945 et
968 2890 1248 2960 intelligat,
1287 2907 1449 2961 quam
1480 2890 1751 2960 pneclaris
1793 2891 1896 2945 Ar-

319 2983 501 3037 senius
528 2993 753 3038 ornatur
792 2984 1113 3047 virtutibus;
1160 2998 1320 3052 quam
1372 2983 1756 3052 multiplicibus
1797 2998 1896 3053 pro

313 3073 525 3143 justitia
561 3075 970 3130 commendatur
1015 3073 1338 3129 testimoniis
1372 3091 1384 3126 :
1419 3088 1580 3144 quem
1623 3090 1729 3129 non
1768 3073 1894 3129 boni

1972 565 2236 612 vexantur
2262 555 2440 621 malis,
2475 571 2576 611 nec
2602 555 2786 609 volunt
2812 553 3239 608 animadvertere
3282 561 3382 602 nec
3426 559 3550 599 sen-

1975 648 2095 712 tire,
2125 648 2266 702 unde
2291 647 2374 701 vel
2404 663 2433 700 a
2465 661 2570 715 quo
2599 647 2713 700 hzee
2739 653 2925 700 exorta
2956 644 3064 698 sint
3083 683 3098 707 ,
3125 657 3155 695 a
3188 637 3384 710 quibus
3425 649 3550 704 pro-

1973 746 2175 802 creata,
2205 737 2289 791 vel
2317 753 2346 790 a
2377 751 2482 806 quo
2512 736 2709 789 nutrita
2739 743 2793 788 et
2835 740 3122 803 propagata
3150 747 3163 783 :
3205 727 3330 798 quia
3361 725 3411 781 si
3445 725 3547 778 hu-

1968 825 2056 895 jus
2089 827 2326 880 auditum
2353 833 2494 880 esset
2528 825 2832 886 consilium,
2866 823 3023 893 longe
3059 821 3202 875 aliud
3233 818 3376 873 foret
3408 814 3552 885 quod

1974 915 2222 971 omnibus
2256 915 2562 984 profuisset,
2591 923 2644 969 et
2673 913 2922 968 omnibus
2967 912 3124 967 hodie
3158 910 3410 980 placeret.
3441 905 3550 962 Sed

1977 1021 2046 1060 ne
2079 1005 2390 1074 praevaleret
2417 1003 2639 1059 consilio
2677 1012 2865 1058 contra
2895 1002 3114 1057 insidias
3146 997 3552 1070 malignantium

1976 1106 2311 1165 oppugnator
2353 1096 2651 1160 malorum,
2695 1102 2882 1150 contra
2931 1091 3302 1162 improbitates
3342 1088 3556 1156 iniquo-

1979 1202 2119 1253 rum,
2150 1187 2258 1240 imo
2285 1196 2472 1243 contra
2519 1187 2802 1255 ipsumque
2847 1184 3183 1254 Augustum,
3231 1180 3322 1250 qui
3367 1187 3555 1233 contra

1979 1277 2142 1342 ﬁlios,
2182 1286 2370 1332 contra
2414 1275 2718 1345 imperium,
2748 1281 2931 1329 eontra
2971 1271 3218 1341 patriam,
3253 1275 3446 1323 contra
3471 1279 3560 1318 sa-

1980 1366 2148 1422 lutem
2191 1367 2395 1437 pepuli,
2424 1374 2485 1420 ut
2513 1363 2862 1420 manifestum
2885 1373 2968 1417 est
3003 1359 3240 1430 quotidie
3266 1361 3555 1428 potestate,

1981 1456 2298 1520 honoribus,
2332 1455 2569 1526 ingenio,
2602 1462 2718 1508 arte
2755 1467 2859 1521 qua
2890 1458 3118 1520 poterat,
3151 1449 3338 1510 armis,
3369 1444 3555 1500 multi-

1982 1547 2168 1602 tudine
2195 1547 2422 1600 militum
2452 1545 2788 1609 decertabat;
2828 1542 3131 1611 expellitur,
3162 1539 3432 1609 dejicitur,
3461 1552 3559 1591 ex-

1983 1637 2107 1693 silio
2150 1639 2506 1707 mancipatur,
2555 1627 2811 1706 religatur
2843 1630 3190 1706 [relegatur],
3237 1639 3296 1685 ut
3337 1629 3561 1694 asseris,

1986 1727 2247 1782 altissima
2302 1727 2355 1782 in
2403 1742 2605 1795 specu;
2657 1741 2725 1782 ne
2770 1725 2861 1779 uili
2913 1724 3218 1779 mortalium
3262 1721 3373 1792 jam
3421 1721 3564 1776 ultra

1917 1804 1964 1864 Β
1992 1822 2277 1877 consilium
2325 1821 2513 1877 salutis
2553 1820 2826 1891 porrigere
2871 1826 3071 1888 posset,
3113 1815 3256 1886 quod
3300 1813 3564 1868 voluntati

1986 1911 2236 1981 pessimae
2271 1911 2493 1966 obviare
2531 1917 2732 1978 posset.
2775 1907 3040 1974 Quoniam
3079 1921 3183 1960 non
3226 1902 3567 1973 praecedebat

1989 2003 2254 2074 sapientia
2284 2003 2366 2057 vel
2398 2002 2702 2065 consilium,
2730 2008 2790 2053 ut
2827 1999 3072 2052 voluntas
3092 1999 3234 2052 bona
3277 1996 3566 2050 duceretur

1989 2093 2058 2148 ad
2091 2107 2347 2161 prospera
2374 2089 2691 2146 etsalubria
2719 2105 2732 2141 :
2760 2087 2851 2142 sed
2884 2085 3111 2156 prmibat
3138 2083 3364 2138 intentio
3389 2095 3568 2150 pravae

1988 2183 2312 2248 voluntatis;
2341 2191 2396 2236 et
2421 2182 2680 2250 agebatur
2711 2179 2928 2242 astutia,
2960 2176 3176 2247 ingenio
3201 2183 3257 2229 et
3300 2180 3568 2244 potestate

1991 2274 2197 2343 iniqua,
2228 2287 2296 2327 ne
2326 2271 2665 2341 frangeretur
2685 2268 2850 2324 semel
2884 2265 3174 2323 deliberata
3197 2262 3492 2320 crudelitas
3514 2269 3570 2316 et

1992 2369 2166 2432 empta
2203 2359 2471 2415 voluntas.

2602 2460 2829 2519 CAPUT
2868 2461 2962 2515 XI.

2604 2566 2934 2608 PASCHASIUS.

2065 2646 2486 2711 Animadvertis,
2512 2645 2698 2709 frater,
2730 2657 2895 2697 vorax
2936 2640 3173 2696 incendii
3214 2637 3442 2702 flamma~
3463 2651 3574 2707 quo

1996 2741 2179 2796 veniat
2207 2757 2220 2793 :
2249 2739 2374 2808 quia
2406 2737 2509 2792 nisi
2538 2743 2686 2789 esset
2721 2733 3049 2803 quibuslibet
3082 2730 3372 2800 prastigiis
3417 2744 3572 2783 meas

1999 2833 2138 2888 male
2164 2830 2368 2892 delusa,
2397 2835 2451 2883 et
2478 2824 2811 2880 inflammata
2833 2831 3097 2894 potestas,
3131 2828 3453 2876 conservata
3477 2833 3572 2871 vo-

2003 2924 2177 2978 luntas
2212 2921 2432 2984 invicta,
2465 2917 2702 2972 ﬁdelium
2736 2915 2870 2968 ﬁdes
2917 2928 3038 2968 cum
3079 2911 3226 2966 omni
3272 2907 3575 2963 reverentia

2001 3014 2220 3071 humilis
2245 3021 2300 3067 et
2331 3011 2551 3073 devota;
2595 3019 2934 3076 nequaquam
2974 3017 3134 3074 agere
3172 3000 3437 3070 potuisset
3465 3005 3574 3050 tam

2000 3102 2304 3174 perniciose
2329 3108 2517 3154 contra
2542 3112 2694 3152 suam
2737 3106 2793 3149 et
2831 3093 3069 3149 omnium
3102 3091 3352 3152 salutem,
3380 3087 3577 3158 partim

320 3171 375 3218 et
415 3163 569 3267 mihi
602 3164 1027 3267 Yiripilacfnam
1070 3163 1155 3220 vel
1188 3163 1484 3231 infamanl;
1516 3165 1611 3220 sed
1639 3173 1896 3221 nocemes
1923 3157 1969 3220 Ο
2000 3157 2466 3267 persuasionibus,
2515 3189 2709 3259 partim
2754 3195 3023 3256 potestate
3066 3191 3121 3236 et
3166 3157 3419 3251 ingeniis.
3467 3177 3574 3231 Sed

318 3263 375 3308 et
403 3255 618 3327 maligni
647 3256 730 3311 vel
759 3256 934 3322 inscii,
957 3257 1262 3312 rumoribus
1299 3257 1529 3327 decepti,
1559 3258 1894 3313 insectantur

319 3347 494 3402 odiis:
524 3363 684 3416 quem
717 3349 1094 3404 honestissima
1123 3358 1178 3404 et
1207 3348 1502 3404 lautissima
1526 3348 1722 3416 ubique
1750 3365 1897 3403 com-

320 3436 577 3490 mendant
615 3445 753 3502 acta,
783 3446 836 3491 et
885 3446 1214 3507 protestatur
1249 3439 1376 3495 vita.
1427 3439 1632 3492 idcirco
1661 3438 1752 3506 qui
1799 3453 1894 3493 cu-

319 3526 474 3595 piunt
519 3525 634 3595 ejus
674 3525 956 3580 detrahere
988 3525 1184 3589 vitam,
1212 3534 1269 3579 et
1313 3526 1632 3580 imminuere
1673 3525 1892 3590 laudes,

321 3619 526 3688 seipsos
566 3627 823 3674 accusant
863 3618 1006 3689 quod
1056 3625 1146 3672 aut
1193 3632 1296 3672 non
1359 3618 1596 3673 habeant
1645 3633 1892 3682 sensum,

321 3716 469 3762 certe
513 3717 606 3762 aut
633 3708 901 3763 noluerint
930 3708 1218 3762 virtutibus
1257 3707 1559 3773 decertare,
1591 3707 1899 3763 adulatores

323 3798 522 3866 effecti,
571 3816 637 3855 ne
666 3801 788 3854 talia
813 3816 931 3870 quae
959 3800 1262 3870 plangimus
1286 3799 1631 3867 devenirent;
1661 3801 1898 3870 alioquin

324 3892 549 3962 gloriam
581 3907 824 3962 quzerere
864 3902 918 3946 et
952 3893 1206 3957 honores,
1237 3907 1431 3945 vanum
1460 3902 1565 3957 eSt,
1596 3891 1711 3946 sine
1751 3891 1901 3946 labo-

323 3979 473 4035 ribus
507 3990 560 4036 et
591 3982 808 4036 virtute.
839 3980 992 4037 Unde
1033 3981 1228 4035 habeat
1271 3988 1455 4034 noster
1481 3980 1742 4036 Arsenius
1785 3981 1902 4035 lau-

324 4073 464 4134 dem,
495 4073 620 4140 quia
655 4074 765 4143 ipse
800 4088 903 4126 una
932 4088 1053 4126 cum
1091 4071 1292 4127 Christi
1337 4072 1512 4142 gratia
1535 4081 1750 4127 κιαι-ηπ
1777 4071 1900 4127 vita:

324 4163 650 4236 conquisivit
697 4165 965 4232 honores;
1023 4163 1220 4217 habeat
1263 4162 1463 4217 famam
1510 4171 1566 4219 et
1607 4165 1898 4233 praeconia,

324 4255 449 4323 quia
485 4252 598 4322 jam
627 4256 689 4309 ei.
716 4265 835 4325 post
875 4256 1338 4320 inhonorationes,
1371 4263 1494 4324 post
1523 4256 1713 4310 exsilia
1743 4256 1903 4310 datur

323 4345 431 4400 vita
456 4353 512 4400 et
541 4346 933 4400 immortalitas.
994 4421 996 4423 g

947 4474 1276 4514 ADEODATUS.

395 4550 727 4620 Obstupesco
773 4549 922 4610 satis,
977 4566 1076 4604 nec
1117 4548 1373 4603 admirari
1418 4563 1556 4617 queo
1584 4548 1784 4612 virum,
1811 4548 1903 4616 qui

326 4641 488 4696 tantis
517 4649 572 4694 et
597 4639 892 4694 manifestis
917 4639 1178 4693 attollitur
1203 4639 1512 4708 przeconiis;
1542 4639 1632 4707 qui
1662 4639 1905 4692 omnium

325 4746 420 4786 ore
465 4731 737 4798 laudatur;
784 4731 849 4786 de
893 4745 1000 4800 quo
1044 4731 1258 4785 conscia
1302 4739 1388 4784 est
1431 4729 1606 4784 omnis
1640 4729 1903 4794 Ecclesia,

329 4836 508 4876 omnis
549 4821 796 4891 populus,
830 4821 972 4890 quod
1019 4819 1159 4874 mala
1212 4835 1332 4888 qua:
1388 4829 1516 4875 tunc
1558 4819 1809 4890 vigebant
1851 4826 1904 4872 et

327 4912 830 4982 augmentabantur,
861 4925 1072 4981 semper
1094 4924 1191 4965 suo
1217 4909 1479 4979 depulerit
1506 4909 1758 4974 consilio;
1794 4908 1906 4979 glo-

329 5005 466 5058 riam
500 5003 609 5073 regi
645 5011 700 5057 et
746 5003 1028 5072 imperium
1077 5017 1142 5058 ac
1175 5002 1301 5057 ﬁliis
1343 5002 1667 5066 servaverit;
1718 5001 1907 5054 tantis-

330 5110 436 5164 que
465 5094 684 5150 obviare
725 5092 1168 5156 malis-voluerit,
1204 5107 1270 5147 ne
1300 5093 1666 5162 provenirent,
1713 5093 1908 5160 quibus
1938 5115 1946 5124 ο

332 5198 476 5237 nunc
508 5181 686 5237 omnis
711 5180 972 5245 Ecclesia,
1005 5181 1180 5235 omnis
1215 5181 1462 5249 populus,
1488 5181 1664 5234 omnis
1693 5189 1826 5234 aetas
1855 5188 1910 5234 et

333 5275 466 5330 ordo
499 5275 703 5346 patitur
729 5281 783 5328 et
811 5272 1032 5344 plangit.
1077 5271 1215 5338 Quid
1262 5280 1364 5337 est,
1397 5271 1540 5341 quod
1584 5270 1785 5326 sentire
1814 5286 1910 5326 no-

406 5443 432 5471 ι
463 5429 776 5485 Lotharium
806 5427 1014 5497 imperii
1044 5435 1346 5482 consortem
1375 5428 1584 5483 dixerat
1615 5426 1914 5481 Ludovicus

337 5500 608 5569 Augustus
667 5515 810 5553 anno
853 5499 975 5562 8l7,
1016 5498 1176 5566 idque
1219 5497 1404 5569 Romae
1459 5513 1555 5566 per
1601 5497 1914 5551 Paschalem

339 5568 652 5624 conﬁrmari
683 5569 890 5622 curavit
918 5582 1058 5622 anno
1099 5568 1223 5629 8‘25,
1271 5568 1411 5622 datis
1453 5583 1552 5636 pro
1584 5583 1733 5619 more
1779 5581 1916 5636 novo

341 5639 652 5707 imperatori
678 5638 1046 5693 sacramentis.
1071 5637 1168 5692 Adi
1201 5638 1392 5692 librum
1417 5635 1482 5693 de
1511 5635 1627 5692 Vita
1659 5635 1912 5692 Ludovici

342 5708 444 5778 Pii,
474 5709 837 5780 Eginhardum
867 5717 918 5765 et
947 5707 1098 5763 alios.

1929 4507 1982 4566 D

1999 3288 2124 3358 quia
2150 3285 2282 3339 ﬁdes
2308 3296 2496 3338 eorum
2533 3278 2633 3333 fuit
2661 3279 2985 3332 intemerata
3021 3282 3076 3329 et
3117 3269 3580 3330 incontaminata;

1998 3357 2090 3447 qui
2125 3373 2252 3428 boni
2276 3378 2451 3434 erant,
2481 3369 2644 3422 nimia
2695 3367 2904 3434 decepti
2940 3362 3266 3425 reverentia,
3293 3357 3578 3412 noluerunt
3669 3391 3672 3394 .

1999 3466 2259 3536 injuriose
2303 3460 2574 3517 contraire
2625 3458 2692 3512 ad
2738 3457 3022 3527 primum:
3061 3455 3184 3508 ideo
3229 3452 3578 3504 incurrerunt

2000 3553 2362 3614 damnationis
2386 3549 2694 3609 discrimen,
2725 3555 2780 3601 et
2823 3545 2963 3600 facta
2993 3552 3078 3599 est
3118 3543 3272 3596 ruina
3299 3553 3436 3608 pene
3457 3552 3581 3590 om-

2001 3648 2150 3702 nium
2191 3659 2318 3698 una.
2367 3640 2519 3695 Unde
2563 3635 2880 3697 identidem,
2923 3649 3046 3687 cum
3093 3640 3240 3686 esset
3279 3629 3332 3682 in
3383 3627 3575 3682 eadem

2001 3750 2188 3808 specu,
2217 3732 2507 3804 plurimum
2546 3730 2611 3782 de
2639 3743 2699 3782 se
2723 3725 3026 3788 laetabatur,
3067 3722 3207 3792 quod
3239 3735 3338 3790 pro
3364 3716 3574 3788 justitia

2002 3827 2252 3898 injuriam
2295 3829 2610 3892 pateretur:
2636 3819 2730 3874 sed
2776 3816 2990 3871 dolebat
3024 3829 3122 3885 pro
3149 3811 3402 3883 periculis
3451 3822 3574 3876 qua:

2001 3917 2285 3974 imminere
2302 3914 2632 3985 jamjamque
2668 3909 2902 3963 videbat.
2935 3906 3156 3960 Dolebat
3185 3901 3324 3972 quod
3372 3898 3494 3954 boni
3524 3905 3581 3951 et

2002 4007 2188 4078 optimi
2218 4004 2696 4075 oppugnabantur;
2718 4000 2818 4054 viri
2846 3993 3292 4056 innocentissimi,
3314 3999 3368 4044 et
3395 3988 3582 4043 ﬁdeles

2002 4099 2201 4170 quique
2245 4095 2628 4166 premebantur
2662 4099 2717 4144 et
2745 4087 3240 4148 exhonorabantur,
3291 4080 3584 4136 tradebam

2005 4201 2201 4260 turque
2239 4187 2463 4250 exsiliis,
2516 4181 2848 4245 carceribus,
2890 4188 2945 4235 et
2989 4177 3216 4233 diversis
3254 4173 3578 4245 injuriarum

2005 4281 2224 4352 fatigiis.
2253 4277 2355 4345 Qui
2384 4291 2506 4331 cum
2551 4287 2686 4344 pene
2715 4272 2857 4326 inter
2884 4269 3052 4324 nubes
3093 4267 3193 4322 iste
3236 4264 3478 4319 elevatus
3498 4261 3580 4314 vi-

2009 4383 2122 4428 tam
2154 4377 2338 4442 ageret
2365 4368 2644 4438 (quantum
2672 4361 2989 4416 mortalibus
3011 4360 3090 4414 fas
3112 4358 3215 4428 est)
3253 4355 3549 4424 angelicam

2015 4480 2120 4518 non
2163 4462 2297 4515 satis
2327 4466 2439 4512 tuta
2467 4458 2580 4510 visa
2609 4463 2691 4508 est
2720 4454 2960 4520 Augusto
2987 4458 3041 4504 et
3078 4449 3210 4510 suis,
3250 4446 3582 4533 fautoribus-

2008 4568 2114 4622 que
2141 4550 2386 4610 Justinaz,
2419 4559 2538 4615 quae
2578 4543 2816 4597 redierat
2862 4542 2916 4594 in
2959 4537 3287 4607 coniugium,
3331 4533 3449 4602 ejus
3491 4549 3586 4588 cu-

2009 4643 2206 4705 stodia,
2243 4647 2464 4709 propter
2503 4634 2821 4696 Honorium,
2863 4632 2953 4702 qui
3002 4631 3108 4686 illis
3149 4630 3204 4684 in
3252 4628 3498 4698 partibus
3531 4634 3588 4680 et

2009 4734 2122 4803 ipse
2158 4731 2393 4801 rejectus
2417 4745 2508 4782 rex
2534 4742 2564 4780 a
2591 4725 2863 4780 consortio
2887 4723 3096 4793 imperii
3123 4720 3451 4775 morabatur.
3482 4713 3587 4770 Ve-

2008 4825 2264 4878 rebantur
2291 4820 2436 4876 enim
2485 4833 2552 4872 ne
2573 4817 2855 4872 consilium
2895 4815 3087 4869 salutis
3113 4815 3267 4866 daret
3295 4811 3469 4865 eidem
3498 4806 3586 4862 vel

2008 4911 2354 4983 primoribus,
2382 4924 2476 4978 per
2513 4907 2653 4977 quod
2692 4905 2946 4974 iniquitas
2995 4903 3352 4969 frangeretur,
3382 4905 3438 4952 et
3466 4911 3589 4952 ces-

2013 5012 2156 5058 saret
2176 5009 2353 5069 empta
2381 4998 2670 5053 virtutibus
2693 5001 2940 5064 superata
2963 4989 3272 5045 crudelitas.
3297 4986 3589 5056 Propterea

2013 5111 2173 5165 quam
2197 5093 2304 5147 cito
2331 5090 2616 5160 deponitur
2637 5087 2704 5140 de
2739 5100 2898 5153 specu
2931 5080 3209 5152 prwcelsa,
3234 5089 3288 5132 et
3317 5088 3595 5146 transpor-

2017 5194 2163 5238 tatur
2199 5184 2267 5237 ad
2295 5182 2492 5236 Herum
2525 5180 2552 5219 δ
2585 5177 2724 5232 infra
2765 5175 3038 5230 Oceanum
3076 5171 3328 5235 insulam,
3353 5169 3594 5224 omnium

2018 5284 2282 5330 terrarum
2312 5273 2554 5327 ultimam
2587 5287 2600 5323 :
2631 5269 2676 5323 si
2708 5265 2978 5336 quomodo
3015 5263 3348 5319 cum'beato
3390 5259 3597 5316 Joanne

2092 5427 2119 5465 ι)
2151 5426 2227 5480 De
2274 5425 2375 5478 hac
2404 5420 2576 5476 insula
2607 5419 2808 5473 dictum
2856 5423 2938 5470 est
2968 5415 3021 5468 in
3048 5412 3171 5466 Vita
3218 5417 3387 5464 sancti
3434 5405 3598 5461 Adal-

2019 5495 2193 5559 hardi,
2225 5494 2321 5564 qui
2357 5492 2553 5546 ibidem
2576 5489 2855 5564 relegatus
2897 5485 3032 5564 vixit
3077 5497 3249 5535 annos
3277 5487 3518 5560 septem;
3543 5483 3599 5564 et

2019 5555 2259 5690 inﬁmus-
2276 5563 2505 5628 dicetur,
2539 5559 2627 5614 ubi
2661 5555 2725 5614 de
2758 5555 3115 5612 translatione
3157 5555 3402 5619 corporis
3429 5555 3600 5602 sancti

2043 5635 2077 5689 ‘i
2105 5633 2280 5689 iterti.
