4082 6328
515 327 544 392 l
550 334 648 394 627

1307 324 1366 379 s.
1406 295 1766 377 raseuisu
1799 295 2143 366 nannenri
2178 311 2467 368 ABBATIS
2504 275 2954 368 constamus

3649 304 3804 362 1828

513 443 850 505 solummodo
871 459 991 515 qua:
1023 441 1206 497 divina
1232 445 1358 494 sunt
1383 443 1592 495 cernat,
1631 447 1730 486 nec
1759 429 1938 482 valeat
1981 442 2081 480 nu-
2114 427 2160 486 A
2187 426 2408 480 consilia
2439 444 2453 479 :
2485 426 2741 496 quoniam
2766 424 3026 478 innocens
3054 427 3112 476 et
3135 421 3372 491 optimus
3402 434 3514 474 non
3534 419 3610 473 ob
3639 418 3805 474 aliud

514 552 675 594 mana
699 536 1012 604 contingere
1041 546 1225 596 sensu,
1255 528 1338 583 vel
1371 522 1796 594 recuperationis
1845 518 1936 574 ulli
1965 533 2090 587 por-

516 630 694 700 rigere
723 625 907 682 verba.

1090 724 1525 768 THEOPHRASTUS.

481 790 490 828 ²
585 810 859 876 Quantum
889 814 1071 860 mente
1111 802 1376 871 concipio,
1411 799 1693 856 calamitas
1722 796 1866 851 illata
1895 796 2010 849 viro
2038 803 2096 850 et

512 900 763 957 exsilium
793 898 910 953 sine
935 897 1071 966 lege,
1101 896 1216 948 sine
1239 892 1460 960 judicio,
1491 891 1609 944 sine
1635 887 1787 957 culpa
1807 927 1820 953 ,
1864 887 1971 940 imo
1998 901 2094 956 pro

517 992 642 1056 ﬁde,
679 1005 780 1060 pro
802 987 1133 1046 defensione,
1165 999 1264 1054 pro
1296 981 1504 1051 justitia
1523 1021 1538 1044 ,
1569 995 1676 1034 non
1706 992 1865 1048 paena
1889 976 2095 1047 peccati

515 1092 620 1147 est,
647 1082 741 1136 sed
771 1079 1098 1150 pratconium
1132 1077 1304 1130 laudis
1335 1093 1348 1128 :
1383 1073 1507 1143 quia
1544 1088 1648 1126 non
1687 1070 1956 1125 imminuit
1981 1068 2094 1124 cla-

518 1153 720 1227 rissimi
757 1169 990 1224 nominis
1014 1168 1262 1236 gloriam,
1292 1180 1479 1219 verum
1503 1163 1669 1217 etiam
1707 1159 2012 1222 illustravit,
2043 1167 2100 1212 et

520 1265 806 1318 honestam
828 1261 1026 1329 ubique
1054 1256 1290 1328 aspergit
1318 1255 1537 1309 famam.
1566 1252 1696 1307 Nam
1726 1251 1770 1305 si
1793 1251 1914 1317 quis
1940 1249 2099 1303 hodie

456 1414 458 1416 τ
520 1356 649 1410 illuc
682 1353 894 1408 venerit
933 1351 1022 1406 ubi
1053 1349 1170 1412 fuit,
1217 1349 1415 1404 sentiet
1460 1348 1808 1402 odoramenta
1839 1343 2099 1398 virtutum

521 1460 642 1515 quae
675 1443 891 1512 reliquit
924 1459 936 1494 :
967 1440 1219 1510 quoniam
1249 1438 1426 1492 omnis
1456 1437 1565 1491 vita
1595 1437 1709 1506 ejus
1737 1436 1891 1504 plena
1919 1435 2102 1505 gravi-

525 1538 670 1598 tatis,
719 1535 875 1605 plena
922 1534 1177 1602 operibus
1222 1531 1398 1595 bonis,
1446 1530 1602 1599 plena
1650 1528 1924 1597 religionis
1955 1527 2098 1580 fuit:

526 1627 648 1682 ideo
693 1627 742 1681 ei
773 1625 985 1680 laudem
1028 1623 1226 1693 ubique
1260 1623 1327 1676 ad
1358 1621 1741 1690 sempiternam
1787 1611 2102 1675 memoriam

527 1717 788 1787 temporis
835 1729 1088 1784 pressura
1142 1713 1225 1769 vel
1273 1711 1549 1768 tribulatio
1585 1711 1919 1782 propagavit.
1968 1710 2104 1777 Quia

2189 517 2270 571 sic
2293 518 2606 579 vexabatur,
2631 516 2733 570 nisi
2759 528 2827 568 ne
2846 513 3142 568 contrairet
3161 512 3318 568 bonis
3341 511 3592 566 consiliis
3618 513 3810 580 pessi-

2191 623 2310 662 mos
2349 618 2594 662 conatus.
2630 606 2874 676 Agebant
2920 619 3072 674 ergo,
3099 605 3242 674 quod
3269 619 3459 659 omnes
3495 603 3638 658 olim
3675 618 3810 672 per-

2193 699 2283 753 ﬁdi
2313 707 2500 752 contra
2548 705 2770 752 sanctos
2809 709 3108 750 exercuere
3143 713 3155 747 :
3183 694 3325 748 unde
3367 703 3420 749 et
3450 694 3557 749 iste
3585 693 3810 748 similia

2193 791 2435 862 pertulit,
2463 804 2798 861 compassus,
2827 796 2886 842 ut
2915 795 3294 858 conregnaret.

2821 914 3194 970 ADEODATUS..

2267 993 2310 1051 0
2337 995 2640 1066 prodigiosa
2674 993 2901 1047 intentio
2945 1002 3000 1046 et
3045 991 3308 1046 nefanda!
3365 991 3500 1058 Quis
3546 1007 3812 1060 unquam

2197 1086 2402 1141 audivit
2465 1095 2525 1138 ut
2574 1083 2768 1152 aliquis
2818 1098 2913 1137 eos
2956 1082 3128 1137 odiret
3185 1097 3416 1150 quorum
3463 1081 3714 1136 consilio
3752 1089 3816 1135 et

2197 1176 2531 1248 providentia
2559 1181 2872 1229 reservatus
2898 1181 3043 1229 esset
3069 1173 3135 1227 ad
3156 1173 3351 1236 vitam,
3373 1172 3571 1240 suique
3602 1187 3676 1224 ac
3703 1189 3812 1224 sua

2199 1282 2385 1322 eorum
2405 1266 2619 1320 salvata
2649 1264 2756 1318 ﬁde
2780 1272 2837 1318 et
2865 1263 3101 1318 auxilio?
3130 1263 3214 1318 vel
3243 1264 3364 1332 quis
3389 1263 3461 1316 ita
3489 1263 3705 1330 sapuit,
3748 1273 3813 1315 ut

2202 1359 2322 1416 illos
2362 1358 2609 1429 diligeret
2653 1355 2719 1410 ad
2761 1347 3082 1411 consensum
3115 1355 3207 1426 qui
3255 1356 3438 1409 hostes
3491 1355 3581 1408 sui
3636 1363 3808 1406 erant

2204 1465 2552 1519 suorumque,
2600 1463 2833 1518 quorum
2883 1445 3222 1501 contumelia
3257 1444 3654 1514 spurcitiamm
3713 1443 3812 1496 ho-

2205 1548 2473 1596 nestatem
2517 1539 2634 1608 ejus
2677 1552 2890 1592 omnem
2941 1551 3040 1590 suo
3088 1536 3292 1591 scelere
3337 1534 3664 1589 fcedarant?
3693 1532 3814 1587 lien

2206 1647 2367 1702 quam
2403 1645 2554 1684 nova:
2583 1628 2937 1684 obscenitatis
2964 1627 3232 1682 dementia
3254 1667 3270 1692 ,
3302 1626 3394 1681 ubi
3423 1625 3617 1679 omnia
3648 1624 3816 1678 vitio—

2209 1736 2331 1776 rum
2359 1707 2498 1774 ostia
2527 1719 2874 1789 aperiuntur!
2906 1718 3124 1786 quando
3146 1714 3380 1781 Justina,
3412 1716 3519 1770 etsi
3566 1713 3809 1784 polluta,

526 1809 630 1863 etsi
656 1807 946 1877 optabilius
963 1814 1046 1860 est
1071 1819 1288 1860 cursum
1320 1805 1446 1858 vitae
1476 1803 1744 1858 conﬁcere
1788 1803 1903 1857 sine
1926 1802 2108 1856 dolore
2141 1780 2185 1839 Β
2214 1811 2509 1880 recipitur:
2539 1780 2684 1878 quod
2725 1823 2831 1862 non
2869 1807 3180 1876 corrigitur,
3210 1820 3388 1876 neque
3440 1780 3610 1860 datur
3653 1803 3815 1858 locus

526 1910 581 1954 et
611 1901 728 1955 sine
754 1899 979 1967 injuria,
1027 1907 1206 1952 tamen
1245 1897 1309 1950 ad
1342 1894 1765 1950 immortalitatis
1802 1894 2026 1964 gloriam
2055 1900 2111 1947 et

529 1991 764 2044 fructum
796 1999 1011 2042 aeterna:
1057 1985 1430 2041 retributionis
1456 1984 1574 2052 plus
1619 1983 1774 2037 aﬁ‘ert
1803 1982 2006 2053 prcemii
2037 1981 2114 2036 la-

529 2083 630 2136 bor
657 2081 728 2150 pii
766 2078 1315 2146 certaminis,quibus
1347 2075 1522 2130 nullus
1543 2084 1626 2130 est
1653 2075 1800 2140 ﬁnis,
1831 2091 1992 2145 quam
2020 2075 2114 2129 de-

531 2169 693 2225 licata
724 2170 896 2238 quies.
927 2167 1220 2237 Propterea
1265 2167 1410 2221 idem
1455 2179 1668 2236 semper
1697 2164 1854 2221 fortis
1882 2175 1937 2220 et
1983 2181 2114 2221 con-

535 2267 685 2314 stans
729 2259 784 2313 in
834 2259 980 2313 omni
1011 2259 1214 2328 optima
1251 2256 1466 2312 ratione
1511 2264 1566 2310 et
1605 2256 1790 2312 labore
1845 2256 1936 2326 pio
1989 2254 2110 2323 fuit,

535 2362 749 2416 semper
779 2353 1092 2401 mansuetus
1117 2354 1170 2400 et
1197 2346 1439 2414 patiens;
1469 2352 1692 2413 paratus
1712 2345 1962 2412 excipere
1989 2359 2113 2398 cum

535 2438 684 2491 omni
723 2435 1007 2491 devotione
1035 2435 1298 2504 quidquid
1336 2434 1508 2488 virtus
1540 2434 1718 2489 divina
1763 2433 2111 2490 decrevisset.

535 2529 652 2585 Non
678 2531 822 2584 enim
847 2528 1094 2583 exsilium
1124 2527 1249 2592 sibi,
1280 2527 1368 2581 tibi
1397 2527 1480 2581 vel
1510 2527 1599 2580 ubi
1641 2543 1763 2581 eum
1790 2533 1956 2590 esset,
1986 2526 2112 2594 quia

537 2636 660 2676 cum
691 2620 800 2674 Deo
837 2628 977 2684 erat,
1009 2619 1104 2674 sed
1151 2618 1382 2686 patriam
1435 2618 1746 2686 deputabat.
1776 2616 1906 2670 Erat
1950 2615 2116 2685 igitur

538 2713 592 2767 in
623 2714 768 2766 omni
796 2711 914 2767 loco
937 2726 1060 2766 cum
1096 2709 1350 2779 Apostolu
1376 2707 1550 2762 bonus
1571 2708 1704 2761 odor
1731 2707 1838 2762 Deo
1864 2723 1879 2762 :
1910 2715 1965 2761 et
1985 2692 2115 2761 ideo

539 2803 608 2858 ad
639 2801 837 2856 fatuam
883 2809 938 2857 et
983 2800 1214 2872 gloriam
1261 2798 1438 2854 sancti
1483 2797 1719 2853 nominis
1749 2799 1855 2853 huc
1882 2797 2118 2870 illucque

541 2893 942 2961 deportabatur.

1155 2996 1488 3038 PASCBASIUS.

613 3073 692 3128 ita
719 3081 802 3128 est
827 3074 1107 3129 utasseris
1137 3091 1149 3126 :
1179 3083 1234 3128 et
1262 3075 1382 3128 ideo
1419 3088 1523 3126 non
1575 3073 1817 3128 exsulem
1857 3089 1980 3128 eum
2027 3087 2121 3142 ap-

543 3165 749 3234 pellare
779 3164 922 3227 licet,
973 3165 1067 3218 sed
1115 3179 1209 3218 eos
1236 3164 1326 3232 qui
1364 3179 1486 3216 eum
1532 3163 1782 3218 exsulare
1825 3164 2116 3234 cogebant;

545 3256 800 3324 quoniam
839 3255 936 3324 ipsi
967 3255 1020 3308 iu
1050 3268 1372 3324 quocunque
1420 3254 1536 3309 loco
1573 3264 1774 3321 essent,
1801 3256 2127 3311 exsulaban-

548 3357 637 3401 tur
665 3361 694 3399 a
719 3361 796 3410 se,
835 3361 866 3400 a
895 3360 1080 3410 sensu,
1111 3360 1142 3399 a
1169 3344 1420 3410 consilio,
1460 3360 1582 3400 cum
1630 3361 1846 3400 omnem
1890 3346 2124 3414 patriam

546 3438 756 3492 civibus
781 3443 837 3490 et
859 3435 1076 3506 Optimis
1097 3436 1242 3490 curis
1272 3434 1340 3507 [1.
1357 3435 1490 3490 viris
1521 3433 1769 3508 vacuam]
1795 3435 2125 3491 simillimam

547 3528 741 3583 exsilio
787 3527 901 3582 suis
961 3526 1260 3581 seeleribus
1309 3524 1627 3582 reddebant.
1673 3525 1812 3592 Quid
1850 3533 1934 3581 est
1975 3526 2126 3582 enim

549 3616 703 3672 exsul
733 3617 906 3686 ipsum
934 3630 1032 3685 per
1058 3629 1116 3670 se
1141 3615 1372 3670 nomen?
1397 3615 1723 3670 calamitatis
1751 3616 1934 3684 utique
1964 3630 2126 3685 poma

549 3717 605 3764 et
638 3707 1005 3778 turpitudinis.
1057 3706 1282 3772 Quando
1333 3706 1499 3774 igitur
1547 3714 1630 3760 cst
1666 3707 1855 3775 turpe?
1894 3706 2124 3771 Revera,

551 3814 677 3853 cum
706 3807 790 3854 est
821 3811 978 3867 poena
1029 3798 1254 3866 peccati.
1288 3796 1483 3868 Opinio
1511 3806 1595 3851 est
1624 3799 1787 3851 etiam
1824 3798 2124 3864 hominum,

553 3891 711 3944 sicuti
741 3890 882 3949 huic,
910 3905 1029 3945 cum
1054 3900 1135 3944 est
1159 3904 1319 3960 penna
1350 3889 1547 3960 injuste
1573 3891 1835 3945 damnati.
1858 3888 2006 3944 Alias
2034 3905 2128 3944 au-

554 3991 661 4035 tem
690 3981 780 4036 hic
804 3998 909 4036 non
947 3983 998 4036 in
1039 3991 1262 4054 peccato
1291 3996 1389 4037 suo
1423 3997 1614 4036 nomen
1646 3982 1765 4038 tulit
1788 3983 1993 4045 exsilii,
2029 3983 2131 4038 sed

553 4072 773 4125 decreto
820 4071 1039 4138 injusto,
1063 4071 1210 4138 juste
1255 4073 1364 4127 Deo
1393 4082 1604 4143 agente.
1637 4073 1772 4139 Quia
1822 4089 1978 4127 nemo
2018 4081 2127 4126 tam

557 4161 780 4214 insanus
821 4169 1024 4224 mente,
1071 4163 1160 4229 qui
1209 4170 1486 4229 peccatum
1542 4163 1686 4216 dicat
1739 4179 1896 4233 agere
1939 4170 2128 4217 sa'ncto

557 4251 805 4314 consilio,
839 4267 936 4320 pro
965 4252 1088 4310 ille,
1115 4267 1214 4319 pro
1247 4253 1353 4305 vita
1385 4252 1634 4314 Caesaris,
1661 4269 1758 4321 pro
1791 4255 1913 4308 ﬁliis
1941 4264 1997 4308 et
2024 4255 2126 4309 im-

557 4341 727 4410 perio,
776 4355 874 4410 pro
917 4341 1088 4395 salute
1121 4341 1325 4411 populi,
1378 4350 1432 4395 et
1473 4341 1767 4396 salvatione
1796 4343 2001 4412 patriae,
2031 4358 2130 4413 pro

547 4430 759 4501 justitia
804 4439 858 4484 et
913 4429 1120 4501 legibus
1165 4430 1553 4502 Augustorum,
1587 4445 1684 4500 pro
1734 4430 2028 4486 stabilitate
2075 4441 2129 4486 et

556 4521 764 4574 unitate
805 4521 972 4590 regni,
1018 4521 1273 4590 pacisque
1321 4520 1629 4584 concordia,
1670 4536 1769 4590 pro
1823 4520 2134 4592 depulsione

555 4610 808 4665 vitiorttm
832 4618 886 4664 et
913 4611 1397 4675 abominationum,
1436 4625 1534 4680 pro
1557 4610 1840 4676 adulterio,
1869 4611 2012 4682 quod
2055 4612 2134 4666 ul-

557 4702 748 4754 timum
785 4709 886 4764 est,
928 4709 982 4755 et
1009 4716 1106 4770 pro
1147 4701 1471 4755 contumelia
1519 4702 1683 4756 totius
1727 4702 1960 4770 imperii.
1988 4703 2134 4757 Adeo

555 4795 719 4863 igitur
745 4809 906 4848 nemo
930 4791 1188 4858 furiosus,
1225 4808 1383 4848 nemo
1425 4794 1668 4858 insanus,
1713 4808 1979 4862 nemoque
2020 4806 2131 4848 tam

554 4883 855 4952 imperitus,
888 4884 976 4951 qui
1013 4883 1198 4938 felices
1237 4899 1332 4938 eos
1377 4891 1596 4938 censeat
1621 4883 1704 4938 vel
1741 4892 2006 4949 sensatos,
2036 4885 2129 4953 qui

552 4973 680 5031 talia
707 4985 895 5027 contra
935 4975 1347 5038 conscientiam,
1380 4983 1568 5027 contra
1611 4973 1837 5028 salutem
1887 4975 2130 5030 omnium

553 5065 698 5121 facta
728 5064 971 5128 laudant,
999 5073 1050 5118 et
1079 5065 1224 5119 hunc
1249 5065 1572 5133 vituperant.
1597 5062 1760 5128 Quasi
1807 5079 1914 5118 non
1945 5062 2133 5120 felices

554 5155 758 5212 fuerint
795 5155 848 5209 lti
879 5171 1088 5219 omnes,
1115 5156 1206 5224 qui
1237 5171 1335 5226 pro
1374 5153 1582 5223 justitia
1613 5154 1962 5224 agonizantcs
1999 5155 2132 5210 tales

555 5246 926 5302 sustinuerunt
955 5246 1271 5316 injuriarum
1303 5246 1602 5316 triumphos
1629 5260 1642 5298 :
1674 5246 1738 5300 de
1764 5260 1994 5314 quorum
2017 5261 2134 5300 om-

559 5341 705 5394 nium
729 5338 953 5408 collegio
975 5338 1179 5392 electus
1205 5347 1286 5392 cst
1305 5353 1400 5392 suo
1429 5337 1480 5390 in
1505 5348 1745 5406 tempore
1767 5337 1884 5401 iste,
1919 5336 2009 5405 qui
2034 5351 2132 5406 pro

559 5430 772 5484 eximiis
814 5429 1090 5484 beneﬁciis
1131 5437 1184 5484 et
1214 5428 1530 5490 innumeris,
1558 5429 2005 5483 contumeliarum
2039 5429 2135 5482 bo-

557 5536 720 5578 nores
742 5521 1062 5589 perciperet.
1092 5518 1228 5574 Hinc
1257 5519 1420 5574 etiam
1451 5534 1590 5574 novo
1615 5534 1813 5590 genere
1837 5517 1903 5573 ad
1932 5517 2134 5572 Herum

560 5601 1087 5686 magniﬁcentissime
1115 5615 1408 5670 honoratus
1437 5615 1502 5668 ad
1532 5614 1886 5669 exsulandum
1918 5613 2134 5668 deduci.

565 5713 674 5770 tur,
707 5714 841 5761 teste
867 5704 1194 5762 conscientia
1237 5719 1444 5770 eorum,
1476 5703 1565 5774 qui
1597 5703 1720 5757 talia
1755 5703 2132 5758 ministrabant

2213 1901 2416 1966 timori,
2446 1909 2503 1954 ut
2534 1898 2860 1969 corrigatur.
2896 1894 3054 1951 Unde
3095 1896 3222 1950 huic
3271 1904 3539 1965 parantur
3571 1893 3811 1956 insidim,

2211 2000 2267 2046 et
2299 1999 2608 2046 removetur
2632 1991 2696 2042 de
2727 1989 2842 2042 loco
2875 1987 2938 2042 ad
2967 1987 3143 2040 locum
3179 2005 3192 2040 ;
3223 1987 3482 2056 quoniam
3507 1985 3668 2038 vitiis
3697 1984 3816 2037 ubi-

2212 2100 2317 2154 que
2345 2083 2571 2136 virtutes
2601 2080 2915 2149 displicent;
2969 2094 3068 2132 ncc
3111 2078 3243 2132 satis
3295 2085 3406 2132 tute
3448 2078 3816 2131 creduntura

2212 2172 2442 2234 vitiosis,
2483 2171 2610 2224 dum
2649 2169 2840 2223 alicubi
2898 2183 3020 2222 esse
3060 2167 3375 2223 creduntur.
3431 2167 3651 2221 Idcirco
3709 2165 3820 2218 vir-

2213 2265 2344 2319 tutis
2399 2262 2516 2327 vir,
2560 2259 2852 2316 'castitatis
2898 2268 3154 2324 amator,
3211 2258 3438 2328 justiti-ae
3508 2256 3802 2318 defensor,

2213 2354 2426 2424 ejicitur
2483 2355 2588 2409 huc
2628 2353 2859 2420 illucque
2918 2351 3035 2406 sine
3099 2351 3530 2420 testibuszqnia
3593 2348 3816 2417 publica

2215 2457 2334 2504 erat
2362 2446 2478 2516 ejus
2504 2447 2698 2512 virtus,
2732 2447 2845 2500 sine
2865 2443 3088 2513 judicio,
3123 2443 3237 2498 sine
3271 2442 3534 2503 crimine,
3571 2445 3699 2495 sine
3731 2456 3821 2493 au—

2215 2541 2440 2606 dientia,
2481 2548 2535 2595 et
2584 2539 2701 2593 sine
2744 2537 2966 2593 scelere.
3009 2535 3348 2606 Quapmpter
3381 2534 3548 2588 velim
3591 2535 3662 2586 ad
3710 2531 3817 2584 lle-

2215 2647 2335 2686 rum
2393 2631 2724 2699 deportatus,
2767 2627 3015 2684 ultimam
3069 2633 3336 2684 terrarum
3382 2623 3652 2688 insulam,
3686 2622 3822 2694 quid

2215 2719 2383 2792 egerit
2422 2720 2645 2790 pandas.

2813 2851 3040 2908 CAPUT
3081 2849 3191 2905 XII.

2841 2961 3178 3002 rxscuxsws.
3242 2937 3268 2970 ‘

2294 3061 2493 3117 Fateor
2515 3061 2693 3132 plane,
2718 3060 2861 3130 quod
2893 3066 3134 3113 aromata
3176 3058 3370 3122 solent,
3397 3059 3549 3128 quod
3590 3060 3644 3111 in
3685 3073 3820 3126 prx-

2228 3154 2369 3210 dicla
2393 3168 2553 3222 specu
2581 3168 2595 3206 :
2629 3151 2734 3205 nisi
2763 3151 2905 3220 quod
2930 3151 3001 3205 ibi
3025 3149 3220 3203 C(Billm
3251 3159 3304 3202 et
3326 3149 3608 3205 Penninas
3632 3150 3816 3219 Alpes,

2228 3261 2329 3301 nec
2366 3249 2472 3299 non
2501 3243 2808 3298 Limanium
2851 3242 3027 3295 lacum
3055 3242 3311 3295 cernebat
3355 3259 3368 3294 :
3417 3242 3510 3295 bic
3557 3256 3696 3295 vero
3729 3257 3818 3294 so-

2229 3335 2502 3393 lummodo
2526 3349 2674 3389 mare
2706 3333 3043 3403 ctelumque;
3077 3331 3167 3385 hic
3203 3340 3381 3386 autem
3411 3341 3470 3386 et
3494 3331 3626 3386 illuc
3651 3332 3819 3385 Deum

2229 3426 2590 3483 meditabatur
2627 3425 2680 3479 in
2717 3429 2920 3487 mente,
2969 3437 3150 3477 secum
3197 3423 3556 3490 semetipsum
3607 3437 3820 3489 semper

2232 3519 2332 3576 sibi
2363 3525 2683 3588 praesentem
2710 3515 2937 3571 ferebat.
2972 3515 3241 3570 Ccrnebat
3279 3523 3486 3580 autem,
3511 3513 3672 3582 juxta
3719 3515 3824 3568 Da-

2235 3611 2343 3676 vid,
2388 3609 2666 3665 mirabiles
2705 3607 2967 3662 elationes
3007 3606 3194 3669 maris,
3237 3606 3503 3661 cernebat
3548 3615 3738 3659 mente
3767 3607 3821 3659 in

2233 3703 2360 3758 altis
2387 3699 2690 3756 Dominum.
2717 3699 2858 3768 Ergo
2894 3699 3274 3752 considerabat
3313 3709 3463 3752 rotas
3487 3707 3542 3752 et
3573 3697 3825 3751 volubili-

2234 3804 2392 3860 tates,
2426 3793 2619 3863 quibus
2661 3793 2884 3846 vertitur
2918 3791 3202 3854 smcnlum;
3252 3804 3311 3845 se
3340 3799 3520 3844 autem
3550 3792 3826 3862 gaudebat

2235 3889 2288 3942 in
2334 3887 2504 3942 solido
2553 3883 2978 3945 constabilitum,
3027 3891 3081 3936 et
3110 3881 3602 3952 congratulabatur
3648 3882 3816 3951 pluri~

2235 3995 2404 4045 mum,
2427 3979 2580 4048 quasi
2611 3979 2665 4033 in
2705 3977 2958 4048 paradiso
2991 3975 3306 4032 deliciarum
3337 3991 3450 4046 prre
3499 3977 3821 4030 amoenitate

2235 4072 2400 4126 nimia
2451 4070 2773 4125 constitutus
2805 4088 2818 4099 ο
2844 4083 2910 4123 eo
2952 4069 3096 4138 quod
3137 4068 3400 4122 evasisset
3439 4067 3510 4123 de
3551 4067 3820 4137 pmt'undo

2237 4162 2556 4233 iniquitatis,
2611 4161 2701 4216 ubi
2750 4161 3120 4216 indesinenter
3167 4159 3381 4215 elevant
3425 4159 3659 4214 ﬁumina
3715 4160 3816 4214 sibi

2236 4253 2710 4324 compugnantium
2739 4251 2932 4307 ﬂuctus
2961 4265 3130 4321 usque
3165 4251 3231 4305 ad
3261 4251 3487 4314 coelum,
3525 4251 3593 4303 ab
3619 4249 3812 4317 impul-

2237 4345 2388 4400 sione
2427 4343 2753 4408 daemonum,
2778 4356 2877 4396 nec
2921 4349 3100 4395 tamen
3138 4341 3391 4410 operiunt
3435 4349 3649 4394 terras:
3679 4354 3814 4408 quo-

2239 4451 2357 4489 rum
2385 4432 2576 4488 ﬂuctus
2603 4441 2658 4487 et
2681 4432 2962 4495 elationes,
2987 4431 3128 4486 sicut
3154 4446 3314 4486 nemo
3337 4431 3430 4499 qui
3463 4431 3810 4484 dinumerare

2236 4525 2424 4596 possit,
2459 4525 2532 4578 ita
2567 4523 2806 4594 potentia
2848 4520 3042 4577 divinae
3075 4519 3502 4591 dispensationis
3544 4534 3707 4573 nemo
3730 4519 3818 4586 qui

2235 4615 2637 4685 apprehendere
2685 4621 2866 4682 queat.
2929 4610 3082 4666 Unde
3130 4611 3302 4666 ﬁdelis
3343 4611 3576 4680 quisque
3639 4609 3824 4662 audiat

2234 4719 2421 4759 vocem
2451 4703 2662 4758 Domini
2693 4718 2816 4756 cum
2839 4703 3069 4757 Arsenio
3089 4702 3319 4757 dicentis
3338 4701 3473 4755 mari
3503 4710 3556 4754 et
3579 4699 3820 4755 sa-culo:

2235 4795 2416 4864 Usque
2445 4795 2551 4850 buc
2585 4795 2788 4857 venies,
2834 4801 2892 4849 et
2928 4794 3017 4848 hic
3057 4791 3368 4864 confringes
3414 4801 3694 4846 tumentes
3721 4791 3822 4845 ﬁn-

2233 4893 2354 4939 ctus
2380 4895 2518 4940 tuos.
2549 4883 2698 4938 Alias
2738 4892 2940 4947 autem,
2974 4883 3076 4938 nisi
3119 4884 3204 4938 bis
3230 4883 3490 4938 solidatus
3523 4892 3674 4938 esset
3699 4899 3826 4953 pro-

2236 4975 2605 5040 missionibns,
2633 4982 2688 5028 et
2720 4973 2973 5028 fundatus
2999 4989 3160 5043 super
3191 4971 3401 5027 ﬁrmam
3432 4981 3686 5042 petram;
3730 4974 3820 5026 in-

2237 5072 2318 5118 ter
2348 5071 2428 5117 tot
2459 5063 2726 5117 volumina
2751 5061 3093 5130 injuriarttm,
3126 5060 3434 5115 coiiisiones
3465 5069 3522 5114 et
3573 5059 3825 5131 fragores

2235 5155 2614 5216 tentationum,
2642 5161 2753 5206 tam
2781 5153 3072 5208 immobilis
3100 5160 3155 5206 ct
3179 5153 3538 5207 inconcussus
3561 5167 3672 5206 non
3702 5167 3824 5222 per-

2234 5253 2496 5301 maneret.
2515 5242 2615 5298 Ubi
2642 5259 2748 5320 non
2763 5244 2876 5307 diu,
2900 5241 3034 5311 prob
3053 5240 3204 5296 nefas
3221 5243 3382 5297 i-cum
3407 5241 3568 5296 beato
3585 5240 3823 5320 Joanne,

2237 5336 2338 5392 etsi
2378 5333 2620 5408 inferior,
2671 5317 2792 5386 cum
2831 5331 3194 5386 exsultatione
3233 5341 3287 5386 et
3323 5332 3607 5386 alacritate
3640 5311 3825 5388 uirilis

2237 5425 2417 5480 divina
2467 5437 2689 5478 cernere
2726 5421 2875 5476 licuit
2929 5421 3217 5492 mysteria,
3272 5429 3453 5475 tamen
3503 5422 3828 5490 quantisper

2228 5514 2568 5584 iucunditate
2588 5512 2822 5582 refectus
2841 5521 3056 5567 aeterme
3072 5511 3570 5582 contemplationis,
3599 5512 3826 5580 reliquit

2236 5609 2434 5664 bonum
2471 5605 2776 5675 exemplum
2811 5605 3088 5668 fratribus,
3121 5613 3176 5658 ct
3203 5604 3436 5674 posteris
3464 5601 3671 5658 famam
3700 5619 3827 5657 san-

2236 5711 2333 5753 etze
2363 5697 2652 5770 religionis.
2699 5696 2762 5751 Et
2791 5695 2914 5768 quia
2953 5694 3100 5749 nullo
3139 5694 3191 5748 in
3238 5693 3353 5749 loco
3392 5693 3525 5749 satis
3554 5695 3823 5754 exeditur,
