4122 6324
320 380 464 435 1629

986 372 1076 429 DE
1119 372 1272 429 VITA
1313 368 1566 435 WALAB,
1606 368 1741 425 SEU
1781 367 2209 428 EPITAPHIUM
2244 372 2545 428 ARSENII.
2584 403 2655 414 -—
2689 374 2819 428 LIB.
2862 374 2928 430 ll.

3436 376 3575 432 1630

320 492 464 564 quod
492 489 732 545 timidius
759 480 1079 544 formidatur
1110 489 1353 543 :idcirco
1380 502 1481 542 nec
1506 487 1596 541 hic
1620 494 1776 541 extra
1804 500 1893 541 ao-
1918 486 1967 547 A
1994 494 2304 542 nostrarum
2352 489 2581 553 insidim,
2609 491 2826 560 quasi!
2844 498 3077 546 “tam
3108 490 3349 546 civilium
3376 490 3577 547 debac-

318 582 451 646 Inm,
492 595 556 635 ac
583 580 625 635 si
656 588 807 635 extra
843 579 1124 645 mundum,
1165 586 1412 633 retrusus
1436 592 1759 648 permanere
1793 591 1890 647 pa-

317 674 482 737 titur;
510 670 634 726 nam
667 679 721 725 et
744 669 977 725 Joannes
1006 670 1059 724 in
1089 683 1310 725 carcere
1356 668 1613 737 religatus
1636 669 1895 739 pertime-

318 761 511 818 scitur.
560 758 713 815 Unde
753 768 810 815 et
841 758 1052 814 Iustina
1083 759 1195 830 jam
1233 758 1412 822 enixa,
1446 774 1565 813 cum
1596 760 1665 813 ad
1717 758 1896 827 conju-

318 854 467 926 gium
495 851 724 908 redisset
766 851 1033 907 velamine
1081 850 1417 914 conculcato,
1446 851 1732 920 requismt
1785 855 1900 920 qno'

316 945 461 1000 idem
493 949 659 1008 esset,
688 957 845 1013 quem
876 941 1021 996 nullo
1058 942 1111 995 in
1142 941 1256 996 loco
1280 942 1483 1005 vivere,
1527 948 1780 1007 quantum
1811 957 1896 995 ar-

315 1033 513 1097 bitror,
540 1020 960 1086 voluissetJSed
1010 1038 1064 1085 et
1108 1030 1321 1083 invidus
1358 1029 1596 1083 omnium
1625 1029 1888 1082 bonorum

316 1121 583 1188 diabolus,
626 1120 817 1175 invidit
873 1120 1075 1175 diutius
1121 1135 1244 1174 eum
1294 1118 1397 1173 frui
1449 1119 1610 1172 tantis
1635 1118 1891 1172 virtutum

317 1212 727 1269 oblectamentis
764 1210 933 1281 :quia
974 1211 1120 1265 nullo
1166 1211 1217 1264 in
1269 1210 1388 1263 loco
1431 1222 1549 1263 esse
1601 1210 1889 1272 poteratin

317 1304 421 1358 hac
450 1303 560 1357 vita
584 1301 817 1365 mortali,
848 1316 954 1372 quo
992 1300 1164 1371 magis
1194 1300 1583 1363 delectaretur;
1636 1299 1757 1354 ideo
1802 1314 1890 1354 re-

316 1400 563 1449 movetur
583 1406 613 1447 a
644 1399 749 1446 tam
777 1390 1150 1446 amoenissima
1185 1388 1498 1445 deliciarum
1532 1388 1672 1445 loco.

899 1522 1125 1578 CAPUT
1164 1522 1297 1576 XIII.

428 1682 433 1685 _
941 1628 1272 1669 ADEODATUS.

394 1706 587 1775 Qumso
614 1706 818 1777 pandas
846 1705 999 1759 nobis
1044 1704 1170 1773 quid
1200 1702 1380 1766 fuerit,
1413 1702 1538 1772 quia
1564 1701 1673 1773 jam
1711 1700 1890 1757 nullus

315 1800 482 1855 tutior
523 1798 795 1853 invenitur
838 1796 1010 1861 locus,
1041 1809 1215 1864 neque
1257 1793 1537 1857 remotior,
1577 1793 1719 1863 quod
1766 1794 1888 1848 inde

312 1888 619 1959 expellitur,
658 1888 747 1943 ubi
792 1887 971 1941 nullus
1030 1900 1283 1940 accessus
1323 1884 1602 1939 hominum
1653 1885 1881 1950 videtur,

311 1992 487 2049 neque
529 1991 796 2041 recessus,
840 1970 945 2030 nisi
990 1974 1152 2043 longo
1180 1973 1348 2027 maris
1391 1973 1623 2043 navigio.
1671 1974 1802 2028 Nam
1833 1983 1889 2029 et

312 2069 510 2126 ibidem
539 2068 666 2124 olim
691 2067 983 2122 Antonium
1014 2077 1039 2105 α
1071 2065 1307 2135 positqu
1345 2064 1511 2118 fuisse
1540 2066 1609 2120 ob
1642 2066 1887 2120 lirmissi-
1913 2058 1925 2071 ’

311 2172 456 2211 mam
498 2164 708 2212 constat
737 2155 1060 2211 custodiam.
1104 2152 1254 2208 Unde
1295 2161 1350 2207 et
1386 2154 1488 2208 iste
1530 2154 1599 2208 ab
1636 2156 1887 2209 omnibus

308 2248 597 2318 plurimum
624 2247 925 2310 amabatur,
953 2245 1075 2300 licet
1102 2245 1214 2300 suis
1241 2245 1375 2299 satis
1388 2244 1701 2315 jamdudum
1730 2245 1885 2300 bonis

310 2348 367 2395 et
389 2338 664 2395 beneficiis
696 2349 989 2393 amaretur.
1028 2337 1128 2403 Qui
1160 2335 1405 2405 profecto
1428 2335 1691 2390 Antonius
1717 2335 1884 2390 multa

308 2430 565 2485 virtutum
609 2430 850 2499 deposita
897 2429 971 2483 ibi
1000 2428 1253 2498 -reliquit,
1295 2428 1435 2498 apud
1476 2428 1644 2482 Deum
1690 2430 1883 2483 merita

308 2520 720 2586 commendavit,
771 2528 828 2575 et
871 2533 1054 2575 secum
1100 2517 1297 2588 ubique
1348 2524 1589 2572 aromata
1624 2517 1885 2572 virtutum

309 2611 569 2683 portavit.

933 2694 1265 2735 PASCIIASIUS.

376 2771 531 2840 Quod
585 2772 924 2841 interrogas,
979 2770 1153 2841 qualis
1200 2770 1413 2826 occasio
1460 2769 1663 2835 fuerit,
1731 2770 1883 2840 prius

304 2862 540 2928 ostendi,
583 2861 796 2931 qualem
841 2869 895 2916 ct
918 2859 1154 2916 Joannes
1198 2860 1386 2916 habuit
1437 2861 1490 2915 in
1539 2875 1781 2925 carcere,
1826 2868 1884 2913 ut

307 2954 563 3009 feriretur
593 2952 792 3024 gladio.
822 2951 1023 3007 Tamen
1049 2951 1310 3007 Melanius
1345 2967 1439 3006 rex
1474 2952 1581 3006 illis
1622 2960 1738 3007 erat
1770 2951 1883 3005 alli-

304 3045 391 3100 nis
419 3045 472 3100 in
500 3044 761 3115 partibus,
791 3057 951 3113 super
975 3058 1133 3112 quem
1165 3058 1358 3097 manus
1386 3044 1602 3099 mittere
1628 3043 1882 3099 decreve-

303 3143 443 3191 rant.
484 3134 561 3192 Ne
580 3135 805 3191 consilio
822 3134 1120 3205 juvaretur,
1150 3136 1423 3204 provisum
1450 3141 1553 3201 est,
1578 3135 1704 3205 quia
1735 3135 1874 3190 idem

303 3227 489 3282 multis
516 3228 825 3283 ccecabatur
851 3227 1057 3297 peccati
1087 3227 1315 3283 actibus.
1360 3227 1470 3281 Hac
1496 3226 1693 3297 quippe
1716 3242 1875 3282 occa-

302 3316 476 3382 sione,
507 3317 754 3386 quamvis
785 3332 908 3371 cum
941 3318 1175 3386 honore,
1214 3319 1341 3387 quia
1374 3318 1734 3372 venerabatur
1763 3334 1877 3370 me-

301 3407 444 3472 ritis,
470 3416 525 3460 et
554 3407 843 3461 timebatur
889 3408 1170 3473 consiliis;
1210 3408 1479 3463 relevatur
1522 3423 1645 3462 cum
1682 3407 1878 3476 injuria

301 3496 513 3560 exsilio,
543 3504 599 3550 et
624 3495 939 3573 deportatur
967 3496 1381 3561 otliciosissime,
1410 3497 1563 3567 quasi
1599 3498 1877 3551 incensum

300 3585 653 3651 odoriferum,
684 3601 780 3657 per
808 3585 1015 3641 medias
1039 3584 1240 3641 Gallias
1271 3587 1335 3641 ad
1362 3586 1728 3643 Germaniam.
1761 3588 1879 3658 ipse

300 3692 430 3733 vero
477 3693 691 3749 semper
730 3677 928 3747 ubique
964 3694 1144 3733 secum
1188 3678 1421 3747 patriam
1479 3678 1724 3735 ferebat:
1752 3682 1876 3749 quia

301 3766 502 3837 ubique
546 3778 724 3831 notus,
758 3766 955 3837 ubique
1005 3766 1251 3831 dilectus,
1283 3766 1479 3837 ubique
1524 3768 1592 3822 ab
1627 3769 1876 3824 omnibus

300 3871 504 3933 quanto
538 3861 900 3925 innocentior,
948 3868 1099 3913 tanto
1127 3858 1345 3914 charius
1378 3859 1680 3914 amabatur.
1713 3859 1877 3930 Equi-

300 3956 422 4010 dem
446 3956 558 4026 jam
588 3954 903 4025 perfunctus
934 3952 1339 4016 tentationibus,
1367 3951 1567 4006 nullam
1594 3951 1724 4019 vim,
1758 3952 1875 4005 nul-

301 4044 411 4099 lum
451 4044 724 4099 metuebat
759 4043 1041 4113 imperium
1087 4060 1100 4095 :
1143 4042 1246 4097 etsi
1297 4043 1524 4096 necdum
1563 4042 1875 4111 expleverat

301 4135 511 4189 animos
549 4134 1003 4198 adversariorum,
1048 4148 1224 4203 neque
1266 4132 1577 4204 plaeaverat
1611 4132 1731 4186 odia
1774 4132 1875 4186 im-

300 4224 616 4294 proborum;
666 4231 1007 4278 saturaverat
1056 4231 1233 4277 tamen
1286 4221 1547 4290 tantisper
1590 4222 1872 4291 perﬁdiam

300 4320 354 4365 et
385 4310 559 4365 scelus
586 4312 947 4380 proditorum;
977 4310 1219 4380 quamvis
1248 4325 1353 4364 non
1381 4309 1447 4363 ad
1478 4309 1715 4378 plenum,
1744 4311 1871 4380 quia

302 4399 599 4454 reluctabat
644 4397 1057 4471 [reluctabatur]
1096 4398 1276 4452 animo
1323 4398 1467 4468 quod
1504 4399 1771 4454 volebant.
1807 4401 1871 4455 Et

301 4490 421 4544 ideo
453 4490 641 4544 timore
677 4489 1065 4553 alliciebantur,
1095 4503 1163 4543 ne
1192 4487 1347 4542 bonis
1391 4489 1698 4544 subveniret
1744 4506 1870 4545 con-
1897 4521 1951 4581 Β

299 4578 454 4646 siliis,
482 4588 537 4634 et
562 4577 711 4633 fraus
737 4578 946 4634 detecta
976 4577 1267 4648 deperiret.
1300 4574 1416 4631 Non
1444 4579 1589 4632 enim
1617 4579 1664 4633 ei
1690 4580 1871 4635 hostes

298 4679 455 4725 erant
491 4668 605 4738 jam
653 4667 918 4737 expulso,
967 4666 1060 4732 sed
1100 4665 1426 4731 virtutibus,
1478 4681 1613 4736 quas
1672 4668 1871 4736 ubique

298 4761 550 4816 amittere
587 4776 696 4814 non
729 4759 961 4823 valebat,
1008 4758 1104 4813 Dei
1129 4767 1442 4830 protegente
1468 4758 1687 4813 auxilio.
1732 4757 1870 4826 Quid

298 4849 485 4921 plura?
536 4850 753 4920 reliquit
794 4850 1180 4903 monachorum
1230 4848 1521 4904 alvearium
1577 4847 1870 4902 virtutibus

297 4941 697 5005 melliﬁcatum;
733 4949 788 4995 et
829 4955 955 4995 ecce
996 4956 1117 4995 cum
1146 4939 1342 5012 gaudio
1377 4955 1585 5003 rursus,
1627 4939 1714 4992 ubi
1746 4954 1867 5007 per-

298 5031 513 5085 ducitur
545 5031 612 5085 ad
638 5029 1002 5095 Germaniam,
1044 5031 1433 5085 monachorum
1470 5029 1666 5084 chorus
1691 5029 1717 5068 b
1745 5043 1867 5083 eum

301 5125 552 5194 suscipit,
599 5139 785 5178 rursus
840 5123 1212 5193 episcoporum
1256 5122 1449 5177 ducatu
1502 5121 1569 5175 ad
1619 5122 1867 5176 eumdem

300 5220 473 5274 locum
496 5228 551 5276 et
574 5217 848 5285 abbatum,
876 5219 1121 5287 quamvis
1151 5219 1449 5284 inhoneste,
1475 5219 1867 5287 quodannnodo

298 5309 633 5369 honestatur.

868 5394 1295 5435 THEOPHRASTUS.

370 5467 415 5525 Ο
444 5468 637 5524 misera
676 5476 856 5523 nostra
898 5470 1166 5540 tempora!
1208 5484 1241 5524 ο
1270 5468 1447 5524 stulta:
1475 5468 1865 5524 discordiarum

371 5617 397 5646 α
439 5603 497 5658 Id
529 5613 611 5658 est
635 5604 995 5658 Adalhardnm
1018 5603 1189 5659 Walae
1228 5603 1471 5669 fratrem,
1498 5604 1573 5658 uti
1617 5605 1867 5674 superius

300 5673 499 5731 dictum
535 5674 585 5727 in
610 5675 727 5741 ejus
754 5674 891 5728 Vita.
1688 5673 1699 5674 ί
1830 5688 1833 5689 ⁷

372 5743 503 5798 bAn
530 5742 808 5803 Fuldensis
853 5744 1200 5810 monasterii?
1228 5744 1383 5800 Nulla
1431 5744 1546 5816 ejus
1591 5745 1665 5801 rei
1714 5746 1852 5816 apud

1903 3181 1949 3245 C

1995 576 2299 633 chationem
2346 581 2649 650 perduxere
2693 582 3401 654 pacatissimum‘IQ-nl
3465 580 3576 646 Sed

1994 664 2121 721 felix
2146 667 2213 721 de
2232 684 2339 738 quo
2365 669 2566 738 ubique
2595 678 2740 723 tanta
2765 672 3025 725 virtutum
3050 671 3384 741 respergitur
3406 668 3573 726 fama.

1994 756 2132 813 Puto
2158 759 2301 827 quod
2333 759 2479 812 nulla
2510 761 2581 813 sit
2609 761 2775 829 regio,
2810 760 3013 815 nullum
3058 770 3328 815 terrarum
3364 767 3577 816 nostra-

1994 863 2112 901 rum
2149 848 2352 912 solnm,
2393 848 2556 902 etiam
2584 848 2921 915 ultimarum;
2968 864 3074 904 non
3104 858 3317 920 pontus,
3348 866 3456 906 non
3493 852 3575 906 in-

1992 938 2143 1003 sulae,
2174 954 2278 993 non
2312 939 2528 1005 littora;
2571 955 2675 994 non
2711 940 2881 1005 locus,
2911 956 3018 994 non
3046 941 3258 1007 domus,
3290 957 3400 996 non
3426 943 3566 997 civi-

1993 1032 2098 1093 tas,
2131 1030 2183 1083 in
2213 1044 2314 1098 qua
2346 1044 2450 1082 non
2479 1038 2696 1084 exstent
2738 1029 2901 1099 hujus
2926 1030 3029 1085 viri
3075 1029 3249 1084 laudis
3277 1030 3571 1099 praeconia,

1992 1129 2046 1173 et
2072 1120 2159 1173 ubi
2192 1134 2294 1172 non
2328 1127 2583 1173 maneant
2626 1120 2885 1189 impressa
2916 1120 3052 1175 casti
3082 1120 3290 1175 consilii
3321 1121 3570 1191 vestigia,

1991 1223 2111 1277 quae
2164 1208 2373 1263 cunctis
2424 1209 2676 1277 pnestitit
2732 1225 2854 1265 cum
2926 1209 3231 1265 incredibili
3284 1210 3572 1279 gravitate,

1990 1298 2212 1360 virtute,
2261 1306 2425 1367 atque
2460 1300 2787 1366 constantia,
2834 1308 2890 1355 et
2923 1300 3160 1369 puritate
3196 1299 3395 1355 cordis.
3444 1299 3575 1355 Erat

1992 1390 2137 1443 enim
2173 1389 2227 1442 in
2262 1403 2324 1443 eo
2363 1389 2646 1460 integritas
2692 1390 2912 1455 mentis.
2961 1390 3151 1461 religio
3202 1400 3424 1455 sancta,
3458 1389 3576 1445 dili-

1991 1479 2179 1561 gentia‘
2205 1495 2410 1545 rerum,
2452 1481 2754 1535 moderatio
2789 1482 3071 1546 virtutum,
3109 1480 3306 1549 quibus
3339 1480 3575 1534 auctori-

1992 1580 2078 1625 tas
2118 1572 2169 1624 iu
2216 1585 2282 1626 eo
2324 1572 2613 1641 plurimum
2658 1572 3159 1626 commendabatur.
3210 1571 3436 1635 Idcirco,
3481 1571 3573 1625 ubi

1991 1660 2076 1715 vel
2103 1662 2216 1726 ubi,
2245 1662 2401 1730 quasi
2441 1662 2672 1716 eximius
2698 1662 3059 1716 venerabatur
3088 1668 3366 1730 patronus,
3393 1668 3448 1715 et
3475 1659 3579 1713 du-

1992 1752 2217 1806 cebatur
2253 1769 2267 1805 :
2309 1752 2432 1821 quia
2466 1753 2518 1806 in
2548 1768 2735 1806 eorum
2776 1753 2940 1807 etiam
2970 1753 3304 1808 conscientia
3338 1767 3575 1807 venera-

1915 1838 1963 1897 B
1990 1840 2115 1895 bilis
2159 1849 2281 1895 erat
2321 1856 2418 1911 pro
2465 1842 2589 1895 vita:
2637 1842 2832 1896 merito
2878 1850 2934 1897 et
2972 1843 3201 1905 virtute,
3259 1857 3291 1895 a
3339 1842 3570 1911 quibus,

1990 1938 2250 1999 quantum
2304 1930 2357 1984 in
2408 1930 2539 1999 ipsis
2599 1930 2719 1995 fuit,
2783 1932 2975 1986 exsilio
3005 1932 3391 1986 damnabatur.
3462 1930 3571 1987 Sed

1989 2023 2210 2077 omnino
2235 2022 2311 2076 illi
2342 2038 2448 2076 non
2474 2030 2593 2077 erat
2623 2024 2894 2088 exsilium,
2928 2025 3036 2078 imo
3066 2032 3415 2093 augmentum
3452 2038 3569 2078 me-

1989 2112 2217 2166 ritorum
2248 2128 2261 2165 :
2287 2114 2444 2181 quia,
2485 2113 2628 2167 sicut
2661 2114 2711 2166 in
2747 2113 2955 2183 psalmo
2983 2114 3213 2174 canitur,
3252 2114 3429 2167 eundo
3461 2114 3576 2168 ibat

1990 2200 2056 2255 de
2080 2201 2199 2257 loco
2227 2204 2295 2257 ad
2320 2203 2517 2267 locum,
2546 2204 2809 2259 mittendo
2839 2205 3174 2258 semina-sua
3206 2202 3381 2274 (Paul.
3408 2220 3572 2271 cxxv,

1987 2290 2063 2357 6).
2098 2291 2309 2361 Ubique
2334 2291 2677 2347 confessores
2701 2292 2906 2346 Christi
2937 2293 3326 2347 intercessores
3351 2292 3571 2358 habuit;

1986 2379 2185 2448 ubique
2227 2394 2417 2434 eorum
2462 2381 2708 2450 exempla
2756 2381 3152 2437 exhortationis
3195 2381 3368 2451 gratia
3411 2382 3512 2436 sibi
3538 2397 3570 2436 a

1985 2468 2096 2524 Deo
2124 2471 2365 2540 pmstita
2415 2471 2651 2535 invenit;
2707 2471 2904 2541 ubique
2933 2480 2988 2527 et
3018 2472 3134 2543 ipse
3164 2470 3442 2527 confessor
3468 2488 3568 2527 sua

1985 2559 2231 2628 reliquit;
2270 2568 2324 2614 et
2351 2561 2739 2616 monachorum
2771 2572 3070 2627 catervam,
3100 2562 3240 2616 inter
3267 2578 3405 2631 quos
3440 2561 3563 2626 fuit,

1984 2664 2168 2705 secum
2210 2652 2434 2715 habuit,
2489 2668 2723 2722 quorum
2763 2655 3237 2710 commendaretur
3284 2656 3568 2725 precibus,

1982 2740 2257 2797 foveretur
2284 2743 2518 2809 solatiis,
2545 2752 2601 2799 et
2629 2744 2958 2801 solemnibus
2985 2738 3314 2801 mulcEretur
3341 2745 3562 2812 ciliciis;

1982 2844 2118 2901 quos
2145 2842 2199 2889 et
2225 2833 2340 2902 ipse
2367 2834 2483 2889 suis
2519 2835 2824 2891 instruebat
2862 2835 3144 2907 exemplis,
3171 2822 3570 2891 exhortabatur

1982 2926 2237 2993 oraculis,
2286 2927 2644 2996 prmstrncbat
2693 2928 2954 2983 consiliis.
3006 2927 3160 2983 Unde
3198 2917 3378 2982 adhuc
3407 2928 3571 2983 hodie

1981 3016 2036 3072 in
2064 3018 2268 3072 eisdem
2307 3017 2460 3081 locis,
2491 3034 2817 3088 quocunque
2856 3018 2976 3081 fuit,
3004 3018 3297 3088 plurimum
3328 3017 3570 3087 diligitur

1982 3117 2039 3164 et
2063 3120 2305 3175 amatur;
2340 3110 2667 3178 praedicatur
2704 3123 2918 3179 quoque
2957 3117 3013 3163 et
3042 3107 3449 3163 commendatur
3486 3106 3569 3161 in-

1982 3208 2274 3264 cessanter,
2305 3201 2469 3253 etiam
2507 3199 2576 3253 ab
2602 3200 2688 3252 his
2712 3200 2802 3267 qui
2835 3213 2956 3253 eum
2987 3213 3094 3251 non
3120 3198 3394 3262 viderunt,
3422 3210 3562 3265 qua-

1982 3296 2137 3341 tenus
2170 3286 2287 3353 ejus
2315 3301 2529 3355 semper
2554 3287 2695 3340 fama
2725 3287 2902 3357 vigeat
2929 3295 2985 3341 et
3013 3277 3305 3355 praeconia.

2551 3443 2781 3501 CAPUT
2822 3440 2962 3501 XIV.

2594 3575 2837 3615 PASCHASI
2847 3576 2927 3616 US.

2068 3666 2446 3722 Verumtamen
2512 3670 2565 3723 in
2623 3671 2809 3725 eodem
2838 3711 2854 3736 ,
2927 3670 2995 3725 ad
3048 3670 3189 3741 quod
3242 3679 3562 3740 pervenerat

1978 3758 2386 3824 monasterium,
2434 3775 2539 3814 non
2582 3761 2670 3816 diu
2710 3776 2896 3816 rursus
2934 3760 3083 3816 licuit
3121 3776 3461 3831 permanere,
3490 3777 3559 3817 ne

1977 3846 2118 3902 forte
2144 3847 2409 3904 Gratiano
2454 3849 2560 3904 illis
2608 3851 2661 3905 in
2690 3851 2929 3921 partibus
2966 3851 3287 3905 misceretur
3332 3851 3583 3911 consilio.

1975 3944 2061 4000 vel
2088 3940 2680 4014 colloquio:qnoniam
2728 3939 2841 4009 ipse
2885 3939 3083 4008 ubique
3128 3939 3269 3993 idem
3308 3947 3459 4004 erat;
3502 3948 3562 3995 et

1976 4036 2268 4091 secundum
2298 4033 2465 4088 Deum
2513 4048 2632 4101 qua:
2669 4031 2835 4087 semel
2880 4030 3015 4085 velle
3053 4030 3250 4085 debere
3287 4031 3556 4097 delibera;

1974 4131 2147 4187 verat,
2197 4119 2607 4191 infatigabiliter
2640 4120 2874 4184 tenebat,
2906 4133 2975 4172 ne
3005 4118 3178 4171 virtus
3224 4117 3389 4172 animi
3433 4117 3558 4173 ullis

1973 4215 2312 4285 frangeretur
2348 4211 2716 4267 molestiarum
2761 4208 2995 4277 injuriis.
3046 4208 3185 4274 Quid
3224 4208 3426 4278 plura?
3466 4223 3557 4263 re-

1975 4306 2190 4361 ducitur
2235 4305 2303 4359 ad
2346 4303 2625 4374 proprium
2694 4299 2900 4355 eisdem
2955 4299 3199 4369 privatus
3263 4297 3558 4353 honoribus

1974 4395 2302 4460 coenobium,
2340 4393 2465 4462 quia
2493 4390 2859 4445 venerabatur
2900 4389 3120 4456 ubique,
3152 4401 3219 4441 ne
3246 4386 3421 4439 locum
3455 4386 3555 4439 ha-

1976 4483 2127 4538 beret
2154 4491 2342 4537 contra
2370 4480 2698 4534 voluntatem
2724 4475 2888 4530 semel
2924 4476 3165 4544 illapsam
3195 4474 3405 4541 agendi.
3439 4472 3557 4539 Qua

1979 4572 2044 4627 de
2078 4585 2265 4634 causa,
2297 4584 2419 4623 cum
2468 4566 2719 4631 redisset,
2753 4579 2858 4618 non
2885 4564 3065 4617 minus
3094 4576 3346 4625 mmrore,
3391 4575 3558 4630 quam

1978 4659 2175 4728 gaudio
2201 4655 2387 4712 suffusi
2422 4669 2609 4710 sumus
2655 4671 2669 4707 :
2712 4652 2839 4723 quia
2882 4652 3012 4707 hinc
3043 4648 3247 4715 maesti,
3277 4649 3420 4719 quod
3449 4664 3549 4703 suo

1975 4749 2289 4820 privabatur
2315 4745 2526 4812 olllcio;
2570 4746 2697 4800 hinc
2720 4758 2848 4799 vero
2875 4744 3004 4807 laeti,
3036 4744 3179 4812 quod
3206 4756 3329 4797 eum
3358 4738 3556 4797 saltem

1975 4842 2159 4896 videre
2186 4839 2591 4901 meruissemus,
2626 4837 3014 4905 nobiscumque
3056 4833 3253 4887 habere
3286 4831 3553 4887 licuissett

1976 4933 2076 4986 Ubi
2105 4947 2227 4986 cum
2256 4938 2459 5000 quanta
2506 4927 2809 4983 humilitate
2838 4934 2894 4980 et
2918 4922 3253 4991 subiectione
3280 4920 3550 4982 interdum

1974 5019 2235 5093 [interim]
2267 5019 2449 5084 fuerit,
2477 5034 2639 5088 quam
2663 5018 2889 5071 devotus
2914 5022 2968 5068 et
2991 5020 3217 5083 paratus
3243 5010 3310 5065 ad
3338 5010 3557 5074 omnia,

1971 5110 2131 5166 credo
2154 5110 2297 5179 quod
2342 5126 2371 5163 a
2400 5109 2660 5164 memoria
2692 5121 2798 5162 non
2829 5105 3119 5159 delebitur.
3148 5102 3360 5157 Etenim
3388 5102 3549 5172 paulo

1970 5206 2110 5268 post,
2138 5199 2385 5268 quamvis
2406 5197 2589 5252 multis
2616 5195 2872 5266 fatigatds
2912 5192 3232 5261 iniuriarum
3259 5190 3557 5257 molestiis,

1968 5290 2302 5344 advenerunt
2329 5288 2480 5343 missi
2510 5287 2786 5357 apostolici
2818 5296 2867 5350 ο,
2898 5297 3190 5354 regumque
3234 5280 3466 5336 filiorum
3493 5289 3550 5338 et

1968 5380 2263 5442 seniorum,
2305 5379 2450 5448 quod
2493 5391 2684 5433 omnes
2730 5375 2889 5431 simul
2927 5388 3048 5429 cum
3083 5372 3272 5429 eodem
3317 5370 3557 5426 sanctis.

1967 5471 2104 5526 simo
2145 5469 2513 5535 advenissent,
2561 5483 2658 5539 pro
2700 5482 2833 5538 pace
2873 5475 2931 5521 et
2969 5465 3196 5530 unitate,
3236 5477 3333 5531 pro
3373 5460 3546 5516 indui.

1967 5611 2199 5663 veteres,
2230 5602 2372 5671 quod
2401 5601 2593 5671 sciam,
2622 5599 2903 5671 memoria.

2040 5684 2062 5711 ο
2094 5673 2147 5725 Id
2177 5663 2375 5725 factum
2406 5685 2547 5742 anno
2572 5670 2700 5742 835,
2730 5684 2840 5739 quo
2877 5666 3172 5742 Gregorius
3189 5664 3333 5742 lfapa
3377 5663 3545 5742 anin

1967 5743 2192 5796 Galliam
2224 5742 2367 5796 venit
2405 5741 2555 5810 pacis
2585 5732 2938 5795 refermanda:
2977 5732 3161 5793 causa.
3205 5732 3339 5790 Hinc
3389 5732 3540 5787 culll-
3572 5762 3579 5771 ρ
