4122 6324
547 339 678 394 1651

1340 334 1396 390 8.
1437 333 1788 390 PASCHASII
1825 331 2165 387 RADBERTI
2205 330 2494 388 ABBATIS
2532 332 2975 389 CORBEIENSIS

3659 347 3681 399 Ι
3691 346 3803 400 6ὅὶ

544 453 725 523 gentia
769 459 824 506 et
865 448 1230 506 satisfactione
1258 448 1465 519 patris:
1492 458 1550 501 ut
1595 448 1806 502 veniam
1859 448 2116 515 impetra-
2144 445 2190 503 Α
2220 446 2608 514 compleantur.
2640 447 2754 513 Qua
2791 449 2858 502 de
2885 465 3080 515 causa,
3099 449 3185 505 cui
3219 467 3335 506 non,
3355 452 3482 509 licet
3519 457 3636 510 sine
3676 457 3799 525 jus-

544 553 665 598 rent
699 543 1020 598 auctoritate
1050 541 1347 605 Pontificis,
1384 550 1439 595 et
1463 540 1762 594 salvaretur
1800 539 2108 608 imperium.

542 634 643 700 Qui
674 632 979 687 detulerunt
1010 630 1265 700 epistoias
1297 644 1361 684 ex
1397 629 1541 684 omni
1573 627 1894 682 auctoritate
1929 627 2109 680 divina

541 723 697 777 valde
725 721 992 792 gravidas,
1017 721 1408 790 etpraecipiunt
1435 735 1557 772 cum
1583 718 1726 773 omni
1755 717 2120 786 adjuratione,

542 813 789 882 quamvis
815 827 912 881 pro
938 811 1022 865 his
1057 811 1236 864 multis
1259 811 1370 880 jam
1400 824 1708 878 perpessus,
1740 817 1797 862 ut
1827 808 1877 860 in
1904 805 2113 874 adjuto-

540 901 680 954 rium
736 899 930 955 summi
975 900 1231 954 antistitis
1278 900 1491 953 obviam
1541 899 1768 952 veniret.
1845 896 1996 963 Quod
2066 897 2112 951 si

539 991 722 1057 nollet,
773 990 1054 1060 jusserunt
1094 990 1315 1062 Augusti
1366 991 1416 1044 vi
1457 1006 1582 1045 eum
1629 989 1935 1053 abducere,
1987 1004 2110 1043 cum

537 1084 684 1137 omni
723 1090 898 1138 tamen
923 1084 1126 1136 honore
1156 1090 1211 1137 et
1237 1081 1558 1137 reverentia.
1594 1081 1748 1148 Quod
1777 1097 1900 1136 cum
1927 1081 2110 1136 audis-

536 1191 718 1231 semus
746 1189 954 1235 onmes,
993 1172 1379 1242 pertimuimus.
1398 1172 1571 1235 valde,
1605 1172 1838 1226 maxime
1873 1172 1997 1241 quia
2031 1182 2111 1226 to-

540 1276 648 1316 tum
698 1279 727 1317 a
774 1263 1031 1317 militibus
1077 1271 1321 1317 nostrum
1375 1263 1740 1331 occupabatur
1781 1262 2106 1317 cmnobium.

536 1349 648 1404 Nos
685 1359 864 1407 tamen
905 1353 1139 1422 primum
1179 1353 1552 1408 nesciebamus
1587 1353 1714 1422 quid
1757 1352 1858 1407 sibi
1889 1352 2116 1407 vellent.

538 1443 690 1499 Unde
702 1444 988 1513 plurimum
1011 1445 1346 1514 expavimus,
1361 1453 1414 1498 et
1432 1443 1782 1513 quaesivimus
1800 1443 1928 1512 quid
1944 1450 2110 1497 esset.

535 1535 670 1589 Tum
696 1535 768 1588 illi
802 1535 877 1588 rei
913 1535 1194 1590 veritatem
1222 1536 1546 1605 pandentes;
1581 1535 1676 1588 sed
1705 1534 1846 1589 idem
1877 1535 1956 1588 ire
1985 1549 2108 1588 cum

532 1626 613 1681 eis
645 1627 928 1680 recusavit.
956 1627 1024 1681 At
1052 1627 1125 1681 illi
1167 1627 1219 1681 in
1249 1642 1347 1681 nos
1370 1626 1639 1681 irruentes
1663 1625 1935 1686 dicebant,
1965 1624 2110 1694 quod

533 1715 580 1768 si
629 1715 784 1770 aliter
836 1731 939 1770 non
986 1728 1225 1786 possent,
1274 1717 1326 1771 vi
1379 1731 1502 1772 eum
1551 1715 1768 1771 auferre
1822 1715 2103 1771 deberent.

507 1799 738 1870 'Quibns
775 1805 1017 1876 profecto
1062 1807 1240 1870 dictis,
1271 1807 1396 1862 hinc
1442 1807 1565 1861 inde
1598 1807 1753 1862 valde
1785 1822 2022 1862 marrore
2047 1822 2111 1861 ac

534 1903 739 1949 terrore
768 1895 1150 1967 adiciebantur,
1195 1898 1452 1966 quoniam
1501 1897 1726 1950 multum
1765 1897 2002 1951 nobiset
2034 1897 2120 1952 illi-

530 1984 736 2054 pariter
761 1983 1072 2038 imminebat
1099 1985 1415 2054 periculum,
1449 1984 1648 2050 facere,
1675 1994 1769 2040 aut
1796 2002 1898 2040 non
1933 1985 2111 2040 facere

533 2073 674 2142 quod
704 2073 996 2143 rogabant:
1026 2075 1291 2144 siquidem
1324 2091 1422 2144 pro
1459 2076 1642 2130 multis
1671 2077 1788 2146 ejus
1823 2075 1936 2143 jam
1966 2077 2110 2146 peri-

531 2163 671 2219 culis
719 2165 951 2219 nimium
998 2167 1376 2232 tr'istabamur;
1415 2175 1470 2220 et
1508 2169 1630 2236 quia
1679 2168 1732 2221 in
1774 2168 1918 2221 nullo
1959 2169 2109 2237 prius

530 2254 878 2323 profecerat,
939 2272 1009 2312 ne
1056 2274 1244 2314 rursus
1306 2268 1608 2329 repeteret,
1675 2259 2103 2314 deterrebamur.

530 2345 928 2404 Ostendebatur
949 2365 1131 2404 coram
1160 2352 1477 2416 auctoritas,
1501 2361 1558 2407 et
1582 2352 1880 2423 legebatur,
1911 2354 2116 2408 summi

530 2438 822 2505 pontiﬁcis,
848 2455 947 2508 pro
976 2456 1128 2510 pace,
1154 2456 1253 2511 pro
1289 2443 1730 2498 reconciliatione
1759 2445 1924 2514 patris
1949 2453 2003 2499 et
2045 2445 2105 2498 ﬁ-

527 2527 741 2593 liorum,
769 2530 1070 2601 principum
1102 2541 1153 2587 el
1196 2535 1492 2599 seniorum,
1531 2551 1628 2605 pro
1655 2544 1801 2589 statu
1848 2535 2112 2591 ecclesia--

532 2632 668 2679 rum,
702 2633 798 2686 pro
822 2620 1150 2677 adunatione
1175 2625 1355 2694 populi
1385 2634 1440 2679 et
1467 2626 1762 2681 salvatione
1804 2627 1967 2682 totius
1999 2627 2108 2681 im-

527 2707 682 2776 perii.
717 2707 884 2763 Erant
913 2720 1090 2764 autem
1129 2721 1186 2766 et
1207 2713 1298 2767 alii
1335 2730 1398 2768 ex
1434 2727 1586 2784 parte
1631 2715 1858 2770 ﬁliorum
1887 2733 1994 2787 pro.
2020 2717 2100 2772 eis

528 2805 784 2865 rogantes
836 2815 990 2866 eum,
1038 2811 1099 2855 ut
1137 2803 1242 2858 illis
1287 2804 1401 2858 suis
1447 2815 1791 2861 succurreret
1837 2808 2101 2875 consiliis,

524 2883 616 2951 qui
645 2881 756 2950 jam
783 2901 880 2954 pro
912 2888 990 2942 eis
1017 2890 1182 2944 multa
1209 2893 1537 2964 pertulisset,
1570 2909 1637 2948 ne
1661 2910 1755 2949 eos
1790 2896 1842 2948 in
1873 2896 1978 2951 fine
2002 2897 2097 2952 de-

526 2980 730 3025 sereret
779 2973 1126 3029 discriminis.
1180 2977 1542 3034 Nuntiabatur
1588 2991 1640 3036 et
1684 2983 1865 3038 virtus,
1895 2985 2100 3053 divina,

528 3073 648 3126 qua:
692 3071 1017 3131 praeruptam
1062 3067 1202 3119 viam
1229 3067 1440 3136 Alpium
1471 3068 1833 3126 Penninarum
1879 3075 2095 3131 obviam

525 3166 709 3206 coram
754 3166 1098 3213 sacrosancto
1145 3162 1537 3231 complanasset
1587 3167 1912 3234 apostolico,
1976 3184 2096 3239 quae
2123 3128 2168 3190 C

525 3240 773 3296 abstrusa
821 3247 1003 3301 multis
1043 3246 1219 3303 fuerat
1244 3254 1600 3321 argumentis,
1627 3269 1694 3309 ne
1723 3256 1858 3310 ultra
1889 3257 1956 3312 de
1990 3259 2098 3314 illis

522 3332 578 3386 in
619 3335 862 3401 partibus
900 3337 1038 3392 ullus
1081 3341 1310 3411 amplius
1351 3344 1456 3399 huc
1502 3347 1759 3401 transiret
1793 3350 2093 3406 exercitus:

520 3440 640 3492 qute
665 3426 826 3494 ultro,
862 3439 918 3484 ut
950 3430 1138 3499 fertur,
1167 3445 1350 3504 aperta
1393 3448 1476 3492 est
1502 3441 1599 3494 eis.
1629 3442 1833 3508 Quibus
1871 3444 1940 3497 ita
1973 3461 2098 3514 pro-

521 3515 664 3582 latis,
693 3527 747 3572 et
792 3520 912 3575 aliis
953 3523 1250 3580 innumeris
1283 3526 1460 3590 dictis.
1512 3532 1773 3599 cmpimus
1813 3535 2091 3592 exhortari

524 3623 669 3673 eum,
715 3619 774 3665 ut
822 3613 1064 3670 obediret
1115 3631 1211 3685 pro
1257 3633 1388 3687 pace
1436 3638 1648 3678 summo
1697 3625 1787 3679 Dei
1831 3629 2092 3696 pontiﬁci,

517 3701 726 3756 etiamsi
755 3718 879 3760 eum
905 3709 1038 3762 mori
1057 3723 1178 3763 cum
1192 3724 1256 3764 eo
1271 3713 1604 3782 contingeret
1623 3731 1636 3768 :
1655 3719 1908 3785 quoniam
1926 3722 2091 3776 multa

519 3801 620 3856 est,
648 3795 940 3864 inquimus,
965 3809 1282 3867 auctoritas,
1315 3819 1417 3874 qua
1452 3806 1692 3872 vocaris;
1729 3809 1895 3862 multa
1927 3813 2090 3866 etiam

515 3889 809 3944 necessitas
853 3900 908 3946 et
939 3892 1169 3963 justitia,
1211 3913 1314 3967 pro.
1337 3914 1441 3967 qua
1482 3901 1712 3956 vocaris.
1761 3901 1871 3958 Nec
1914 3905 2092 3960 minor

514 3980 696 4050 itaque
747 3986 1073 4053 ebedientia,
1124 3992 1224 4045 sub
1270 4007 1374 4062 qua
1417 3993 1642 4048 devotus
1683 3993 1793 4050 Deo
1838 3995 1993 4050 bonis
2036 4006 2091 4052 et

512 4071 716 4126 sanctis
743 4073 964 4130 obedire
1004 4080 1253 4145 congruit
1307 4083 1440 4135 tanti
1474 4085 1763 4151 pontiﬁcis,
1812 4101 1916 4139 una
1963 4103 2088 4142 cum

510 4161 722 4214 caeteris
749 4165 949 4218 sanctis
971 4164 1064 4219 Dei
1099 4167 1363 4232 fidelibus,
1387 4169 1578 4236 jussis.

1105 4294 1330 4352 CAPUT
1370 4298 1484 4354 XV.

1133 4404 1460 4447 ADEODATUS.

577 4511 692 4569 Hoc
741 4524 824 4570 est
871 4517 1013 4585 quod
1069 4521 1219 4576 multi
1271 4524 1712 4594 calumniantur,
1767 4534 1920 4600 quasi
1974 4551 2079 4591 non

504 4608 802 4674 oportuerit
846 4607 913 4662 de
958 4609 1042 4664 his
1083 4626 1207 4666 eum
1240 4614 1378 4668 ultra
1421 4633 1645 4682 curare,
1680 4637 1853 4690 neque
1884 4623 2080 4679 talibus

505 4711 566 4750 se
601 4697 900 4752 admiscere
945 4701 1193 4770 negotiis.
1236 4703 1367 4758 Cum
1395 4708 1616 4762 omnino
1644 4709 1876 4780 Spiritus
1907 4717 2079 4769 sancti

501 4787 688 4856 gratiae
717 4788 860 4843 nulla
893 4792 1192 4860 prmscribit
1219 4797 1515 4852 auctoritas
1543 4800 1826 4869 cujuslibet
1845 4806 2073 4875 regula);

501 4877 610 4933 imo
651 4890 841 4936 cuncta
891 4883 1090 4940 Christi
1127 4886 1404 4956 dispensat
1454 4893 1819 4962 providentia,
1877 4900 2074 4970 singuli

499 4978 756 5036 quantum
786 4972 836 5026 in
862 4974 1111 5043 singulis,
1143 4977 1225 5032 vel
1251 4981 1522 5047 quomodo
1551 4985 1833 5050 proﬁciant
1861 4988 2068 5046 oﬁiciis.

499 5058 775 5129 Siquidem
823 5066 1268 5124 considerandum
1318 5072 1446 5139 quid
1493 5075 1720 5144 quisque
1771 5090 1933 5149 agat,
1986 5082 2072 5138 vel

499 5153 766 5220 quomodo
786 5162 841 5207 et
865 5155 976 5209 ubi.
994 5154 1150 5222 Quia,
1176 5159 1314 5214 sicut
1335 5161 1389 5216 in
1416 5163 1604 5217 eadem
1631 5165 1826 5235 legitur
1843 5168 2067 5240 Regula,

496 5240 732 5295 claustra
778 5251 902 5297 sunt
953 5247 1265 5301 monasterii
1311 5251 1572 5306 virtutum
1610 5253 1966 5313 instrumenta
2015 5269 2070 5316 et

495 5329 758 5387 bonorum
786 5349 1006 5404 operum
1028 5375 1043 5402 ,
1069 5351 1176 5407 quo
1204 5338 1510 5410 diligentius
1537 5344 1718 5398 omnia
1749 5349 2068 5415 regulariter

492 5487 637 5568 gitqr
660 5486 868 5542 Walam
895 5491 1388 5568 exsiliumpassum
1420 5513 1538 5553 esse
1592 5503 1659 5556 ab
1705 5519 1846 5557 anno
1874 5505 1979 5560 850
2011 5506 2063 5562 in

494 5555 546 5630 id
580 5555 690 5630 fere
721 5568 953 5628 tempus,
995 5577 1102 5630 quo
1145 5555 1256 5630 jam
1291 5578 1570 5624 revocatus
1598 5555 2061 5630 eratifflrer'tevN-i:

492 5626 716 5708 thard'us
747 5626 950 5708 _i_u__lib_.
982 5626 1029 5695 ιζ
1068 5626 1183 5700 ipso
1214 5650 1373 5708 anno
1404 5707 1408 5708 ν
1434 5652 1741 5696 revocatum
1775 5626 2058 5700 \Vala'nam

493 5697 698 5764 scribit,
746 5697 1112 5758 Elizacharem
1155 5704 1317 5760 etiam
1365 5707 1610 5764 abbatem
1652 5697 2050 5784 (Icntulcnsciu,

2110 4471 2160 4530 D

2218 537 2368 592 sione
2389 539 2602 593 abbatis
2626 540 2899 608 quidpiam
2921 557 3099 611 agere,
3124 544 3541 611 providendum,
3571 548 3617 602 si
3647 549 3802 604 licuit

2216 629 2282 681 ad
2317 636 2422 682 tam
2459 629 2680 698 grandia
2713 637 2766 683 et
2795 629 3014 684 incerta.
3047 631 3630 704 sinetransgressioue
3660 638 3799 693 insi-

2216 716 2313 772 lire
2366 735 2378 770 :
2431 719 2554 786 quia
2609 719 3120 787 periculosissimum
3151 730 3236 776 est
3286 725 3590 794 quempiam
3639 741 3799 782 suum

2215 805 2519 874 relinquere
2555 808 2909 876 propositum,
2941 817 2995 862 ct
3023 810 3089 862 ad
3114 825 3173 864 ea
3207 826 3326 879 quae
3349 827 3454 866 non
3479 815 3795 883 expediunt,

2216 915 2388 968 neque
2417 917 2514 955 suo
2542 910 2846 971 congruunt
2867 901 3063 967 ofﬁcio,
3093 903 3484 960 inconsiderate
3511 921 3570 962 se
3600 907 3801 961 admit-

2216 998 2330 1043 tere
2361 990 2442 1043 δ...

2829 1096 3161 1136 Ριιθεωειυε»

2283 1165 2570 1222 Multorum
2598 1183 2699 1222 vox
2731 1169 2830 1223 ista
2856 1179 2933 1224 est
2970 1185 2984 1222 :
3018 1171 3110 1224 sed
3141 1186 3329 1225 eorum
3361 1172 3450 1242 qui
3481 1188 3585 1227 non
3615 1183 3802 1228 atten-

2212 1253 2345 1308 dunt
2389 1255 2542 1324 cujus
2581 1258 2855 1328 dignitatis
2912 1269 3058 1313 esset
3103 1261 3236 1324 iste,
3271 1261 3353 1314 vel
3397 1263 3620 1316 ordinis.
3656 1263 3795 1317 Nam

2211 1353 2493 1413 postquam
2517 1345 2721 1400 electus
2747 1347 2815 1401 ab
2840 1347 3091 1402 omnibus
3125 1358 3208 1403 est
3235 1358 3442 1419 pastor,
3468 1362 3523 1404 et
3564 1352 3797 1406 rectoris

2209 1434 2440 1490 ollicium
2471 1445 2691 1491 vocatus
2719 1454 2748 1491 a
2779 1439 2888 1492 Deo
2918 1441 3186 1510 suscepit,
3209 1449 3268 1495 ut
3296 1442 3568 1497 credimus
3593 1483 3613 1508 ,
3658 1458 3796 1497 con-

2209 1528 2446 1583 siliarius
2475 1529 2640 1585 totius
2682 1530 3026 1599 imperii‘una
3065 1547 3189 1586 cum
3234 1533 3444 1587 caeteris
3488 1534 3798 1604 prmelecti‘s

2211 1620 2542 1678 constitutus,
2564 1662 2578 1687 ,
2623 1621 2786 1676 etiam
2817 1623 2870 1676 in
2903 1621 3007 1678 ﬁde
3032 1638 3095 1677 ac
3123 1623 3348 1678 consilio
3378 1624 3603 1694 reliquis
3633 1637 3795 1681 ante-

2210 1709 2450 1778 positus;
2485 1709 2626 1778 quod
2656 1719 2712 1764 et
2741 1719 2896 1765 antea
2931 1709 3042 1779 jam
3075 1720 3194 1766 erat
3237 1713 3403 1766 etiam
3440 1729 3604 1782 quam
3647 1714 3790 1769 idem

2140 1787 2185 1848 Β
2211 1809 2357 1856 esset
2383 1801 2586 1857 electus
2616 1820 2628 1856 :
2660 1803 2782 1872 quia
2810 1819 2907 1874 pro
2937 1819 3154 1874 genere,
3179 1820 3276 1875 pro
3297 1804 3421 1858 vita:
3446 1807 3657 1870 merito,
3683 1822 3786 1876 pro

2213 1892 2572 1956 institutione,
2605 1908 2763 1962 quam
2790 1905 3105 1963 perceperat
3130 1908 3265 1963 pene
3291 1895 3359 1948 ab
3385 1895 3601 1948 ineunte
3625 1904 3787 1949 male

2211 1983 2351 2037 infra
2379 1992 2620 2037 senatum
2652 1992 2704 2038 et
2728 1985 2998 2053 sapientes
3043 1985 3225 2054 regni;
3257 2001 3355 2056 pro
3387 1987 3584 2042 mentis
3608 1985 3790 2041 efﬁca-

2209 2073 2290 2128 cia
2329 2082 2383 2128 et
2427 2074 2704 2145 nobilitate
2744 2089 2934 2129 sensus
2961 2073 3249 2144 plurimum
3291 2076 3360 2129 ab
3412 2076 3664 2130 omnibus
3692 2092 3789 2129 au-

2208 2164 2472 2229 diebatur,
2504 2173 2559 2218 et
2583 2165 2938 2218 vcnerebatur
2968 2179 2999 2219 a
3029 2165 3270 2235 singulis.
3301 2165 3507 2220 Idcirco
3548 2167 3638 2236 qui
3673 2164 3788 2233 jam

2207 2270 2329 2309 cum
2374 2265 2518 2310 esset
2565 2256 2816 2326 praelatus
2856 2272 2959 2310 una
3005 2272 3129 2310 cum
3179 2257 3391 2311 caeteris
3431 2257 3790 2311 ecclesiarum

2207 2347 2532 2415 pastoribus,
2563 2356 2647 2402 est
2683 2349 2966 2402 ordinatus
3003 2357 3220 2402 senator
3248 2364 3370 2403 cum
3401 2348 3602 2402 eisdem
3633 2350 3786 2418 ipsis,

2204 2447 2258 2492 et
2281 2453 2402 2492 cum
2428 2438 2549 2492 aliis
2569 2438 2898 2507 quibuslibet
2919 2438 3102 2508 palatii
3135 2438 3212 2492 vel
3240 2439 3388 2508 regni
3416 2439 3788 2502 senatoribus,

2206 2537 2262 2584 ut
2298 2529 2578 2584 consilium
2611 2530 2764 2584 daret
2807 2529 2874 2585 de
2922 2529 3177 2600 singulis;
3230 2545 3337 2583 non
3380 2531 3511 2584 mihi
3549 2533 3784 2594 videtur,

2203 2618 2344 2686 quod
2375 2618 2490 2671 sine
2520 2617 2758 2687 periculo
2789 2618 2872 2673 sui
2920 2613 3334 2688 prmtermittere
3380 2628 3584 2688 posset,
3632 2621 3798 2690 prius

2203 2724 2270 2763 ne
2297 2709 2576 2763 consilium
2610 2710 2675 2765 de
2716 2710 2801 2765 his
2837 2710 3100 2766 inveniret
3133 2726 3251 2780 quce
3277 2712 3782 2777 annumeravimus,

2202 2801 2254 2854 in
2312 2802 2506 2869 quibus
2555 2817 2693 2856 unus
2741 2803 2982 2858 omnium
3037 2803 3278 2872 profecto
3329 2801 3649 2856 imminebat
3695 2803 3785 2855 in-

2203 2892 2415 2947 teritus.
2479 2892 2727 2962 Alioquin
2795 2893 2970 2949 nullus
3024 2895 3410 2948 monachorum
3471 2894 3644 2964 major
3697 2894 3788 2948 vel

2197 2985 2436 3038 sanctior
2482 2982 2727 3049 Joanne,
2778 2984 2870 3054 qui
2926 2984 3045 3040 ideo
3092 2983 3387 3038 decollatus
3433 2991 3556 3037 est:
3603 2983 3784 3038 nullus

2199 3075 2471 3144 acceptior
2499 3073 2631 3135 Elia,
2663 3074 2842 3130 nullus
2884 3075 3186 3146 religiosior
3212 3075 3406 3140 Eliseo,
3445 3090 3536 3130 seu
3567 3078 3782 3131 caneris

2199 3166 2400 3219 sanctis
2420 3174 2473 3219 et
2502 3166 2798 3235 prophetis,
2828 3165 2920 3236 qui
2949 3166 3174 3220 viriliter
3197 3167 3411 3236 regibus
3442 3168 3775 3231 restiterunt,

2198 3243 2251 3307 et
2277 3269 2376 3322 pro
2396 3253 2605 3322 justitia
2650 3255 2995 3310 decertarunt
3026 3271 3197 3325 usque
3243 3257 3310 3309 ad
3358 3265 3598 3309 mortem.
3631 3254 3778 3310 Nam

2198 3341 2489 3397 Zacharias
2528 3343 2650 3398 ideo
2697 3353 3025 3414 peremptus,
3058 3345 3224 3400 Isaias
3251 3355 3482 3408 secatus,
3510 3343 3782 3401 Jeremias

2199 3433 2250 3486 in
2281 3433 2455 3488 lacum
2495 3434 2772 3491 demersus
2800 3455 2812 3490 :
2846 3437 2940 3491 sed
2970 3437 3068 3491 istc
3098 3437 3254 3508 longe
3281 3437 3501 3492 inferior
3529 3439 3581 3492 in
3609 3454 3780 3507 specu

2197 3523 2455 3578 altissima
2503 3534 2585 3579 est
2630 3526 2856 3581 levatus.
2897 3528 3057 3582 Errat
3103 3529 3263 3597 igitur
3289 3529 3595 3599 quicunque
3647 3530 3787 3583 dicit

2196 3615 2338 3682 quod
2384 3631 2482 3685 pro
2525 3615 2734 3684 justitia
2768 3633 2870 3672 non
2897 3619 3143 3673 debuerit
3189 3629 3353 3685 stare,
3385 3636 3483 3689 pro
3519 3621 3623 3674 ﬁde
3670 3636 3781 3674 non

2196 3707 2474 3762 decertare
2502 3718 2688 3762 contra
2724 3718 2800 3764 tot
2843 3711 2982 3764 mala
3015 3711 3251 3782 taliaque
3290 3726 3408 3781 qua:
3437 3710 3777 3774 occiderunt,

2195 3811 2300 3850 non
2332 3795 2612 3862 debuerit,
2654 3799 2780 3867 quia
2816 3801 2983 3856 armis
3017 3817 3122 3855 non
3172 3801 3385 3864 licebat,
3428 3801 3619 3855 saltem
3649 3817 3780 3854 ωηο

2193 3885 2343 3949 silio,
2397 3887 2802 3954 exhortatione,
2847 3891 3290 3960 persuasionibus
3333 3907 3436 3945 non
3497 3893 3772 3945 resistere.

2191 3976 2320 4044 Quae
2363 3978 2607 4046 profecto
2657 3978 2797 4032 mala
2848 3979 3096 4034 omnibus
3148 3989 3273 4036 tunc
3326 3989 3380 4034 et
3427 3981 3682 4051 deinceps
3720 3983 3772 4035 in

2191 4065 2480 4121 manifesto
2512 4077 2782 4122 venerunt.
2807 4070 3009 4139 majora
3039 4078 3092 4123 et
3131 4071 3421 4136 atrociora,
3455 4086 3620 4139 quam
3653 4086 3772 4138 qua:

2190 4166 2373 4212 noster
2417 4158 2590 4228 stylus
2618 4157 2830 4214 fluendo
2859 4162 3111 4231 prosequi
3146 4162 3270 4214 velit
3299 4170 3386 4215 aut
3426 4162 3614 4230 possit.
3648 4161 3770 4214 Ideo

2188 4251 2494 4320 quicunque
2521 4266 2583 4305 ea
2616 4251 2999 4307 dissimulatse
3041 4253 3199 4314 scire,
3237 4255 3412 4322 qualia
3455 4264 3766 4322 quantaque

2186 4337 2408 4406 fuerint,
2440 4341 2523 4395 vel
2549 4357 2710 4411 quam
2737 4343 2970 4411 pessima
3005 4359 3124 4414 qua:
3164 4343 3229 4397 de
3267 4344 3352 4396 his
3389 4351 3507 4396 orta
3549 4352 3671 4395 sunt
3707 4349 3766 4394 et

2185 4440 2534 4501 permanent,
2583 4435 2802 4490 omnino
2849 4444 2940 4490 aut
2987 4436 3217 4505 desipit,
3256 4443 3357 4488 aut.
3388 4435 3606 4488 insanit.
3635 4433 3768 4485 Pro-

2185 4529 2364 4590 pterea
2396 4537 2553 4576 nemo
2593 4525 2706 4578 sani
2756 4526 2946 4594 capitis
2999 4526 3089 4594 qui
3143 4525 3283 4578 hunc
3318 4524 3581 4578 infamare
3627 4521 3765 4587 vult,

2183 4611 2324 4678 quod
2354 4613 2477 4666 talia
2507 4614 2737 4685 sapienti
2760 4630 2858 4671 suo
2889 4615 3116 4670 consilio
3148 4615 3373 4670 voluerit
3395 4613 3685 4670 contraire.

2756 4719 3185 4759 THEOPHRASTUS.
3199 4765 3208 4776 ἡ

2252 4788 2486 4844 Mirabar
2532 4791 2780 4857 nimium,
2808 4801 2863 4847 et
2887 4795 3154 4848 mirantur
3185 4793 3395 4864 plurimi
3434 4792 3558 4862 quid
3589 4801 3765 4858 esset,

2179 4882 2320 4950 quod
2361 4896 2458 4949 pro
2510 4891 2660 4937 tanto
2695 4883 2942 4953 imperio,
2969 4899 3068 4952 pro
3119 4893 3261 4938 tanta
3310 4885 3565 4953 dignitate
3607 4885 3763 4954 regni

2181 4981 2236 5026 et
2258 4971 2632 5039 ecclesiarum,
2665 4988 3001 5044 nequaquam
3033 4977 3164 5029 satis
3195 4976 3345 5028 muLi
3385 4975 3639 5044 praesules
3674 4977 3762 5028 vel

2179 5071 2470 5118 senatores.
2500 5061 2624 5117 forti
2672 5073 2727 5118 et
2769 5081 2961 5136 magno
2996 5066 3176 5120 animo
3223 5067 3617 5130 invenirentur,
3660 5067 3761 5135 qui

2178 5152 2438 5206 auderent
2483 5167 2540 5206 se
2587 5161 2642 5207 et
2689 5154 2916 5209 salutem
2963 5169 3114 5208 suam
3147 5155 3198 5208 in
3235 5154 3523 5208 discrimen
3556 5154 3762 5209 offerre

2175 5255 2275 5311 pro
2313 5250 2455 5295 statu
2488 5243 2652 5296 totius
2683 5243 2916 5314 imperii,
2955 5259 3053 5313 pro
3095 5245 3367 5298 communi
3413 5235 3605 5298 salute.
3641 5243 3761 5298 Hoc

2179 5338 2420 5400 tempore
2463 5332 2691 5387 miretur
2732 5333 2912 5402 potius
2939 5333 3164 5404 quilibet
3206 5342 3487 5398 nostrum,
3519 5331 3563 5385 si
3591 5345 3759 5402 quem

2173 5489 2502 5556 Matfridum,
2529 5500 2884 5564 caeterosque,
2914 5492 3004 5562 qui
3051 5492 3104 5547 in
3129 5491 3379 5548 exsilium
3417 5488 3613 5547 retrusi
3640 5487 3758 5544 fue-

2173 5570 2438 5687 ra'aILViJc
2465 5631 2684 5704 Regula}
2714 5631 2771 5688 S.
2801 5632 3073 5689 Benedicti
3096 5650 3213 5703 Cap.
3243 5633 3296 5686 4ο
