4122 6324
295 261 318 315 1
331 259 434 314 653

969 248 1058 302 DE
1099 247 1256 304 VITA
1297 244 1552 311 WALE,
1591 241 1722 299 SEU
1763 239 2186 299 EPITAPHIUM
2220 243 2517 298 ARSENII.
2556 273 2626 282 —
2664 239 2791 296 [ΑΒ.
2834 238 2896 293 Il.

3413 242 3436 295 i
3448 241 3554 298 65.4

292 370 492 424 bonum
513 377 575 422 et
611 364 811 419 fortem
849 363 1024 416 virum
1045 359 1264 425 viderit,
1296 375 1458 429 quam
1504 357 1549 412 si
1587 370 1745 426 quem
1776 363 1870 408 aut
1897 359 1944 416 A
1975 355 2068 410 Dei
2101 367 2466 426 assurnpserat
2495 357 2766 420 laborem;
2801 354 2846 408 si
2875 353 3012 407 forte
3033 365 3154 407 cum
3185 368 3252 408 eo
3279 369 3463 424 pacem
3499 355 3552 409 iu

297 461 565 526 timidum,
595 467 688 512 aut
713 457 814 512 sibi
856 456 1032 525 potius
1065 468 1224 523 quam
1267 450 1597 520 reipublicze,
1627 449 1752 519 quia
1783 455 1873 502 aut

297 552 443 607 trulla
499 560 594 604 aut
655 548 970 619 parvissima
1035 555 1158 608 est,
1213 542 1630 605 consulentem;
1691 541 1874 609 itaque

299 656 474 712 neque
502 639 768 703 ecclesiis,
799 651 971 706 neque
997 635 1212 705 populo,
1245 634 1369 703 quia
1397 632 1616 687 omnino
1644 647 1749 685 non
1791 641 1873 686 est

295 734 386 802 qui
433 733 657 795 audeat,
697 730 782 784 vel
823 730 913 799 qui
960 727 1234 798 corrigere
1279 741 1398 795 qua:
1444 725 1732 794 depravata
1788 723 1872 778 vel

297 838 549 894 perversa
577 830 722 886 sunt,
760 821 947 890 possit.
987 817 1121 872 Nam
1153 826 1210 870 ut
1233 817 1554 871 omittamus
1579 817 1644 870 de
1683 815 1870 868 unius-

299 912 555 981 cujusque
587 926 714 965 casu
743 907 1037 970 recordari,
1068 922 1175 961 uno
1202 915 1417 976 aspectu
1438 905 1639 960 intueri
1684 921 1874 974 possu-

298 1011 419 1057 mus
443 1017 536 1056 eos
562 1001 652 1071 qui
690 1015 811 1054 cum
857 998 1104 1063 consilio,
1137 996 1219 1053 vel
1264 1013 1385 1052 cum
1429 995 1585 1051 bonis
1624 995 1874 1051 omnibus

301 1099 426 1144 tunc
465 1089 722 1158 temporis
771 1088 1083 1158 dignitatem
1130 1087 1352 1156 regiam,
1399 1097 1454 1140 ct
1497 1085 1872 1148 ecclesiarum,

296 1176 550 1232 alllictam
583 1187 636 1231 et
667 1176 955 1244 dejectam,
977 1175 1060 1229 vel
1089 1184 1489 1244 constupratam
1521 1175 1869 1235 reerexcrint,

295 1278 349 1322 et
378 1285 406 1322 a
439 1269 724 1322 latrocinio
753 1267 1050 1321 domestico
1079 1266 1464 1329 liberaverint;
1497 1266 1754 1334 deinceps
1779 1279 1873 1318 eos

297 1369 546 1423 mmstos,
593 1359 956 1413 exhonoratus
975 1397 989 1422 ,
1017 1357 1255 1410 infideles
1287 1356 1644 1424 adjudicatos,
1671 1366 1724 1410 et
1752 1371 1875 1409 reos

295 1448 494 1517 capite,
523 1446 696 1508 fama,
727 1447 1038 1501 carceribus
1069 1455 1121 1499 et
1141 1445 1334 1499 exsilio
1362 1462 1376 1501 :
1417 1459 1512 1499 eos
1556 1454 1734 1498 autem
1780 1444 1873 1513 qui

295 1540 478 1595 omnia
504 1538 683 1593 divina
721 1547 777 1593 et
828 1540 1062 1592 humana
1106 1538 1406 1601 violarunt,
1435 1546 1718 1597 vexarunt,
1749 1551 1872 1604 per.

299 1630 622 1696 turbarunt,
676 1638 985 1684 everterunt
1047 1630 1160 1683 suis
1226 1629 1471 1698 rapinis,
1525 1644 1632 1682 non
1701 1627 1872 1682 solum

1977 461 2142 516 regno
2189 447 2476 500 restituere
2527 455 2750 515 posset,
2802 453 2858 498 ct
2905 443 3204 498 discordias
3250 457 3548 498 removere.

1974 537 2315 607 Quapropter
2356 536 2671 590 detrahendi
2715 534 2893 590 nullus
2917 543 3002 589 est
3038 534 3218 598 locus,
3247 533 3357 588 imo
3382 533 3558 604 major

1973 639 2118 685 esset
2166 628 2547 697 reprehensio,
2598 628 2642 681 si
2685 627 2964 681 desereret
3009 634 3172 680 tanta:
3217 624 3558 680 auctoritatis

1967 719 2267 790 jussionem
2299 734 2398 788 pro
2422 717 2584 771 ullius
2607 717 2932 771 discriminis
2957 715 3242 786 praesentis
3269 716 3390 770 vitae
3415 715 3559 785 peri-

1975 809 2096 865 culo
2128 824 2142 862 :
2173 810 2436 880 quoniam
2469 807 2898 862 laudabilins'est
2935 806 3071 860 bene
3100 806 3257 870 mori,
3291 805 3376 860 vel
3407 805 3555 876 peri-

1975 903 2151 958 clitari
2186 917 2306 956 cum
2336 902 2490 956 bonis
2515 910 2570 955 et
2599 901 2840 970 optimis,
2874 916 3036 970 quam
3063 901 3203 956 male
3229 900 3429 966 vivere,
3463 909 3558 955 aut

1975 993 2282 1052 coiisentire
2309 1008 2430 1047 cum
2459 992 2728 1062 pessimis.
2759 991 2916 1046 Aliud
2945 993 3142 1060 quippe
3165 1005 3325 1060 poena
3367 989 3556 1060 judicii

1974 1093 2077 1149 est,
2129 1084 2272 1139 aliud
2321 1100 2449 1138 vero
2500 1094 2851 1154 augmentum
2902 1082 3132 1152 peccati.
3182 1082 3249 1136 Et
3290 1082 3410 1136 ideo
3449 1096 3557 1136 non

1976 1175 2300 1239 inconsulte,
2331 1184 2388 1229 ut
2425 1175 2598 1239 aiunt,
2635 1189 2806 1244 neque
2830 1183 3022 1230 contra
3056 1175 3388 1245 propositum
3416 1189 3558 1230 vera:

1976 1264 2255 1334 religionis
2303 1280 2490 1319 rursus
2538 1265 2677 1319 idem
2720 1265 2945 1320 tradidit
2986 1280 3044 1319 sc
3080 1265 3384 1321 discrimini
3419 1281 3432 1318 :
3464 1265 3560 1321 sed

1974 1355 2132 1409 valde
2163 1354 2615 1410 ofiiciosissimum
2644 1363 2698 1409 et
2741 1354 3089 1409 laudabiliter
3139 1369 3196 1410 se
3245 1354 3461 1421 obtulit,
3506 1362 3563 1409 et

1976 1449 2211 1503 medium
2239 1464 2335 1517 pro
2357 1448 2640 1517 utriusque
2674 1448 2938 1516 partibus,
2972 1447 3015 1501 si
3047 1447 3379 1516 reciperetur
3403 1460 3561 1516 mque

1977 1541 2044 1594 ab
2063 1541 2350 1604 omnibus;
2381 1556 2553 1608 neque
2582 1539 2695 1593 suis
2723 1538 2986 1593 deterreri
3027 1547 3240 1609 poterat
3281 1537 3559 1607 periculis,

1975 1631 2066 1700 qui
2096 1647 2153 1685 se
2185 1631 2458 1684 multoties
2502 1630 2798 1699 ingesserat
2843 1645 2942 1698 pro
2983 1629 3192 1684 alienis.
3226 1628 3379 1685 Unde
3408 1627 3562 1682 dein-

297 1722 634 1778 exsultantes
683 1731 735 1776 et
785 1722 936 1775 laetos
965 1761 978 1783 ,
1035 1721 1362 1776 fortissimos
1420 1732 1580 1790 atque
1638 1722 1870 1790 optimos
1902 1723 1948 1782 B
1978 1737 2102 1792 ceps
2149 1721 2497 1775 Paschasium
2550 1735 2964 1789 prosequamur,
2995 1721 3086 1790 qui
3123 1735 3247 1774 cum
3277 1733 3342 1774 eo
3376 1733 3561 1772 comes

301 1813 385 1886 [ι’.
438 1811 718 1885 opimos],
771 1813 1066 1866 honoratos
1111 1811 1410 1866 honoribus
1459 1819 1515 1866 et
1571 1811 1871 1882 gloriosos;

297 1921 480 1962 verum
517 1903 746 1976 inclytis,
771 1912 824 1957 et
853 1901 1216 1972 sapientibus,
1245 1910 1408 1971 atque
1434 1901 1660 1956 honeste
1691 1901 1873 1956 zelan-

299 1998 443 2052 tibus
473 1995 694 2050 insidias
722 1991 896 2048 moliri
925 2001 981 2044 et
1008 1990 1278 2060 pericula;
1327 1991 1511 2060 sicque
1541 1993 1606 2045 de
1638 2006 1696 2045 se
1741 1990 1874 2046 nihil

299 2090 512 2141 timere.
563 2085 620 2139 in
667 2099 774 2154 quo
822 2082 1072 2136 nimirum
1119 2081 1334 2151 negotio
1382 2097 1502 2134 cum
1554 2081 1720 2134 multa
1766 2083 1875 2135 sint

299 2179 514 2248 indigna
545 2183 598 2231 et
632 2173 1000 2238 detestalilia;
1031 2172 1163 2226 nihil
1208 2171 1387 2225 minus
1436 2181 1612 2226 tamen
1651 2173 1870 2240 perhor-

299 2269 579 2331 rescenda,
632 2265 775 2335 quod
819 2263 934 2332 jam
985 2280 1091 2317 non
1136 2279 1232 2332 per
1279 2263 1514 2318 latrones
1552 2271 1606 2317 et
1651 2278 1875 2332 rapaces

301 2369 530 2423 tantum,
565 2366 726 2426 atque
752 2364 991 2426 egestate
1031 2355 1336 2419 confectos,
1385 2352 1875 2409 facinorosissimos

299 2465 573 2519 quosque,
621 2463 715 2502 seu
761 2462 858 2500 suo
905 2446 1140 2516 perditos
1169 2444 1407 2508 scelere;
1451 2458 1637 2496 verum
1682 2452 1736 2498 et
1779 2457 1876 2512 per

299 2541 533 2608 Optimos
577 2539 668 2608 qui
715 2535 928 2590 fuerant
956 2535 1080 2590 olim
1113 2536 1276 2597 viros,
1310 2549 1405 2602 per
1435 2533 1665 2588 eximios
1691 2542 1876 2589 aucto-

301 2631 462 2685 ritate
510 2627 817 2698 religionis,
871 2641 969 2696 per
1018 2625 1275 2678 sublimes
1316 2623 1594 2678 nobilitate
1654 2623 1871 2686 carnis,

301 2721 541 2794 pericula
590 2720 779 2775 mortis
820 2729 881 2772 et
925 2717 1324 2787 degradationis
1367 2716 1705 2771 calamitates
1741 2715 1875 2770 infe-

298 2824 513 2878 runtur,
557 2827 586 2865 a
627 2811 822 2881 quibus
843 2810 1005 2863 etiam
1035 2809 1234 2878 rapina-
1262 2815 1316 2861 et
1342 2807 1718 2876 Oppressiones
1743 2804 1877 2860 infe-

300 2912 518 2970 runtur;
572 2903 697 2972 quia
743 2901 854 2971 jam
904 2913 1042 2971 pene
1093 2898 1291 2964 nullus,
1322 2898 1412 2967 qui
1459 2897 1571 2952 suis
1607 2897 1875 2967 justisque

301 2995 581 3066 stipendiis
613 2995 771 3048 ducat
816 3001 936 3061 post
982 3006 1041 3045 se
1089 2990 1318 3055 milites,
1350 2989 1443 3043 sed
1491 2989 1557 3042 de
1593 2983 1795 3056 rapinis
1821 2996 1878 3042 et

301 3086 570 3140 violentiis
610 3101 623 3138 :

302 3175 507 3246 primus
537 3173 739 3235 docuit,
767 3180 820 3225 et
855 3172 920 3225 ad
956 3170 1112 3224 ﬁnem
1142 3183 1166 3209 α
1199 3184 1368 3238 usque
1394 3183 1606 3238 semper
1629 3167 1878 3237 pubi-iens

302 3265 483 3333 praedo
520 3265 672 3317 vixit.
705 3263 854 3316 Nunc
884 3277 1010 3316 vero
1038 3270 1092 3316 et
1124 3260 1233 3324 isti,
1264 3269 1465 3330 quanto
1493 3266 1620 3313 sunt
1649 3259 1879 3327 amplius

303 3357 603 3411 latronibus
648 3353 930 3420 constipati
954 3392 968 3415 ,
1003 3360 1151 3404 tanto
1176 3352 1529 3418 potentiores,
1559 3363 1624 3401 ne
1647 3348 1785 3400 ullus
1813 3347 1880 3400 ad

303 3447 520 3516 rapinas
549 3445 628 3497 eis
659 3442 1017 3496 contradicat.
1053 3441 1157 3494 Sed
1186 3440 1433 3509 quamvis
1471 3437 1661 3492 militia
1685 3452 1880 3508 augea-

301 3549 390 3593 tur
419 3553 516 3606 pro
555 3536 750 3590 talibus
772 3573 787 3599 ,
821 3548 981 3588 neruo
1023 3542 1200 3586 tamen
1237 3546 1448 3595 eorum,
1475 3531 1579 3585 nisi
1614 3531 1680 3584 ad
1724 3530 1880 3586 civile

301 3629 525 3693 malum,
573 3627 718 3681 vires
751 3626 950 3679 habere
994 3622 1228 3676 videtur.
1273 3621 1478 3676 ldcirco
1516 3636 1616 3674 nec
1657 3622 1878 3686 mirum,

301 3720 347 3774 si
394 3720 494 3773 iste
535 3725 756 3774 vocatus
794 3732 825 3770 a
873 3728 1085 3768 summo
1127 3712 1370 3767 antistite
1420 3712 1616 3767 talibus
1664 3721 1883 3767 contra-

304 3813 534 3878 dixerit,
579 3812 671 3882 qtti
715 3811 946 3880 primum
996 3807 1218 3876 optabat
1259 3805 1423 3860 deleri
1469 3807 1533 3860 de
1573 3805 1711 3859 libro
1757 3805 1882 3858 vitae

305 3917 428 3957 cum
476 3901 642 3972 Moysi
671 3916 767 3970 pro
808 3898 1003 3969 populo
1040 3897 1154 3960 Dei,
1202 3911 1299 3966 pro
1337 3895 1577 3967 Angusto
1621 3905 1676 3948 et
1721 3895 1878 3959 filiis;

305 4009 403 4047 nec
427 4008 528 4046 non
567 4003 762 4046 etcum
794 3989 958 4045 Paulo
986 4003 1082 4058 pro
1113 3985 1372 4042 fratribus
1401 3995 1456 4042 et
1481 3985 1728 4041 ecclesiis
1753 4000 1882 4039 ana-

303 4083 484 4138 thema
523 4081 660 4136 ﬁeri.

928 4163 1261 4204 Αυεουλτυε.

376 4243 488 4299 Nec
532 4243 728 4296 mirum
760 4242 962 4312 itaque,
1008 4242 1169 4295 tantis
1212 4239 1466 4312 fatigatus
1509 4236 1734 4303 exsiliis,
1769 4248 1884 4293 tan-

308 4339 482 4407 tisque
525 4336 829 4390 sordidatus
879 4333 1116 4389 infamiis
1159 4333 1201 4387 si
1253 4332 1451 4387 restitit
1493 4331 1558 4385 ad
1607 4331 1880 4400 primum:

1975 1811 2076 1866 fuit
2120 1813 2428 1875 irremotus,
2475 1827 2634 1880 quem
2687 1812 2869 1866 nullus
2919 1812 3196 1866 deterrere
3225 1811 3405 1880 potuit
3429 1825 3561 1880 pra:-

1973 1903 2141 1958 sentis
2172 1905 2293 1956 vitae
2333 1918 2517 1966 casus,
2558 1918 2626 1956 ne
2659 1911 2976 1972 sequeretur
3006 1917 3166 1970 quem
3196 1911 3471 1956 amaverat
3501 1902 3558 1956 in

1973 1996 2210 2059 Christo,
2240 2009 2398 2062 quem
2447 1995 2644 2048 imitari
2691 2003 3075 2062 proposuerat;
3103 2009 3227 2048 cum
3259 2009 3365 2062 quo
3393 1992 3559 2046 etiam

1973 2088 2113 2144 bene
2141 2088 2392 2142 conscius
2417 2089 2483 2142 de
2508 2103 2572 2142 eo
2597 2089 2733 2142 mori
2764 2096 2978 2157 optarat
3002 2104 3103 2159 pro
3133 2087 3237 2144 fide
3261 2087 3483 2152 Christi,
3513 2087 3560 2142 si

1975 2186 2189 2249 tempus
2215 2180 2525 2234 immineret
2553 2179 2905 2234 discriminis.

2566 2313 2794 2370 CAPUT
2835 2313 2971 2368 XVI.

2595 2423 2932 2462 PASCIMSIUS.

2044 2517 2244 2572 Fateor
2286 2517 2467 2588 plane,
2515 2533 2840 2587 quocunque
2893 2513 3084 2571 affectu
3137 2517 3188 2572 id
3239 2517 3387 2572 dicas
3415 2517 3561 2586 quod

1975 2611 2132 2675 dicis,
2160 2612 2286 2681 quia
2337 2611 2411 2666 ita
2459 2619 2544 2665 est
2571 2620 2628 2664 ut
2671 2611 2824 2665 dicis.
2860 2609 3013 2676 Quod
3042 2610 3174 2666 satis
3201 2611 3394 2678 probat
3433 2609 3561 2673 iter,

1975 2706 2116 2774 quod
2168 2703 2508 2772 suscepimus
2552 2703 2693 2756 inter
2745 2703 2952 2756 medias
2996 2701 3379 2756 concursiones
3431 2699 3563 2753 insi-

1977 2796 2280 2860 diantium,
2339 2795 2480 2849 inter
2538 2793 2775 2864 legiones
2824 2795 2929 2849 huc
2984 2793 3219 2863 illucque
3262 2792 3354 2862 qui
3408 2791 3564 2846 nobis

1979 2887 2401 2941 adversabantur
2425 2886 2844 2942 discurrentium
2881 2904 2895 2940 :
2928 2888 3068 2942 inter
3097 2901 3266 2956 quos,
3299 2887 3469 2940 donec
3495 2883 3562 2938 ad

1977 2977 2253 3049 Augustos
2283 2993 2436 3049 reges
2475 2987 2527 3034 et
2559 2979 2624 3032 ad
2664 2978 2835 3047 ipsum
2874 2995 3089 3033 sacrum
3119 2978 3428 3049 pontificem
3473 2991 3563 3031 ve-

668 3083 809 3153 quud
865 3081 1003 3135 Naso
1055 3079 1144 3134 ille
1198 3079 1581 3148 spurcissimus
1633 3077 1872 3131 animum
1905 3069 1948 3131 C
1981 3069 2181 3135 nimus,
2227 3070 2363 3125 satis
2407 3069 2864 3140 periculosissime
2899 3083 3111 3140 semper
3147 3084 3269 3124 cum
3308 3074 3454 3122 metu
3498 3081 3566 3120 ac

1985 3167 2219 3214 tremore
2265 3160 2622 3224 incessimus,
2671 3159 2922 3214 timentes
2991 3173 3056 3213 ne
3114 3173 3220 3214 non
3273 3158 3457 3212 venire
3497 3157 3565 3212 ad

1982 3250 2308 3304 destinatum
2338 3249 2620 3305 licuisset:
2661 3249 2784 3318 quia
2835 3249 3088 3314 omnino,
3135 3250 3181 3304 si
3223 3256 3561 3304 compertum

1982 3350 2156 3403 esset,
2209 3341 2412 3394 arctior
2439 3356 2534 3395 nos
2564 3341 2862 3412 susciperet
2894 3339 3136 3395 custodia
3167 3354 3328 3409 quam
3358 3338 3483 3392 olim
3515 3337 3564 3391 ei

1982 3439 2126 3485 esset
2174 3430 2319 3484 illata
2353 3447 2366 3485 :
2397 3432 2522 3502 quia
2571 3442 2686 3486 erat
2723 3447 2843 3485 cum
2886 3432 3128 3502 Angusto
3171 3429 3384 3485 Justina
3437 3438 3567 3483 tunc
3650 3463 3654 3466 -

1984 3519 2246 3590 temporis
2273 3561 2287 3585 ,
2325 3537 2445 3591 qua:
2493 3523 2745 3576 movebat
2792 3523 2956 3575 totius
3005 3520 3334 3576 monarchiae
3378 3535 3568 3574 rursus

1984 3621 2230 3680 sceptra,
2279 3611 2589 3666 concitabat
2637 3609 2832 3667 fluctus
2874 3622 2931 3667 et
2983 3611 3156 3665 maria
3184 3651 3200 3677 ,
3253 3609 3566 3680 impellebat

1983 3711 2193 3768 ventos,
2227 3710 2282 3757 et
2308 3703 2470 3758 corda
2502 3701 2739 3756 virorum
2778 3702 2843 3755 ad
2892 3702 3073 3757 omnia
3106 3715 3227 3770 qua:
3255 3700 3414 3754 vellet
3440 3713 3569 3754 con-

1982 3791 2271 3848 vertebat:
2306 3809 2334 3847 a
2361 3809 2464 3864 qua
2491 3793 2616 3864 quia
2649 3807 2812 3848 unum
2843 3792 3135 3860 ejecerant,
3182 3793 3247 3847 de
3283 3807 3390 3862 quo
3431 3790 3570 3854 disi-

1985 3900 2124 3949 mus,
2156 3877 2636 3954 flagitiosissimum
2668 3884 2717 3948 δ,
2751 3883 2842 3936 alii
2875 3872 3184 3937 serviebant
3221 3881 3571 3937 facinorosis-

1984 3977 2128 4032 simi.
2159 3977 2266 4031 Nos
2295 3986 2496 4040 autem,
2527 3975 2653 4046 quia
2700 3975 2971 4030 declinare
2993 4015 3008 4040 ,
3039 3975 3142 4030 nisi
3176 3974 3318 4031 inter
3362 3973 3570 4029 medias

1985 4081 2170 4121 eorum
2203 4068 2458 4122 cohortes
2481 4067 2702 4132 iremus,
2745 4083 2851 4121 non
2877 4065 3174 4136 potuimus,
3209 4079 3307 4135 per
3334 4063 3570 4119 medium

1984 4166 2306 4229 protegente
2373 4158 2487 4214 Deo
2541 4171 2800 4228 prospere
2847 4157 3193 4227 pervenimus
3242 4173 3255 4209 :
3304 4155 3394 4210 ubi
3446 4169 3568 4209 cum

1985 4249 2342 4312 venissemus,
2390 4263 2512 4304 cum
2567 4247 2735 4302 nimio
2779 4248 3014 4318 suscepti
3057 4262 3246 4303 sumus
3294 4246 3492 4318 gaudio
3539 4261 3572 4300 a

1989 4340 2224 4406 regibus,
2267 4352 2298 4392 a
2342 4338 2707 4409 principibus,
2745 4351 2797 4393 ct
2827 4340 2895 4393 ab
2925 4339 3072 4392 omni
3120 4336 3337 4409 populo.
3370 4337 3574 4392 Deinde

305 4427 450 4495 quia.
485 4427 624 4481 εἱειιι
651 4422 888 4480 Vidimus
913 4433 968 4480 et
996 4425 1366 4495 cognovimus,
1412 4422 1514 4478 nisi
1542 4424 1609 4477 ab
1634 4423 1885 4476 omnibus
1914 4420 1962 4480 D
1987 4429 2153 4484 oblati
2181 4427 2524 4483 sanctissimo
2551 4427 2818 4490 Pontifici,
2863 4427 2996 4481 satis
3024 4426 3407 4481 venerabiliter
3447 4441 3572 4481 cum

308 4515 460 4570 nobis
491 4515 750 4570 violenter
779 4524 1084 4582 cogeretur,
1111 4522 1164 4566 et
1192 4521 1338 4566 tanta
1363 4514 1655 4567 auctoritas
1687 4513 1882 4567 summi

307 4606 579 4676 pontificis
609 4622 731 4660 eum
761 4620 866 4658 non
900 4613 1188 4674 premeret,
1215 4602 1327 4669 jam
1359 4602 1582 4656 ulterius
1615 4602 1748 4655 nihil
1779 4600 1884 4655 tale

307 4698 646 4753 assentisset.
671 4695 822 4750 Nunc
841 4709 967 4748 vero
991 4710 1019 4746 a
1045 4692 1303 4746 fratribus
1323 4690 1602 4762 impulsus,
1620 4707 1648 4744 a
1672 4705 1884 4746 summo

307 4792 560 4860 pontifice
579 4806 700 4845 cum
725 4789 1154 4860 adjurationibus
1180 4795 1418 4850 vocatus,
1453 4802 1483 4840 a
1509 4786 1634 4841 tiliis
1655 4785 1883 4857 Augusti

309 4885 523 4954 regibus
554 4885 908 4955 imploratus;
958 4899 987 4936 a
1035 4881 1236 4951 populo
1280 4892 1336 4934 et
1377 4878 1729 4950 przesulibus,
1757 4893 1882 4933 cum

309 4973 505 5043 quibus
530 4973 656 5028 olim
690 4973 865 5027 fuerat
893 4973 946 5026 in
969 4986 1132 5026 causa
1173 4969 1330 5039 hujus
1371 4969 1602 5034 exordii,
1633 4969 1886 5037 depreca-

312 5076 421 5132 tus,
448 5081 546 5135 pro
569 5062 856 5120 concordia
880 5073 937 5118 et
959 5081 1088 5135 pace
1118 5063 1330 5117 tandem
1362 5061 1570 5116 censuit
1596 5060 1886 5129 aliquando

311 5165 533 5212 coactus
576 5156 698 5212 illuc
736 5156 952 5220 venire,
985 5169 1304 5224 summoque
1357 5153 1582 5208 antistiti
1632 5153 1882 5216 obedire,

311 5263 476 5318 seque
526 5247 598 5302 illi
645 5247 1001 5319 conjungere,
1034 5245 1126 5316 qui
1154 5253 1356 5299 tantum
1390 5259 1488 5314 pro
1515 5243 1660 5299 omni
1693 5243 1888 5314 populo

382 5393 408 5422 ι
451 5381 710 5438 Bernardi
743 5381 905 5438 finem
933 5381 1244 5451 caademque
1273 5382 1341 5435 ad
1373 5397 1572 5436 annum
1612 5381 1716 5436 844
1743 5382 1888 5439 refe-

310 5461 440 5506 runt
469 5455 705 5508 Annales
732 5453 1046 5507 Bertiniani.
1095 5452 1234 5507 Hinc
1280 5460 1426 5522 patet
1463 5451 1619 5522 longe
1670 5463 1792 5522 post
1836 5454 1890 5508 id

313 5531 527 5592 tempus
555 5525 815 5593 scriptum
848 5538 968 5578 esse
991 5524 1134 5577 hunc
1165 5521 1460 5577 secundum
1496 5521 1714 5576 librum.

385 5593 412 5630 δ
454 5593 719 5648 Nasonem
745 5594 951 5648 scilicet
991 5609 1085 5647 seu
1126 5593 1600 5664 Bernardum,qui
1632 5593 1682 5646 in
1716 5593 1894 5664 Septi-

316 5665 550 5717 nianiam
577 5680 634 5719 se
666 5665 898 5733 recepit,
945 5673 1080 5718 teste
1111 5664 1369 5718 Nithardo
1399 5663 1450 5717 in
1481 5663 1572 5717 lib.
1606 5678 1642 5729 ι,
1679 5663 1890 5721 tametsi

1989 4537 2181 4590 magna
2229 4520 2510 4574 alacritate
2542 4535 2640 4573 nos
2665 4518 2921 4588 excepit:
2959 4517 3087 4589 quia
3133 4517 3478 4574 cruciabatur
3517 4527 3574 4574 et

1989 4612 2102 4680 ipse
2132 4612 2314 4665 animo
2351 4626 2451 4680 pro
2482 4609 2679 4664 talibus
2707 4625 2824 4679 qua:
2853 4618 3154 4680 repererat,
3201 4610 3381 4680 qualia
3432 4626 3573 4664 nun-

1988 4719 2150 4773 quam
2199 4703 2350 4771 prius
2393 4703 2617 4759 credere
2667 4702 2950 4774 potuisset.
3012 4704 3342 4759 Terrebatur
3388 4712 3572 4758 autem

1989 4794 2152 4864 (quod
2179 4793 2332 4848 valde
2361 4793 2646 4849 dolendum
2680 4794 2786 4867 est)
2823 4795 2892 4850 ab
2915 4796 3180 4864 Augusto.
3209 4805 3266 4850 et
3303 4795 3371 4850 ab
3398 4797 3576 4850 omni-

1988 4875 2090 4934 bus
2121 4879 2254 4944 suis,
2283 4879 2444 4933 etiam
2491 4880 2560 4935 ab
2608 4879 2899 4950 episcopis,
2926 4896 3017 4950 qui
3059 4883 3161 4936 srbi
3207 4881 3380 4951 pridie
3411 4895 3574 4950 quam

1992 4972 2330 5026 venissemus
2353 4969 2574 5026 dextras
2603 4972 2882 5035 dederant,
2909 4972 3050 5040 quod
3084 4971 3368 5026 unanimes
3394 4979 3577 5026 essent

1991 5064 2056 5118 ad
2088 5063 2444 5118 resistendum
2488 5065 2575 5120 his
2615 5065 2706 5134 qui
2743 5079 2807 5118 ex
2855 5065 3082 5118 adverso
3124 5072 3312 5128 erant,
3361 5063 3576 5134 regibus

1993 5157 2134 5220 filiis,
2166 5156 2501 5226 principibus
2540 5164 2594 5210 et
2629 5155 2865 5227 populo:
2893 5156 3113 5225 insuper
3147 5154 3579 5218 consiliabantur

1995 5249 2291 5312 ﬁrmantes,
2325 5251 2460 5320 proh
2504 5249 2689 5303 dolor!
2722 5249 2864 5319 quod
2902 5249 3152 5305 eumdem
3198 5245 3575 5318 apostolicum,

1997 5400 2141 5440 anno
2170 5385 2274 5441 854
2307 5385 2358 5438 in
2382 5385 2666 5455 pristinum
2706 5383 2931 5455 gradum
2978 5382 3156 5455 redire
3201 5389 3427 5455 conatus
3473 5388 3577 5455 est.

1998 5455 2261 5523 ejiciendo
2287 5449 2598 5510 Guntbaldo
2627 5449 2895 5509 mo'nacho
2946 5454 3038 5523 qui
3079 5468 3200 5508 cum
3249 5451 3476 5505 multum
3505 5449 3576 5523 in

1999 5521 2342 5580 restitutione
2383 5525 2642 5579 Ludovici
2685 5524 2908 5594 Augusti
2948 5521 3272 5594 laborasset.
3316 5521 3577 5594 secundus

1997 5597 2052 5648 in
2082 5597 2300 5664 imperio
2325 5612 2436 5649 esse
2467 5595 2683 5648 volebat.
2711 5591 3010 5649 lsctenobii
3037 5593 3096 5647 S.
3120 5591 3361 5650 Medardi
3388 5603 3580 5644 mona-

2000 5667 2136 5721 chus
2169 5665 2287 5730 fnit,
2321 5674 2376 5719 ut
2407 5681 2469 5720 ex
2503 5665 2760 5720 Nithardo
2790 5665 3126 5735 intelligitur.
