4122 6324
592 213 731 270 1635

1377 215 1434 269 S.
1470 213 1824 270 PASCIIASII
1864 211 2213 267 BADBERTI
2250 212 2540 268 ABBA'I‘IS
2575 211 3026 270 CORBEIENSIS

3712 224 3859 279 1656

506 314 523 325 ί
590 326 717 393 quia
766 337 873 383 non
925 333 1149 380 vocatus
1195 334 1456 391 venerat,
1498 326 1768 395 deponere
1806 339 1832 367 ι
1882 324 2160 381 deberent.
2189 334 2238 391 Α
2266 334 2553 397 utrumque
2597 339 2868 384 servatum
2914 328 3262 398 providenter
3289 340 3465 396 esset,
3495 340 3702 390 tantum
3744 333 3862 392 ma.

422 912 531 1055 7K

592 413 724 468 Erat
749 415 896 470 enim
924 415 995 469 ibi
1021 416 1246 480 I’hasur,
1281 426 1336 472 et
1365 416 1551 486 reliqui
1581 419 1772 472 eadem
1806 435 1926 473 cum
1954 416 2166 473 Iustina

588 509 904 563 sentientes.
934 509 1138 575 Quibus
1170 510 1387 574 auditis,
1414 511 1651 580 pontifex
1679 511 1968 580 plurimum
2004 512 2167 566 mira-

589 599 766 663 batur,
805 615 869 655 ac
898 601 1205 656 verebatur.
1242 602 1393 658 Unde
1440 612 1495 657 et
1543 604 1591 657 ei
1635 604 1880 658 dedimus
1911 604 2165 659 nonnulla

590 699 900 744 sanctorum
926 690 1148 745 Patrum
1182 695 1503 748 auctoritate
1550 694 1783 757 ﬁrmata,
1811 696 2167 764 praedecesso-

587 797 815 853 rumque
857 799 1078 839 suorum
1104 785 1430 855 conscripta,
1463 786 1658 854 quibus
1690 787 1867 841 nullus
1894 786 2166 842 contradi-

584 888 709 928 cere
759 876 931 944 possit
986 878 1128 945 quod
1174 878 1291 945 ejus
1335 886 1476 932 esset
1523 886 1794 946 potestas,
1824 878 1931 932 imo
1983 877 2078 931 Dei
2110 886 2165 932 et

585 964 730 1018 beati
760 964 904 1021 Petri
940 967 1187 1037 apostoli,
1221 982 1424 1037 suaque
1467 969 1783 1031 auctoritas,
1816 968 1917 1032 ire,
1947 969 2163 1023 mittere

585 1057 652 1110 ad
680 1072 872 1111 omnes
898 1066 1085 1128 gentes
1114 1074 1212 1127 pro
1254 1059 1357 1112 ﬁde
1394 1058 1593 1112 Christi
1639 1068 1692 1113 et
1731 1073 1863 1127 pace
1905 1058 2165 1114 ecclesia-

586 1161 730 1212 rum,
758 1162 858 1215 pro
885 1147 1268 1216 praedicatione
1297 1147 1570 1218 Evangelii
1601 1159 1656 1202 et
1686 1149 1987 1203 assertione
2020 1148 2165 1203 veri-

586 1236 755 1290 tatis:
789 1245 846 1292 et
886 1237 939 1290 in
976 1252 1042 1291 eo
1082 1246 1226 1292 esset
1259 1239 1437 1293 omnis
1487 1239 1784 1293 auctoritas
1830 1239 1975 1293 beati
2015 1238 2162 1293 Petri

583 1326 858 1383 excellens
882 1337 935 1383 et
958 1337 1198 1397 potestas
1230 1330 1368 1394 viva,
1389 1345 1420 1383 a
1450 1344 1557 1399 quo
1581 1338 1856 1399 oporteret
1880 1330 2163 1384 universos

576 1413 835 1482 iudicari,
886 1417 959 1470 ita
1016 1425 1074 1471 ut
1124 1418 1239 1486 ipse
1289 1434 1319 1471 a
1368 1419 1581 1473 nemine
1624 1417 1949 1485 iudicandus
1992 1428 2158 1474 esset.

585 1509 789 1578 Quibus
815 1511 1060 1580 profecto
1085 1513 1320 1582 scriptis,
1352 1522 1631 1584 gratanter
1658 1515 1885 1583 accepit,
1917 1521 1972 1567 et
2005 1512 2163 1568 valde

583 1594 921 1656 confortatus
950 1610 1052 1656 est.

1162 1706 1593 1751 THEOPBRAS‘I‘US.

656 1780 882 1849 Qualem
908 1791 1161 1853 putamus
1191 1785 1489 1856 Augustum
1516 1794 1642 1841 tunc
1664 1786 1850 1851 fuisse,
1876 1788 2163 1857 qualemve

581 1871 893 1939 Justitiam,
946 1891 1067 1945 qua:
1117 1890 1217 1931 suo
1267 1884 1396 1931 tunc
1443 1888 1637 1931 cuncta
1690 1884 1931 1933 vertebat
1983 1889 2154 1945 nutu;

582 1963 880 2032 qualesque
904 1965 1192 2034 principes,
1219 1966 1437 2035 quando
1462 1967 1594 2021 tales
1615 1968 1818 2022 inventi
1856 1978 1983 2023 sunt
2023 1982 2163 2037 pra:-

582 2052 728 2107 sules
778 2054 1003 2120 Christi,
1034 2064 1092 2108 ut
1117 2056 1257 2110 sicut
1291 2055 1365 2110 illi
1424 2058 1477 2111 itt
1526 2058 1779 2123 humana,
1836 2060 1909 2113 ita
1954 2068 2010 2114 et
2057 2059 2159 2129 ipsi

581 2154 971 2214 consurgerent
999 2146 1052 2200 in
1082 2146 1299 2201 divinat
1338 2146 1680 2203 Ventilabant
1718 2150 1861 2205 enim
1903 2152 2015 2206 suis
2040 2166 2163 2206 cor-

580 2232 760 2297 nibus,
808 2244 867 2288 ut
910 2235 1037 2290 olim
1064 2239 1570 2308 pseudoprophetie,
1613 2241 1668 2295 in
1698 2257 1912 2296 omnem
1943 2255 2159 2299 ventum

583 2321 862 2389 populum,
893 2332 950 2377 et
990 2323 1340 2397 insurgebant
1366 2341 1553 2383 contra
1579 2339 1744 2400 caput
1772 2333 1935 2387 totius
1958 2333 2160 2388 Christi

578 2412 856 2479 Ecclesiw,
908 2431 977 2471 ne
1025 2432 1213 2485 pacem
1261 2420 1430 2476 ferret
1475 2422 1618 2476 inter
1661 2433 1867 2492 patrem
1907 2434 1964 2479 et
2000 2426 2154 2490 ﬁlios,

577 2499 721 2556 inter
762 2501 1061 2573 Augustum
1100 2514 1155 2560 et
1205 2509 1504 2579 principes,
1551 2526 1619 2566 ne
1660 2514 2156 2580 reconciliarentur,

578 2592 670 2660 qui
711 2593 959 2664 dispersi,
1007 2605 1059 2651 et
1106 2599 1379 2666 exsiliati,
1408 2612 1570 2671 atque
1612 2605 1931 2660 dehonorati
1962 2606 2161 2677 injuste

577 2696 762 2751 erant;
792 2703 861 2742 ne
889 2704 995 2758 pax
1026 2690 1340 2764 redderetur
1373 2686 1640 2763 ecclesiis,
1680 2713 1748 2751 ne
1780 2707 1977 2753 statuta
2010 2702 2158 2770 prio-

578 2794 698 2834 rum
725 2790 1050 2852 temporum,
1077 2795 1132 2841 et
1154 2787 1327 2843 divisa
1357 2789 1499 2845 inter
1527 2791 1666 2847 ﬁlios
1687 2807 1851 2864 regna
1877 2806 2162 2851 manerent

579 2872 897 2928 inconcussa
932 2884 987 2929 et
1016 2876 1339 2934 indiscussa.
1388 2879 1516 2936 llaec
1562 2890 1737 2948 erant,
1780 2885 1907 2953 quia
1950 2883 2160 2941 Iustina

579 2961 660 3015 sic
708 2962 1079 3020 inﬂammabat
1108 2969 1283 3022 studia
1310 2984 1529 3035 eorum,
1563 2986 1735 3042 neque
1770 2975 1995 3045 principi
2027 2991 2159 3030 eon-

2266 416 2375 472 lum
2407 434 2513 473 non
2539 420 2884 475 accrevisset.
2915 419 3119 475 Tamen
3157 431 3215 476 ttt
3245 423 3556 480 elucescant
3581 442 3703 497 qua:
3732 444 3863 498 pros

2265 509 2440 579 posui,
2461 512 2934 579 commemoranda
2957 521 3083 566 sunt
3097 511 3345 583 Capitula
3364 514 3415 580 δ,
3440 531 3559 586 qua:
3577 517 3863 589 Augustus

2266 609 2426 668 pater
2450 603 2603 671 quasi
2635 618 2734 672 pro
2766 603 2984 673 querela
3017 604 3143 660 ﬁliis
3170 605 3392 674 direxit,
3438 619 3498 664 ut
3543 615 3865 671 enuntiaret

2265 691 2393 758 quid
2418 700 2608 745 contra
2642 692 2966 761 requireret.

2333 786 2574 841 Primum
2621 787 2973 842 rememorari
3020 802 3118 843 eos
3148 798 3354 856 monet,
3400 793 3546 862 quod
3595 794 3692 850 ﬁlii
3738 795 3865 867 ejus

2263 878 2390 944 sint,
2417 887 2471 934 et
2503 879 2616 948 ipse
2640 894 2734 934 eos
2760 879 2873 935 Deo
2902 891 3125 937 auctore
3148 884 3419 953 genuerit.

2331 968 2415 1022 Ad
2461 972 2604 1039 quod
2656 970 2757 1039 ipsi
2798 986 2813 1026 :
2870 988 2889 1022 ε
2934 970 3158 1027 Gratias
3189 975 3548 1044 omnipotenti
3596 978 3727 1044 Deo,
3779 981 3864 1035 in-

2263 1060 2474 1129 quiunt,
2502 1061 2616 1131 qui,
2647 1062 2788 1131 quod
2815 1078 3005 1118 verum
3034 1072 3142 1131 est,
3185 1066 3253 1121 de
3300 1069 3457 1123 nobis
3485 1070 3611 1124 talia
3644 1075 3862 1144 recogi—

2267 1158 2382 1206 tare
2405 1151 2558 1206 vobis
2586 1154 2859 1208 concessit
2889 1171 2901 1207 :
2931 1163 2988 1210 et
3025 1157 3149 1225 quia
3174 1171 3281 1212 non
3313 1159 3487 1214 solum
3524 1164 3857 1233 recogitare,

2263 1257 2452 1296 verum
2505 1243 2670 1297 etiam
2726 1245 2989 1300 mandare
3044 1247 3249 1318 dignati
3302 1252 3457 1307 estis.
3507 1252 3616 1308 Nos
3663 1256 3855 1320 enim,

2262 1333 2757 1402 prmeellentissime
2803 1335 3167 1406 Augustorum
3197 1379 3213 1403 ,
3268 1339 3325 1394 in
3377 1342 3488 1396 vita
3535 1344 3672 1398 nihil
3724 1356 3861 1415 post

2266 1424 2433 1478 Deum
2461 1425 2701 1491 charius,
2729 1442 2893 1496 quam
2925 1442 3019 1483 vos
3059 1425 3487 1488 sacratissimum
3510 1434 3855 1505 genitorem;

2264 1515 2395 1571 nihil
2424 1516 2709 1586 gloriosius
2753 1518 3122 1588 possidemus,
3168 1537 3332 1592 quam
3374 1525 3500 1594 quia
3539 1528 3708 1582 vestri
3758 1528 3859 1584 ﬁlii

2264 1619 2547 1660 eettsetnur
2588 1614 2644 1660 et
2687 1622 2910 1673 sumus;
2948 1608 3082 1663 nihil
3111 1609 3453 1680 locupletius,
3484 1615 3619 1670 nihil
3665 1618 3854 1683 ditius,

2191 1686 2238 1748 Β
2264 1699 2507 1769 nihilque
2531 1698 2687 1753 nobis
2716 1700 3157 1770 magniﬁcentius
3180 1703 3249 1757 ad
3276 1705 3531 1772 honores,
3564 1708 3635 1762 ad
3675 1711 3858 1765 excel-

2260 1788 2479 1844 lentiam
2509 1798 2564 1844 et
2591 1790 2932 1861 dignitatem,
2962 1792 3029 1847 ad
3077 1793 3290 1850 laudem
3321 1798 3559 1855 nominis
3587 1810 3640 1855 et
3665 1804 3851 1872 splen-

2260 1879 2446 1934 dorem
2479 1879 2685 1948 glorne.
2733 1880 2960 1945 Idcirco,
3005 1881 3417 1953 gloriosissime,
3466 1890 3706 1946 venimus
3746 1893 3851 1947 hu-

2260 1968 2416 2023 miles
2461 1977 2519 2023 et
2559 1970 2772 2035 devoti,
2831 1971 3054 2038 subditi,
3108 1983 3167 2028 ut
3218 1976 3402 2042 decet,
3461 1988 3517 2033 et
3577 1983 3849 2065 gtbjecti:

2263 2068 2472 2114 tantum
2523 2060 2776 2131 dignetur
2823 2062 3000 2131 pietas
3040 2073 3221 2120 vestra
3265 2077 3321 2120 et
3360 2060 3720 2126 mansuetth
3762 2090 3853 2129 re-

2263 2153 2509 2223 cogitare
2552 2154 2618 2207 de
2666 2153 2825 2208 nobis
2851 2194 2867 2219 ,
2914 2169 2982 2208 ne
3025 2156 3453 2213 condemnemur
3497 2159 3736 2230 injuste,
3786 2180 3855 2220 ne

2262 2243 2579 2297 abdicemur
2639 2243 2759 2297 sine
2811 2245 3082 2310 crimine,
3140 2263 3210 2301 ne
3265 2250 3680 2307 exhzeredemur
3734 2257 3856 2312 sine

2261 2330 2435 2400 culpa.
2500 2330 2617 2386 Non
2672 2332 2816 2387 enim
2883 2333 3213 2406 insurgimus
3269 2348 3460 2393 contra
3514 2357 3654 2407 vos,
3712 2345 3856 2399 sicut

2263 2423 2559 2494 loquuntur
2588 2434 2643 2480 et
2672 2434 2932 2480 accusant
2961 2443 3079 2493 nos,
3113 2429 3204 2497 qui
3249 2446 3350 2485 nos
3377 2433 3610 2501 perdere
3641 2436 3851 2492 inimici

2262 2515 2557 2570 moliuntur
2590 2533 2603 2569 :
2647 2517 2740 2571 sed
2786 2516 3056 2586 supplices
3094 2520 3339 2585 veniam,
3369 2520 3765 2592 indulgentiam
3796 2536 3855 2581 et

2263 2609 2697 2665 misericordiam
2721 2609 3075 2680 postulamus.
3111 2631 3129 2663 ι
3732 2676 3743 2677 ί

2334 2703 2535 2758 Deinde
2551 2704 2601 2757 in
2620 2703 2725 2758 alio
2748 2703 2984 2774 capitulo
3011 2721 3023 2756 :
3056 2723 3073 2756 ι
3098 2704 3442 2768 Mementote,
3468 2707 3664 2777 inquit,
3685 2711 3852 2766 etiam

2263 2795 2404 2864 quod
2457 2794 2563 2848 mei
2612 2793 2802 2850 vasalli
2848 2795 3020 2860 estis,
3074 2796 3313 2866 mihique
3360 2813 3487 2852 cum
3534 2799 3853 2870 juramento

2265 2880 2425 2936 ﬁdem
2457 2881 2735 2938 ﬁrmastis.
2777 2902 2797 2935 ι

2334 2973 2416 3028 Ad
2438 2974 2579 3043 quod
2603 2989 2791 3029 rursus
2820 2974 2959 3029 idem
2988 2989 3003 3027 :
3033 2991 3052 3025 ι
3081 2974 3246 3040 Bene,
3270 2976 3537 3047 inquiunt,
3558 2980 3851 3037 recolimus

581 3052 702 3110 silia
731 3070 797 3108 ex
824 3056 987 3111 corde
1017 3067 1109 3111 aut
1135 3073 1200 3112 ex
1235 3060 1415 3115 animo
1440 3062 1638 3117 dabant
1671 3082 1684 3117 :
1717 3065 1809 3118 sed
1838 3069 2161 3124 assentando
2190 3049 2233 3111 Ο
2266 3065 2342 3118 ita
2372 3076 2493 3118 esse
2524 3063 2601 3118 uti
2631 3064 2930 3118 mandastis
2962 3080 2975 3117 :
3009 3065 3263 3132 quoniam
3298 3075 3352 3121 et
3393 3084 3424 3120 a
3462 3077 3681 3133 natura,
3712 3080 3769 3124 et
3816 3088 3847 3125 a

580 3155 636 3201 et
681 3145 948 3202 adulando
994 3164 1093 3219 pro
1144 3149 1446 3216 favoribus,
1490 3155 1807 3222 veritatem,
1852 3156 2156 3226 justitiam,

581 3250 769 3305 pacem
810 3252 873 3291 ac
921 3238 1265 3293 concordiam
1295 3241 1697 3311 conculcantes,
1730 3258 1915 3303 contra
1946 3266 2039 3304 eos
2066 3252 2157 3320 qui

578 3342 679 3396 pro
721 3328 805 3383 his
853 3329 1134 3386 decertare
1163 3333 1500 3403 videbantur,
1532 3354 1631 3408 pro
1658 3341 1861 3398 viribus
1893 3360 2157 3415 repugna-

577 3421 732 3475 bant.
767 3421 1149 3481 Verumtamen
1185 3443 1346 3498 quam
1368 3431 1630 3501 justitiam
1664 3437 1950 3494 habuerint
1979 3442 2072 3497 ﬁlii
2104 3450 2158 3498 ct

577 3513 840 3583 populus,
871 3516 994 3584 quia
1044 3517 1170 3575 hinc
1213 3521 1335 3577 inde
1381 3525 1483 3580 sibi
1532 3527 1761 3584 invicem
1809 3533 2157 3591 adversantes

578 3614 732 3675 pater
760 3605 1084 3663 moliebatur
1129 3611 1183 3666 in
1230 3610 1399 3681 ﬁlios,
1429 3626 1486 3672 et
1511 3618 1606 3674 ﬁlii
1633 3625 2039 3680 consurrexisse
2074 3628 2153 3681 vi-

578 3696 773 3752 dentur
801 3709 992 3753 contra
1032 3700 1279 3772 Patrem,
1325 3716 1490 3779 atque
1535 3711 1655 3767 ideo
1695 3714 1899 3771 inimici
1927 3732 2152 3773 omnes:

577 3789 705 3856 quia
737 3789 1055 3859 interfuisti,
1085 3807 1337 3866 rogamus
1362 3802 1575 3872 aperias
1601 3805 1776 3862 nobis.

1149 3932 1375 3991 CAPUT
1426 3935 1585 3994 XVII.

1199 4043 1529 4087 PASCBASIUS.

647 4129 881 4190 Iustitia:
921 4145 1106 4206 partes
1150 4150 1365 4198 constat
1405 4145 1531 4213 quia
1578 4147 1809 4216 plurima
1850 4160 1994 4207 sunt.
2034 4153 2152 4209 Alia

576 4222 844 4291 siquidem
876 4235 959 4282 est
994 4226 1207 4297 justitia
1252 4235 1401 4304 regni
1449 4237 1567 4304 Dei,
1596 4238 1699 4293 alia
1733 4242 1884 4311 regni
1909 4245 2107 4299 terreni
2135 4262 2147 4299 :

576 4312 681 4367 alia
709 4313 1124 4387 inter-parentes
1146 4330 1200 4378 et
1228 4325 1576 4398 propinquos,
1605 4329 1707 4383 alia
1734 4331 1873 4386 inter
1900 4344 2153 4393 externos

2262 3152 2564 3224 promissis,
2591 3162 2641 3207 et
2666 3154 2734 3207 ab
2754 3154 2899 3207 omni
2935 3168 3059 3208 vere
3086 3153 3207 3209 ﬁdei
3237 3167 3571 3211 sae-ramento
3592 3161 3850 3228 profecto

2261 3244 2448 3300 ﬁdeles
2498 3260 2703 3300 sumus.
2768 3245 2918 3300 Unde
2968 3246 3110 3301 sicut
3164 3264 3433 3318 nunquam
3493 3251 3847 3307 deseruimus

2275 3335 2483 3391 militia:
2519 3344 2712 3390 vestrae
2762 3336 3110 3401 servitutem,
3169 3337 3243 3392 ita
3288 3340 3456 3395 donec
3500 3341 3721 3410 spiritus
3788 3344 3847 3397 in

2261 3428 2416 3483 nobis
2445 3436 2725 3497 superest,
2775 3443 3051 3497 nunquam
3100 3428 3407 3485 desertores
3434 3431 3640 3485 erimus
3668 3449 3684 3483 :
3712 3434 3845 3503 quia

2259 3517 2415 3572 nobis
2445 3517 2614 3589 gloria
2644 3526 2847 3582 vestra,
2877 3521 3052 3575 honor
3074 3529 3130 3573 et
3157 3520 3489 3590 prosperitas
3516 3523 3739 3577 charior
3764 3534 3850 3579 est

2259 3627 2418 3681 quam
2444 3613 2554 3666 vita
2591 3621 2797 3668 nostra.
2835 3613 2901 3668 Et
2930 3614 3051 3670 ideo
3079 3631 3185 3671 non
3209 3626 3397 3672 contra
3428 3633 3526 3675 vos
3569 3620 3840 3688 venimus,

2258 3703 2350 3759 sed
2374 3719 2471 3773 pro
2500 3705 2655 3761 vobis
2686 3706 2739 3759 in
2766 3707 3019 3762 omnibus
3046 3710 3223 3778 parati
3256 3725 3443 3766 sumus
3472 3729 3485 3764 :
3525 3719 3742 3767 tantum
3786 3724 3846 3769 ut

2262 3793 2493 3864 gratiam
2534 3794 2823 3864 pristinam
2871 3804 2927 3851 et
2972 3797 3401 3854 misericordiam
3462 3800 3844 3870 impetremus.

2256 3883 2444 3954 Neque
2471 3892 2663 3940 contra
2692 3872 2810 3951 vos,
2843 3886 2944 3941 hos
2973 3887 3063 3957 qui
3092 3889 3371 3944 nobiscum
3401 3898 3547 3956 sunt,
3579 3892 3847 3947 condaris

2257 3990 2379 4030 mus
2408 3993 2422 4029 :
2455 3976 2550 4032 sed
2576 3977 2726 4049 quia,
2754 3987 2815 4032 ut
2845 3978 3125 4044 docuerat,
3159 3979 3477 4050 simpliciter
3515 3984 3708 4038 venire
3735 3998 3844 4038 non

2257 4067 2548 4134 audemus,
2597 4083 2698 4138 pro
2743 4069 2836 4124 his
2867 4069 2958 4139 qui
3006 4070 3163 4125 nobis
3207 4071 3548 4139 insidiantur,
3597 4073 3842 4131 volentes

2257 4174 2355 4215 nos
2385 4161 2633 4230 perdere,
2668 4170 2723 4215 et
2755 4162 3041 4231 imperium
3072 4162 3257 4233 gloria:
3283 4174 3477 4219 vestra:
3503 4176 3837 4235 pervertere,

2256 4251 2419 4305 etiam
2445 4252 2685 4305 animum
2717 4261 2957 4307 vestrum
2988 4254 3395 4309 serenissimum
3422 4256 3569 4325 pium
3596 4265 3649 4310 et
3676 4272 3835 4310 man-

2258 4351 2491 4407 suetum,
2521 4358 2552 4396 a
2581 4351 2774 4397 natura
2806 4360 3030 4400 summa:
3058 4346 3436 4415 generositatis
3468 4348 3617 4403 bonis
3653 4349 3836 4403 omni—

572 4412 630 4508 et
658 4404 861 4463 alienos
970 4409 1235 4469 intantnm
1254 4455 1270 4481 ,
1304 4425 1436 4485 quot
1459 4426 1585 4474 sunt
1612 4419 1754 4492 leges
1784 4431 1838 4476 et
1866 4437 2152 4480 consuetu-
2180 4399 2231 4459 D
2255 4434 2356 4488 bus
2382 4434 2662 4503 repletum,
2686 4443 2739 4489 et
2768 4434 2966 4490 Christi
2992 4399 3163 4508 gratia
3192 4437 3537 4503 illustratum,
3569 4450 3837 4494 conantur

572 4495 725 4552 dines
752 4501 1011 4569 gentium,
1045 4512 1122 4559 tot
1149 4506 1401 4563 dicantur
1433 4524 1502 4565 ex
1545 4527 1643 4567 usu
1671 4512 1898 4580 iustitiae
1946 4525 2145 4585 partes.

573 4586 864 4659 Propterea
910 4609 978 4649 ex
1020 4595 1140 4667 lege
1186 4598 1302 4664 Dei,
1344 4615 1451 4656 non
1498 4604 1675 4659 minus
1721 4621 1881 4675 quam
1928 4623 1992 4664 ex
2035 4609 2151 4681 lege

574 4681 784 4747 patriae,
807 4683 873 4737 de
900 4684 1018 4740 istis
1043 4686 1372 4757 colligendus
1393 4699 1478 4746 est
1502 4698 1692 4748 modus
1714 4695 1957 4764 jllsliliﬂ‘,
1984 4699 2149 4754 etiam

573 4779 629 4823 et
670 4785 735 4825 ex
766 4772 883 4843 lege
930 4784 1138 4831 natura:
1167 4791 1182 4832 :
1214 4780 1337 4848 quia
1358 4820 1372 4843 ,
1410 4782 1551 4837 sicut
1592 4786 1851 4855 scriptum
1882 4798 1997 4854 est,
2031 4790 2148 4856 ﬁlii,

572 4861 788 4919 obedite
826 4868 907 4920 vel
935 4868 1141 4926 deferte
1170 4876 1507 4942 parentibus,
1545 4879 1618 4934 ita
1659 4889 1710 4934 et
1751 4892 1955 4951 patres,
1981 4885 2147 4943 nolite

574 4953 641 5006 ad
687 4955 1016 5014 iracundiam
1069 4977 1366 5031 provocare
1413 4966 1553 5023 ﬁlios
1602 4981 1831 5027 vestros.
1892 4974 2044 5042 Quod
2099 4976 2146 5032 si

645 5117 669 5191 τ
710 5106 849 5191 Alibi
874 5110 1036 5187 hujus
1058 5116 1499 5191 comminationis
1526 5123 1731 5178 mentio
1753 5124 1916 5191 nulla,
1946 5129 1990 5182 si
2032 5145 2138 5185 non

575 5172 750 5255 fallor.
795 5172 1013 5255 Auctor
1042 5185 1257 5253 quidem
1310 5172 1440 5243 Vitae

573 5252 853 5330 episcopos
908 5252 1106 5330 quibus
1143 5257 1382 5330 pontifex
1432 5260 1883 5320 interminabatur
1916 5252 2138 5323 exicoin;

573 5324 1014 5406 titunicationem,
1060 5324 1117 5405 si.
1152 5325 1250 5406 qui
1283 5329 1630 5406 inobedietues
1655 5344 1823 5406 essent
1859 5353 1970 5391 sua:
1998 5340 2139 5406 ﬁlio-

572 5400 799 5471 rumque
818 5395 1443 5471 imperatoris_voluutali,
1464 5404 1804 5471 respondisse
1826 5421 1840 5460 :
1870 5407 1915 5460 si
1936 5395 2142 5462 excom-

570 5462 930 5539 gtuuicaturua
980 5462 1264 5539 adyeuiret,
1315 5462 1793 5539 excommunicatus
1840 5476 2025 5530 abiret.
2074 5479 2143 5534 Et

569 5522 862 5618 Erigor-ius
895 5530 1014 5618 ipse
1052 5522 1378 5618 inlepistnla
1406 5522 1805 5610 adsidui»;
1834 5522 2138 5618 episcopos:

570 5601 857 5662 quaeinter
882 5601 1255 5673 Agebat-ditias
1296 5609 1438 5665 edita
1484 5601 1589 5675 est,
1636 5601 2140 5680 conattcritttt',reos

2253 4524 2580 4578 conturbare
2634 4534 2689 4579 Cl
2751 4540 3100 4595 corrumpere
3148 4536 3337 4582 contra
3382 4543 3480 4582 IIOS
3534 4538 3589 4583 ει
3641 4541 3836 4585 contra

2252 4614 2439 4669 ﬁdeles
2482 4630 2765 4685 quosque,
2823 4632 2889 4671 ac
2938 4628 3250 4687 permutare
3299 4619 3353 4673 in
3413 4620 3837 4676 amaritudinem

2251 4711 2459 4758 natura:
2492 4704 2680 4760 aliena:
2708 4723 2721 4758 :
2752 4706 2878 4775 quia
2928 4707 3059 4761 nihil
3105 4707 3250 4762 aliud
3278 4708 3405 4764 olim
3436 4721 3695 4781 egerunt,
3732 4713 3837 4766 nisi

2250 4794 2413 4849 etiam
2462 4805 2521 4848 ut
2559 4810 2654 4849 vos
2694 4797 3040 4865 perimcrcnt.
3089 4797 3289 4854 Contra
3324 4816 3444 4870 qua:
3478 4802 3555 4855 sic
3583 4804 3840 4858 venimus

2250 4884 2316 4936 ad
2366 4893 2596 4938 vestram
2650 4886 3024 4952 clementiam,
3057 4897 3209 4943 utet
3260 4891 3360 4960 ipsi
3407 4886 3748 4961 detegantur,
3782 4902 3837 4949 et

2250 4975 2478 5030 thronus
2508 4977 2718 5046 imperii
2743 4979 2907 5034 vestri
2935 4989 2990 5034 et
3012 4979 3291 5048 maiestas,
3312 4997 3497 5037 eorum
3524 4984 3837 5039 clarescen-

2247 5133 2490 5198 dixisse,
2544 5135 2892 5203 pontiﬁcem,
2959 5137 3061 5190 nisi
3133 5140 3428 5193 secundum
3491 5139 3837 5196 voluntatem

2248 5204 2485 5273 ipsorum
2550 5205 2828 5271 venisset,
2875 5222 2981 5260 non
3031 5207 3341 5263 habiturum
3390 5209 3651 5264 ecclesias
3703 5226 3840 5267 suas

2246 5283 2658 5339 consentaneas,
2680 5276 2772 5329 sed
2793 5278 3056 5329 intantnm
3079 5281 3397 5337 contrarias,
3431 5289 3486 5331 ut
3519 5278 3650 5331 nihil
3678 5282 3838 5345 mihi,

2248 5344 2443 5413 inquit.
2467 5346 2523 5398 in
2549 5345 2731 5398 vestris
2766 5347 3030 5414 parocltiis
3059 5363 3211 5415 agere
3240 5348 3315 5402 vel
3344 5350 3620 5414 disponere
3644 5344 3836 5415 licent,

2247 5431 2339 5469 nec
2369 5416 2663 5484 quempiam
2691 5419 3144 5484 excommunicare
3171 5418 3308 5472 vobis
3338 5419 3733 5473 obsistentibus.
3767 5423 3844 5476 At

2246 5483 2785 5558 deinterminatione
2813 5483 3164 5554 depositionis
3193 5488 3340 5542 nulla
3370 5489 3611 5558 querela.

2312 5554 2345 5675 ll?
2382 5554 2507 5610 Haec
2553 5555 2797 5625 Capitula
2845 5571 3045 5622 nemo,
3098 5557 3151 5612 ni
3202 5554 3403 5624 fallor,'
3431 5560 3698 5616 hactenus
3744 5572 3841 5615 rc-

2330 5633 2388 5675 tl.

2248 5624 2388 5678 tulit.
