4122 6324
302 239 441 298 M57

974 232 1063 287 DE
1100 230 1255 286 VITA
1298 227 1556 293 WALIE,
1600 224 1733 284 SEU
1771 222 2194 281 EPITAPIIIUM
2234 228 2532 286 ARSENII.
2572 260 2643 270 —
2680 231 2810 285 LIB.
2850 231 2915 286 ii.

3430 234 3571 296 1638

304 349 450 407 tibus
500 345 708 416 culpis,
773 341 1065 398 admodum
1130 340 1419 411 gloriosius
1487 337 1880 394 conﬁrmetur:
1910 337 1959 397 Α
1985 336 2199 407 pliciter
2242 340 2295 393 in
2335 356 2497 397 causa
2545 342 2636 398 Dei
2670 353 2720 396 et
2759 353 2946 398 nostra
2996 343 3272 401 humiliter
3315 347 3575 420 depreca.

280 456 511 512 -nosque
534 435 944 495 reconcilientur
968 434 1036 489 ad
1064 433 1297 498 veniam,
1329 433 1420 501 qui
1448 431 1501 484 in
1528 430 1697 496 nullo,
1718 444 1889 499 quan-

308 545 421 591 tum
472 532 526 587 in
578 529 736 586 nobis
785 535 907 592 est,
956 541 1195 596 unquam
1239 524 1470 580 volendo
1518 522 1889 579 contraximus

303 626 543 698 cuipam.
589 642 611 678 ο

299 714 303 718 ’
375 714 600 772 Addidit
619 726 839 783 quoque
865 727 878 765 :
915 730 933 762 ε
958 709 1111 765 Scire
1139 725 1258 771 vos,
1287 707 1480 779 inquit,
1510 714 1725 777 oportet
1760 704 1885 776 quia

304 809 467 881 longe
495 808 590 864 diu
617 804 989 863 defensionem
1020 803 1165 860 sedis
1205 801 1513 873 apostolicae
1540 800 1889 855 devotissime

305 899 542 969 suscepi,
570 896 822 968 quamvis
850 910 993 950 nunc
1016 892 1253 949 indebite
1279 889 1551 961 USUl'peliS
1585 897 1772 959 contra
1803 901 1890 943 me

306 989 460 1054 illud,
496 996 556 1043 ut
579 986 884 1043 excludatis
909 1000 996 1041 me
1020 984 1089 1040 ab
1112 980 1487 1052 hujuscemodi
1511 979 1711 1044 ofiicio,
1740 978 1884 1048 quod

305 1077 545 1149 quandiu
574 1076 854 1140 advixero,
880 1073 1294 1145 prtetermittere
1320 1087 1425 1127 non
1446 1086 1605 1142 queo.
1639 1090 1659 1123 ι

382 1169 537 1227 Unde
563 1168 835 1224 Honorius
863 1181 966 1221 una
1014 1181 1136 1221 cum
1168 1162 1431 1219 fratribus
1457 1181 1469 1216 :
1507 1180 1526 1214 ι
1559 1162 1886 1233 Perpendat,

307 1259 409 1326 ait,
444 1259 753 1317 sublimitas
800 1266 1006 1323 vestra,
1042 1265 1099 1311 et
1128 1255 1402 1311 recordari
1450 1255 1719 1322 dignetur,
1745 1256 1889 1324 quod

307 1365 462 1422 mque
528 1365 615 1404 me
682 1344 1130 1420 prmstantissima
1180 1346 1232 1401 in
1280 1345 1498 1401 Christo
1551 1345 1888 1416 providentia

306 1449 491 1501 Vestra
537 1439 813 1508 suscipere
856 1437 983 1492 fecit
1031 1436 1169 1491 hanc
1195 1450 1380 1491 curam
1421 1443 1479 1490 et
1522 1433 1887 1489 defensionem

310 1533 482 1604 ipsius
552 1530 891 1601 permaxime
922 1569 938 1594 ,
986 1537 1413 1597 cacterarumque
1484 1526 1836 1582 ecclesiarum
1870 1566 1884 1589 ,

308 1625 524 1697 quando
547 1638 633 1679 me
661 1630 968 1678 consortem
994 1621 1158 1677 totius
1183 1620 1392 1691 imperii
1418 1619 1683 1675 celsitudo
1711 1631 1890 1675 vestra

1991 445 2130 484 mur.
2171 449 2189 482 υ

2060 521 2257 577 lterum
2284 523 2553 593 Augustus
2580 526 2753 597 inquit
2777 545 2789 582 :
2825 546 2843 579 ‹
2872 527 3072 596 lnjuste
3101 530 3240 601 agis,
3267 533 3410 602 quod
3435 535 3575 593 ﬁlios

1989 616 2437 680 nostros,fratres
2456 629 2596 685 tuos,
2626 629 2800 675 tecum
2826 622 3046 687 retines,
3070 630 3123 677 et
3151 638 3246 679 eos
3267 634 3456 680 contra
3491 645 3577 682 me

1989 707 2268 779 insurgere
2295 708 2447 765 facis.
2470 730 2489 764 ι

2065 820 2085 854 ι
2112 802 2289 865 Absit,
2321 802 2484 869 absit,
2506 802 2780 860 Honorius
2812 805 3010 875 inquit,
3034 807 3107 861 mi
3134 807 3375 875 domine,
3403 809 3579 880 siqui-

1990 892 2112 947 dem
2141 895 2267 964 quia
2297 894 2461 965 fugati
2492 906 2646 952 erant
2675 906 2730 951 et
2759 895 2953 966 abjecti
2971 939 2985 963 ,
3015 899 3285 971 longeque
3320 916 3579 971 persecu-

1991 987 2227 1041 tionibus
2267 986 2496 1057 expulsi,
2522 988 2586 1042 ad
2617 997 2856 1047 vestram
2902 1004 2996 1045 eos
3038 991 3383 1047 clementiam
3416 992 3578 1047 redu-

1989 1092 2114 1133 cere
2138 1077 2387 1144 decrevi,
2419 1094 2611 1150 rogans
2642 1081 2955 1151 suppliciter
2982 1082 3233 1154 dignetur
3258 1093 3444 1142 sancta
3473 1101 3576 1156 pa—

1989 1172 2216 1228 ternitas
2242 1180 2420 1227 vestra
2450 1174 2749 1244 rccogitare
2797 1176 2919 1244 quia
2949 1176 3114 1230 vestri
3145 1191 3330 1231 sumus
3362 1177 3479 1241 ﬁlii,
3508 1193 3576 1232 ne

1989 1278 2088 1318 nos
2116 1263 2232 1318 sine
2257 1263 2412 1334 culpa
2441 1265 2713 1330 abdicare,
2743 1266 2826 1320 vel
2869 1267 3093 1337 perdere
3124 1259 3377 1339 dignetur
3407 1267 3575 1336 maje-

1951 1384 1962 1391 -
1990 1360 2105 1408 stas
2148 1361 2358 1409 vestra:
2385 1354 2494 1409 imo
2521 1363 2735 1409 moveat
2764 1355 2974 1411 viscera
3006 1358 3225 1425 pietatis
3268 1368 3463 1414 vestra:
3492 1358 3574 1413 af-

1988 1440 2162 1498 fectus
2202 1443 2400 1508 carnis,
2432 1452 2489 1499 et
2523 1444 2735 1516 justitia
2778 1461 2884 1500 non
2938 1448 3118 1502 minus
3162 1447 3297 1519 legis
3343 1459 3571 1514 natura},

1989 1545 2150 1603 quam
2172 1545 2227 1588 et
2248 1533 2377 1604 legis
2406 1534 2531 1601 Dei;
2566 1536 2842 1607 nostrique
2865 1538 3110 1592 misereri
3134 1538 3447 1609 dignemini.
3473 1561 3492 1592 ι

2063 1623 2218 1677 Tunc
2259 1623 2324 1677 ad
2374 1624 2657 1679 ultimum:
2690 1644 2707 1676 ι
2754 1626 3026 1682 Vassallos
3076 1643 3321 1697 quoque,
3376 1630 3568 1698 inquit,

236 1775 240 1781 ,
306 1732 414 1774 una
449 1731 571 1772 cum
614 1713 886 1773 voluntate
929 1713 1108 1783 populi
1159 1711 1440 1768 constituit
1472 1713 1705 1768 inomni
1737 1723 1890 1784 pete-
1919 1700 1964 1761 Β
1990 1720 2207 1768 nostros
2235 1713 2472 1769 indebite
2511 1716 2783 1786 recepisti,
2812 1725 2868 1771 et
2892 1733 2986 1773 eos
3016 1725 3191 1773 tecum
3222 1720 3446 1774 retines.
3473 1740 3491 1771 ι

307 1817 446 1875 state
491 1817 548 1865 et
596 1809 836 1871 honore,
892 1806 947 1860 i'n
995 1806 1142 1860 onmi
1194 1805 1594 1876 conscriptione
1627 1818 1653 1847 α
1686 1815 1741 1862 et
1785 1823 1886 1862 nu-

307 1902 583 1966 mismate,
630 1898 685 1953 in
731 1898 877 1953 omni
923 1897 1316 1967 dispositione,
1357 1906 1542 1953 vestro
1568 1908 1889 1953 conservato

306 1993 511 2049 honore
530 2000 583 2046 et
606 1987 960 2060 providentia.
978 1987 1238 2057 Equidem
1262 1994 1318 2042 et
1342 1986 1408 2042 ad
1427 1987 1673 2041 eamdem
1698 1988 1887 2042 sedem

307 2081 609 2137 clementer
640 2094 725 2135 me
750 2086 927 2133 vestra
959 2077 1257 2148 imperialis
1304 2077 1592 2133 eximietas
1617 2078 1786 2144 misit,
1819 2078 1888 2134 ad

307 2170 733 2229 conﬁrmandum
781 2168 836 2224 in
876 2184 963 2224 me
1003 2168 1262 2238 quidquid
1305 2169 1393 2239 pia
1435 2168 1678 2239 dignatio
1707 2178 1887 2225 vestra

308 2264 648 2326 decreverat,
675 2270 735 2318 ut
763 2276 938 2317 essem
980 2261 1161 2317 socius
1206 2269 1262 2316 et
1302 2275 1527 2318 consors
1554 2276 1662 2316 non
1708 2261 1887 2335 minus

315 2352 748 2410 sanctiﬁcatione
810 2367 971 2424 quam
1025 2360 1292 2423 potestate
1337 2361 1394 2409 et
1432 2352 1671 2409 nomine.
1732 2352 1886 2409 Unde

307 2443 436 2515 quia
470 2457 656 2499 coram
681 2449 873 2498 sancto
918 2440 1110 2506 altare,
1139 2449 1195 2496 et
1220 2456 1406 2496 coram
1433 2450 1624 2497 sancto
1660 2456 1887 2512 corpore

304 2536 450 2592 beati
480 2534 625 2591 Petri
653 2534 913 2607 principis
954 2533 1342 2604 apostolorum,
1381 2549 1413 2587 a
1455 2547 1668 2588 summo
1708 2531 1889 2603 ponti-

307 2627 430 2693 ﬁce,
471 2635 655 2682 vestro
692 2640 758 2680 ex
791 2636 1057 2681 consensu
1101 2633 1157 2679 et
1203 2625 1509 2690 voluntate,
1551 2623 1887 2680 benedictio-

306 2735 453 2785 nem,
491 2720 749 2774 honorem
794 2724 848 2773 et
877 2730 1072 2771 nomen
1115 2716 1325 2786 suscepi
1381 2714 1676 2785 imperialis
1703 2712 1884 2779 cilicii,

307 2813 530 2883 insuper
547 2810 851 2867 diademata
877 2808 1068 2878 capitis
1087 2816 1142 2863 et
1166 2806 1402 2879 gladium
1426 2806 1493 2861 ad
1518 2804 1887 2861 defensionem

308 2903 479 2974 ipsius
524 2900 780 2957 Ecclesiae
827 2907 883 2954 et
932 2896 1143 2968 imperii
1190 2895 1390 2961 vestri;
1422 2909 1580 2949 nemo
1610 2893 1885 2949 vobiscum

307 2994 504 3064 magis,
528 2992 619 3062 qui
647 3006 767 3047 eam
789 3005 951 3061 quam
968 3003 1070 3059 ego
1091 2986 1383 3043 defendere
1402 2984 1533 3040 velit
1557 2993 1649 3039 aut
1671 2985 1883 3040 debeat.

307 3086 378 3141 Et
402 3053 526 3156 quia
546 3053 751 3140 -audivi
783 3053 927 3153 quod
963 3053 1178 3152 piurimi
1223 3077 1548 3135 insidiantur
1590 3076 1736 3142 huic,
1769 3091 1885 3131 ma—
1912 3053 1958 3118 Ο

308 3174 562 3231 nifestum
601 3190 721 3232 esse
745 3172 996 3229 omnibus
1024 3171 1167 3238 volo,
1196 3171 1340 3241 quod
1363 3170 1414 3225 ei
1442 3169 1559 3225 sine
1599 3182 1686 3224 me
1725 3182 1884 3225 nemo

307 3267 550 3332 nocebit,
577 3281 735 3336 quem
765 3280 863 3335 pro
891 3278 1023 3335 pace
1048 3271 1105 3320 et
1129 3263 1420 3319 concordia
1457 3260 1693 3317 conduxi
1738 3261 1885 3317 vica-

307 3361 449 3414 rium
478 3359 619 3413 beati
643 3358 813 3421 Petri,
850 3358 916 3411 ad
944 3354 1113 3411 vestri
1154 3353 1608 3410 reconciliandam
1650 3353 1885 3407 serenis-

307 3453 502 3506 simam
529 3448 694 3502 animi
726 3448 1003 3516 pietatem.
1046 3464 1067 3499 ι

380 3538 653 3595 Mandavit
674 3552 904 3608 namque
930 3537 1197 3607 gloriosus
1220 3536 1402 3593 Caesar
1425 3551 1636 3603 rursus,
1659 3550 1768 3591 non
1792 3535 1883 3606 ju-

309 3644 453 3690 stum
478 3648 597 3689 esse
617 3630 759 3702 quod
777 3630 1024 3687 eumdem
1054 3629 1407 3701 apostolicum
1425 3629 1496 3685 ad
1515 3643 1576 3686 se
1588 3628 1777 3684 venire
1792 3629 1887 3683 mi-

311 3725 465 3779 nime
494 3723 891 3793 permitterent,
922 3720 1077 3790 eique
1103 3720 1219 3775 vias
1242 3718 1489 3774 veniendi
1518 3718 1885 3789 prohiberent.

379 3811 460 3867 Ad
491 3812 633 3882 quod
666 3809 972 3865 Honorius:
1004 3828 1023 3860 ι
1055 3806 1403 3879 Nequaquam
1432 3808 1618 3880 igitur,
1651 3807 1887 3867 serenis-

310 3904 467 3967 sime,
500 3904 614 3958 vias
644 3902 692 3956 ci
725 3900 1096 3973 prohibuimus
1141 3900 1426 3967 veniendi,
1456 3900 1551 3957 sed
1587 3901 1887 3958 auxiliante

309 3993 420 4049 Deo
452 3991 828 4055 reseravimus,
862 4007 985 4046 cum
1030 3999 1211 4047 essent
1234 3990 1386 4059 jussu
1414 4003 1594 4049 vestro
1620 3996 1888 4050 obstrusae

240 4068 261 4133 -’
310 4082 452 4137 inter
494 4082 770 4152 angustias
815 4080 1030 4151 Alpium
1077 4089 1131 4136 et
1175 4091 1482 4151 praeruptae,
1509 4084 1581 4137 ita
1626 4092 1686 4138 ut
1726 4099 1887 4139 nemo

310 4170 618 4226 mortalium
646 4170 812 4225 libere
854 4169 1086 4225 transire
1114 4178 1314 4240 posset,
1342 4170 1515 4227 donec
1548 4171 1749 4227 virtute
1791 4172 1883 4226 Dei

309 4269 603 4329 nostroque
642 4259 825 4315 labore
872 4260 1225 4330 complanata:
1274 4262 1534 4317 sunt:ita
1582 4271 1645 4317 ut
1689 4277 1885 4332 queam

310 4353 489 4408 dicere
517 4363 638 4403 cum
682 4350 965 4419 propheta,
991 4350 1135 4419 quod
1175 4349 1331 4406 factae
1359 4351 1470 4406 sint
1509 4367 1690 4422 prava:
1719 4352 1772 4407 in
1798 4352 1885 4408 di-

310 4451 511 4506 rectas,
541 4449 596 4496 et
621 4455 827 4510 aspera:
873 4440 926 4495 in
967 4440 1085 4496 vias
1127 4441 1349 4511 planas:
1377 4442 1445 4496 ad
1471 4442 1576 4498 hoc
1602 4442 1800 4513 quippe
1829 4454 1887 4496 ut

312 4535 378 4587 ad
406 4547 501 4587 vos
535 4540 643 4585 tam
676 4529 764 4585 ille
786 4545 948 4599 quam
978 4540 1031 4585 et
1055 4546 1155 4586 nos
1184 4531 1514 4586 devotissimi
1555 4532 1884 4599 veniremus,

311 4637 470 4693 quem
506 4620 749 4692 profecto
787 4620 928 4675 hunc
972 4620 1095 4675 ideo
1124 4619 1365 4676 laborem
1404 4634 1681 4676 assumere
1707 4622 1885 4692 coegi-

311 4728 455 4777 mus,
483 4720 541 4766 ut
586 4712 699 4783 ipse
745 4711 898 4769 vobis
931 4726 1175 4767 summus
1219 4712 1547 4768 intercessor
1586 4712 1702 4768 vice
1742 4712 1885 4769 beati

311 4805 457 4862 Petri
486 4814 826 4871 occurreret,
850 4806 1003 4877 cujus
1027 4815 1266 4879 potestas
1289 4808 1341 4862 in
1369 4822 1435 4864 eo
1458 4807 1590 4862 vivit
1618 4815 1674 4862 et
1701 4816 1890 4863 aucto-

312 4896 450 4953 ritas
488 4895 720 4952 excellit.
752 4896 1043 4967 Propterea
1081 4912 1186 4952 non
1227 4897 1593 4966 prohibemus,
1620 4904 1681 4951 ut
1705 4896 1887 4966 culpa-

312 5003 457 5054 mur,
488 4986 585 5043 sed
606 4984 995 5043 ofﬁciosissime
1020 4987 1360 5052 exhibemus,
1385 5001 1546 5055 quem
1570 4987 1736 5042 auditi
1761 5001 1889 5057 sup-

388 5112 416 5141 ι
446 5100 764 5171 Agebardus
795 5100 1167 5171 Dugdunensis
1196 5099 1479 5171 episcopus
1507 5098 1559 5153 in
1586 5098 1746 5154 flebili
1772 5100 1890 5169 epi-

317 5171 454 5227 stola
483 5168 549 5225 ad
587 5168 912 5225 Ludovicum
949 5168 1244 5241 Augustum
1280 5188 1292 5222 :
1323 5168 1389 5223 In
1415 5184 1664 5241 processu
1691 5168 1893 5241 quoque

318 5242 586 5311 temporis,
608 5242 1007 5312 quotiescunque
1035 5239 1124 5293 aut
1147 5255 1452 5312 quocunque
1482 5239 1776 5312 imperiales
1806 5239 1893 5293 lit-

320 5308 446 5365 tera:
472 5308 817 5373 mitterentur,
839 5308 1109 5363 amborum
1139 5308 1510 5378 imperaturum
1529 5308 1743 5371 nomina
1764 5326 1892 5371 can-

319 5382 551 5435 tinebant
574 5394 590 5432 :
612 5391 787 5450 postea
819 5395 934 5434 vero
962 5389 1160 5433 mutata
1186 5379 1469 5450 voluntate,
1507 5379 1750 5432 convulsa
1772 5387 1892 5433 sunt

319 5460 538 5514 statuta,
565 5449 698 5504 etde
726 5450 909 5503 litteris
936 5465 1120 5503 nomen
1157 5449 1402 5502 omissum
1431 5458 1526 5501 est.

395 5521 436 5598 b_
466 5520 785 5598 iiincniarus
813 5519 1142 5598 iibemorum
1173 5520 1455 5598 episcopus
1486 5516 1791 5598 inlepistola
1822 5517 1884 5572 4|

321 5591 388 5645 ad
413 5588 705 5645 Adrianum
727 5589 767 5644 ll
787 5608 798 5642 :
820 5584 885 5642 Et
905 5590 1163 5659 quomodo
1183 5584 1459 5659 Gregoijus
1480 5584 1749 5659 subreptus
1774 5604 1890 5641 eum

323 5661 595 5727 Lothurio,
613 5670 758 5730 putre
784 5676 878 5716 suo
906 5657 1244 5730 repugnante,
1273 5657 1324 5713 in
1350 5657 1631 5725 Franciam
1663 5658 1814 5724 venit,
1844 5668 1890 5712 et

2062 1804 2371 1861 Honorius:
2403 1824 2423 1859 ‹
2461 1806 2576 1861 Νοη
2626 1807 2823 1878 itaque,
2859 1809 2995 1864 sciat
3044 1810 3320 1865 beatitudo
3367 1822 3566 1876 vestra,

1988 1894 2065 1949 ita
2097 1902 2181 1949 est
2205 1912 2218 1948 :
2243 1895 2338 1951 sed
2367 1910 2489 1951 cum
2531 1906 2714 1953 essent
2737 1905 2793 1953 et
2819 1899 2919 1969 ipsi
2966 1899 3231 1970 dispersi,
3260 1900 3451 1972 fugati,
3477 1910 3572 1957 aut

1989 1984 2045 2040 in
2069 1986 2331 2041 custodiis
2354 1994 2411 2042 et
2431 1987 2635 2043 exsiliis
2662 1989 2885 2056 detenti,
2915 1990 3161 2046 fecerunt
3185 1993 3253 2047 ad
3280 2008 3398 2057 nos,
3423 2001 3479 2047 et
3502 1994 3571 2047 ad

1989 2073 2152 2129 istum
2184 2075 2400 2130 beatum
2447 2076 2746 2133 antistitem
2789 2078 3134 2149 confugium,
3168 2089 3434 2151 quatenus
3473 2096 3574 2151 pro

1990 2163 2096 2220 illis
2136 2166 2276 2234 apud
2306 2175 2543 2221 vestram
2593 2168 2998 2225 serenissimam
3029 2154 3371 2226 clementiam
3398 2171 3571 2227 inter-

1988 2253 2166 2319 cedat,
2194 2270 2263 2309 ne
2306 2255 2505 2325 injuste
2551 2258 2892 2323 damnentur,
2924 2260 3014 2328 qui
3053 2276 3151 2330 pro
3181 2262 3284 2317 ﬁde
3311 2272 3490 2317 vestra
3520 2274 3591 2317 et-

1981 2343 2194 2415 justitia
2217 2346 2565 2414 exstiterunt,
2591 2364 2661 2404 ne
2691 2349 2842 2405 fraus
2867 2352 3185 2421 prmvalerct
3211 2362 3267 2407 et
3287 2354 3441 2410 dolus
3461 2371 3573 2411 sce-

1987 2434 2425 2492 lestissimorum.
2468 2436 2582 2494 Hoc
2609 2455 2822 2512 semper
2859 2443 3041 2498 audivi
3088 2445 3142 2499 in
3170 2454 3373 2501 vestro
3418 2462 3576 2503 sacro

1988 2529 2239 2596 concilio,
2265 2536 2321 2585 et
2366 2530 2420 2584 in
2466 2530 2892 2589 clarissimorum
2944 2545 3133 2592 senatu
3171 2537 3434 2604 virorum,
3468 2540 3573 2596 hoc

1988 2636 2203 2692 semper
2247 2622 2300 2676 in
2330 2624 2527 2679 vestris
2567 2626 2855 2697 recognovi
2901 2626 3076 2694 factis,
3106 2629 3211 2685 hoc
3232 2644 3263 2684 a
3291 2631 3443 2686 vobis
3472 2648 3570 2686 au-

1988 2710 2118 2776 divi,
2147 2711 2251 2767 hoc
2276 2711 2504 2781 legimus
2536 2712 2592 2768 in
2621 2716 2789 2785 gestis
2818 2717 3183 2787 antiquorum,
3213 2720 3380 2775 fortes
3423 2720 3573 2776 viros

1986 2808 2043 2856 et
2066 2801 2418 2870 clarissimos,
2446 2818 2512 2860 ac
2551 2806 2689 2861 bene
2714 2807 2938 2862 meritos
2976 2800 3233 2863 honorari
3275 2797 3444 2882 magis
3468 2812 3575 2882 .dc-

1987 2894 2138 2958 bere,
2160 2904 2217 2951 et
2242 2896 2410 2966 gloria
2436 2897 2695 2954 illustrari
2718 2914 2883 2970 quam
2909 2885 3136 2970 depelli;
3162 2903 3252 2971 qui
3282 2918 3572 2973 pravorum

1988 2983 2268 3040 hominum
2298 2985 2531 3057 impetus
2554 2997 2610 3043 et
2633 2999 2863 3046 conatus
2906 2989 3129 3060 provide
3158 3002 3571 3062 represserunt;

1987 3076 2077 3146 qui
2103 3077 2448 3150 auctoritate,
2470 3080 2561 3149 qui
2585 3080 2710 3148 ﬁde,
2727 3083 2817 3151 qui
2840 3083 3165 3149 constantia,
3183 3084 3273 3152 qui
3298 3085 3573 3156 magnitu-

1987 3168 2112 3225 dine
2137 3168 2303 3224 animi
2331 3178 2387 3224 et
2415 3172 2656 3227 consiliis
2681 3173 3048 3228 insidiantium
3079 3175 3318 3229 audacia:
3357 3177 3573 3231 restite-

1986 3270 2116 3316 runt
2139 3280 2152 3315 :
2176 3277 2365 3317 eorum
2408 3263 2619 3319 scilicet
2659 3264 2970 3330 hominum,
3004 3266 3094 3335 qui
3149 3265 3364 3321 levitate
3392 3283 3484 3323 sua
3517 3277 3573 3322 ct

1985 3351 2229 3419 pernicie
2258 3360 2499 3408 vestrum
2529 3369 2652 3409 cum
2678 3356 2825 3409 omni
2858 3355 3203 3427 improbitate
3230 3356 3571 3413 fmdaverunt

1987 3441 2291 3512 imperium.
2325 3443 2472 3511 Quos
2518 3445 2644 3515 quia
2694 3445 2784 3501 isti
2831 3446 3150 3501 detexerunt
3193 3457 3246 3502 et
3293 3447 3569 3520 fugarunt,

1987 3531 2287 3589 honorandi
2330 3547 2515 3591 essent
2553 3545 2611 3591 et
2641 3536 2975 3608 gloriﬁcandi
3006 3539 3185 3608 potius
3224 3556 3384 3609 quam
3412 3556 3440 3594 a
3476 3556 3572 3611 pe-

1987 3623 2378 3681 stilentissimis
2402 3626 2535 3682 viris
2571 3628 2935 3683 criminandi:
2961 3630 3085 3698 quia
3116 3639 3169 3686 et
3206 3631 3304 3700 ipsi
3336 3631 3568 3701 primum

1989 3716 2187 3772 vestris
2231 3725 2358 3772 sunt
2400 3718 2623 3773 enutriti
2672 3715 2993 3789 discipliitis,
3045 3722 3349 3790 vestrisque
3390 3721 3568 3779 edocti

1987 3805 2250 3871 consiliis,
2273 3815 2455 3862 vestra
2485 3807 2757 3864 sublimati
2790 3800 3074 3881 dignitate,
3107 3819 3162 3866 et
3189 3811 3441 3866 illustrazi
3477 3813 3572 3867 ho-

1986 3897 2234 3962 nuribus,
2266 3911 2487 3969 semper
2509 3898 2677 3954 habiti
2707 3908 2834 3954 sunt
2861 3901 3020 3969 primi
3049 3910 3101 3957 et
3132 3902 3314 3957 eximii
3358 3902 3567 3972 palatii.

1988 3986 2142 4043 Unde
2190 3988 2503 4045 censuimus
2533 4004 2629 4044 eos
2670 3990 2928 4046 reducere
2966 3991 3032 4045 ad
3074 4006 3121 4045 ν.
3140 4002 3308 4046 stram
3360 3993 3570 4048 miseri—

1987 4077 2357 4133 cordissimam
2381 4078 2975 4150 pictatem,vestrisque
2996 4089 3388 4151 reprazsentarc
3412 4096 3543 4150 aspe
3558 4108 3570 4119 ε

1985 4168 2282 4222 ctibus:et
2309 4168 2429 4222 ideo
2468 4183 2574 4223 non
2609 4167 2869 4223 debemus
2912 4169 3169 4223 offensam
3217 4172 3564 4236 contrahere,

1987 4258 2031 4312 si
2063 4272 2201 4327 quos
2242 4256 2394 4312 fraus
2422 4257 2773 4312 factiosorum
2821 4260 3075 4328 perdidit,
3110 4261 3304 4316 vestris
3329 4261 3570 4317 restitui—

1988 4364 2111 4406 mus
2134 4358 2190 4404 et
2219 4350 2631 4431 reconciliantus
2658 4349 3006 4418 profectibus.
3041 4370 3059 4404 ι

2061 4439 2189 4495 Haec
2229 4441 2492 4509 siquidem
2523 4450 2605 4495 est
2632 4440 2836 4495 alterna
2882 4443 3180 4506 altercatio,
3214 4443 3296 4498 lue
3328 4448 3569 4515 querelae

1991 4532 2061 4586 ad
2108 4530 2336 4595 invicem
2365 4546 2379 4583 :
2405 4532 2521 4585 haec
2567 4532 2863 4601 propositio
2906 4542 3162 4603 paterna,
3188 4542 3242 4589 et
3284 4540 3567 4607 responsio

1992 4622 2247 4676 ﬁliorum.
2286 4621 2418 4677 Cum
2446 4637 2546 4678 nec
2566 4625 2646 4679 sic
2675 4624 2839 4680 ullum
2872 4642 3149 4682 assensum
3181 4630 3427 4687 obtinere
3453 4635 3567 4702 qni-

1991 4714 2197 4770 vissent
2222 4715 2416 4780 venite,
2445 4714 2680 4770 mittitur
2705 4727 2924 4773 sanctus
2954 4729 3005 4773 et
3041 4735 3285 4776 summus
3323 4725 3564 4792 pontifex

1992 4807 2349 4872 intercessor,
2378 4807 2617 4863 vicarius
2643 4808 2787 4863 beati
2824 4807 2969 4864 Petri
2997 4812 3123 4881 :qui
3163 4828 3284 4866 cum
3331 4815 3565 4869 veniSset

1987 4898 2137 4953 nullo
2175 4905 2455 4968 susceptus
2477 4908 2562 4954 est
2588 4900 2791 4955 honore
2820 4900 2847 4939 δ
2875 4885 3139 4971 condigne
3163 4920 3175 4955 :
3204 4884 3381 4959 tamen
3413 4920 3562 4960 more

1990 5003 2090 5045 suo
2114 4989 2237 5043 data
2266 4990 2661 5055 benedictione,
2684 4990 2961 5060 proposuit
2982 5005 3080 5060 pro
3101 4993 3297 5061 quibus
3321 5006 3560 5051 venerat.

1989 5116 2095 5170 pax
2114 5106 2292 5175 postea
2313 5099 2371 5175 in
2398 5095 2650 5175 Francia,
2683 5108 2925 5175 ut_antea
2951 5118 3053 5154 non
3079 5102 3200 5166 fuit,
3224 5114 3271 5156 et
3296 5105 3402 5167 ipse
3423 5123 3560 5175 papa

1992 5168 2121 5224 cum
2156 5168 2251 5222 tali
2303 5168 2517 5231 honore,
2552 5171 2684 5222 sicut
2726 5169 2998 5234 decuerat,
3026 5183 3072 5225 et
3102 5175 3185 5226 sui
3215 5168 3563 5229 antecessores

1993 5240 2247 5309 fecerunt,
2274 5237 2616 5309 Romamnon
2660 5239 2830 5292 rediit.
2872 5240 2936 5293 Et
2967 5251 3141 5298 tamen
3172 5258 3389 5298 munera
3419 5244 3564 5301 ultro

1994 5307 2387 5396 citroquedata
2434 5307 2602 5396 fuisse
2643 5317 2869 5396 testatur
2899 5309 3185 5394 Thegauus
3232 5314 3284 5387 in
3317 5329 3437 5396 cap.
3466 5313 3559 5370 42.

1994 5379 2137 5454 Lege
2166 5377 2443 5454 epistolam
2470 5377 3253 5454 Agohardidecemparationé
3284 5377 3564 5454 utriusque

1993 5440 2290 5519 regiminis.
2320 5447 2493 5519 [iocus
2520 5440 2942 5519 ubi_Ludovi‘c'us
2972 5440 3094 5506 cum
3132 5452 3256 5508 ﬁliis
3290 5440 3563 5519 convenit,

1993 5516 2169 5594 dictus
2213 5526 2297 5572 est
2325 5516 2549 5594 Campus
2593 5516 2887 5594 Mcndacii,
2931 5520 3067 5577 inter
3106 5522 3469 5594 Argentariam
3513 5516 3561 5577 et

1992 5588 2284 5651 Busileam,
2314 5601 2380 5642 ex
2410 5585 2682 5657 Thegano.
