4082 6328
509 233 648 289 i639

1318 219 1376 276 S.
1417 213 1772 273 PASClIASll
1809 209 2155 266 RADBERTI
2195 203 2484 262 ABBATIS
2521 199 2969 261 COBBEIENSIS

3667 198 3842 256 1610

507 347 607 404 Cui
646 345 939 414 imperator
966 338 1178 407 inquit:
1209 355 1227 387 ι
1257 333 1363 389 Nos
1409 332 1529 386 ideo
1569 339 1622 384 te
1655 342 1807 383 more
1837 326 2089 394 antiquo-
2116 327 2167 385 Α
2194 332 2402 377 terrore
2429 320 2524 374 Dei
2559 318 2808 374 concussi
2851 333 2917 372 ac
2957 316 3259 372 treznefacti
3291 331 3510 371 omnes.
3544 314 3734 372 Unde
3771 317 3834 371 in

510 453 632 494 rum
672 449 893 504 regum,
931 439 1116 487 sancte
1161 425 1430 498 pontifex,
1462 438 1569 477 non
1617 420 1939 488 suscipimus
1968 431 2103 472 cum.

512 528 729 601 hymnis
749 535 808 582 et
836 523 1103 586 laudibus,
1128 519 1342 587 alioque
1367 513 1646 585 dignitatis
1669 519 1772 564 tuae
1795 519 1850 563 et
1879 507 2096 576 religio-

513 598 604 676 nis
631 619 856 680 honore,
884 613 1010 684 quia
1037 619 1094 665 tu
1123 625 1230 665 non
1260 609 1339 664 sic
1367 603 1586 667 venisti,
1623 602 1762 658 sicut
1791 601 1865 654 tui
1888 598 2118 670 prsidem

518 722 764 766 cessores
795 705 863 759 ad
889 713 1104 758 nostros
1133 697 1309 754 vocati
1353 693 1537 749 venire
1564 696 1912 747 consuerant.
1949 707 1968 740 ι
2000 687 2097 743 Cui

518 803 610 858 ille
636 820 650 854 :
685 819 704 850 ι
739 796 870 862 Nos,
898 794 1092 864 inquit,
1121 793 1261 848 bene
1275 788 1490 843 venisse
1518 782 1820 850 scias,quia
1845 793 1944 849 pro
1966 793 2100 848 pace

517 892 767 946 venimus
796 896 850 944 et
893 883 1200 945 concordia,
1246 893 1408 950 quam
1453 885 1643 930 auctor
1672 871 1863 927 salutis
1900 878 2100 924 nostrae

519 982 676 1038 nobis
713 977 962 1047 reliquit;
1001 983 1057 1030 et
1099 971 1230 1026 mihi
1270 966 1606 1039 praedicanda
1657 961 1924 1017 universis
1955 975 2102 1014 com-

522 1071 690 1126 missa
735 1077 842 1132 est,
870 1074 926 1120 et
950 1060 1270 1134 proferenda
1299 1057 1569 1112 omnibus.
1609 1053 1838 1115 Idcirco,
1871 1051 2102 1120 impera-

525 1169 630 1226 tor,
658 1159 704 1214 si
746 1172 845 1211 nos
889 1163 944 1209 et
983 1167 1171 1224 pacem
1213 1146 1417 1204 Christi
1458 1145 1618 1214 digne
1661 1139 1984 1210 susceperis,
2015 1153 2104 1192 re-

523 1249 764 1320 quiescet
793 1245 846 1298 in
863 1243 1023 1297 vobis
1052 1240 1187 1310 ipsa,
1216 1252 1316 1291 nec
1336 1250 1442 1289 non
1482 1233 1535 1288 in
1571 1246 1735 1301 regno
1766 1237 1948 1283 vestro
1974 1246 1986 1280 :
2018 1227 2100 1281 sin

523 1317 704 1396 autem
737 1351 838 1406 pax
869 1332 1069 1388 Christi
1101 1329 1166 1383 ad
1197 1343 1295 1382 nos
1324 1331 1661 1386 revertetur,
1685 1320 1761 1375 uti
1809 1317 2017 1389 legistis
2047 1317 2102 1371 in

523 1428 838 1499 Evangelio,
863 1434 917 1480 et
947 1422 1226 1477 nobiscum
1260 1417 1384 1494 erit.
1417 1431 1435 1467 ἱ

1094 1523 1525 1567 THEOPHRASTUS.

593 1610 737 1666 Proh
764 1607 945 1662 dolor!
992 1602 1120 1674 quid
1149 1599 1458 1670 contigerit,
1484 1595 1626 1666 quod
1667 1603 1776 1650 tam
1816 1593 2106 1664 religiosis-

2197 413 2384 468 eadem
2408 421 2566 465 nocte
2590 410 2928 479 reliquerunt
2947 408 3244 478 Augustum
3267 407 3384 462 sine
3403 406 3576 462 ullius
3598 407 3838 476 (quan-

2198 511 2310 557 tum
2355 501 2560 556 rescire
2593 499 2766 569 potui)
2797 499 3148 568 persuasione
3179 509 3206 538 ι
3243 505 3334 550 aut
3359 497 3831 560 exhortatione;

2198 592 2556 660 adieruntque
2579 605 2769 644 omnes
2787 630 2801 654 ,
2835 605 2864 643 a
2894 589 3121 643 minimo
3150 603 3320 657 usque
3347 589 3416 642 ad
3444 588 3792 642 maximum
3811 627 3831 652 ,

2199 682 2516 746 Honorium,
2542 681 2761 749 suisque
2785 679 2982 734 castris
3009 693 3068 733 se
3086 675 3403 746 junxerunt,
3431 687 3488 733 et
3520 692 3840 747 apparue-

2200 783 2326 830 runt.
2356 775 2410 828 in
2437 786 2595 827 mane
2622 772 2866 826 omnium
2899 785 3088 825 eorum
3113 770 3261 825 circa
3291 785 3414 824 eum
3445 771 3562 824 ﬁxa
3613 779 3836 823 tento-

2201 865 2280 919 ria
2317 882 2330 917 :
2363 864 2438 918 ita
2463 871 2522 916 ut
2551 855 2748 932 singuli
2776 861 3022 916 dicerent
3047 875 3076 913 a
3105 871 3259 930 parte
3289 859 3530 915 ﬁliorum
3562 870 3620 913 et
3671 873 3836 930 pon-

2205 954 2363 1009 tificis
2393 971 2405 1006 :
2439 951 2598 1005 Manu
2629 951 2658 991 b
2685 953 2698 1004 ι
2727 951 2873 1020 quod
2905 951 3326 1019 interpretatur,
3357 951 3489 1019 quid
3523 960 3615 1004 est
3666 951 3836 1005 hoc?

2203 1051 2338 1118 Quia
2359 1049 2581 1104 omnino
2602 1045 2970 1101 nescientibus
2989 1045 3200 1098 cunctis
3215 1043 3371 1098 valde
3387 1044 3656 1098 mirabile
3679 1043 3824 1100 fuit.

2202 1143 2294 1212 qui
2321 1140 2496 1210 pridie
2521 1148 2632 1192 tam
2661 1137 2829 1192 fortes
2853 1143 3012 1192 erant
3047 1144 3104 1190 et
3132 1141 3446 1190 constantes
3464 1175 3478 1198 ,
3507 1134 3726 1188 conﬁsi
3764 1135 3824 1188 in

2205 1231 2548 1287 multitudine
2567 1269 2582 1294 ,
2613 1230 2665 1284 in
2691 1227 2974 1298 promissis
3001 1226 3240 1281 omnium
3259 1265 3274 1291 ,
3307 1224 3360 1278 in
3390 1224 3632 1280 consilio
3659 1240 3824 1293 pon-

2207 1323 2411 1378 tiﬁcum
2435 1315 2491 1376 ét
2511 1330 2844 1383 senatorum,
2875 1317 3285 1372 in-auctoritate
3305 1325 3570 1385 paterna,
3597 1317 3652 1369 in
3681 1332 3825 1386 pro-

2205 1404 2553 1468 missionihus
2588 1411 3006 1480 multiplicibus;
3061 1409 3204 1478 quod
3237 1417 3347 1462 tam
3396 1408 3824 1478 permutabiles

2207 1505 2409 1561 inventi
2434 1512 2562 1559 sunt
2585 1511 2639 1557 et
2669 1502 2890 1567 infirmi,
2917 1512 2976 1555 ut
3005 1501 3123 1556 sine
3147 1499 3393 1554 consultu
3420 1508 3475 1554 et
3505 1500 3634 1553 sine
3655 1501 3825 1553 aesti-

2208 1596 2445 1650 matione
2475 1594 2723 1664 alicujus,
2753 1593 3024 1647 Caesarem
3057 1591 3229 1645 solum
3261 1589 3648 1659 relinquerent
3677 1605 3820 1643 cum

525 1703 692 1758 simus
719 1709 769 1755 et
803 1669 1182 1752 devotis—simus
1231 1669 1524 1761 imperator
1563 1703 1673 1758 pra:
1715 1687 1965 1741 omnibus
2012 1685 2102 1755 qui
2135 1669 2180 1728 Β
2207 1688 2419 1743 Justina
2448 1703 2544 1742 sua
2571 1701 2585 1741 :
2610 1695 2664 1742 et
2693 1687 2760 1740 ad
2791 1685 2980 1750 ﬁlium,
3010 1692 3199 1739 contra
3232 1697 3393 1752 quem
3425 1689 3732 1744 venerant,
3761 1690 3820 1734 et

526 1804 651 1848 ante
695 1807 752 1846 se
789 1789 1042 1850 fuerunt,
1071 1786 1148 1840 sic
1191 1783 1506 1853 insipienter
1542 1788 1597 1834 et
1641 1778 1943 1834 inconsulte
1974 1777 2104 1848 egit,

524 1900 626 1940 nec
667 1884 924 1938 honorem
957 1879 1066 1933 Deo
1098 1875 1277 1940 dedit,
1313 1889 1410 1927 nec
1447 1872 1604 1925 beato
1633 1869 1796 1925 Petro
1843 1867 2104 1938 apostolo.

526 1976 683 2040 Mala,
717 1975 954 2042 inquam,
993 1978 1050 2023 et
1095 1967 1328 2037 pessima
1357 1963 1555 2018 mentis
1581 1960 1872 2016 obstinatio
1912 1975 1976 2014 ac
2006 1959 2108 2013 du-

527 2067 652 2121 ritia
695 2064 876 2118 cordis
930 2060 1100 2124 mala;
1132 2066 1188 2111 et
1237 2054 1516 2126 persuasio
1548 2052 1803 2116 feminea,
1835 2067 1955 2122 qua:
2000 2049 2118 2120 pri;

528 2171 678 2212 mum
708 2153 917 2222 decepit
943 2158 1244 2220 parentem,
1269 2148 1385 2201 haec
1415 2153 1471 2200 et
1498 2145 1640 2199 bunc
1665 2143 1804 2197 male
1833 2142 2110 2211 decepisse

528 2245 872 2318 cognoscitur
900 2241 1042 2312 quod
1078 2239 1339 2295 dolemus.
1388 2237 1454 2290 Et
1481 2237 1602 2290 ideo
1632 2244 1793 2288 tanta:
1819 2233 2110 2288 auctorita-

529 2341 600 2393 tis
647 2347 702 2392 et
747 2332 1048 2390 sanctitatis
1093 2331 1269 2383 virum
1319 2327 1621 2398 plangimus
1667 2324 1834 2380 multa
1881 2323 2110 2394 caligine

527 2443 812 2501 pressum,
852 2440 958 2479 non
1019 2423 1358 2478 recordatum
1406 2420 1550 2490 quod
1603 2418 1819 2474 Veritas
1864 2417 1978 2470 ait:
2006 2415 2110 2480 Qui

529 2539 617 2576 vos
661 2519 874 2589 recipit,
911 2534 991 2570 me
1032 2515 1246 2586 recipit;
1289 2513 1348 2576 et,‘
1375 2514 1466 2578 qui
1511 2528 1597 2566 vos
1641 2511 1812 2574 audit,
1839 2526 1920 2564 me
1961 2508 2109 2563 audit

533 2612 744 2682 (Matth.
771 2628 824 2676 Χ,
855 2610 969 2680 40).
1015 2607 1159 2662 Heu!
1193 2623 1314 2676 qua:
1343 2615 1394 2660 et
1424 2605 1602 2676 qualis
1653 2613 1779 2658 tunc
1822 2603 1921 2656 fuit
1951 2600 2112 2656 fasci-

532 2707 679 2760 natio
702 2713 757 2761 et
786 2702 982 2758 mentis
1019 2700 1330 2764 obcatcatio,
1360 2713 1479 2768 quae
1509 2697 1674 2751 talem
1705 2704 1760 2750 et
1799 2703 2004 2748 tantum
2034 2692 2113 2746 vi-

531 2813 674 2860 rum,
701 2796 840 2850 inter
862 2802 942 2848 tot
968 2793 1296 2848 tentationes
1317 2799 1371 2845 et
1397 2788 1656 2860 pericula,
1689 2787 1828 2841 inter
1855 2794 1933 2840 tot
1957 2800 2112 2839 scan-

533 2886 655 2940 dala
685 2885 763 2939 sic
796 2884 1022 2952 decepit,
1054 2891 1114 2935 ut
1157 2896 1432 2950 nunquam
1464 2879 1705 2934 revocari
1737 2877 1992 2948 potuerit,
2021 2891 2114 2930 ne-

535 2990 641 3045 que
679 2973 799 3026 ullis
837 2972 1040 3025 mederi
1071 2969 1470 3039 Scripturarum
1504 2977 1812 3022 sanctarum
1849 2965 2108 3020 consiliis.

537 3029 636 3133 Qui
677 3061 917 3133 quotidie
954 3061 1103 3115 visus
1131 3029 1214 3114 est
1244 3059 1492 3114 meditari
1526 3059 1580 3112 in
1614 3057 1732 3126 lege
1771 3057 1885 3121 Dei,
1917 3065 1972 3111 et
2003 3065 2112 3112 tam
2141 3029 2185 3091 C

536 3159 695 3227 longe
722 3171 751 3210 a
779 3154 892 3224 lege
920 3168 1060 3208 verte
1084 3151 1388 3207 dilectionis
1409 3150 1660 3206 indurato
1685 3149 1847 3204 corde
1872 3150 2114 3203 recessit.

539 3248 792 3317 Alioquin
849 3245 987 3300 ﬁlios
1031 3258 1308 3312 nunquam
1363 3251 1470 3298 tam
1525 3241 1877 3312 pertinaciter
1928 3250 2118 3295 contra

541 3340 855 3395 mandatum
877 3337 943 3391 ad
967 3337 1296 3390 iracundiam
1328 3344 1692 3404 prevocassct,
1723 3347 1995 3402 nunquam
2023 3347 2118 3388 eos

541 3429 720 3502 gladio
767 3426 946 3482 hostili
993 3426 1270 3480 abdicatos
1301 3433 1407 3478 tam
1445 3423 1754 3493 frequenter
1786 3431 1842 3477 et
1887 3421 2120 3478 crudeli-

542 3533 626 3578 tcr
655 3522 928 3576 insecutus
969 3527 1143 3572 esset:
1172 3533 1293 3574 cum
1323 3516 1423 3586 ipsi
1454 3515 1585 3570 nihil
1615 3526 1802 3570 contra
1837 3530 1962 3570 eum
1991 3513 2118 3569 mali

546 3612 762 3676 vellent,
790 3610 896 3665 nisi
943 3624 1005 3664 ea
1053 3618 1112 3662 ut
1153 3608 1467 3662 inconcussa
1513 3612 1812 3670 manerent,
1841 3620 1961 3676 quae
2008 3604 2122 3676 ipse

543 3704 779 3774 primum
818 3710 871 3756 et
912 3699 1140 3770 populus
1187 3697 1843 3762 universus'ordinarant,
1875 3706 1928 3752 et
1967 3695 2120 3764 jura-

545 3802 729 3849 mcnto
761 3791 1060 3846 firmarunt.
1109 3789 1261 3857 Quod
1290 3789 1336 3843 si
1365 3796 1458 3843 aut
1498 3788 1771 3858 populum,
1800 3797 1894 3843 aut
1939 3787 2124 3842 Eccle-

548 3885 684 3940 siam
717 3881 917 3938 Christi
947 3881 1048 3936 sibi
1077 3897 1106 3935 a
1139 3880 1249 3935 Dco
1291 3880 1660 3945 commissam,
1689 3889 1838 3934 certe
1865 3888 1958 3934 aut
1985 3894 2127 3934 rem-

549 3973 817 4044 publicam
869 3971 1117 4042 diligeret
1163 3978 1257 4024 aut
1304 3979 1654 4040 procuraret,
1706 3984 1982 4040 nunquam
2028 3983 2128 4039 pro

551 4065 712 4119 unius
756 4061 967 4116 feminae
1014 4061 1294 4116 voluntate
1351 4059 1438 4114 vel
1498 4058 1937 4130 persuasionibus
1981 4066 2130 4113 tanta

554 4152 862 4207 admisisset
897 4149 1036 4202 mala
1065 4149 1118 4202 in
1147 4164 1314 4218 regno
1336 4163 1456 4218 qua:
1484 4149 1818 4215 acciderunt,
1844 4165 1966 4219 qua:
1993 4165 2133 4205 nun-

551 4256 713 4311 quam
747 4238 991 4293 fortassis
1021 4238 1073 4291 in
1121 4247 1438 4307 perpetuum
1466 4254 1573 4292 non
1605 4239 1852 4310 ingenio,
1882 4255 1988 4293 non
2018 4241 2132 4294 vir-

556 4337 670 4383 tute
701 4326 1002 4392 hominum,
1033 4340 1138 4380 non
1187 4325 1435 4391 consilio,
1463 4341 1569 4382 non
1617 4327 1858 4397 potentia
1905 4328 2132 4397 alicujus

555 4421 862 4478 cessabunt.
896 4418 1104 4474 Interea
1147 4419 1274 4488 quia
1306 4419 1530 4474 multum
1581 4419 1845 4486 dolemus,
1877 4436 2132 4492 rogamus

551 4515 679 4584 quid
709 4526 953 4567 summus
980 4509 1222 4581 pontifex
1253 4527 1378 4566 cum
1405 4526 1472 4568 eo
1496 4513 1690 4583 egerit,
1724 4512 1805 4568 vel
1835 4513 1962 4584 quid
1992 4514 2133 4570 obti-

554 4606 753 4672 nuerit,
785 4603 1013 4675 pandas.
1067 4619 1154 4675 \f"

1108 4669 1352 4750 tAPUT
1386 4695 1570 4752 xvm.

1177 4800 1512 4844 PASCHASIUS.

625 4877 778 4944 Quod
791 4893 932 4950 saepe
942 4878 1164 4951 legistis,
1185 4879 1370 4952 legati,
1385 4895 1491 4934 non
1513 4881 1796 4950 impetrata
1819 4895 1972 4950 pace,
1996 4873 2137 4939 unde

560 4977 827 5023 venerant
851 5009 865 5033 ,
896 4970 1104 5026 rediere
1131 4989 1143 5024 :
1173 4971 1246 5025 ita
1276 4979 1332 5027 et
1356 4971 1459 5026 iste
1484 4971 1602 5026 siue
1627 4971 1820 5026 effectu
1849 5013 1864 5037 ,
1897 4973 2014 5028 sine
2041 4975 2139 5028 ho-

565 5075 730 5126 nore,
757 5071 814 5114 et
837 5062 953 5116 sine
981 5061 1159 5117 fructu
1190 5062 1326 5117 tanti
1360 5061 1563 5117 laboris
1593 5077 1875 5132 regressus
1901 5072 2001 5118 est.
2033 5064 2136 5118 Ve-

561 5162 866 5208 rumtamen
895 5163 1020 5224 post
1059 5154 1207 5210 diem
1252 5169 1358 5226 qua
1407 5155 1601 5220 rediit,
1635 5155 1938 5224 insequenti
1979 5165 2138 5210 nocte

560 5243 704 5298 facta
730 5253 814 5300 est
834 5260 1026 5300 manus
1049 5245 1260 5300 Domini
1290 5261 1453 5317 super
1474 5261 1690 5302 omnem
1714 5246 1967 5316 populum
1987 5247 2136 5317 justo

562 5333 657 5388 Dei
693 5333 930 5404 judicio,
963 5343 1020 5391 et
1042 5336 1342 5391 immutata:
1371 5345 1497 5392 sunt
1522 5347 1732 5393 mentes
1763 5337 2135 5408 singulorum,

631 5475 657 5503 ι
699 5463 986 5536 Tbeganus
1011 5473 1190 5536 tamen
1217 5467 1294 5520 ait
1317 5465 1368 5520 id
1392 5467 1663 5521 communi
1685 5467 1912 5522 consilio
1933 5465 2138 5522 factum

563 5532 729 5590 fuisse
754 5575 769 5600 ,
801 5532 855 5590 et
889 5544 1080 5590 auctor
1128 5535 1261 5592 Vitae
1292 5535 1545 5591 Ludovici
1593 5537 1671 5591 Pii
1716 5539 1910 5606 partim
1941 5538 2097 5593 donis
2123 5575 2140 5602 ,

565 5605 770 5672 parum
825 5606 1108 5675 promissis
1151 5615 1206 5662 et
1244 5607 1401 5662 minis
1447 5605 2035 5677 populum’dcfluxisse
2071 5606 2140 5662 ad

2210 1782 2495 1836 firmarant
2517 1822 2531 1847 ,
2565 1777 2918 1834 circumcirca
2945 1817 2960 1842 ,
2987 1777 3142 1846 quasi
3187 1775 3315 1846 pulli
3344 1775 3446 1829 sub
3493 1774 3656 1840 alas,
3691 1783 3822 1829 tota

2209 1873 2262 1926 in
2291 1881 2448 1926 nocte
2477 1868 2855 1933 convolarent;
2887 1875 2942 1921 et
2969 1880 3130 1920 mane
3161 1874 3339 1919 castra
3369 1865 3564 1918 metati
3589 1905 3606 1929 ,
3659 1879 3818 1918 unus

2207 1965 2436 2036 populus
2462 1969 2765 2032 appareret.
2803 1961 2958 2016 Unde
2985 1957 3139 2015 valde
3167 1957 3402 2013 diluculo
3441 1958 3512 2011 ad
3541 1957 3818 2012 eumdem

2208 2055 2518 2128 pontificem
2546 2054 2794 2108 venimus
2831 2066 2929 2122 pro
2970 2050 3233 2106 miraculo
3253 2090 3268 2115 ,
3294 2048 3439 2120 quod
3470 2049 3766 2104 acciderat
3797 2067 3814 2101 :

2210 2158 2264 2205 et
2293 2161 2420 2203 ecce
2464 2147 2517 2200 in
2547 2145 2728 2200 medio
2773 2158 2912 2198 unus
2943 2131 3703 2205 Romanorum'exclamans,
3736 2142 3820 2194 ait

2209 2256 2343 2297 voce
2376 2239 2622 2296 canentis
2676 2256 2689 2290 :
2738 2237 2970 2291 Dextera
3002 2235 3215 2289 Domini
3251 2234 3371 2304 fecit
3419 2234 3680 2288 virtutem
3709 2275 3725 2298 ,
3759 2240 3818 2288 et

2211 2341 2404 2388 caetera
2433 2345 2552 2400 quze
2577 2338 2900 2398 sequuntur.
2933 2325 3085 2382 Tunc
3107 2325 3177 2380 ab
3206 2326 3398 2381 eodem
3421 2333 3629 2402 sancto
3661 2325 3813 2386 viro,

2211 2431 2266 2478 et
2310 2423 2377 2476 ab
2402 2420 2654 2476 omnibus
2679 2418 2772 2488 qui
2801 2416 3171 2473 convenerant
3196 2457 3210 2482 ,
3245 2416 3632 2486 adjudicatum
3683 2425 3770 2470 est
3796 2457 3814 2480 ,

2211 2515 2337 2584 quia
2365 2512 2649 2582 imperium
2672 2520 2780 2565 tam
2801 2509 3118 2581 praclarum
3143 2517 3196 2563 et
3215 2508 3514 2579 gloriosum
3542 2508 3618 2563 de
3643 2523 3816 2563 manu

2211 2605 2380 2676 patris
2408 2603 2715 2667 ceciderat,
2761 2609 2820 2655 ut
2860 2600 3136 2671 Augustus
3159 2599 3449 2665 Honorius,
3480 2601 3578 2670 qui
3625 2601 3813 2656 haeres

2212 2704 2331 2750 erat
2355 2735 2369 2759 ,
2399 2695 2564 2749 etiam
2595 2707 2820 2749 consors
2849 2691 3025 2747 factus
3049 2699 3106 2746 et
3141 2699 3460 2760 procreatus
3507 2706 3539 2744 a
3567 2699 3734 2761 patre
3759 2699 3816 2745 et

2214 2789 2280 2844 ab
2311 2789 2580 2851 omnibus,
2609 2802 2731 2842 eum
2776 2785 3046 2841 relevaret
3069 2825 3084 2850 ,
3128 2793 3185 2839 et
3213 2785 3514 2854 acciperet.
3546 2784 3814 2854 Alioquin

2214 2881 2318 2935 nisi
2341 2879 2578 2950 fecisset,
2605 2879 2856 2934 dixerunt
2875 2892 3065 2932 omnes
3088 2875 3229 2945 quod
3254 2877 3357 2931 sibi
3381 2876 3660 2946 eligerent
3677 2889 3814 2928 una-

2218 2972 2456 3038 nimiter,
2483 2971 2574 3040 qui
2606 2971 2684 3025 eis
2709 2969 2964 3023 auxilium
2989 2976 3044 3023 et
3065 2968 3433 3023 defensionem
3461 2966 3660 3021 ferret.
3687 2966 3813 3032 Qni-

2221 3063 2322 3118 bus
2349 3064 2506 3118 dictis
2551 3062 2822 3117 consensit
2852 3061 3121 3115 Honorius
3147 3101 3160 3126 ,
3195 3069 3246 3114 et
3297 3061 3543 3129 suscepit
3567 3100 3582 3124 ,
3623 3060 3810 3112 nescio

2221 3169 2330 3223 quo
2368 3154 2604 3224 judicio,
2654 3163 2866 3223 patrem
2896 3153 3100 3207 ducens
3130 3167 3313 3207 secum
3335 3191 3351 3216 ,
3384 3151 3554 3205 totius
3587 3165 3810 3204 monar—

2222 3244 2399 3297 cbiam
2439 3243 2672 3330 imperii;
2704 3242 2834 3309 Qua;
2861 3257 2986 3296 cum
3015 3242 3304 3306 vidissem,
3335 3240 3687 3311 interpellavi
3713 3256 3808 3311 pro

2221 3339 2306 3394 bis
2333 3337 2620 3392 Arsenium
2650 3377 2665 3403 ,
2693 3351 2756 3392 ac
2778 3337 2887 3392 dixi
2915 3377 2931 3402 ,
2962 3336 3107 3406 quod
3132 3334 3331 3390 malum
3359 3335 3498 3389 mihi
3531 3335 3808 3390 videretur

2221 3438 2334 3488 tam
2365 3430 2585 3486 fortuita
2617 3444 2706 3485 res
2735 3429 2852 3484 sine
2879 3428 3072 3498 majori
3103 3427 3332 3483 consilio
3359 3435 3418 3481 et
3458 3427 3807 3481 ordinatione

2222 3520 2548 3592 diligentiori
2575 3560 2589 3585 ,
2625 3528 2834 3573 tantum
2865 3519 3152 3588 imperium
3185 3517 3237 3572 in
3270 3519 3453 3573 subito
3478 3520 3810 3586 permutari,

2223 3613 2313 3684 qui
2343 3622 2464 3668 erat
2496 3626 2723 3667 consors
2753 3609 2929 3664 factus
2957 3611 3008 3664 in
3037 3609 3162 3675 ﬁde,
3189 3618 3248 3664 ut
3279 3611 3405 3664 mox
3441 3624 3668 3671 omnem
3695 3625 3810 3664 mo-

2223 3703 2505 3757 narchiam
2531 3715 2601 3755 ex
2627 3716 2756 3755 casu
2801 3699 2974 3769 patris
2999 3699 3101 3755 sibi
3145 3699 3501 3754 evindicaret.
3545 3698 3630 3753 Ad
3673 3699 3811 3768 quod

2227 3794 2367 3849 idem
2399 3807 2413 3846 :
2448 3811 2466 3843 ε
2498 3793 2752 3846 Nostrum
2783 3793 2916 3855 fuit,
2951 3793 3154 3864 inquit,
3183 3794 3290 3848 huc
3324 3793 3532 3856 venire,
3567 3809 3670 3864 pro
3693 3810 3811 3848 om-

2227 3885 2386 3940 nibus
2430 3883 2572 3939 bona
2619 3885 2896 3939 voluntate
2942 3883 3164 3950 labore,
3216 3885 3476 3954 pacisque
3521 3885 3809 3939 consilium

2231 3975 2394 4041 dare,
2424 3975 2738 4032 intestinum
2777 3975 2976 4030 bellum
2996 4015 3010 4039 ,
3040 3977 3182 4044 quod
3216 3975 3570 4041 imminebat,
3605 3977 3806 4030 sedare.

2233 4067 2387 4122 Nunc
2415 4074 2592 4122 autem
2620 4107 2636 4132 ,
2682 4067 2822 4122 sicut
2851 4082 3010 4123 nemo
3040 4082 3140 4122 nos
3172 4067 3322 4122 auilit
3347 4107 3362 4131 ,
3401 4067 3475 4121 ita
3507 4083 3676 4122 nemo
3697 4083 3810 4138 quae

2235 4159 2522 4214 didicimus
2549 4159 2638 4228 qui
2672 4157 2916 4212 attendat
2953 4176 2966 4212 :
3000 4159 3127 4229 quia
3157 4174 3369 4222 omnes,
3396 4168 3456 4212 ut
3479 4158 3694 4230 legisti,
3720 4165 3808 4212 aut

2237 4257 2506 4320 metuunt,
2539 4256 2634 4303 aut
2660 4249 2900 4318 cupiunt,
2932 4259 3026 4302 aut
3051 4250 3314 4320 gaudent,
3343 4258 3439 4304 aut
3465 4250 3669 4304 dolent.
3694 4249 3802 4302 Me-

2241 4349 2400 4395 tuuut
2426 4339 2635 4410 pridem
2667 4339 2811 4410 quod
2843 4340 3084 4405 accidit,
3111 4355 3179 4395 ne
3207 4355 3392 4394 rursus
3428 4341 3574 4410 quod
3610 4338 3802 4392 factum

2236 4441 2340 4497 est,
2367 4430 2690 4486 vindicetur.
2722 4431 2958 4501 Cupiunt
2980 4441 3160 4485 autem
3187 4445 3404 4495 omnes,
3437 4441 3496 4484 et
3523 4429 3808 4499 unusquis-

2237 4537 2344 4592 que
2367 4536 2578 4584 eorum,
2601 4522 2726 4575 dum
2752 4531 2964 4591 tempus
2982 4530 3083 4584 est,
3108 4521 3176 4575 ad
3196 4535 3261 4575 ea
3281 4535 3402 4589 quae
3430 4521 3644 4584 habuit,
3672 4520 3812 4575 ocius

2237 4611 2573 4682 pertingere;
2598 4610 2683 4665 vel
2701 4625 2822 4679 qute
2842 4612 3083 4667 nundum
3106 4609 3291 4665 habuit
3311 4609 3625 4678 acquirere.
3640 4628 3659 4661 ι
3681 4607 3820 4665 Cau.

2239 4702 2365 4758 dent
2387 4717 2518 4757 vero
2538 4716 2637 4772 pro
2657 4703 2737 4757 eis
2761 4703 2827 4758 de
2849 4703 3145 4758 honoribus
3169 4701 3403 4764 avidius,
3430 4707 3488 4756 et
3503 4700 3814 4755 exsultant:

2240 4793 2367 4862 quia
2396 4807 2493 4848 sua
2529 4807 2719 4847 omnes
2755 4801 3038 4862 quaerunt,
3070 4793 3229 4863 pauci
3270 4807 3392 4862 quae
3431 4791 3527 4846 Dei
3569 4800 3735 4855 sunt,
3769 4800 3820 4845 et

2240 4882 2412 4936 utilia.
2443 4882 2586 4954 Ergo
2611 4883 2792 4937 dolent
2821 4883 3032 4952 reliqui,
3056 4885 3148 4952 qui
3173 4887 3365 4936 timent
3391 4881 3625 4952 perdere
3657 4900 3669 4933 :
3695 4897 3820 4950 quo-

2241 4988 2361 5027 rum
2391 4973 2616 5028 audacia
2650 4973 2733 5029 vel
2761 4974 3001 5030 consiliis
3029 4973 3154 5028 talia
3176 4973 3360 5029 Caesar
3385 4973 3670 5043 Augustus
3693 4990 3814 5028 coa-

2243 5069 2327 5116 tra
2352 5060 2489 5117 ﬁlios
2512 5063 2699 5134 gessit.

2831 5151 3058 5210 CAPUT
3092 5152 3235 5208 XIX.

2866 5259 3198 5300 ADEODATUS.

2317 5331 2589 5401 Quantum
2630 5333 2871 5405 intelligo
2895 5375 2910 5400 ,
2951 5344 3008 5390 et
3035 5335 3122 5390 isti
3163 5335 3344 5405 potius
3390 5334 3540 5389 milvi
3570 5334 3822 5400 fuerunt,

2247 5468 2386 5523 ﬁlios
2409 5469 2690 5524 Ludovici.

2314 5539 2348 5622 ξι
2387 5539 2529 5611 che
2557 5539 2812 5622 Manlia.“
2827 5540 2959 5622 Qua:
3000 5539 3098 5594 fuit
3128 5555 3228 5596 vox
3258 5540 3692 5622 filiorum-Israel
3721 5543 3826 5595 viso

2246 5611 2493 5694 primum
2519 5625 2738 5694 manna,
2772 5611 2940 5668 Exodi
2973 5626 3090 5693 cap.
3127 5627 3238 5680 xvi,
3268 5626 3409 5668 vers.
3444 5612 3538 5666 15.
