4122 6324
303 232 434 288 1641

965 227 1053 284 DE
1089 225 1248 285 VJTA
1285 228 1534 292 WAL‘E,
1577 225 1710 283 SEU
1741 224 2162 283 EPITAPHIUM
2198 225 2497 283 ARSENII.
2539 253 2610 267 --
2650 227 2776 282 LIB.
2817 228 2883 282 Il.

3367 212 3372 217 ’
3390 229 3534 288 ista

301 358 463 417 quam
487 341 732 399 consules
752 383 765 406 ,
805 342 1067 410 quignihil
1093 343 1235 396 aliud
1267 357 1428 411 quam
1471 341 1536 395 de
1566 341 1861 395 honoribus
1889 343 1937 402 Α
1966 354 2091 393 nmn
2129 340 2355 409 imperii.
2385 339 2734 396 Concitantur
2773 342 2899 398 hinc
2948 344 3072 400 inde
3119 345 3443 412 seditiones,
3474 356 3530 404 et

300 435 532 506 propriis
569 433 814 487 arbitrati
845 441 967 487 sunt
1011 442 1249 487 statuere
1275 473 1290 497 ,
1345 433 1710 502 unusquisque
1760 432 1862 486 sibi

301 535 500 595 quanto
525 524 754 595 amplius
776 539 966 593 rapere
987 524 1249 592 potuisset
1272 542 1286 578 ε
1311 538 1432 578 cum
1455 523 1710 577 deberent
1727 523 1862 592 jam,

301 618 425 688 quia
450 616 719 671 ceciderat
764 615 1044 684 imperium
1086 615 1151 667 de
1194 628 1354 666 manu
1391 613 1586 682 patris,
1629 613 1865 682 cogitare

301 721 462 780 atque
479 709 793 780 perquirere
817 723 938 762 cum
958 708 1144 762 eodem
1171 705 1443 776 pontiﬁce,
1473 722 1579 760 una
1603 721 1722 761 cum
1750 706 1858 760 Ho-

302 802 458 857 norio
499 809 549 856 et
583 798 840 853 fratribus
863 838 877 863 ,
909 813 1007 853 cur
1049 797 1308 852 ceciderit
1337 812 1350 850 :
1377 796 1572 852 deinde
1617 795 1776 850 simul
1803 810 1866 849 ea

301 894 592 963 corrigere,
623 907 686 946 ac
706 891 941 956 ﬁrmare,
963 899 1018 944 et
1041 890 1404 956 constabilire,
1427 891 1695 960 quomodo
1716 889 1869 944 dein-

300 999 428 1054 ceps
456 984 666 1037 unitum
698 990 753 1036 et
780 982 1155 1037 inconcussum
1187 989 1444 1036 maneret.
1496 981 1657 1035 Multa
1703 982 1869 1051 siqui-

301 1075 420 1130 dem
449 1073 785 1144 providentia
814 1073 1016 1143 primos
1043 1081 1097 1128 et
1127 1088 1398 1138 summos,
1432 1073 1704 1141 multoque
1740 1085 1867 1126 con-

299 1165 422 1221 silio
470 1164 748 1235 invigilare
781 1173 1126 1234 oportuerat,
1167 1179 1236 1218 ne
1269 1163 1572 1232 respublica
1613 1172 1669 1218 et
1697 1171 1868 1217 status

300 1257 466 1311 totius
487 1255 698 1324 imperii
723 1254 1008 1323 collapsus,
1039 1255 1224 1309 rursds
1245 1270 1342 1324 per
1361 1255 1685 1310 discordiam
1710 1255 1870 1324 depe-

300 1348 433 1402 riret
467 1365 479 1400 :
509 1347 763 1416 quoniam
793 1345 969 1401 nullus
1000 1346 1390 1401 discordiarum
1421 1347 1556 1401 alius
1585 1347 1723 1402 solet
1749 1362 1868 1402 esse

295 1437 477 1492 exitus
505 1437 649 1491 inter
669 1435 842 1490 claros
868 1445 918 1490 et
947 1444 1189 1506 potentes
1212 1437 1378 1499 viros,
1406 1437 1512 1492 nisi
1539 1447 1632 1491 aut
1654 1437 1867 1491 univer-

300 1543 392 1582 sus
416 1528 688 1592 interitus,
719 1536 811 1582 aut
832 1528 1050 1583 victoris
1081 1529 1404 1593 dominatus,
1429 1537 1483 1582 et
1505 1529 1654 1598 regni
1681 1544 1869 1583 rursus

295 1618 512 1684 unitas,
545 1619 830 1688 pacisque,
861 1634 924 1673 ac
947 1619 1248 1674 concordiae
1287 1620 1576 1688 reparatio.
1609 1618 1715 1674 Sed
1741 1620 1864 1687 quia

300 1722 402 1763 nec
431 1707 533 1762 iste
563 1707 808 1763 consulte
849 1709 1226 1763 constabilitur
1255 1709 1306 1762 in
1339 1709 1473 1762 solio
1498 1749 1512 1772 ,
1553 1724 1652 1764 nec
1696 1709 1868 1764 victor

297 1795 631 1852 dominatum
651 1836 666 1862 ,
697 1797 823 1867 quia
859 1812 927 1852 ex
957 1798 1050 1852 Dei
1074 1797 1278 1865 judicio
1306 1807 1460 1868 pater
1486 1799 1713 1863 cecidit,
1747 1815 1870 1853 cum

300 1886 412 1942 Dee
439 1887 644 1951 tenuit;
687 1902 865 1958 neque
887 1903 992 1957 pax
1017 1927 1033 1954 ,
1064 1889 1192 1943 dum
1231 1888 1428 1960 singuli
1459 1904 1553 1944 sua
1585 1899 1867 1959 quaarunt,

301 1975 610 2046 ad-plenum
640 1977 940 2032 restituitur
973 1997 985 2032 ε
1017 1987 1073 2032 et
1099 1979 1218 2034 ideo
1251 1995 1473 2048 regnum
1499 1981 1694 2034 iterum
1718 1981 1873 2050 depe-

300 2068 394 2123 riit
417 2068 472 2122 in
504 2082 663 2125 manu:
688 2067 782 2122 ﬁlii
810 2077 864 2122 et
912 2069 1188 2132 relabitur,
1213 2070 1395 2138 sicque
1417 2069 1723 2124 alternatim
1745 2072 1872 2125 dum

299 2169 496 2216 neuter
524 2174 712 2214 eorum
760 2161 1042 2216 sinceriter
1069 2177 1252 2216 coram
1285 2164 1394 2216 Deo
1441 2163 1640 2216 incedit
1664 2203 1678 2227 ,
1722 2163 1870 2218 labe-

299 2250 562 2307 factatum
589 2252 763 2307 adhuc
806 2253 964 2308 hodie
995 2253 1140 2322 jacet
1167 2265 1222 2308 et
1247 2253 1494 2308 divisum.
1529 2253 1709 2308 Manet
1737 2268 1870 2323 quo-

301 2358 408 2415 que
433 2346 721 2400 obscurum
750 2344 932 2401 odium
953 2344 1098 2400 inter
1117 2343 1333 2411 fratres,
1364 2355 1525 2414 atque
1553 2346 1607 2400 iu
1636 2347 1872 2416 pectori-

303 2435 405 2490 bus
435 2436 654 2490 insitum
677 2435 872 2490 vulnus
898 2436 1114 2505 penitus
1137 2474 1154 2502 ,
1186 2445 1240 2490 et
1268 2436 1505 2491 inustum
1553 2437 1748 2491 animis
1771 2437 1872 2491 ho-

303 2525 510 2580 minum
542 2524 998 2595 amplissimorum
1030 2540 1168 2595 :pro
1197 2526 1394 2594 quibus
1421 2525 1788 2581 indesinenter
1807 2527 1874 2580 ad

304 2616 458 2686 pejus
481 2615 652 2671 tendit
690 2617 1010 2688 respublica,
1039 2626 1093 2672 et
1115 2617 1418 2675 collabitur.
1443 2603 1764 2684 Quaruntur
1784 2634 1876 2674 oc-

306 2709 570 2773 casiones,
604 2709 801 2780 singuli
823 2719 879 2764 et
905 2718 1221 2780 exspectant
1249 2715 1460 2780 tempus
1487 2726 1500 2763 :
1525 2711 1652 2780 quia
1679 2711 1876 2765 cecidit

310 2801 606 2854 auctoritas
651 2815 858 2870 regum,
891 2816 1012 2870 quaa
1040 2801 1246 2864 deceat,
1278 2808 1333 2854 et
1360 2801 1612 2871 expediat
1644 2800 1710 2854 ad
1737 2802 1875 2871 regi-

305 2905 456 2955 men,
485 2899 539 2945 et
562 2905 857 2946 consensus
877 2892 1118 2947 omnium
1147 2891 1391 2946 divulsus
1418 2892 1650 2946 habetur
1680 2900 1736 2947 et
1758 2892 1872 2946 dis-

306 2991 520 3053 ruptus.
551 2981 838 3038 Perierunt
859 2983 1082 3054 judicia,
1120 2993 1377 3052 rectaque
1397 2981 1640 3038 consilia.
1673 2981 1875 3037 Suﬁ‘ra-

308 3073 396 3144 gia
445 3088 681 3144 namque
727 3075 967 3130 virorum
997 3081 1390 3129 coacervantur
1419 3091 1434 3127 :
1463 3074 1558 3129 sed
1585 3073 1878 3129 eﬁeminati

308 3162 518 3218 viribus
549 3177 655 3217 non
693 3163 1002 3232 proﬁciunt,
1039 3164 1093 3218 in
1136 3171 1346 3218 tantum
1371 3170 1431 3218 ut
1454 3163 1544 3217 vix
1575 3163 1880 3217 inveniatur

309 3253 426 3319 vir,
453 3253 548 3322 qui
575 3269 636 3309 se
659 3269 758 3324 pro
779 3255 968 3325 patriae
997 3255 1169 3310 salute
1194 3263 1466 3326 opponat,
1496 3264 1586 3308 aut
1625 3271 1724 3325 pro
1751 3256 1882 3310 civi-

309 3345 413 3401 bus
443 3344 635 3400 offerat
660 3361 719 3400 se
745 3347 1018 3414 periculis.
1049 3345 1259 3402 Idcirco
1282 3347 1437 3416 juxta
1463 3345 1723 3400 Veritatis
1753 3361 1879 3399 sen-

309 3436 556 3501 tentiam,
582 3437 814 3492 divisum
843 3453 1067 3508 regnum
1089 3439 1332 3506 quotidie
1355 3437 1651 3503 desolatur,
1680 3446 1734 3493 et
1758 3453 1880 3494 cor-

309 3527 580 3596 rumpitur
602 3544 616 3581 :
638 3527 891 3597 quoniam
912 3526 1003 3581 ubi
1028 3542 1137 3582 non
1161 3536 1245 3583 est
1269 3529 1624 3597 gubernator,
1652 3529 1882 3598 populus

312 3619 538 3673 corruit.
569 3617 1000 3674 Gubernatorem
1025 3627 1202 3674 autem
1230 3619 1397 3673 Deum
1435 3620 1560 3674 hinc
1591 3620 1715 3675 inde
1742 3621 1880 3675 ami-

315 3719 505 3766 serunt
533 3711 760 3783 singuli,
795 3712 1011 3783 quando
1037 3711 1164 3767 ﬁcto
1194 3711 1339 3767 inter
1365 3711 1677 3767 discrimina
1702 3712 1883 3782 requi-

316 3800 522 3857 sierunt
547 3804 728 3858 corde.
767 3802 918 3859 Unde
948 3819 1070 3858 cum
1093 3803 1327 3874 quadam
1357 3803 1442 3859 die
1471 3803 1628 3872 primi
1663 3812 1718 3857 et
1753 3818 1882 3858 con-

287 3890 458 3946 sules
484 3891 668 3962 palatii
697 3892 961 3948 secretius
977 3894 1313 3960 insisterent,
1334 3909 1398 3948 ac
1418 3893 1732 3965 vigilarent;
1758 3909 1883 3950 cum

311 3983 552 4055 Augusto
593 3983 706 4038 ﬁlio
734 3990 906 4039 totum
939 3983 1042 4039 sibi
1095 3985 1394 4040 diviserunt
1422 3983 1738 4054 imperium,
1773 3999 1883 4039 non

309 4075 650 4130 attendentes
687 4076 1043 4146 praerogativa
1089 4075 1206 4148 (sic)
1253 4082 1536 4144 parentum
1565 4115 1580 4140 ,
1613 4091 1714 4130 nec
1741 4091 1882 4130 coaz-
1914 4143 1916 4148 _

307 4165 596 4235 qualitates
609 4182 943 4237 magnorum,
958 4181 1066 4221 non
1082 4165 1584 4221 innumerositatem
1600 4165 1881 4231 nobilium,
1918 4165 1926 4237 ζ

307 4233 416 4312 non
444 4257 582 4311 bene
601 4233 918 4312 meritorum
943 4266 1090 4312 retro
1112 4256 1372 4322 ﬁdelium,
1406 4270 1512 4310 non
1533 4254 1885 4311 ecclesiarum
1961 4253 1967 4260 ”
1989 4233 2416 4323 (ιιιοίιίῖοι-ιίιυάο
2445 4253 2677 4308 hominis
2702 4261 2756 4308 et
2780 4253 2994 4324 ingenia
3015 4253 3159 4308 nulla
3193 4264 3392 4320 essent,
3419 4255 3565 4326 quod

1969 436 2236 499 augentur
2263 430 2593 497 discrimina,
2626 432 2678 486 in
2711 441 2914 487 tantum
2945 443 3004 489 ut
3037 436 3180 491 nulla
3218 438 3288 492 sit
3318 438 3529 504 domus,

1969 517 2112 572 nulla
2142 518 2350 581 civitas,
2391 521 2704 590 nullumque
2735 525 3110 594 municipium,
3142 528 3330 583 nullus
3344 544 3531 599 pagus,

1967 617 2021 662 et
2048 608 2189 661 nulla
2218 610 2489 678 provincia
2511 651 2526 675 ,
2573 612 2623 664 in
2653 629 2757 682 qua
2791 630 2896 669 non
2922 626 3109 687 regnet
3135 618 3396 676 hactenus
3419 622 3530 676 dis-

1969 699 2170 753 cordia.
2217 699 2320 754 Sed
2355 711 2479 755 tunc
2509 702 2745 758 vicissim
2790 707 2994 776 majora
3025 709 3362 778 augebantur
3387 712 3531 781 peri-

1968 790 2110 855 cula,
2133 804 2410 860 quousque
2428 793 2700 864 Augustus
2719 805 2872 864 pater
2894 799 3308 855 resuscitaretur
3330 801 3385 856 in
3405 803 3534 858 sede

1971 882 2144 950 regni,
2176 889 2230 936 et
2258 882 2399 938 ﬁlius
2426 883 2734 952 pelleretur.

2559 1023 2787 1080 CAPUT
2823 1024 2944 1079 XX.

2505 1183 2509 1188 .
2587 1149 2648 1187 ΡΑ
2658 1149 2926 1190 SCBASIUS.

2043 1243 2158 1300 Non
2193 1247 2373 1316 itaque
2404 1248 2590 1316 pulsus
2612 1258 2717 1314 est,
2743 1259 2802 1303 ut
2831 1251 3051 1318 asseris,
3081 1267 3256 1324 neque
3281 1263 3390 1312 tam
3414 1259 3542 1314 iusi-

1967 1336 2177 1404 pienter
2202 1338 2337 1405 egit,
2373 1347 2430 1392 ut
2456 1347 2508 1392 tu
2532 1338 2737 1408 plangis
2770 1355 2783 1392 :
2817 1340 3070 1408 quoniam
3102 1359 3325 1414 regnum
3356 1359 3410 1402 et
3437 1349 3541 1403 im-

1968 1428 2177 1494 perium
2223 1428 2362 1496 quod
2409 1429 2717 1494 ceciderat,
2750 1432 3039 1487 comitante
3089 1447 3271 1488 secum
3302 1435 3542 1507 Augusto

1969 1523 2124 1585 patre
2153 1519 2436 1583 sustinuit,
2483 1527 2538 1573 et
2566 1521 2802 1574 servavit
2831 1538 2842 1574 :
2877 1537 3050 1592 neque
3079 1523 3131 1577 in
3172 1541 3237 1581 eo
3266 1528 3539 1598 quidpiam

1973 1608 2209 1674 admisit,
2235 1611 2336 1665 nisi
2364 1611 2507 1680 quod
2533 1613 2815 1668 universus
2843 1625 3062 1670 senatus
3087 1619 3261 1688 coegit
3289 1627 3345 1674 et
3369 1636 3541 1692 popu-

1896 1683 1942 1742 B
1975 1700 2079 1767 lus,
2110 1703 2162 1754 in
2191 1705 2472 1771 potestatis
2495 1705 2796 1773 privatione
2816 1716 2871 1760 et
2894 1708 3098 1777 judicio
3119 1683 3543 1783 praesulumiqui

1974 1811 2096 1849 eum
2119 1795 2220 1850 sub
2248 1798 2561 1866 poenitentia
2600 1795 2941 1870 redegerunt.
2974 1801 3100 1856 Haec
3125 1803 3307 1857 omnia
3330 1805 3546 1874 quidem

1973 1885 2234 1941 Arsenius
2263 1897 2446 1943 noster
2471 1906 2575 1944 una
2605 1906 2725 1944 cum
2760 1891 2853 1945 Dei
2885 1893 3056 1960 gratia
3091 1896 3447 1965 temperabat,
3480 1913 3549 1953 ne

1973 1986 2096 2032 utra
2112 1994 2296 2032 eorum
2312 1995 2438 2048 pars
2450 1981 2503 2034 in
2520 1981 2689 2036 altero
2703 1983 2970 2038 crudelius
2999 2001 3160 2054 quam
3190 1995 3380 2042 natura
3396 1988 3546 2051 sinit,

1974 2078 2069 2124 aut
2081 2071 2362 2125 scelestius
2375 2087 2474 2141 pro
2490 2083 2640 2127 tanto
2657 2074 2968 2130 discrimine
2983 2084 3186 2144 ageret.
3206 2076 3310 2132 Sed
3326 2093 3447 2132 cum
3464 2093 3553 2133 vo»

1974 2174 2072 2213 rax
2103 2158 2316 2214 ﬂamma
2340 2162 2730 2217 discordiarum
2754 2163 2983 2233 amplius
3003 2166 3218 2221 smviret
3236 2207 3251 2230 ,
3275 2181 3374 2221 nec
3400 2175 3552 2237 pater

1973 2249 2247 2320 Augustus
2270 2252 2321 2304 in
2346 2252 2523 2321 aliquo
2547 2253 2892 2321 acquiescens
2919 2265 3110 2323 sponte
3149 2256 3548 2322 emollesceret;

1976 2355 2045 2394 ne
2068 2341 2205 2397 forte
2223 2345 2568 2412 parricidium
2591 2347 2920 2416 proveniret,
2947 2347 3077 2402 fecit
3095 2363 3190 2402 suo
3211 2359 3398 2421 sancto
3421 2365 3550 2404 con-

1977 2432 2119 2499 silio,
2150 2433 2422 2505 Augustus
2470 2437 2609 2491 ﬁlius
2658 2437 2844 2492 relicto
2884 2448 3034 2508 patre
3076 2455 3261 2494 rursus
3311 2441 3364 2494 in
3414 2441 3552 2497 solio

1978 2523 2206 2592 imperii,
2238 2527 2402 2594 petita
2436 2528 2610 2592 venia,
2641 2543 2762 2583 cum
2793 2529 2904 2584 suis
2942 2529 3192 2584 omnibus
3220 2531 3309 2600 qui
3339 2545 3460 2587 cum
3485 2545 3554 2588 eo

1978 2627 2382 2684 consenserant,
2415 2619 2550 2675 liber
2575 2629 2634 2675 ut
2663 2622 2838 2676 abiret
2868 2641 2881 2676 :
2915 2624 3041 2692 quia
3082 2625 3209 2681 hinc
3240 2627 3364 2682 inde
3393 2642 3557 2697 super

1978 2722 2191 2763 omnem
2213 2711 2468 2779 populum
2498 2712 2648 2767 furor
2692 2713 2783 2769 Dei
2818 2713 3019 2770 effusus
3044 2715 3384 2773 eﬁ‘erbt'erat.
3418 2718 3554 2775 Nam

1979 2799 2273 2854 secundum
2296 2799 2396 2857 Job
2426 2801 2509 2872 (ιι,
2545 2804 2624 2873 6),
2656 2805 3002 2859 tabernacula
3037 2807 3385 2864 abundabant
3407 2789 3558 2880 pras-

1980 2889 2178 2944 donum
2209 2907 2276 2946 ex
2305 2892 2547 2962 utrisque
2570 2893 2834 2962 partibus,
2869 2897 2962 2964 qui
2988 2897 3122 2951 satis
3147 2898 3404 2953 audacter
3431 2914 3556 2969 pro-

1983 2983 2245 3037 vocabant
2277 2985 2391 3039 suis
2429 2985 2613 3055 pravis
2657 2987 2913 3055 operibus
2965 2988 3153 3043 Deum.
3201 2990 3268 3044 Et
3296 2990 3415 3046 ideo
3441 2990 3558 3060 jam

1981 3075 2162 3130 minus
2181 3074 2446 3132 Arsenius
2469 3077 2580 3132 suis
2601 3079 2916 3146 proficiebat
2939 3080 3195 3136 consiliis.
3227 3082 3394 3137 Erant
3412 3083 3558 3139 enim

1981 3166 2119 3221 ostia
2163 3169 2720 3236 coucupiscentiarum
2764 3171 2962 3239 ubique
3014 3182 3215 3240 aperta,
3270 3181 3325 3226 et
3363 3173 3560 3227 conﬁa-

1981 3265 2135 3326 grata
2157 3257 2443 3324 cupiditas.
2475 3257 2682 3311 Idcirco
2706 3259 3050 3328 suspendium
3073 3259 3250 3330 elegit,
3284 3260 3350 3314 de
3381 3261 3559 3315 medio

1982 3360 2169 3400 eorum
2204 3355 2262 3398 ut
2289 3345 2565 3401 recederet
2593 3365 2606 3398 :
2644 3348 2767 3416 quia
2795 3362 2918 3400 cum
2958 3347 3098 3404 Deus
3120 3350 3298 3404 omnia
3325 3350 3562 3407 dedisset

1983 3433 2037 3486 in
2076 3435 2325 3490 manibus
2381 3450 2584 3500 eorum,
2632 3450 2792 3490 nemo
2848 3445 3024 3490 tamen
3071 3438 3238 3492 Deum
3292 3452 3358 3492 ex
3395 3439 3560 3494 corde

1983 3525 2279 3593 quaerebat,
2326 3527 2469 3596 apud
2512 3541 2672 3597 quem
2703 3536 2787 3582 est
2833 3528 3095 3598 sapientia
3145 3537 3201 3583 et
3252 3528 3555 3586 fortitudo:

1983 3615 2098 3686 ipse
2123 3616 2340 3685 quidem
2367 3617 2530 3673 habet
2554 3617 2837 3672 consilium
2860 3629 2916 3672 et
2946 3619 3370 3690 intelligentiam.
3406 3619 3558 3678 Unde

1983 3704 2188 3774 liquido
2213 3715 2424 3761 constat
2452 3707 2595 3777 quod
2643 3721 2803 3776 quem
2837 3708 2950 3777 ipse
2974 3710 3318 3780 omnipotens
3347 3711 3561 3778 destru-

1984 3799 2319 3864 xerit,nemo
2346 3800 2544 3870 estqui
2573 3799 2830 3864 aediﬁcet;
2858 3815 3014 3869 quem
3037 3801 3383 3867 concluserit,
3401 3817 3561 3858 nemo

1985 3896 2070 3944 est
2096 3889 2187 3958 qui
2217 3889 2442 3958 aperiat.
2473 3887 2541 3942 Et
2565 3887 2702 3952 ideo,
2729 3890 2854 3959 quia
2871 3889 2969 3944 hos
2991 3889 3296 3944 alternatim
3320 3891 3561 3946 destrue-

1985 3980 2080 4036 bat
2120 3995 2256 4052 quos
2279 3989 2557 4047 erexerat,
2588 3988 2643 4037 et
2685 3983 2986 4052 reerigebat
3020 3997 3154 4051 quos
3187 3983 3559 4049 concluserat,

1986 4071 2177 4126 maluit
2206 4072 2497 4127 abscedere
2520 4073 2678 4138 liber,
2707 4087 2867 4142 quam
2896 4073 3038 4128 inter
3085 4088 3179 4128 eos
3209 4089 3429 4130 manere
3449 4089 3564 4131 ser-

1986 4177 2086 4218 vus
2135 4164 2364 4234 peccati.
2414 4163 2806 4219 Considerabat
2851 4163 2995 4217 enim
3047 4159 3158 4230 iam
3207 4162 3562 4234 stupefactus,

313 4348 480 4420 (quod
507 4346 682 4418 majus
709 4347 814 4420 est)
836 4349 1174 4419 dignitatem,
1204 4363 1310 4403 non
1333 4347 1429 4403 Dei
1450 4362 1517 4403 ex
1537 4348 1699 4404 corde
1726 4363 1882 4404 reve-
1907 4381 1971 4442 D
1989 4345 2252 4416 sapientia
2289 4345 2460 4416 magis
2479 4345 2704 4400 stultitia
2735 4354 2883 4399 recte
2909 4345 3215 4411 videretur;
3256 4361 3402 4412 nam,
3425 4354 3567 4403 teste

308 4439 558 4495 nentiam.
590 4437 744 4505 Quod
772 4455 894 4494 cum
923 4439 1103 4494 subito
1144 4438 1347 4493 factum
1373 4446 1538 4502 esset,
1572 4437 1883 4507 supervenit

287 4528 588 4585 ‘Arsenius.
612 4529 683 4583 At
711 4528 789 4583 illi
817 4528 1051 4594 confusi,
1080 4528 1206 4596 quia
1234 4527 1460 4590 conscii,
1488 4526 1804 4580 obtulerunt
1826 4526 1878 4579 ei
1930 4581 1938 4590 ,

307 4620 703 4678 distributionis
736 4629 913 4676 sortes
937 4661 951 4684 ,
983 4620 1027 4674 si
1069 4617 1346 4688 quidpiam
1386 4625 1532 4673 esset
1579 4616 1724 4688 quod
1768 4618 1878 4672 dis-

303 4710 506 4782 plicere
533 4712 821 4780 potuisset.
847 4711 983 4765 Tum
1012 4709 1118 4774 ille,
1147 4717 1203 4762 ut
1232 4717 1352 4764 erat
1380 4723 1546 4778 sagax
1571 4707 1628 4763 in
1654 4721 1876 4778 respon-

302 4801 380 4857 sis
413 4818 428 4855 :
466 4820 484 4854 ‹
514 4801 732 4866 Τοιυω,
755 4801 950 4871 inquit,
979 4800 1114 4855 bene
1133 4799 1448 4868 dispositum
1475 4806 1580 4864 est,
1604 4799 1708 4852 nisi
1732 4799 1876 4868 quod

303 4894 415 4949 Deo
441 4895 523 4950 sui
549 4894 688 4966 juris
712 4893 845 4949 nihil
875 4894 1188 4963 reliquistis,
1221 4908 1396 4962 neque
1419 4893 1560 4962 quod
1585 4891 1742 4947 bonis
1759 4892 1879 4961 pla-

304 4993 426 5041 ceat
454 4985 800 5041 ordinastis.»
832 4985 1038 5052 Quibus
1063 4986 1135 5039 ita
1167 4983 1358 5049 illatis,
1393 4984 1564 5055 magis
1591 4984 1877 5054 magisque

303 5077 613 5133 contristari
643 5076 810 5147 cmpit
857 5095 868 5130 :
905 5077 1158 5145 quoniam
1209 5091 1345 5146 pene
1377 5077 1429 5130 in
1472 5075 1618 5131 nullo
1639 5075 1754 5145 jam
1784 5091 1880 5130 au-

302 5166 570 5233 diebatur,
602 5181 868 5222 caecorum
910 5166 1204 5236 cupiditate
1247 5174 1550 5236 superatus.
1602 5167 1754 5221 Unde
1799 5165 1880 5220 fa-

291 5269 448 5314 ‘ctum
465 5266 567 5324 est,
590 5258 878 5314 momentis
893 5257 1115 5328 singulis
1137 5257 1281 5328 regia
1303 5265 1542 5328 potestas
1555 5255 1876 5314 labefactata

301 5352 482 5422 potius
523 5350 830 5421 deperiret,
875 5367 1039 5422 quam
1094 5359 1389 5406 cresceret.
1445 5352 1879 5420 Augmentantur
1921 5355 1928 5363 '

303 5441 507 5497 scelera
533 5480 548 5506 ,
576 5441 938 5496 inﬂammatur
970 5456 1156 5496 rursus
1197 5440 1463 5497 discordia
1490 5481 1504 5506 ,
1541 5442 1880 5496 concitantur

297 5530 500 5603 iurgia,
518 5531 830 5586 nutriuntur
858 5530 1094 5586 insidize:
1123 5531 1455 5585 reanimatur
1479 5531 1752 5601 Augustus
1776 5545 1872 5600 pa-

305 5629 394 5678 ter
418 5623 663 5694 plurimis
689 5623 1117 5688 exhortantibus,
1153 5625 1388 5680 recreari
1421 5624 1615 5682 debere
1644 5624 1710 5678 ad
1734 5624 1874 5678 thro-

748 5718 1017 5776 PATROL.
1051 5717 1246 5779 CXX.
1340 5715 1352 5725 ’

1989 4437 2268 4504 Scriptura
2325 4435 2446 4503 (Job
2497 4449 2598 4496 xu,
2641 4433 2748 4500 16),
2801 4433 3155 4501 decipientem
3209 4441 3264 4488 et
3311 4449 3437 4488 eum
3468 4436 3559 4506 qui

1988 4528 2275 4597 decipitur,
2305 4527 2420 4594 ipse
2446 4525 2614 4579 novit.
2632 4525 2921 4593 Propterea
2944 4539 3065 4578 cum
3086 4524 3566 4582 vidissetdiversos

1987 4617 2136 4672 dolos
2189 4625 2246 4670 et
2291 4615 2510 4669 fraudes
2555 4614 2681 4668 hinc
2731 4612 2856 4668 inde
2901 4628 3282 4685 compugnare,
3331 4613 3461 4670 fecit
3507 4623 3567 4670 ut

1984 4709 2129 4763 ﬁlius
2149 4707 2290 4778 patri
2314 4705 2569 4772 deferret,
2595 4713 2651 4761 et
2682 4719 2805 4760 cum
2822 4719 2921 4761 suo
2950 4706 3193 4761 exercitu
3221 4705 3424 4762 illaesus
3449 4707 3566 4763 abi-

1983 4808 2096 4863 ret;
2130 4812 2193 4852 ac
2216 4806 2374 4868 pater
2399 4811 2520 4851 cum
2538 4795 2624 4850 his
2645 4795 2738 4865 qui
2762 4811 2886 4851 cum
2909 4811 2975 4852 eo
3003 4795 3219 4862 vellent,
3253 4796 3309 4850 in
3335 4796 3564 4866 imperio

1984 4895 2310 4952 remaneret,
2363 4887 2437 4940 ita
2489 4897 2552 4940 ut
2602 4885 2822 4941 daretur
2870 4886 3122 4944 omnibus
3159 4886 3385 4959 intelligi
3415 4887 3563 4958 quod

1986 4980 2099 5050 ipse
2131 4980 2200 5034 sit
2233 4993 2329 5034 rex
2358 4977 2504 5034 solus
2529 4979 2892 5048 omnipotens,
2923 4978 3019 5048 qui
3049 4976 3270 5034 adducit
3312 4977 3566 5033 consilia-

1985 5071 2097 5126 rios
2123 5070 2178 5124 in
2205 5069 2427 5125 stultum
2460 5068 2644 5134 ﬁnem,
2665 5077 2721 5124 et
2749 5066 2959 5135 iudices
3005 5068 3061 5122 in
3089 5076 3362 5138 stuporem
3390 5085 3404 5121 :
3451 5067 3566 5123 bal-

1987 5171 2140 5232 teum
2160 5176 2373 5232 quoque
2399 5175 2584 5233 regum
2600 5159 2864 5225 dissolvit,
2882 5168 2936 5214 et
2955 5159 3237 5230 praecingit
3257 5157 3386 5214 fune
3405 5173 3564 5214 renes

1947 5263 1956 5273 ‘
1987 5268 2195 5316 eorum,
2220 5253 2362 5323 quod
2391 5253 2518 5307 huic
2544 5265 2675 5307 sane
2699 5251 2986 5322 contigisse
3014 5251 3266 5306 vidimus.
3296 5249 3404 5306 Sed
3436 5251 3565 5320 quia

1987 5355 2178 5400 neutra
2209 5359 2337 5416 pars
2362 5359 2550 5398 eorum
2578 5357 2646 5396 ex
2685 5351 2799 5396 toto
2828 5341 2988 5412 digne
3015 5341 3184 5395 Deum
3212 5340 3565 5411 requisierat,

1931 5425 1942 5438 ’
1986 5437 2227 5494 vicissim
2276 5435 2497 5490 alternis
2534 5432 2874 5488 successibus
2919 5439 3344 5496 commutantur,
3371 5440 3429 5487 et
3471 5429 3566 5486 ﬁa-

1985 5530 2216 5602 gellatur
2239 5527 2499 5598 populus:
2534 5534 2592 5579 ut
2619 5525 2920 5594 intelligant
2945 5538 3134 5579 omnes
3157 5525 3302 5594 quod
3335 5525 3451 5594 ipse
3494 5523 3566 5593 sit

1949 5693 1956 5699 ν
1987 5622 2148 5686 Deus,
2179 5619 2270 5687 qui
2311 5617 2526 5673 adducit
2577 5614 2886 5671 sacerdotes
2916 5613 3194 5684 inglorios,
3233 5623 3289 5669 et
3331 5613 3558 5684 Optima-

3049 5707 3128 5769 5'2
