4122 6324
622 222 762 281 im

1390 215 1446 271 s.
1487 214 1843 270 pascussu
1883 208 2224 269 sanentur
2262 200 2549 271 Aesaris
2581 210 3027 273 COBBEIENSIS

3723 220 3864 277 1οη

609 344 690 391 tes
732 331 1057 404 supplantat.
1098 328 1345 399 Alioquin
1396 341 1686 396 nunquam,
1732 324 1835 379 nisi
1888 338 2074 379 eorum
2110 338 2175 377 ex
2207 329 2255 388 Α
2284 325 2543 392 Luxovio,
2570 328 2710 382 hunc
2733 343 2918 383 rursus
2948 329 3063 400 [pro
3093 328 3246 400 item]
3273 329 3629 385 cozedilicavit
3649 332 3859 402 locum,

609 426 797 497 culpis,
856 432 1002 478 tanta
1054 429 1197 477 esset
1255 419 1468 474 vexatio
1516 428 1571 471 ct
1620 417 1864 471 confusio
1913 415 2173 470 omnium.

607 516 1006 574 Commutatum
1024 526 1258 582 namque
1271 519 1389 565 erat
1409 510 1606 565 labium
1624 510 1917 573 veracium,
1932 518 1987 565 et
2003 508 2179 563 ablata

609 606 854 663 doctrina
900 617 1108 659 senum.
1161 602 1450 671 Propterea
1491 600 1638 655 solus
1688 601 1788 654 iste
1828 614 1934 654 non
1967 608 2182 669 poterat

603 699 715 769 iam
739 705 925 754 contra
954 710 1160 758 omnes,
1187 694 1286 749 nisi
1332 700 1537 747 tantum
1578 692 1718 762 quod
1771 693 1910 762 egit:
1958 705 2026 746 ne
2052 699 2181 745 tunc

608 798 790 845 rerum
814 795 1042 844 eventus
1090 787 1143 840 in
1181 784 1333 855 pejus
1356 783 1654 848 deveniret,
1695 784 1838 853 quod
1886 783 2013 836 hinc
2054 782 2182 835 inde

608 879 824 952 plurimi
852 877 1208 933 hortabantur
1236 890 1251 929 :
1281 875 1536 946 quoniam
1562 873 1727 929 ell‘usa
1757 882 1873 928 erat
1907 876 2180 928 contentio

610 986 676 1027 ac
700 970 973 1041 despectio
988 983 1148 1038 super
1174 967 1467 1043 principes.
1492 965 1597 1021 Sed
1619 967 1762 1035 quod
1797 975 1922 1021 tunc
1946 966 2177 1029 obstitit,

607 1061 744 1131 proh
764 1059 945 1113 dolor!
970 1066 1153 1127 postea
1187 1057 1384 1110 factum
1415 1057 1665 1121 vidimus,
1692 1072 1759 1111 ne
1801 1057 1955 1110 civile
1981 1056 2178 1109 bellum

609 1148 752 1203 inter
779 1163 872 1203 eos
913 1157 1173 1218 surgeret.
1206 1147 1586 1201 Verumtamen
1636 1146 1723 1200 hic
1768 1155 1950 1200 noster
2003 1146 2181 1216 potius

609 1236 771 1304 mori,
824 1254 986 1308 quam
1028 1239 1133 1292 tale
1181 1236 1380 1307 aliquid
1434 1238 1736 1301 assentire,
1785 1246 1875 1291 aut
1918 1237 2180 1291 interesse

611 1331 788 1387 vellet.
822 1331 956 1386 Hinc
1004 1332 1266 1403 persuasit
1299 1331 1437 1385 filius
1467 1340 1523 1383 ut
1563 1330 1875 1385 abscederet
1912 1344 2018 1383 una
2054 1344 2180 1383 cum

612 1424 726 1479 suis
754 1423 1031 1488 omnibus;
1055 1433 1110 1477 et
1138 1430 1292 1491 pater
1320 1421 1447 1476 olim
1478 1422 1618 1475 male
1660 1430 1888 1476 tractato
1915 1421 2181 1490 potiretur

611 1512 858 1580 huperio,
907 1512 1337 1581 quandoquidem
1398 1510 1559 1573 Deus,
1610 1510 1735 1581 quia
1766 1512 2043 1566 indurarat
2084 1524 2183 1565 cor

610 1602 727 1670 ejus
775 1602 867 1673 qui
896 1610 1192 1658 commutat
1238 1600 1399 1655 corda
1432 1601 1733 1671 principum
1779 1610 1957 1664 terra},
2002 1608 2056 1655 et
2087 1600 2183 1655 de-

2283 427 2336 471 et
2370 417 2581 486 pnefuit
2616 419 2683 472 ibi
2715 418 2895 473 multis
2936 419 3192 475 fratribus
3219 420 3564 477 laudabiliter
3587 438 3759 494 usque
3785 427 3861 483 ad

2284 511 2445 565 linem
2468 512 2608 565 vine.
2638 510 2754 565 Non
2775 512 2918 566 enim
2934 512 3192 567 talentum
3218 513 3321 567 sibi
3348 514 3611 569 creditum
3630 515 3866 571 abscon-

2283 603 2410 656 dere
2437 604 2488 656 in
2515 611 2712 657 terram
2747 603 2929 658 debuit
2952 613 3001 666 ε,
3038 604 3132 658 sed
3152 618 3379 673 erogare
3408 602 3692 670 fratribus,
3713 608 3864 679 quod

2284 696 2499 749 beatum
2533 694 2877 749 Benedictum
2923 704 2980 749 et
3020 695 3156 749 alios
3199 696 3623 766 quampiurimos
3664 697 3867 753 fecisse

2284 785 2531 855 legimus.
2566 786 2910 854 Nequaquam
2942 785 3108 856 igitur
3146 787 3327 840 minus
3362 786 3577 840 videtur
3609 803 3734 843 eum
3765 788 3868 843 de-

2285 878 2521 931 fendisse
2551 877 2620 930 ab
2645 876 2911 941 hostibus,
2959 885 3014 931 et
3058 877 3463 947 religiosissime
3513 878 3723 932 rexisse
3758 877 3868 932 sub

2285 976 2466 1021 sancta
2492 966 2713 1036 Regula,
2738 977 2790 1021 ct
2809 978 3182 1038 augmentasse
3206 969 3629 1033 studiosissime;
3660 970 3713 1023 in
3744 970 3866 1039 ipsa

2285 1060 2579 1125 eademque
2607 1056 2938 1126 professione
2957 1072 3117 1127 quam
3146 1059 3379 1127 primum
3403 1058 3533 1113 illud
3551 1058 3865 1113 inchoasse.

2286 1146 2528 1215 Namque
2578 1147 2629 1199 in
2673 1162 2772 1201 suo
2815 1148 2940 1216 quia
2981 1162 3088 1201 non
3130 1149 3263 1202 satis
3295 1163 3356 1202 se
3400 1148 3629 1202 credidit
3677 1149 3867 1217 quiete

2286 1237 2468 1290 vivere
2498 1252 2672 1305 posse,
2720 1252 2891 1307 neque
2921 1238 2975 1291 in
3020 1236 3196 1293 ofﬁcio
3241 1238 3521 1306 regiminis
3562 1238 3865 1307 proﬁcere;

2285 1329 2449 1383 credo
2478 1331 2619 1397 quod
2668 1329 2843 1383 utullus
2893 1344 3037 1385 same
3084 1330 3280 1385 mentis
3306 1346 3429 1386 eum
3458 1331 3866 1401 reprehendere

2287 1420 2433 1484 velit,
2462 1421 2505 1475 si
2534 1422 2603 1475 ad
2626 1422 2858 1491 quietem
2888 1431 2941 1476 et
2988 1424 3055 1476 ad
3082 1423 3249 1478 utilia-
3275 1424 3432 1477 valde
3472 1422 3735 1477 fratribus
3760 1424 3865 1477 sub

2286 1510 2476 1565 eadem
2520 1510 2776 1580 religione
2812 1528 2870 1565 se
2921 1502 3167 1577 contulit,
3212 1512 3457 1582 plurimis
3504 1511 3864 1582 profuturus:

2286 1600 2377 1671 qui
2402 1601 2584 1655 nescio
2617 1600 2663 1654 si
2699 1616 2756 1654 se
2792 1600 3002 1655 salvare
3039 1610 3221 1671 posset
3263 1602 3543 1657 nobiscum
3592 1602 3737 1657 inter
3784 1611 3863 1658 tet

607 1695 738 1765 cipit
760 1707 875 1759 eos,
911 1702 969 1750 ut
988 1693 1188 1749 frustra
1217 1694 1576 1771 incedantper
1603 1693 1803 1747 invium
1829 1709 1844 1757 ;
1873 1692 1988 1762 ejus
2011 1700 2181 1746 totum
2212 1698 2262 1756 Β
2291 1689 2621 1755 discrimina,
2651 1690 2739 1745 ubi
2764 1690 2875 1758 jam
2900 1691 3042 1769 nulla
3071 1692 3224 1756 fides,
3253 1691 3336 1747 vel
3366 1692 3456 1746 vix
3500 1707 3624 1746 rara
3652 1694 3866 1748 invenio

607 1790 875 1846 commisit
918 1790 1140 1861 judicio,
1191 1803 1256 1843 ne
1287 1788 1486 1858 aliquid
1518 1787 1661 1857 quod
1706 1785 1986 1840 scelestius
2015 1793 2179 1848 esset,

605 1882 920 1951 proveniret
946 1881 1085 1934 inter
1108 1894 1221 1934 eos.
1272 1879 1398 1932 Erat
1428 1878 1569 1931 etaim
1608 1876 1760 1930 triste
1806 1883 1933 1928 tunc
1978 1872 2179 1938 videre,

607 1969 780 2041 culpis
820 1970 1182 2039 exigentibus,
1218 1969 1363 2038 quod
1392 1967 1494 2022 Job
1522 1967 1637 2020 ait:
1689 1963 1991 2034 Palpabunt
2030 1965 2183 2035 quasi

605 2060 663 2112 in
691 2060 933 2121 tenebris,
964 2066 1014 2112 et
1040 2074 1144 2113 non
1168 2059 1226 2111 in
1250 2057 1396 2121 luce;
1431 2067 1480 2111 at
1505 2062 1684 2110 errare
1725 2070 1812 2111 eos
1852 2054 2005 2124 faciet
2031 2054 2186 2125 quasi

609 2150 780 2204 ebrios
802 2165 822 2203 :
846 2150 1098 2219 quoniam
1121 2150 1231 2219 ipse
1259 2148 1401 2203 solus
1444 2156 1539 2212 est,
1581 2147 1733 2216 cujus
1759 2159 1908 2199 nemo
1950 2153 2186 2198 evertere

608 2247 776 2308 potest
816 2240 1216 2310 cogitationem;
1258 2238 1348 2292 sed
1391 2237 1547 2306 faciet
1591 2250 1913 2306 quacunque
1940 2232 2184 2297 soluerit,

607 2344 705 2383 suo
731 2330 879 2398 justo
895 2329 1102 2399 judicio
1132 2326 1254 2398 (Job
1280 2342 1377 2393 xu,
1400 2326 1513 2397 '25).
1560 2325 1691 2393 Quae
1713 2324 1964 2379 nimiunn
1980 2321 2186 2393 judicia

604 2425 958 2481 considerans
994 2425 1084 2479 hic
1112 2432 1299 2479 noster
1353 2436 1474 2492 qua
1518 2421 1845 2483 acciderant,
1901 2432 2023 2487 quas
2053 2432 2188 2487 quo—

604 2517 745 2573 tidie
788 2516 990 2572 ﬁebant
1036 2516 1241 2587 pejora,
1280 2523 1337 2571 et
1384 2513 1749 2586 augebantur;
1796 2510 2019 2574 idcirco,
2063 2508 2189 2565 licet

602 2622 752 2675 tero,
782 2610 1028 2681 praevidit
1045 2607 1245 2675 futura,
1270 2623 1391 2679 quae
1417 2609 1543 2663 hine
1568 2606 1696 2661 inde
1724 2604 1790 2659 ad
1811 2616 2050 2674 praesens
2072 2599 2187 2669 jam

600 2705 873 2776 completa
928 2711 1242 2759 cernuntur.
1281 2701 1435 2755 Unde
1487 2697 1651 2768 elegit
1690 2696 1864 2766 magis
1907 2693 2185 2762 aufugero,

602 2812 773 2869 quam
800 2811 925 2852 cum
952 2795 1131 2864 aliquo
1151 2808 1336 2848 eorum
1358 2804 1657 2845 remanere.
1683 2786 1814 2841 Nam
1844 2794 1999 2855 pater
2020 2783 2188 2838 voluit

610 2900 754 2954 eum,
785 2902 875 2943 me
905 2895 1057 2948 teste,
1085 2885 1309 2939 multum
1352 2884 1615 2937 instanter
1663 2892 1845 2934 secum
1900 2886 2028 2930 tunc
2065 2889 2187 2929 cum

602 2978 759 3033 ‘omui
805 2977 1091 3030 honestate
1132 2980 1186 3026 et
1214 2971 1513 3026 reverentia
1542 2968 1738 3024 summi
1781 2965 2003 3022 honoris
2046 2963 2183 3018 reti-

600 3079 763 3129 ‘nere,
793 3064 959 3119 etiam
990 3063 1035 3116 si
1085 3060 1244 3115 vellet
1291 3059 1656 3126 juramentum
1705 3069 1737 3110 a
1779 3056 1892 3110 suis
1916 3054 2188 3122 iidemque

596 3153 840 3208 facere:
904 3150 1097 3206 deinde
1147 3149 1415 3218 Augustus
1472 3145 1612 3199 [ilius
1662 3159 1847 3200 secum
1893 3143 2181 3198 abducere.

612 3247 1000 3302 Verumtamen
1049 3242 1136 3296 ille
1183 3248 1433 3296 neutrum
1498 3251 1685 3293 eorum
1758 3236 1983 3291 audiens
2011 3275 2025 3300 ,
2082 3236 2190 3289 imo

612 3338 831 3393 fortiter
876 3338 1157 3397 resistens,
1199 3332 1268 3386 ab
1296 3331 1539 3400 utrisque
1569 3327 1835 3391 discessit,
1869 3326 2192 3397 pennigeno-

612 3442 721 3497 que
733 3441 919 3498 gressu
938 3423 1140 3479 Italiam
1156 3423 1449 3491 ingressus,
1474 3418 1612 3474 infra
1624 3418 1932 3473 canobium
1946 3429 1996 3482 ι,
2015 3414 2189 3470 sancti

599 3519 927 3576 Columbani
983 3532 1041 3573 se
1091 3514 1343 3585 recepit:
1398 3512 1543 3582 quod
1591 3525 1724 3566 sane
1770 3508 2072 3565 omnohium
2123 3522 2191 3560 ne

598 3612 960 3667 invaderetur
980 3622 1011 3662 a
1034 3606 1359 3677 raptoribus,
1382 3612 1442 3657 ut
1471 3611 1667 3657 caetera
1695 3601 1877 3655 omnia
1919 3608 2044 3654 sunt
2068 3611 2191 3667 per-

616 3714 768 3766 vasa,
810 3700 937 3770 ipsis
985 3697 1292 3768 petentibus
1334 3694 1590 3749 fratribus
1623 3691 1860 3761 suscepit
1905 3690 1972 3744 ad
2001 3703 2189 3759 regen-

617 3794 775 3860 dum;
807 3800 863 3848 et
888 3792 1124 3863 quandiu
1156 3789 1377 3853 advixit,
1422 3787 1677 3842 nobiliter
1703 3800 1767 3841 ac
1792 3783 2017 3855 pacifice
2067 3797 2189 3837 eum

616 3884 721 3960 [id]
751 3885 911 3940 rexit.

1192 3949 1419 4007 CAPUT
1472 3948 1612 4004 XXI.

1194 4053 1627 4101 TnOPﬂIASTU‘S.

688 4136 828 4191 Hinc
848 4144 934 4190 est
952 4135 1092 4202 quod
1119 4134 1272 4188 multi
1305 4149 1429 4190 eum
1477 4131 1871 4201 reprehendere
1900 4135 2191 4193 conantur,

617 4227 743 4298 quia
760 4240 920 4280 suum
960 4224 1014 4277 in
1040 4237 1146 4293 quo
1171 4221 1447 4293 professus
1476 4230 1531 4275 et
1558 4221 1763 4277 electus
1789 4228 1893 4284 est,
1932 4217 2188 4288 reliquit;

614 4326 671 4373 et
712 4316 877 4380 aliud,
923 4312 1076 4385 quasi
1132 4312 1425 4383 cupiditate
1473 4312 1665 4369 ductus
1693 4351 1709 4375 ,
1750 4310 1991 4379 quolibet
2034 4316 2193 4378 pacto

2287 1789 2398 1843 tur,
2431 1780 2663 1835 maxime
2694 1782 2833 1835 inter
2852 1796 2963 1843 eos,
2994 1782 3085 1851 qui
3107 1783 3302 1836 summi
3328 1794 3450 1838 esse
3489 1783 3730 1852 cupiunt,
3775 1781 3861 1836 vel

2288 1870 2578 1924 videntur:
2639 1871 2782 1926 inter
2829 1887 2985 1941 quos,
3024 1873 3259 1928 honores
3286 1882 3633 1929 contemnere
3674 1872 3861 1929 sicani

2287 1978 2388 2034 pro
2416 1964 2696 2035 religione,
2722 1965 2930 2035 ignavia
2956 1972 3189 2035 putatur.

2857 2098 3083 2155 CAPUT
3133 2096 3295 2154 XXII.

2912 2206 3242 2248 ADEODA'I‘US.

2362 2297 2619 2359 Novimus
2665 2301 2783 2357 hxec
2825 2301 3030 2367 omnia,
3073 2301 3347 2372 quomodo
3392 2310 3756 2369 conversatus
3798 2303 3870 2357 sit

2292 2392 2434 2448 inter
2456 2405 2592 2448 eos:
2640 2400 2696 2446 et
2743 2391 2788 2446 si
2826 2390 3058 2446 honores
3109 2402 3455 2457 contemnere
3491 2392 3737 2447 criminis
3764 2401 3865 2457 est,

2282 2490 2666 2553 paupertatem
2696 2479 2899 2537 Christi
2940 2496 3142 2547 amare,
3175 2483 3530 2554 imprudentia
3564 2482 3863 2551 judicatur.

2293 2574 2401 2631 Sed
2424 2575 2678 2644 quoniam
2706 2583 2854 2629 retro
2879 2590 2998 2644 quae
3020 2583 3174 2645 gesta
3190 2584 3336 2641 sunt,
3356 2591 3475 2645 qua:
3502 2575 3864 2647 contigerunt,

2291 2664 2591 2731 Paschasii,
2606 2664 2888 2735 doluimus,
2914 2681 3095 2721 rerum
3116 2666 3421 2720 discrimina
3436 2674 3488 2720 et
3504 2668 3686 2722 varios
3710 2681 3867 2722 even-

2291 2758 2380 2812 tus
2404 2755 2732 2819 deﬂevimus,
2765 2757 3087 2825 tentatioues
3113 2770 3326 2829 quoque
3374 2758 3769 2825 recensuimus,
3810 2766 3866 2812 et

2290 2847 2441 2901 varia
2469 2860 2755 2901 causarum
2776 2847 2998 2919 negotia
3036 2836 3352 2919 plangentes
3391 2847 3861 2913 enumeravimus;

2291 2953 2433 2991 nunc
2476 2945 2645 2990 restat
2681 2936 2749 2991 ad
2788 2936 2950 2992 ﬁnem
2995 2937 3292 2998 intendere,
3348 2935 3574 3009 ejusque
3624 2937 3854 3003 obitum,
3948 2984 3956 2990 .

2217 3053 2262 3117 ρ
2294 3029 2418 3097 quia
2461 3036 2882 3096 prmsentesnou
2908 3026 3137 3099 fuimus;
3171 3043 3268 3083 nec
3309 3027 3375 3083 ad
3425 3028 3682 3082 excubias
3724 3025 3861 3095 ejus.

2293 3131 2349 3177 et
2371 3122 2514 3177 circa
2545 3120 2808 3189 tumulum
2828 3120 3108 3191 ,lacrymas
3148 3135 3245 3197 pro
3272 3118 3491 3177 ﬂoribus
3534 3119 3864 3189 sparsimus;

2293 3211 2481 3269 saltem
2500 3211 2657 3282 longe
2683 3210 3062 3283 pestabsentea
3080 3211 3332 3282 precibus
3343 3210 3558 3265 Donu'no
3581 3225 3869 3264 commen-

2292 3305 2518 3371 demus:
2557 3318 2761 3375 nosque
2796 3303 2927 3376 quia
2977 3303 3094 3359 dies
3141 3302 3203 3375 [ι.
3235 3302 3399 3373 diem)
3422 3302 3700 3372 sepultura:
3739 3301 3867 3371 eius

2294 3397 2647 3462 nescivimus;
2675 3396 2757 3451 vel
2786 3396 2926 3451 diem
2951 3394 3396 3459 anniversarium,
3424 3394 3549 3459 dum
3575 3394 3691 3448 vita
3708 3393 3871 3449 nobis

2293 3496 2495 3553 manet,
2527 3500 3033 3543 commemoremur.
3076 3484 3207 3552 Quae
3234 3483 3473 3554 profecto
3497 3485 3632 3548 dies,
3674 3482 3869 3539 futura

2294 3579 2492 3649 quietis
2516 3587 2601 3632 est
2630 3585 2810 3633 nostra
2830 3576 2892 3647 in
2908 3584 3088 3630 mente
3104 3575 3528 3647 repraesentatio,
3543 3576 3594 3629 in
3611 3589 3716 3643 qua
3736 3574 3870 3630 vivit

2294 3676 2385 3747 qui
2416 3683 2659 3731 mortuus
2682 3681 2902 3742 putatur
2918 3669 3454 3741 ;ejusquememoria:
3474 3666 3868 3724 commendatio

2293 3769 2548 3831 declarat,
2578 3765 2719 3835 quod
2741 3763 2931 3819 melior
2959 3772 3044 3818 est
3066 3762 3182 3818 dies
3210 3760 3420 3823 mortis,
3443 3758 3663 3835 quando
3682 3774 3868 3829 ρει-ρει

2296 3868 2440 3910 tuam
2473 3830 2745 3925 ingressus
2774 3861 2858 3907 est
2882 3852 3246 3920 vitam,quam
3264 3849 3381 3904 dies
3395 3830 3697 3911 nativitatis

2293 3946 2510 4015 quando
2531 3954 2591 3999 ut
2615 3943 2796 3999 vivere
2826 3942 3013 4013 etrapit,
3046 3956 3173 3996 mox
3195 3940 3353 3996 morti
3380 3939 3648 4009 obnoxius
3677 3938 3799 3993 fuit.

2918 4066 3245 4110 nascms.

2362 4148 2508 4201 Bene
2529 4160 2627 4200 nos
2644 4145 2902 4209 hortaris,
2934 4142 3125 4207 frater,
3154 4141 3245 4211 qui
3269 4140 3387 4211 ejus
3410 4139 3619 4195 obitum
3642 4139 3721 4194 sic
3738 4138 3867 4196 ado-

2296 4237 2389 4291 riri
2414 4237 2575 4307 jubes
2597 4244 2652 4290 et
2674 4244 2943 4298 retexere,
2974 4241 3034 4287 ut
3061 4243 3299 4289 nostrqu
3322 4233 3518 4291 doceas
3538 4247 3647 4286 non
3676 4230 3863 4300 inigen-

2295 4327 2462 4382 dnm:
2501 4325 2755 4395 quoniam
2784 4325 2926 4380 sicut
2970 4340 3067 4394 per
3113 4323 3269 4378 unius
3317 4331 3598 4393 peccatum
3635 4336 3780 4376 mors
3804 4322 3867 4377 in

616 4409 913 4481 praeripuit.
958 4406 1228 4464 Fortassis
1276 4421 1407 4475 ergo
1458 4403 1763 4476 religiosius
1802 4408 1965 4466 esset,
2004 4408 2102 4454 aut
2134 4400 2188 4465 in

2296 4433 2484 4473 omnes
2514 4417 2756 4473 homines
2789 4415 3135 4487 pertransiit,
3165 4416 3239 4469 ita
3266 4422 3320 4469 et
3357 4426 3457 4484 per
3482 4428 3653 4470 unum
3677 4427 3865 4471 resur-

615 4516 714 4558 sno
738 4514 1078 4571 permanere,
1110 4498 1269 4569 paulo
1308 4507 1436 4551 ante
1477 4498 1620 4566 quod
1650 4494 1830 4551 fassus
1867 4508 1926 4549 es
1963 4491 2188 4563 paciﬁce

618 4593 800 4650 facere
830 4593 1068 4663 potuisse
1094 4611 1109 4646 :
1146 4599 1240 4646 aut
1264 4591 1315 4643 in
1342 4590 1530 4645 eodem
1569 4590 1687 4645 sine
1723 4588 1998 4657 regiminis
2024 4598 2189 4641 onere

612 4682 934 4739 subsistere.
956 4680 1119 4736 Esset
1142 4680 1342 4748 quippe
1383 4679 1436 4732 in
1452 4693 1564 4735 uno
1584 4692 1770 4735 eorum
1798 4676 1905 4730 voti
1934 4673 2190 4745 adimpie.

621 4776 721 4841 tio,
742 4774 798 4829 in
820 4773 991 4829 altem
1007 4786 1138 4827 vero
1157 4770 1477 4828 hutnilitatis
1496 4786 1621 4826 cum
1645 4770 1802 4825 laude
1826 4769 2127 4827 exsecutio.

1244 4892 1582 4934 PASCHASIUS.

684 4969 853 5026 forte
878 4964 1179 5040 non’legisti
1206 4967 1382 5023 Vitam
1405 4976 1462 5022 et
1481 4967 1648 5021 Actus
1663 4965 1903 5034 ejusdem
1928 4964 2071 5019 beati
2091 4963 2191 5019 Co-

622 5059 882 5125 lumbani,
920 5059 1016 5129 qui
1059 5060 1317 5129 expulsus
1357 5057 1472 5112 zelo
1521 5055 1797 5125 cujusdam
1841 5055 2056 5111 feminae
2082 5055 2111 5095 δ
2159 5070 2191 5109 a

2294 4510 2466 4566 restio
2480 4517 2788 4581 praestatur,
2818 4505 2961 4578 apud
2989 4520 3148 4575 quem
3173 4520 3359 4563 omnes
3384 4506 3477 4575 qui
3515 4506 3605 4573 pie
3629 4504 3869 4560 moriun-

2297 4610 2405 4668 tur,
2428 4601 2590 4656 beate
2617 4600 2819 4655 vivnnt.
2852 4599 2920 4653 Et
2965 4597 3085 4655 ideo
3115 4599 3239 4668 quia
3270 4607 3545 4655 auctorem
3574 4610 3687 4653 non
3733 4594 3874 4652 refu-

2297 4693 2475 4764 gimus
2524 4691 2740 4762 generis
2765 4727 2782 4755 ,
2844 4697 3122 4744 auctorem
3180 4703 3286 4744 non
3345 4687 3587 4743 valemus
3635 4684 3874 4756 eﬂ'ugece

2302 4781 2492 4836 mortis
2518 4788 2612 4836 :ct
2632 4780 2680 4834 si
2704 4794 2827 4834 eum
2863 4793 2972 4835 non
2999 4777 3302 4848 effugimus,
3334 4790 3435 4833 nec
3466 4777 3638 4835 vitam
3690 4790 3875 4845 possu-

2300 4885 2422 4941 mus
2460 4870 2602 4940 quod
2642 4883 2925 4925 commune
2955 4867 3206 4923 omnibus
3228 4875 3346 4931 est;
3400 4865 3655 4929 indecens
3704 4875 3791 4920 est
3816 4873 3876 4920 ut

2297 4965 2643 5033 demeremus
2698 4962 2765 5016 de
2824 4960 2932 5016 vita
2962 4998 2977 5024 .
3020 4974 3143 5028 qua:
3195 4960 3249 5015 in
3296 4957 3511 5017 Christo
3556 4967 3689 5019 cat,
3742 4973 3876 5026 quo-

2299 5056 2441 5111 niam
2481 5056 2595 5126 ipse
2624 5070 2762 5109 unus
2809 5061 3001 5109 auctor
3048 5051 3169 5106 vitae
3208 5060 3263 5105 et
3303 5048 3718 5109 mecumis
3770 5058 3871 5103 est.

686 5225 723 5267 ρ
762 5211 1027 5277 Bnbiense
1073 5210 1303 5283 scilicet,
1355 5211 1506 5280 cujus
1556 5207 1870 5283 monasterii
1917 5206 2195 5283 catalogus
2299 5220 2444 5283 patet
2446 5227 2531 5283 ex
2557 5211 2705 5283 Actis
2734 5209 2791 5283 S.
2820 5209 3157 5283 Columbam.

624 5276 880 5340 abbatum
904 5288 1079 5336 exstat
1100 5276 1446 5349 imperfectus
1470 5280 1609 5349 apud
1640 5277 1919 5349 Ugbellum
1952 5277 2004 5328 in
2033 5276 2199 5349 Italia:

2378 5292 2398 5320 ο
2442 5281 2608 5335 Totus
2636 5282 2721 5336 hic
2749 5281 2898 5334 locus
2919 5280 3070 5335 valde
3095 5280 3376 5334 intricatus
3394 5285 3449 5332 et
3470 5274 3739 5332 obscurus
3766 5285 3877 5341 est,

624 5366 794 5422 sacra:
818 5361 1017 5416 tomos,
1042 5345 1261 5422 remisso
1286 5345 1893 5422 Wala,quinons_o_lido
1919 5360 2060 5399 anno
2080 5345 2200 5422 loco
2304 5353 2395 5421 qui
2438 5354 2610 5422 prima
2651 5350 2828 5406 fronte
2873 5350 3206 5405 Columbano
3255 5348 3568 5422 tribuendos
3616 5347 3876 5422 videtur:

657 5410 870 5496 “illi;
927 5410 1219 5496 βιἘὺοιις
1272 5410 1601 5476 Rhemor'um
1645 5417 2074 5496 archigaiseepo,
2110 5417 2199 5496 cpi
2302 5410 2517 5496 tamet-si
2540 5423 2798 5476 attentius
2825 5437 2938 5476 rem
2958 5420 3281 5489 expendenti
3306 5419 3648 5496 perspicuum
3674 5416 3768 5481 ﬁt,
3806 5418 3880 5472 ab

665 5485 983 5553 acabbatia
1014 5492 1311 5549 commissa
1358 5501 1464 5555 est,
1513 5497 1743 5546 testante
1789 5485 2095 5543 Frodoardo
2140 5485 2195 5539 in
2304 5493 2404 5546 hoc
2452 5493 2587 5551 loco.
2629 5502 2716 5546 aut
2748 5501 2895 5546 certe
2925 5485 3261 5560 asequente
3291 5485 3530 5559 periodo,
3561 5502 3880 5545 sermonem

625 5562 878 5621 Historia
908 5562 1225 5632 Rbemensis
1253 5563 1345 5632 lib.
1379 5578 1439 5626 ll,
1476 5577 1592 5632 c_ap.
1623 5559 1711 5613 20.

697 5634 726 5675 δ
760 5628 1135 5688 Βωηθϐιιὶιᾱίε
1187 5631 1432 5698 scilicet,
1483 5627 1810 5684 Francorum
1861 5627 2087 5696 reginae,
2137 5635 2196 5681 ut

2301 5579 2418 5617 esse
2447 5564 2510 5618 de
2537 5561 2706 5623 Wala,
2741 5578 2843 5617 non
2869 5560 2935 5614 de
2957 5558 3302 5615 Columbano.
